3884 6192
129 314 260 372 737
1714 310 1751 366 γ

1854 318 1892 366 l.
2685 348 2690 352 -
3309 315 3410 374 758

133 437 362 506 Sigone
407 431 562 493 duce,
595 440 754 498 quem
779 440 844 479 ex
876 425 1092 479 lavacro
1136 431 1345 479 sanctae,
1366 427 1732 494 regeneratio-
1763 431 1814 486 Α
1840 425 1958 479 nuit
1997 425 2191 480 docere
2237 434 2413 492 recta;
2443 434 2536 480 aut
2565 427 2871 483 consolatus
2897 437 2982 483 est
3017 428 3278 485 dolentes.
3315 444 3412 488 aut

132 528 234 580 nis
262 528 606 590 susceperat,
645 515 943 572 honoriﬁce
971 523 1252 584 susceptus
1291 524 1394 571 est.
1425 515 1552 571 Post
1577 531 1774 598 quem_
1839 517 2095 586 praecepit
2139 517 2298 573 ﬁdem
2329 519 2438 573 Deo
2483 528 2685 574 :etemo
2725 528 2781 574 et
2827 520 3152 585 immortali,
3191 525 3415 594 regique

135 612 506 687 Eginhardus
539 611 644 664 hoc
667 607 971 662 cumobium
1003 621 1103 675 per
1133 615 1338 674 septem
1369 606 1538 661 ferme
1569 608 1740 662 tenuit

135 719 352 760 annos.
389 701 545 768 Quod
589 699 802 753 demum
843 696 988 751 ultro
1033 696 1381 761 derelictum,
1429 697 1613 751 divina
1659 697 1741 769 (ut

135 795 307 850 credi
341 791 427 845 fas
454 787 560 858 est)
604 785 844 854 iussione
883 800 948 839 ac
977 783 1348 856 gloriosissimi
1394 785 1741 855 imperatoris

138 882 419 939 Ludovici
447 878 728 949 largitione
755 877 983 931 domnus
1011 874 1307 944 Ansegisus
1337 875 1404 928 ad
1434 875 1741 945 gubernan-

139 976 285 1029 dum
316 970 559 1040 suscepit
585 982 726 1021 anno
760 967 876 1036 jam
910 981 1070 1035 supra
1101 972 1304 1019 taxato.
1335 963 1489 1030 Quod
1521 972 1630 1017 tam
1659 977 1742 1018 so-

141 1065 281 1121 lerti
312 1061 494 1117 studio
527 1072 846 1127 summaque
885 1055 1148 1110 industria
1182 1054 1504 1117 nobilitavit,
1541 1063 1601 1108 ut
1643 1069 1741 1109 no-

139 1170 256 1208 vus
295 1134 734 1220 Wandregisilns
780 1145 926 1200 credi
962 1152 1166 1214 posset,
1195 1151 1288 1198 aut
1321 1145 1484 1198 etiam
1515 1158 1740 1213 magnus

141 1241 361 1312 prmsul
413 1238 714 1294 Ansbertus
771 1235 1066 1290 redivivam
1113 1234 1182 1288 ad
1224 1233 1398 1288 lucem
1461 1247 1741 1303 regressus

144 1335 278 1390 fore
305 1339 617 1402 putaretur.
650 1327 851 1382 Verum
887 1326 1029 1380 sicut
1055 1324 1130 1378 illi
1162 1324 1217 1378 in
1247 1324 1471 1379 exordio
1504 1324 1586 1377 sui
1614 1322 1742 1377 :edi-

148 1424 300 1478 ﬁciis
341 1420 786 1476 nobilitaverunt,
835 1415 1042 1470 clerum
1064 1427 1090 1455 ι
1118 1421 1408 1477 auxerunt,
1442 1411 1742 1480 disciplinis

149 1511 546 1567 ecclesiasticis
597 1508 942 1562 imbuerunt:
973 1506 1048 1560 ita
1096 1504 1196 1559 iste
1245 1504 1421 1559 diruta
1451 1503 1742 1557 emendare

151 1604 392 1667 studuit,
419 1616 483 1655 ac
512 1606 778 1654 vetustate
817 1604 1131 1664 consumpta
1157 1596 1210 1649 in
1239 1593 1430 1662 majori
1475 1593 1742 1664 elegantia

155 1689 454 1764 reparavit.
477 1690 697 1745 Clerum
732 1687 1064 1742 nobilissime
1092 1685 1265 1749 auxit,
1293 1700 1358 1739 ac
1387 1684 1622 1754 regulari
1652 1699 1742 1738 or-

1839 611 2057 659 terreno
2087 606 2400 661 inviolatam
2430 624 2650 665 servare
2686 628 2698 662 :
2732 626 2854 678 qua:
2887 612 3049 665 etiam
3081 613 3134 666 in
3177 616 3292 670 suis
3328 631 3416 671 ac-

1839 695 1982 749 tibus
2029 697 2237 766 primus
2287 699 2583 768 adimplere
2627 701 2857 754 curavit.
2907 699 3249 773 Qurecunque
3283 721 3416 761 vero

1838 799 1906 839 ex
1940 786 2102 840 rebus
2133 787 2464 842 transitoriis
2495 789 2755 858 possedit,
2794 790 2928 843 nihil
2957 793 3134 862 magni
3181 785 3414 848 assuma-

1838 873 1952 939 vit,
1992 875 2086 930 sed
2131 879 2311 946 potius
2348 879 2611 933 caducum
2651 895 2772 935 esse
2817 881 3062 936 credidit.
3095 883 3216 937 Ideo
3253 875 3417 954 gazas

1839 977 1967 1017 suas
2017 967 2369 1021 monasteriis
2414 983 2477 1022 ac
2509 970 2692 1038 egenis
2733 970 3062 1026 distribuere
3112 975 3412 1045 satagebat,

1839 1053 2214 1109 thesaurizans
2259 1057 2361 1111 sibi
2397 1058 2680 1114 thesauros
2727 1060 2780 1114 in
2823 1062 2980 1126 caelo,
3026 1079 3133 1133 quo
3176 1065 3263 1118 fur
3305 1083 3413 1121 non

1841 1145 2218 1212 appropiaret,
2268 1161 2444 1214 neque
2489 1149 2632 1202 tinea
2661 1151 2961 1206 devoraret.
3009 1154 3275 1209 Vitiorum
3319 1174 3418 1226 per

1841 1230 2021 1284 omnia
2052 1231 2213 1302 fugax
2256 1236 2500 1289 exstitit:
2538 1237 2766 1291 aliorum
2811 1255 2938 1294 vero
2976 1257 3150 1310 neque
3188 1247 3415 1301 acerbus

1844 1321 2224 1386 reprehensor,
2260 1338 2433 1392 neque
2473 1326 2721 1380 curiosus
2752 1336 3039 1383 scrutator.
3072 1331 3290 1388 Cunctis
3320 1336 3415 1390 de-

1843 1411 2006 1479 nique
2050 1412 2346 1482 benignus,
2392 1416 2446 1469 in
2493 1416 2736 1471 adversis
2781 1417 3002 1482 ﬁrmus,
3049 1420 3102 1473 in
3148 1424 3421 1492 prosperis

1843 1509 2034 1556 cautus
2071 1511 2126 1556 et
2158 1504 2396 1558 humilis.
2426 1503 2656 1560 Iustitia:
2682 1517 2958 1576 postremo
2979 1510 3233 1566 virtutem
3262 1529 3422 1582 quam

1844 1594 2130 1662 magniﬁce
2148 1597 2402 1660 tenuerit,
2421 1604 2690 1651 testantur
2710 1599 3029 1669 legationes,
3053 1603 3250 1671 quibus
3267 1605 3423 1674 jussu

1845 1680 2207 1750 Augustorum
2265 1681 2580 1751 frequenter
2634 1683 2850 1738 functus
2900 1693 2985 1739 est
3021 1700 3036 1738 :
3078 1688 3314 1744 maxime
3363 1705 3423 1746 ea

155 1786 286 1839 dine
312 1781 612 1837 secundum
643 1778 844 1850 egregii
885 1776 1064 1832 Patris
1088 1775 1364 1830 Benedicti
1409 1790 1654 1830 normam
1684 1783 1743 1829 ut
1771 1775 1817 1833 B
1845 1785 1964 1839 qua:
2007 1781 2250 1840 tempore
2296 1773 2478 1826 domni
2523 1773 2781 1828 Ludovici
2830 1776 3009 1845 magni
3059 1776 3426 1844 imperatoris,

154 1877 327 1930 vitam
377 1874 666 1943 degerent,
715 1870 1086 1940 multipliciter
1123 1869 1441 1924 decertavit.
1491 1868 1625 1922 Nam
1676 1884 1743 1924 ex

158 1964 368 2019 desidia
409 1963 649 2032 priorum
695 1961 939 2025 Patrum,
985 1960 1077 2029 qui
1119 1960 1298 2031 gregis
1329 1960 1431 2014 sibi
1469 1959 1743 2014 commissi

159 2069 352 2108 curam
402 2051 579 2104 minus
620 2051 811 2104 devote
850 2047 1164 2120 gesserunt,
1207 2056 1382 2102 status
1429 2047 1587 2102 alma:
1634 2048 1745 2102 Re-

162 2144 300 2213 gulae
337 2141 582 2211 prazdicti
620 2139 797 2195 Patris
836 2139 1115 2194 Benedicti
1155 2138 1270 2208 jam
1317 2139 1473 2208 quasi
1516 2153 1746 2194 casurus

162 2235 451 2289 videbatur
490 2251 503 2286 :
536 2232 661 2286 licet
700 2231 791 2290 illi.
816 2231 908 2300 qui
953 2230 1182 2286 Domino
1222 2230 1531 2285 militabant
1578 2245 1744 2285 cano-

163 2323 288 2377 nico
306 2322 519 2384 ordine,
544 2317 1096 2392 irreprehensibiliter
1117 2329 1594 2374 conversarentur.
1611 2318 1749 2375 Con—

165 2412 364 2482 tigerat
402 2411 546 2465 enim
583 2409 654 2464 ob
682 2408 969 2473 incuriam,
1000 2417 1060 2462 ut
1085 2409 1200 2478 jam
1229 2409 1360 2474 dixi,
1399 2409 1747 2478 praelatorum

165 2503 257 2572 qui
283 2517 351 2557 ea
400 2516 520 2571 quae
565 2499 784 2570 Regulae
818 2500 1114 2554 auctoritas
1147 2513 1316 2554 sacrm
1351 2501 1481 2554 dare
1529 2501 1749 2555 manda-

167 2595 284 2659 bat,
308 2591 752 2664 parvipendcndo
778 2589 1042 2659 impertiri
1092 2589 1416 2645 distulerant
1443 2608 1455 2643 :
1489 2591 1584 2645 sed
1611 2606 1750 2660 prm-

167 2681 348 2736 dictus
378 2677 864 2734 reverendissimus
892 2678 1054 2732 Pater
1085 2678 1385 2750 Ansegisus
1431 2679 1535 2734 hoc
1575 2680 1750 2735 modis

168 2772 425 2828 omnibus
465 2770 680 2838 sategit,
718 2768 864 2822 utin
904 2769 1192 2837 pristinum
1231 2777 1432 2824 statum
1470 2785 1534 2825 ac
1576 2770 1751 2842 legem

171 2870 536 2933 recuperaret,
572 2859 727 2930 juxta
765 2857 907 2928 quod
938 2859 1268 2915 voluntatem
1298 2861 1482 2916 domui
1517 2863 1752 2932 impera-

172 2953 305 3005 toris
328 2965 496 3020 super
521 2951 624 3005 hoc
656 2957 881 3002 noverat
915 2965 928 3001 :
961 2956 1018 3002 et
1055 2964 1174 3017 qua:
1210 2949 1427 3020 Regula:
1457 2953 1751 3009 auctoritas

171 3043 300 3097 dare
344 3040 666 3104 mandabat,
701 3038 885 3108 largiri
928 3039 1102 3094 modis
1139 3040 1390 3095 omnibus
1429 3057 1537 3095 non
1585 3042 1754 3113 negli-

1838 1857 1994 1927 jussu
2035 1861 2278 1931 ejusdem
2307 1862 2554 1930 partibus
2591 1879 2788 1918 marem
2824 1864 3128 1934 Hispanica:
3154 1867 3427 1923 celebrata

1844 1959 1930 2006 est
1969 1952 2232 2007 adversus
2280 1952 2650 2009 Gautselmum
2697 1956 2976 2011 custodem
3024 1957 3212 2013 limitis
3263 1960 3424 2014 illius.

1846 2041 1976 2096 Erat
2012 2041 2156 2096 enim
2187 2043 2242 2096 in
2285 2058 2536 2098 sermone
2565 2045 2901 2111 verissimus,
2943 2049 2997 2102 in
3030 2049 3135 2105 ﬁde
3176 2050 3424 2106 ﬁrmissi-

1847 2146 1988 2196 mus,
2021 2131 2072 2184 in
2101 2131 2259 2185 bonis
2281 2133 2538 2200 operibus
2580 2144 2880 2204 promptus,
2915 2137 2966 2191 in
2993 2136 3202 2205 judicio
3225 2139 3428 2208 justus,

1847 2220 1902 2276 in
1928 2221 2155 2276 consilio
2181 2223 2457 2292 providus,
2492 2223 2545 2276 in
2573 2224 2815 2280 bonitate
2843 2228 3187 2297 conspicuus,
3226 2231 3277 2284 in
3307 2231 3428 2284 cha-

1849 2314 2010 2367 ritate
2038 2314 2352 2383 praeclarus,
2379 2314 2482 2369 ﬁde
2508 2316 2829 2382 catholicus,
2854 2319 3210 2390 eleemosynis
3250 2321 3423 2387 dives,

1849 2404 1976 2474 vigil
2025 2404 2264 2474 ingenio,
2313 2414 2600 2476 promptus
2655 2407 2902 2476 eloquio,
2949 2409 3183 2482 ﬂagrans
3231 2415 3428 2469 studio.

1850 2493 1992 2549 Utile
2033 2511 2228 2566 nempe
2271 2513 2368 2551 vas
2409 2498 2461 2551 in
2493 2498 2652 2553 domo
2682 2500 2918 2566 Domini,
2948 2503 3059 2557 Deo
3084 2503 3268 2557 sedule
3309 2519 3426 2558 sero

1847 2585 2020 2650 viens,
2064 2596 2312 2642 errantes
2351 2588 2653 2658 corrigens,
2699 2600 2974 2648 correctos
3019 2592 3229 2658 fovens,
3260 2594 3431 2649 obsti-

1848 2682 2004 2729 natos
2039 2690 2321 2745 spernens,
2351 2677 2581 2732 humiles
2626 2694 2839 2750 semper
2869 2682 3115 2752 diligens,
3159 2684 3274 2754 regi
3317 2692 3430 2738 ter-

1833 2779 1982 2820 ‘reno
2043 2766 2350 2838 subjectus,
2398 2767 2616 2825 Christo
2663 2772 2989 2828 dominatori
3043 2775 3302 2829 omnium-
3330 2775 3430 2830 de-

1848 2863 2026 2910 votus.

1921 2945 1974 2999 6.
2013 2945 2284 3014 Quantum
2316 2964 2444 3004 vero
2485 2950 2538 3005 in
2571 2952 2957 3008 ecclesiasticis
2993 2953 3138 3010 curis
3185 2957 3426 3014 intentus

1851 3035 2035 3102 fuerit,
2071 3047 2340 3094 testantur
2393 3041 2673 3097 innumera
2725 3045 2779 3098 in
2817 3046 3078 3100 coenobiis
3124 3047 3240 3117 ejus
3289 3066 3433 3105 curae

169 3140 340 3202 geret.
379 3129 617 3198 Denique
651 3143 718 3183 ex
760 3128 1001 3183 Luxovio
1038 3131 1305 3196 coenobio,
1333 3133 1476 3200 quod
1524 3133 1578 3186 in
1620 3131 1749 3188 Gal-
1778 3127 1822 3189 C
1853 3131 2084 3186 subditis
2120 3131 2188 3186 ab
2213 3135 2330 3202 ipso
2356 3133 2570 3188 collata.
2615 3135 2671 3189 In
2711 3135 3034 3193 Luxoviensi
3063 3154 3294 3209 namque
3322 3157 3433 3197 cm-
3469 3156 3478 3162 ‘

169 3222 367 3276 liarum
399 3220 561 3275 terris
589 3220 645 3274 in
686 3219 943 3289 religione
971 3234 1036 3274 ac
1063 3220 1298 3290 regulari
1331 3221 1616 3292 disciplina
1643 3239 1751 3278 non

171 3317 402 3373 inferius
428 3331 601 3384 usque
626 3315 693 3369 ad
725 3329 965 3385 praesens
1000 3314 1232 3380 videtur,
1260 3315 1556 3369 monachos
1582 3313 1753 3369 Deum

172 3411 451 3471 timentes,
501 3408 758 3476 virosque
810 3405 1096 3476 religiosos
1143 3419 1328 3460 secum
1363 3405 1469 3460 huc
1506 3405 1752 3470 adduxit,

173 3499 263 3566 qui
290 3505 350 3552 et
375 3497 552 3566 legem
589 3496 750 3550 istinc
778 3494 1169 3549 monachorum
1194 3492 1475 3558 docerent,
1501 3499 1556 3547 et
1581 3508 1759 3548 exem-

174 3589 259 3659 pla
291 3587 532 3644 salubria
560 3587 942 3641 ostenderent:
972 3585 1099 3639 licet
1121 3584 1252 3640 olim
1277 3599 1308 3638 a
1340 3585 1457 3638 viro
1478 3584 1626 3654 justo
1657 3583 1757 3639 Be-

175 3681 394 3735 nedicto
438 3676 778 3732 Fossatensis
825 3674 1057 3730 cmuobii
1087 3675 1300 3740 abbate,
1332 3675 1530 3729 eruditi
1563 3674 1618 3728 in
1654 3675 1758 3728 hac

177 3769 540 3841 philosophia,
582 3767 696 3822 fore
722 3767 1057 3832 viderentur,
1091 3766 1182 3836 qui
1210 3765 1457 3836 plurimis
1484 3765 1673 3822 diebus
1703 3767 1757 3820 in

179 3866 282 3919 hoc
336 3862 669 3918 monasterio
723 3867 1139 3924 conversantes,
1191 3857 1448 3914 nonnulla
1508 3857 1757 3928 exempla

177 3956 442 4012 doctrinae
486 3963 540 4008 et
580 3933 986 4008 bonitatis'sute
1029 3951 1157 4006 istic
1204 3951 1556 4019 reliquerunt.
1587 3949 1754 4016 Nam,

178 4057 237 4101 ut
265 4061 396 4101 vere
425 4045 618 4109 fatear,
646 4060 755 4100 non
785 4041 1008 4097 inferius
1039 4042 1282 4097 Francia:
1305 4057 1402 4098 seu
1427 4039 1614 4096 Gallia:
1643 4056 1758 4096 mo-

177 4134 432 4189 nasteriis
461 4132 606 4188 istud
640 4132 694 4186 in
722 4131 869 4187 omni
899 4130 1154 4202 religione
1189 4129 1609 4201 comparabatur
1648 4145 1759 4186 cm-

177 4226 422 4280 nobium.

248 4317 302 4370 5.
344 4313 456 4370 Nec
483 4315 712 4381 mirum,
755 4315 802 4371 si
849 4323 1092 4386 tempore
1117 4315 1282 4371 'ducis
1328 4314 1517 4385 Optimi
1557 4314 1759 4369 milites

177 4406 386 4461 Christi
431 4419 528 4474 per
583 4406 725 4462 viam
779 4407 982 4478 regiam
1043 4407 1393 4472 incederent,
1439 4407 1566 4462 licet
1613 4422 1757 4460 nunc

1854 3223 2015 3277 nobio
2043 3224 2158 3279 hmc
2181 3226 2318 3280 dona
2344 3226 2540 3281 obtulit
2572 3242 2586 3280 :
2619 3244 2835 3283 crucem
2863 3246 3082 3284 auream
3105 3233 3330 3287 miriﬁce
3359 3232 3432 3288 fa-

1854 3322 2018 3380 ctam,
2071 3318 2298 3384 gemmis
2326 3319 2733 3387 pretiosissimis
2764 3321 3094 3386 decoratam,
3143 3323 3432 3378 habentem

1856 3405 2105 3458 baculum
2147 3417 2373 3476 argento
2422 3417 2759 3478 coopertum,
2816 3425 2977 3479 quem
3013 3425 3196 3466 secum
3244 3413 3434 3468 solitus

1855 3494 2048 3548 eratin
2072 3495 2265 3550 itinere
2285 3495 2556 3566 bajulare;
2580 3496 2915 3554 olfertorium
2939 3515 3162 3555 aureum
3191 3516 3312 3556 cum
3345 3517 3435 3571 pa-

1858 3591 1979 3638 tena
2028 3599 2123 3637 sua
2167 3599 2331 3640 aurea
2377 3600 2543 3654 opere
2593 3585 2864 3650 mirabili,
2904 3588 3105 3644 calices
3150 3599 3435 3659 argenteos

1857 3681 1966 3728 tres
1994 3674 2302 3738 deauratos,
2335 3675 2636 3746 anaglyﬁco
2661 3691 2823 3745 opere
2843 3687 3085 3747 patratos
3110 3697 3122 3733 :
3163 3680 3433 3749 hanapum

1859 3773 2173 3834 argenteum
2195 3765 2400 3834 optimo
2426 3781 2589 3837 opere
2632 3766 2856 3833 factum,
2895 3769 3182 3824 habentem
3212 3770 3435 3826 limaces

1859 3867 2052 3909 aureos
2098 3863 2350 3924 quatuor,
2405 3857 2458 3910 in
2508 3857 2674 3912 fundo
2717 3859 2957 3914 exterius
3008 3860 3108 3914 sibi
3153 3875 3433 3926 annexos;

1859 3947 2196 4014 aquamanile
2245 3956 2300 4001 et
2348 3962 2566 4002 urceum
2607 3959 2922 4020 argenteum
2974 3951 3207 4006 mirabili
3245 3967 3432 4023 opere.

1858 4035 2044 4092 Altare
2085 4037 2139 4090 in
2167 4039 2369 4094 honore
2397 4050 2668 4108 perpetua}
2697 4041 2921 4112 virginis
2951 4042 3134 4097 Mariae
3162 4043 3435 4098 decoravit

1862 4129 2038 4184 tabula
2078 4130 2277 4201 lignea,
2320 4147 2482 4201 quam
2524 4132 2850 4204 imaginibus
2894 4135 3168 4204 argenteis
3210 4135 3438 4192 diversis

1859 4221 2154 4290 c00peruit.
2204 4220 2282 4275 De
2319 4221 2653 4276 vestimentis
2681 4237 2834 4288 vero,
2882 4224 3130 4278 rodinum
3170 4224 3434 4294 optimum

1859 4326 2044 4374 unum,
2077 4311 2321 4380 planetas
2342 4309 2556 4365 casulas
2571 4311 2838 4380 quinque;
2870 4311 3126 4366 ciudados
3153 4313 3434 4368 duodecim

1861 4403 2059 4457 coloris
2083 4403 2277 4456 diversi
2307 4416 2324 4467 ;
2355 4401 2672 4455 dalmaticas
2701 4401 2844 4466 tres’;
2873 4402 3032 4471 pallia
3060 4401 3280 4457 fundata
3303 4419 3396 4458 sex
3420 4421 3434 4469 ;

177 4501 386 4556 Christi
419 4469 658 4555 έιιετίιοε
683 4515 792 4555 non
825 4469 900 4557 svi;
926 4499 1240 4572 refrigerata
1268 4469 1434 4555 pcu'm
1461 4501 1648 4570 utique
1687 4501 1760 4556 si-
1785 4469 1836 4527 Β
1863 4502 2036 4562 tapeta
2068 4493 2268 4560 optima
2289 4501 2411 4546 orto
2441 4511 2453 4545 :
2483 4491 2778 4547 Ecclesiam
2811 4494 2979 4548 sancti
3012 4492 3158 4548 Petri
3190 4494 3434 4550 altiorem

175 4590 359 4662 gnifer
400 4590 756 4646 sanctissima:
790 4591 1091 4661 disciplina:
1141 4591 1283 4645 idem
1333 4592 1620 4656 existeret,
1668 4593 1757 4659 qui

175 4682 436 4736 omnibus
468 4680 761 4734 imitandus
805 4681 1120 4751 apparebat.
1162 4680 1480 4748 Quicunque
1516 4681 1660 4733 enim
1701 4680 1762 4733 il-

178 4773 291 4826 lum
318 4771 571 4826 audiebat
603 4771 1031 4840 praecipientem,
1065 4786 1170 4824 non
1203 4769 1561 4838 redarguebat
1607 4768 1764 4822 aliter

176 4869 519 4931 operantem.
577 4845 969 4916 Testimonium
1028 4859 1286 4924 veritati,
1335 4873 1443 4913 non
1509 4856 1760 4911 amicitiae

180 4954 461 5009 reddebat.
505 4951 794 5008 Sermones
832 4951 949 5021 ejus
978 4952 1137 5007 utiles
1183 4951 1355 5022 magis
1396 4965 1558 5019 quam
1600 4947 1762 5003 faceti

181 5061 306 5102 esse
335 5054 602 5101 noverant
633 5063 645 5099 :
687 5062 716 5100 a
743 5047 925 5105 verbis
959 5060 1171 5115 quoque
1210 5046 1456 5115 turpibus
1498 5043 1764 5100 omnimo-

180 5141 268 5193 dis
301 5138 627 5203 abstinebat,
658 5139 837 5194 sciens
867 5138 994 5207 quia
1025 5137 1242 5192 licentia
1267 5152 1455 5191 eorum
1486 5137 1766 5206 impuden-

181 5230 315 5284 tiam
350 5230 544 5284 nutrit.
571 5230 813 5296 Quatuor
839 5243 1053 5298 quoque
1083 5228 1332 5288 virtutes,
1357 5227 1556 5296 quibus
1583 5226 1760 5280 omnis

181 5321 350 5376 homo
374 5320 642 5390 praecipue
667 5320 825 5376 inniti
849 5319 1030 5383 debet,
1056 5319 1110 5372 in
1139 5333 1205 5373 eo
1232 5315 1608 5387 refulgebant:
1638 5330 1763 5385 pru-

181 5411 370 5466 dentia
409 5409 674 5474 videlicet,
705 5409 984 5476 fortitudo,
1013 5409 1388 5478 temperantia,
1419 5416 1580 5476 atque
1603 5405 1763 5474 justi-

183 5502 258 5554 tia
283 5516 298 5554 :
324 5515 506 5555 sermo
531 5515 724 5570 nempe
750 5499 866 5568 ejus
894 5514 1159 5568 nusquam
1190 5498 1366 5552 inanis
1396 5496 1624 5561 exstitit,
1652 5495 1761 5550 imo

181 5593 418 5647 subditis
440 5591 544 5648 sibi
568 5591 796 5661 aliisque
821 5599 915 5646 aut
946 5591 1118 5647 suasit
1151 5590 1292 5646 bona
1316 5602 1498 5660 agere,
1525 5595 1621 5642 aut
1647 5601 1764 5642 mo-

1861 4585 1914 4639 in
1953 4583 2156 4638 fabrica
2202 4598 2318 4645 sua,
2378 4597 2561 4636 muros
2601 4583 2865 4647 exaltans,
2913 4584 3166 4650 reddidit,
3210 4601 3273 4638 ac
3311 4600 3434 4639 cum

1859 4676 2025 4731 clavis
2072 4672 2266 4728 ferreis
2305 4686 2424 4726 eam
2467 4675 2768 4742 cooperuit.
2816 4674 3090 4728 Porticum
3145 4683 3434 4743 prmterea,

1860 4781 1979 4833 qua:
2006 4763 2157 4818 vadit
2177 4763 2240 4817 de
2268 4763 2496 4817 ecclesia
2534 4765 2679 4818 beati
2709 4763 2854 4819 Petri
2894 4765 2963 4819 ad
2995 4764 3250 4820 Sanctum
3290 4765 3435 4818 Mar-

1862 4853 2052 4914 tinum,
2099 4851 2165 4905 de
2194 4865 2335 4905 novo
2365 4849 2524 4915 fecit;
2556 4859 2611 4905 et
2650 4866 2769 4907 eam
2803 4853 3122 4921 cooperiens
3166 4853 3440 4909 scindulas

1863 4943 1978 5013 ejus
2008 4941 2201 4997 ferreis
2230 4941 2400 4996 clavis
2434 4941 2628 4996 afﬁxit.

1936 5037 1965 5089 7
2002 5036 2058 5089 In
2100 5036 2202 5090 hoc
2251 5034 2412 5105 igitur
2448 5033 2847 5090 Fontanellensi
2889 5036 3138 5092 coenobio
3182 5038 3296 5092 haec
3323 5054 3439 5092 mn-

1866 5140 1995 5181 nera
2042 5124 2288 5179 contulit.
2330 5123 2639 5178 Portionem
2680 5139 2929 5195 magnam
2976 5125 3103 5197 ligni
3147 5126 3438 5182 salutifera:

1865 5221 2043 5277 crucis
2067 5219 2356 5274 Dominica:
2385 5219 2648 5274 inclusam
2679 5235 2831 5286 auro,
2863 5221 3006 5290 quod
3033 5223 3262 5276 rotundo
3285 5222 3439 5275 sche-

1840 5321 2011 5366 -mate
2060 5308 2351 5364 formatum
2391 5317 2529 5373 erat,
2565 5307 2788 5378 ejusque
2830 5310 2884 5364 in
2914 5310 3090 5365 medio
3126 5309 3436 5380 crystallum

1865 5403 2121 5473 positum,
2151 5401 2223 5458 ita
2249 5409 2308 5454 ut
2333 5399 2503 5471 ﬁgura
2530 5399 2656 5470 ligni
2687 5409 2885 5456 sanctae
2911 5401 3087 5456 cmcis
3110 5398 3440 5455 intuentibus

1867 5493 2011 5548 intus
2039 5501 2340 5563 appareret.
2373 5492 2523 5559 Quod
2543 5501 2741 5561 postea
2780 5491 3228 5562 prtepedientibus
3251 5503 3441 5559 pecca-

1868 5584 1957 5649 tis,
1990 5583 2103 5639 sive
2130 5583 2236 5638 alio
2255 5582 2494 5652 quolibet
2527 5596 2656 5636 casu
2686 5581 2752 5635 de
2777 5579 3118 5650 frontispicio
3148 5578 3269 5634 lecti
3310 5592 3438 5648 pro-

257 5737 283 5764 ι
323 5723 378 5778 ld
412 5733 497 5780 est
537 5738 821 5779 numerum
861 5723 1178 5778 clericorum
1199 5762 1212 5787 ,
1240 5735 1348 5791 quo
1389 5721 1604 5777 nomine
1646 5718 1894 5775 monachi
1920 5718 2119 5790 passim
2151 5733 2215 5773 eo
2246 5728 2486 5789 tempore
2511 5716 2868 5771 donabantur.
