3884 6192
479 311 595 381 ⁸’.739

1404 305 1470 361 ’S.
1510 301 1824 360 ANSEGlSl
1862 299 2152 359 ABBA'I'IS
2187 299 2797 360 FONTANELLENSIS

3618 301 3714 356 7i0

484 438 708 484 tectoria
742 423 911 479 nostri
945 420 1086 476 beati
1123 417 1519 488 Wandrcgesili
1544 416 1691 473 fures
1719 416 2059 472 sustulerunt
2083 420 2137 479 Α
2159 423 2346 470 contra
2397 406 2668 469 lulianum
2712 411 3023 466 hmreticum
3075 408 3322 464 volumen
3363 424 3561 475 unum;
3599 412 3718 470 item

481 517 759 590 perforata
774 511 1008 567 maceria
1026 509 1260 563 basilicae
1277 506 1461 562 Sancti
1486 505 1655 561 Petri.
1681 505 1833 572 Quod
1859 504 2061 558 factum

483 618 573 664 est
595 605 765 676 pridie
788 603 968 656 Nonas
989 600 1322 662 Decembris,
1355 597 1654 661 Dominica,
1683 596 1910 666 expletis
1939 602 2064 664 post

485 698 692 752 obitum
731 690 968 759 ejusdem
1001 689 1217 758 gloriosi
1259 687 1435 741 Patris
1472 687 1744 741 mensibus
1775 684 1967 748 tribus,
2007 689 2065 736 et

495 786 684 839 diebus
712 780 1004 836 sexdecim.
1054 777 1287 832 Calicem
1320 791 1542 830 aureum
1578 774 1807 829 miriﬁce
1839 772 2058 837 factum,

487 877 626 930 duas
643 874 770 927 hinc
794 871 917 925 inde
938 870 1225 924 habentem
1249 866 1488 930 ansulas,
1528 865 1756 936 gemmis
1779 864 2062 935 pretiosis-

486 966 638 1021 simis
666 965 999 1021 decoratum.
1026 962 1116 1030 qui
1144 967 1336 1029 pensat
1364 958 1591 1023 libram;
1620 955 1847 1010 alterum
1869 968 2063 1026 argen-

488 1065 655 1117 tcum,
695 1049 991 1120 anaglyﬁco
1035 1064 1195 1117 opere
1221 1047 1440 1110 factum,
1473 1046 1652 1116 operis
1678 1039 1906 1100 mirandi
1938 1059 2060 1099 cum

484 1153 679 1214 patena
717 1159 814 1197 sua
848 1148 1146 1210 argentea;
1178 1137 1514 1192 oﬁ‘ertorium
1557 1145 1867 1208 argenteum
1912 1136 2061 1206 ejus-

485 1238 608 1291 dem
656 1235 861 1296 calicis,
909 1231 1112 1285 habens
1158 1229 1392 1299 efﬁgiem
1441 1227 1654 1282 miriﬁci
1703 1226 1922 1295 operis;
1955 1225 2060 1279 alia

483 1325 757 1380 otl‘ertoria
804 1329 1059 1391 argentea
1101 1333 1223 1373 cum
1272 1318 1484 1386 patenis
1538 1317 1807 1386 argenteis
1850 1329 2061 1369 earum-

485 1419 643 1480 dem;
677 1426 935 1468 coronam
975 1410 1587 1478 majoremargenteam
1641 1421 1764 1460 cum
1812 1405 2057 1474 lampada

485 1521 583 1560 sua
621 1513 872 1572 argentea
911 1498 1170 1568 optimam
1216 1511 1397 1548 unam.
1441 1494 1575 1549 item
1622 1494 1923 1564 lampadam
1972 1507 2060 1546 ar-

485 1603 732 1664 genteam
784 1605 987 1653 unam;
1031 1585 1368 1640 .thuribulum
1429 1591 1742 1654 augenteum
1793 1583 2056 1653 optimum

488 1697 694 1743 unum;
737 1677 1059 1732 candelabra
1106 1681 1369 1743 argentea
1402 1673 1506 1726 tria
1548 1671 1801 1726 habentia
1853 1671 2055 1726 solidos

2164 505 2360 559 librum
2412 502 2760 572 epistolarum
2788 499 3030 568 ejusdem
3082 500 3152 554 ad
3183 500 3449 564 diversos,
3482 507 3722 560 volumen

2163 608 2368 658 unum;
2433 592 2560 646 item
2618 591 2859 661 ejusdem
2903 590 3099 644 librum
3144 589 3236 658 qui
3290 589 3526 655 dicitur,
3583 589 3724 648 Unde

2161 681 2380 746 malum,
2429 681 2679 736 volumen
2726 695 2923 744 unum;
2960 679 3086 734 item
3129 679 3324 733 librum
3350 679 3590 749 ejusdem
3634 681 3724 750 qui

2161 772 2538 843 praetitulatur,
2567 772 2634 828 de
2644 771 2899 827 Doctrina
2918 771 3250 836 Christiana,
3263 771 3515 825 volumen
3533 785 3721 833 unum;

2161 861 2359 917 librum
2389 863 2575 917 decem
2611 859 2950 917 Chordarum
2975 861 3254 932 ejusdem;
3277 859 3522 929 ejusdem
3573 874 3726 931 super

2162 951 2458 1020 Epistulam
2487 949 2746 1018 Joannis;
2788 952 2922 1006 item
2949 952 3212 1006 adversus
3239 951 3524 1020 epistolam
3551 949 3731 1008 funda-

2161 1043 2330 1098 menti
2353 1043 2605 1098 velumen
2633 1058 2841 1108 unum;
2877 1042 3161 1097 homiliare
3187 1040 3448 1110 ejusdem,
3484 1042 3729 1098 volumen

2161 1149 2347 1189 unum.
2378 1135 2779 1204 Expositionem
2807 1135 2952 1190 beati
2989 1133 3260 1190 Ambrosii
3294 1135 3349 1189 in
3376 1134 3538 1189 Lucae
3561 1136 3728 1190 Evam

2160 1223 2378 1294 gelium,
2418 1224 2670 1278 volumen
2715 1236 2916 1290 uirum;
2966 1223 3327 1294 Epistolarum
3376 1223 3616 1292 ejusdem
3661 1228 3729 1280 ad

2161 1314 2432 1378 diversos,
2488 1314 2740 1370 volumen
2787 1327 2988 1380 unum;
3051 1316 3181 1370 item
3230 1314 3474 1385 ejusdem
3537 1315 3730 1371 librum

2161 1404 2254 1472 qui
2296 1403 2493 1458 dicitur
2527 1404 2596 1459 de
2621 1404 2770 1460 Bono
2797 1406 3010 1469 mortis,
3051 1407 3300 1461 volumen
3351 1421 3552 1471 unum;
3605 1407 3728 1462 item

2160 1492 2402 1563 ejusdem
2421 1494 2490 1548 de
2501 1493 2700 1564 Ioseph
2731 1511 2796 1550 ac
2817 1497 3096 1551 duodecim
3129 1496 3462 1554 Patriarchis
3487 1498 3731 1552 volumen

2158 1599 2343 1637 unum.
2377 1583 2734 1652 Epistolarum
2760 1587 2902 1641 beati
2927 1585 3234 1657 Hieronymi
3265 1587 3516 1642 volumen
3537 1604 3728 1655 unum;

2161 1673 2506 1744 epistularum
2551 1677 2723 1731 sancti
2754 1675 2892 1731 Sixti
2935 1675 3181 1746 Episcopi
3229 1676 3483 1732 volumen
3532 1694 3692 1732 unum
3713 1718 3731 1744 ,

484 1770 793 1839 nonaginta,
840 1767 894 1820 id
941 1772 1046 1828 est,
1097 1761 1517 1831 unumquodque
1576 1761 1841 1830 triginta;
1881 1760 2056 1830 sigilla
2085 1754 2131 1814 Β
2160 1764 2517 1820 Historiarum
2560 1766 2777 1835 Iosephi
2823 1767 3074 1822 volumen
3120 1782 3326 1833 unum;
3360 1780 3385 1807 α
3416 1768 3570 1838 Tagii
3601 1768 3730 1823 Sen-

486 1876 650 1914 aurea
674 1856 900 1912 miriﬁca
927 1869 1052 1909 cum
1087 1853 1338 1922 pretiosis
1364 1851 1627 1920 lapidibus
1658 1865 1884 1906 numero
1908 1851 2054 1916 duo;

482 1963 705 2002 urceum
729 1953 1045 2015 argenteum
1067 1955 1194 1996 cum
1215 1939 1543 2008 aquamanili
1570 1939 1831 2008 Optimum
1855 1951 2053 2002 unum;

483 2051 686 2106 cuppas
717 2037 919 2089 vitreas
955 2046 1089 2086 auro
1116 2037 1337 2084 ornatas
1363 2030 1518 2093 duas,
1552 2028 1842 2082 eburneam
1892 2043 2058 2081 unam

484 2125 710 2181 miriﬁce
741 2123 958 2177 factam.
1003 2118 1237 2190 Pyxidas
1275 2117 1544 2172 eburneas
1585 2115 1757 2181 duas;
1787 2117 2057 2185 hanaputn

481 2219 709 2271 vitreum
729 2215 990 2284 optimum
1012 2227 1178 2266 unum
1201 2227 1216 2275 ;
1247 2217 1480 2279 quatuor
1512 2207 1789 2277 evangelia
1810 2207 1866 2260 in
1890 2220 2059 2260 meme

482 2307 654 2362 brano
679 2317 947 2374 purpureo
972 2317 1038 2356 ex
1072 2314 1204 2354 auro
1232 2298 1473 2352 scribere
1511 2295 1676 2364 jussit
1705 2294 1946 2350 Romana
1971 2293 2058 2348 lit-

483 2404 597 2450 tera
624 2412 638 2460 ;
670 2410 735 2448 ex
781 2393 976 2462 quibus
1004 2389 1258 2451 Mattbaai,
1296 2386 1517 2441 Joannis
1547 2394 1602 2441 et
1625 2386 1784 2440 Lucae
1820 2384 2056 2453 comple-

487 2485 596 2549 vit,
651 2483 766 2547 sed,
805 2481 1199 2536 interveniente
1245 2487 1421 2533 morte
1465 2475 1725 2545 ejusdem,
1789 2474 2056 2545 reliquum

481 2576 854 2648 imperfectum
877 2575 1157 2628 remansit.
1189 2570 1588 2627 Lectionarium
1615 2569 1776 2624 etiam
1807 2568 1862 2622 in
1885 2581 2056 2622 memn-

480 2672 652 2725 brano
681 2681 950 2738 purpureo
979 2665 1230 2721 similiter
1249 2663 1494 2718 scribere
1512 2659 1699 2730 jussit,
1739 2659 2054 2716 decoratum

481 2761 680 2815 tabulis
707 2759 995 2822 eburneis;
1030 2757 1465 2828 antiphonarium
1510 2754 1758 2810 similiter
1795 2753 1850 2808 in
1888 2767 2054 2808 mem-

482 2855 652 2908 brano
694 2867 959 2921 purpureo
998 2849 1268 2919 argenteis
1317 2847 1578 2917 scriptum
1626 2845 1846 2910 litteris,
1895 2857 2054 2898 orna—

481 2954 702 3012 tumque
733 2943 927 2996 tabulis
954 2941 1225 2996 eburneis.
1260 2939 1335 2993 De
1362 2937 1703 2993 vestimentis
1725 2950 1857 2991 vero
1881 2933 2054 2990 eccle-

482 3033 724 3101 siasticis
769 3031 996 3101 largitus
1019 3037 1104 3085 est
1135 3029 1315 3098 pallia,
1359 3042 1479 3097 qua:
1516 3025 1770 3080 dicuntur
1811 3024 2052 3089 fundata,

483 3097 627 3187 tria;
651 3097 921 3174 stauracia
949 3119 1090 3182 duo;
1121 3097 1419 3186 stragulum
1449 3114 1798 3184 Hispanicum
1840 3127 2046 3180 unum;
2077 3097 2124 3160 C

480 3213 678 3282 tapetia
701 3218 931 3281 quatuor
955 3225 970 3274 ;
997 3207 1314 3262 dalmaticas
1341 3206 1712 3261 ministrorum
1750 3205 2051 3261 ministerio

478 3313 630 3374 aptas
673 3319 804 3368 sex;
861 3316 1078 3357 roecum
1129 3297 1562 3355 subdiaconalem
1601 3312 1798 3362 unum;
1829 3310 2051 3352 coccum

478 3409 686 3459 unum;
743 3393 978 3448 tunicam
1027 3389 1420 3446 sacerdotalem
1460 3387 1632 3444 lndici
1681 3387 1882 3442 coloris
1925 3402 2050 3442 cum

477 3487 797 3541 vestimento
814 3485 1021 3556 integro
1041 3497 1204 3538 unam
1229 3499 1244 3548 ;
1275 3482 1519 3552 planetas
1547 3480 1759 3536 casulas
1787 3487 2047 3550 quatuor;

477 3575 688 3629 casulas
719 3573 846 3629 item
885 3589 953 3629 ex
979 3573 1197 3629 cindato
1237 3571 1401 3627 indici
1430 3570 1628 3625 coloris
1657 3577 1808 3635 tres;
1861 3569 2051 3623 viridis

474 3663 675 3719 coloris
723 3678 792 3717 ex
830 3663 1046 3719 cindato
1075 3663 1206 3717 item
1242 3670 1392 3734 tres;
1426 3662 1555 3716 item
1582 3660 1733 3715 rubei
1780 3660 1894 3714 sive
1919 3675 2048 3713 san-

473 3752 655 3822 guinei
685 3752 879 3806 coloris
904 3767 966 3807 ex
999 3752 1214 3806 cindato
1240 3766 1436 3815 unum;
1467 3749 1724 3804 blatteam
1748 3749 1876 3804 item
1902 3764 2052 3804 casu-

475 3845 586 3898 lam
624 3859 829 3908 unam;
867 3859 1064 3914 cappas
1111 3843 1383 3908 Romanas
1401 3840 1556 3906 duas,
1604 3857 1767 3896 unam
1796 3839 2049 3896 videlicet

477 3949 548 3987 ex
575 3933 742 3988 rubeo
769 3933 981 3988 cindato
1010 3943 1064 3988 et
1093 3933 1320 3988 ﬁmbriis
1346 3933 1606 3988 viridibus
1639 3933 1693 3987 in
1717 3932 1944 3987 circuitu
1967 3945 2051 3987 or-

477 4033 684 4088 natam,
715 4023 938 4077 alteram
967 4039 1032 4078 ex
1061 4038 1193 4078 cane
1219 4023 1458 4092 pontico,
1499 4036 1659 4093 quem
1687 4023 1876 4094 vulgus
1914 4022 2050 4076 Beu-

474 4127 633 4166 vrum
675 4120 968 4181 nuncupat,
1014 4113 1262 4168 similiter
1288 4113 1515 4168 ﬁmbriis
1545 4113 1628 4167 sui
1656 4112 1856 4167 coloris
1881 4113 2047 4166 deco-

478 4211 651 4257 ratam
691 4203 745 4256 in
794 4203 964 4267 orbe;
1005 4203 1227 4258 linteum
1266 4203 1531 4274 optimum
1560 4218 1766 4268 unum;
1799 4202 2048 4257 facister-

475 4295 621 4364 gium
671 4293 826 4365 [forte
867 4292 1222 4365 facitergium]
1275 4295 1539 4364 optimum
1582 4309 1785 4359 unum;
1826 4293 2050 4348 fanones

474 4386 708 4456 optimos
735 4386 886 4448 duos,
913 4401 1082 4440 unum
1114 4401 1247 4453 auro
1273 4386 1608 4452 decoratum,
1641 4386 1872 4442 alterum
1901 4394 2050 4441 stau-

476 4453 643 4542 ratio;
679 4478 806 4530 item
831 4476 896 4530 de
923 4477 1141 4532 cindato
1161 4477 1297 4534 duos
1320 4494 1335 4542 ;
1363 4478 1664 4548 pulvinaria
1687 4479 1860 4533 serica
1891 4491 2048 4532 evan—
2072 4453 2126 4512 D

474 4567 658 4636 gelicis
681 4565 868 4622 olliciis
888 4575 1030 4634 apta,
1061 4568 1286 4638 majora,
1309 4568 1445 4634 duo;
1471 4569 1668 4631 minus,
1691 4583 1857 4622 unum
1881 4583 1896 4632 ;
1936 4567 2050 4622 cin-

475 4658 598 4728 gula
626 4659 869 4713 Romano
902 4673 1066 4728 opere
1104 4659 1245 4714 facta
1273 4674 1405 4714 auro
1433 4659 1686 4715 decorata
1712 4659 1816 4713 duo
1845 4674 1861 4723 ;
1890 4673 2047 4727 map-

475 4749 632 4817 pulas
668 4749 824 4812 duas,
855 4749 1020 4804 stolas
1046 4750 1198 4805 duas.

547 4840 600 4892 8.
617 4838 693 4892 De
716 4838 867 4892 libris
881 4847 1059 4893 autem
1080 4840 1220 4895 hanc
1235 4839 1381 4895 dedit
1402 4838 1637 4908 copiam,
1663 4835 2046 4892 bibliothecam

476 4929 756 4997 optimam,
787 4930 1151 4984 continentem
1188 4931 1356 4984 Vetus
1382 4936 1438 4982 et
1478 4927 1686 4982 Novum
1726 4925 2043 4981 Testamen-

478 5029 593 5072 tum
639 5033 761 5071 cum
788 5019 1193 5088 praefationibus
1234 5034 1300 5073 ac
1337 5019 1506 5072 initiis
1555 5018 1816 5072 librorum
1863 5015 2043 5070 aureis

476 5109 676 5164 litteris
697 5110 996 5174 decoratis;
1031 5110 1195 5165 libros
1209 5111 1615 5181 Expositionum
1631 5111 1738 5166 divi
1758 5108 2043 5180 Augustini

477 5200 534 5255 in
561 5198 813 5255 Genesim
863 5201 931 5255 ad
965 5200 1202 5254 litteram
1226 5201 1477 5256 volumen
1502 5215 1667 5256 unum
1695 5216 1709 5265 ;
1759 5200 1888 5254 item
1934 5199 2043 5252 En-

476 5291 746 5347 chiridion
791 5291 1052 5362 ejusdem,
1082 5291 1332 5347 volumen
1358 5307 1522 5347 unum
1547 5309 1562 5356 ;
1592 5291 1833 5361 ejusdem
1863 5287 2045 5358 expla-

476 5384 756 5442 nationum
801 5384 854 5438 in
883 5385 1070 5439 omnes
1091 5385 1325 5453 psalmos
1343 5383 1616 5439 volumina
1645 5383 1778 5449 tria;
1809 5380 2047 5448 ejusdem

549 5573 576 5601 ι
603 5561 654 5616 is
683 5569 766 5616 est
815 5561 1014 5631 Tagius
1049 5575 1144 5623 seu
1193 5560 1375 5623 Taius,
1419 5559 1540 5614 aliis
1574 5559 1728 5631 Taio,
1766 5559 2045 5618 Caesarau—

479 5635 740 5704 gustanus
759 5629 1063 5704 episcopus,
1085 5631 1176 5701 qui
1197 5645 1273 5704 eat
1284 5631 1434 5704 libris
1453 5630 1626 5685 sancti
1641 5629 1887 5704 Gregorii
1901 5648 2051 5704 papae

478 5699 634 5767 primi
661 5699 967 5770 compilavit
985 5699 1216 5772 quatuor
1241 5700 1409 5756 libros
1431 5699 1839 5755 sententiarum.

2161 1856 2471 1921 tentiarum,
2521 1857 2768 1912 volumen
2821 1873 3026 1923 unum;
3056 1857 3484 1927 Excerptionum
3538 1858 3731 1914 Paterii

2157 1942 2226 1998 de
2260 1944 2437 1999 Veteri
2487 1961 2550 2000 ac
2579 1945 2727 2002 Novo
2758 1947 3104 2004 Testamento
3150 1963 3217 2002 ex
3263 1947 3550 2017 Opusculis
3588 1950 3728 2004 beati

2157 2032 2400 2104 Gregorii
2429 2035 2586 2104 Papae
2616 2037 2863 2092 volumen
2891 2039 2941 2092 1.
2981 2039 3136 2109 Evipi
3183 2055 3252 2095 ex
3279 2039 3565 2110 Opusculis
3591 2043 3728 2097 beati

2155 2123 2438 2194 Augustini
2464 2127 2712 2186 similiter
2735 2129 2985 2184 volumen
3016 2131 3064 2183 1.
3096 2129 3344 2200 Gregorii
3367 2132 3422 2186 in
3445 2141 3596 2201 parte
3628 2147 3733 2188 me-

2156 2216 2243 2270 dia
2254 2215 2373 2272 Job.
2391 2219 2498 2272 vol.
2519 2219 2567 2270 1.
2584 2217 2800 2274 Librum
2821 2219 3086 2291 Fulgen‘tii
3101 2223 3337 2291 episcopi
3352 2221 3730 2294 Carthaginem

2156 2307 2233 2363 sis
2279 2309 2384 2365 vol.
2423 2311 2468 2363 1.
2516 2311 2734 2366 Librum
2778 2310 3038 2368 Ferrandi
3071 2313 3288 2368 diaconi
3317 2313 3583 2368 Ecclesia:
3603 2312 3731 2368 Car-

2157 2402 2488 2472 thaginensis
2535 2403 2644 2457 vol.
2677 2398 2728 2456 1.
2759 2403 2915 2458 Beda:
2947 2404 2998 2458 in
3026 2402 3281 2458 Genesim
3319 2405 3606 2473 Expositio
3631 2403 3729 2458 vol.

2157 2493 2207 2545 1.
2258 2492 2512 2560 Ejusdem
2555 2492 2623 2547 de
2645 2502 2897 2562 computo
2931 2507 2995 2547 ac
3021 2493 3232 2547 ratione
3265 2503 3575 2563 temporum
3623 2493 3726 2546 vol.

2156 2583 2206 2635 1.
2237 2581 2608 2638 Collectaneos
2627 2583 2762 2637 duos
2801 2595 2964 2652 super
2992 2583 3120 2636 anni
3168 2583 3397 2645 circulo,
3428 2580 3588 2636 Pauli
3630 2583 3731 2637 dia-

2153 2672 2274 2727 coni
2297 2672 2571 2727 volumina
2596 2671 2623 2711 ι)
2647 2671 2783 2738 duo;
2814 2671 2980 2727 libros
3008 2671 3308 2742 glossarum
3339 2671 3514 2737 duos;
3543 2671 3731 2727 librum

2153 2777 2418 2819 canonum
2445 2762 2781 2818 diversorum
2806 2761 3159 2817 conciliorum
3186 2761 3444 2816 volumen
3472 2776 3665 2815 unum.

2218 2856 2272 2912 9.
2302 2854 2552 2909 Ediﬁcia
2580 2862 2763 2908 autem
2784 2853 2997 2923 publica
3025 2867 3089 2908 ac
3114 2853 3330 2922 privata
3367 2853 3438 2908 ab
3464 2854 3592 2922 ipso
3632 2867 3730 2907 cut.

2151 2954 2242 3016 pta
2271 2954 2326 3001 et
2348 2952 2720 3002 consummata
2748 2945 2865 2999 haec
2887 2950 3031 2999 sunt.
3061 2943 3119 2997 In
3139 2942 3335 3012 primis
3359 2941 3731 2998 dormitorium

2153 3034 2383 3089 fratrum
2441 3032 2834 3089 nobilissimum
2893 3033 3130 3088 construi
3187 3031 3334 3096 fecit,
3393 3031 3732 3103 longitudinis

2151 3126 2346 3196 pedum
2391 3125 2743 3180 ducentorum
2791 3132 2934 3191 octo,
2991 3124 3289 3179 latitudinis
3357 3139 3489 3180 vero
3554 3127 3729 3196 viginti

2151 3224 2375 3287 septem.
2402 3214 2572 3271 Porro
2611 3217 2787 3271 clunis
2823 3216 2940 3287 ejus
2979 3214 3184 3270 fabrica
3212 3215 3511 3285 porrigitur
3543 3216 3599 3270 in
3623 3216 3729 3270 alti-

2152 3307 2338 3363 tudine
2384 3306 2582 3376 pedum
2633 3307 2911 3376 sexaginta
2964 3313 3232 3375 quatuor:
3282 3305 3443 3375 cujus
3481 3306 3627 3360 muri
3668 3305 3726 3358 de

2151 3397 2299 3453 calce
2335 3395 2629 3451 fortissima
2653 3411 2717 3451 ac
2741 3396 2974 3460 viscosa,
2999 3409 3273 3466 arenaque
3301 3396 3422 3450 rufa
3460 3404 3518 3450 et
3540 3395 3718 3458 fossili,

2151 3489 2432 3560 lepideque
2463 3489 2639 3545 tofoso
2665 3503 2729 3544 ac
2763 3488 2993 3559 probato
3020 3489 3318 3545 constructi
3364 3499 3516 3544 sunt.
3571 3489 3723 3545 Habet

2149 3595 2365 3650 quoque
2390 3581 2652 3636 solarium
2708 3581 2762 3636 in
2811 3578 2991 3635 medio
3041 3581 3124 3635 sui
3175 3580 3491 3651 pavimento
3537 3583 3722 3652 optimo

2149 3671 2482 3734 decoratum,
2547 3671 2634 3726 cui
2689 3671 2919 3740 desuper
2974 3679 3060 3726 est
3111 3670 3334 3740 laquear
3385 3670 3721 3727 nobilissimis

2147 3760 2377 3831 picturis
2404 3770 2679 3816 ornatum.
2710 3761 3066 3817 Continentur
3093 3763 3148 3817 in
3171 3763 3286 3833 ipsa
3314 3763 3480 3841 domo
3506 3764 3719 3832 desuper

2147 3850 2400 3907 fenestra:
2445 3852 2649 3916 vitreae,
2703 3861 3002 3922 cunctaque
3061 3851 3180 3920 ejus
3228 3852 3458 3919 fabrica,
3508 3863 3716 3922 excepta

2148 3944 2407 4009 maceria,
2447 3945 2513 3999 de
2561 3945 2787 3999 materia
2823 3959 3119 4016 quercuum
3151 3947 3483 4002 durabilium
3511 3949 3714 4004 condita

2148 4045 2269 4090 est:
2297 4035 2593 4105 tegulatque
2637 4035 2810 4104 ipsius
2856 4037 3125 4092 universa!
3153 4037 3321 4093 clavis
3353 4037 3552 4095 ferreis
3577 4041 3714 4094 desu-

2148 4139 2247 4194 per
2279 4122 2485 4178 amitae:
2530 4125 2693 4179 habet
2721 4140 2941 4181 sursum
2988 4126 3172 4182 trabes
3212 4136 3268 4182 et
3293 4127 3576 4184 deorsum.
3605 4128 3715 4183 Post

2150 4214 2293 4281 quod
2340 4214 2630 4268 aediﬁcavit
2680 4214 2842 4269 aliam
2897 4217 3114 4272 domum
3169 4233 3288 4286 qua:
3325 4229 3557 4276 vocatur
3595 4218 3715 4275 reie-

2148 4305 2399 4370 ctorium,
2427 4319 2586 4374 quam
2618 4304 2694 4358 ita
2728 4319 2827 4374 per
2857 4307 3090 4361 medium
3127 4309 3362 4362 maceria
3388 4310 3458 4364 ad
3489 4311 3587 4365 hoc
3613 4323 3718 4365 coa-

2151 4404 2357 4450 structa
2383 4395 2622 4452 dividere
2661 4396 2811 4462 fecit,
2843 4406 2903 4451 ut
2924 4413 3027 4452 una
3058 4413 3184 4467 pars
3217 4399 3523 4464 refectorii,
3566 4401 3714 4454 altera

2151 4489 2292 4543 foret
2318 4488 2520 4543 cellarii
2549 4505 2563 4553 ;
2595 4489 2662 4544 de
2689 4489 2880 4544 eadem
2905 4489 3158 4544 videlicet
3196 4492 3429 4545 materia
3461 4489 3713 4560 similique

2150 4595 2403 4635 mensura
2432 4581 2573 4636 sicut
2617 4590 2671 4636 et
2712 4580 3127 4635 dormitorium:
3166 4597 3327 4651 quam
3369 4585 3540 4638 variis
3563 4585 3713 4653 pietu-

2149 4670 2226 4724 ris
2251 4670 2496 4725 decorari
2534 4670 2587 4723 in
2618 4671 2854 4725 maceria
2888 4679 2945 4725 et
2974 4672 3028 4725 in
3057 4670 3297 4740 Iaqueari
3343 4670 3475 4726 fecit
3499 4690 3528 4727 a
3559 4670 3714 4726 Mada-

2145 4760 2277 4816 lulfo
2301 4763 2516 4832 egregio
2541 4763 2749 4832 pictore
2772 4762 3180 4818 Cameracensis
3201 4763 3468 4818 ecclesiae.
3501 4763 3708 4818 Tertiam

2146 4865 2339 4921 nempe
2385 4851 2513 4906 fecit
2556 4853 2774 4907 domum
2805 4853 3077 4923 egregiam
3103 4854 3370 4916 construi,
3417 4856 3707 4924 quamma-

2142 4939 2320 5009 jorem
2343 4951 2554 5007 vocant,
2598 4957 2718 5012 quae
2743 4943 2809 4998 ad
2835 4943 3102 4998 orientem
3134 4958 3291 4999 versa
3321 4945 3392 4998 ab
3421 4959 3529 4998 una
3554 4943 3706 4998 fronte

2149 5031 2413 5101 contingit
2439 5032 2839 5098 dormitorium,
2889 5035 2959 5089 ab
2993 5034 3164 5088 altera
3213 5033 3458 5089 adhaeret
3501 5033 3704 5090 refecto.

2150 5123 2269 5176 rio:
2322 5123 2413 5177 ubi
2458 5139 2730 5179 cameram
2777 5133 2832 5179 et
2889 5126 3236 5190 caminatam,
3284 5139 3496 5180 necnon
3520 5131 3572 5179 et
3618 5121 3703 5176 alii

2148 5214 2380 5285 plurima
2400 5215 2668 5271 aediﬁcare
2705 5217 3023 5271 mandavit:
3066 5216 3161 5272 sed
3201 5217 3526 5272 adveniente
3551 5218 3706 5269 morte

2149 5303 2410 5374 ejusdem,
2438 5305 2543 5360 hoc
2584 5321 2719 5376 opus
2742 5321 2808 5361 ex
2851 5315 3007 5374 parte
3035 5306 3414 5377 imperfectum
3446 5301 3700 5362 remansit.

2153 5394 2280 5451 Haec
2327 5397 2431 5451 tria
2469 5398 2686 5468 egregia
2730 5406 2872 5453 tecta
2905 5399 2981 5452 ita
3016 5399 3309 5453 constituta
3335 5407 3498 5454 sunt:
3526 5390 3705 5450 domi.

2229 5573 2257 5612 δ
2285 5571 2487 5644 Nempe
2508 5573 2847 5644 homiliarum
2868 5573 2920 5626 in
2944 5574 3220 5644 evangelia
3255 5574 3416 5630 totius
3444 5570 3588 5644 anni.
3612 5577 3700 5634 qua

2159 5642 2226 5698 de
2253 5657 2312 5698 re
2334 5642 2560 5715 legenda
2581 5643 2760 5699 Caroli
2785 5643 2960 5713 Magni
2999 5642 3226 5712 epistola
3255 5646 3321 5699 ad
3359 5643 3594 5698 Paulum.
