3884 6192
345 235 451 292 ’145
1272 227 1327 281 S.
1368 221 1683 280 ANSEGISI
1719 217 2010 278 ABBATIS
2044 212 2661 278 FONTANELLENSIS
3495 214 3624 269 τη

344 364 371 391 ι
401 349 469 404 ad
495 345 803 403 Sisebutum
852 358 1034 417 regem
1075 343 1235 397 COd.l
1266 357 1281 405 ;
1330 339 1581 412 Prosperi
1621 339 1651 379 ι)
1691 339 1760 395 de
1805 339 1924 395 Vita
1952 340 2005 400 Α
2028 335 2241 391 οωιθτίε
2271 333 2646 389 mansionibus
2672 343 2965 402 pauperum
2998 328 3197 385 solidos
3221 327 3408 385 decem
3436 345 3452 393 ;
3488 330 3627 385 nni-

342 443 521 497 activa
549 447 604 496 et
634 436 1046 505 contemplativa
1083 433 1136 486 in
1165 431 1288 487 cod.
1324 431 1347 484 l
1379 448 1394 495 ;
1424 430 1814 501 Prognosticon
1842 427 1927 483 fu-
2026 438 2201 480 versae
2246 423 2467 479 familiae
2509 421 2675 490 hujus
2730 420 2965 476 ccenobii
3011 421 3177 475 libras
3223 419 3628 489 quadraginta.

346 534 455 588 turi
490 531 672 587 saeculi
699 529 819 583 cod.
853 545 869 582 ι
896 543 912 591 ;
941 525 1358 596 disputationem
1385 524 1507 578 ﬁdei
1551 524 1693 577 inter
1736 522 1923 575 Arium
2025 512 2356 569 Cmterorum
2390 511 2841 567 monasteriorum
2868 510 3084 564 nomina
3106 549 3125 576 ,
3155 509 3224 563 ad
3272 523 3396 577 quae
3422 510 3628 562 eadem

2027 603 2242 675 largitio
2263 603 2623 672 eleemosynm
2637 601 2968 673 pervenerit,
2988 600 3265 670 sigillatim
3279 600 3592 669 exprimam
3603 640 3619 651 .

2095 691 2123 731 ἀ
2149 691 2233 747 Ad
2252 691 2648 747 Gemmeticum
2674 691 2987 746 coenobium
3016 690 3187 746 libras
3211 705 3244 744 ν
3271 688 3491 745 direxit.

2101 793 2124 821 ε
2151 782 2234 837 Ad
2258 782 2485 852 Logium
2517 780 2709 837 libram
2738 795 2928 835 unam.

2105 874 2126 912 τ
2156 873 2239 928 Ad
2264 873 2613 929 Fiscamnum
2639 872 2836 927 libram
2859 887 3041 928 unam.

2105 967 2130 1005 8
2161 964 2243 1019 Ad
2264 964 2463 1020 Villare
2492 964 2687 1019 libram
2717 979 2904 1018 unam.

2098 1054 2129 1093 ιι
2151 1054 2233 1108 Ad
2262 1053 2617 1125 Longogilum
2644 1052 2839 1108 libram
2865 1067 3053 1107 unam.

2106 1144 2121 1183 ί
2155 1143 2237 1197 Ad
2263 1153 2511 1199 sanctum
2540 1142 2869 1210 \Valericum
2902 1142 3092 1196 libram
3120 1158 3304 1198 unam.

2103 1229 2117 1282 i
2153 1232 2236 1286 Ad
2267 1232 2483 1287 beatum
2515 1231 2830 1286 Ricbarium
2859 1231 3027 1286 libras
3052 1232 3187 1295 duas
3212 1241 3270 1287 et
3304 1233 3491 1290 semis.

344 622 655 677 haereticum
706 632 769 671 ac
821 613 1176 670 Athanasium
1231 612 1555 668 catholicum
1606 612 1658 665 in
1708 614 1829 667 cod.
1859 611 1922 676 l;

345 710 705 782 Epistolarum
749 705 922 760 sancti
958 702 1210 774 Cypriani
1264 701 1520 773 martyris
1555 700 1675 755 cod.
1711 700 1735 754 l
1767 716 1783 765 ;
1834 699 1927 754 Al-

341 799 490 853 euini
545 797 611 851 de
661 794 927 848 Trinitate
978 792 1173 847 librum
1221 791 1276 845 in
1328 789 1515 844 codice
1545 789 1613 854 l;
1666 788 1927 859 Regulam

343 876 488 943 beati
509 884 690 940 Basilii
707 882 968 954 episcopi,
987 881 1244 951 Regulam
1271 880 1412 934 beati
1429 879 1701 933 Benedicti
1718 879 1772 932 in
1800 879 1922 933 cod.

345 979 417 1043 l;
471 975 766 1030 Historiam
815 972 1243 1028 ecclesiasticam
1308 969 1525 1024 Eusebii
1577 967 1928 1023 Caesariensis

344 1066 586 1137 episcopi
616 1066 669 1119 in
716 1064 836 1118 cod.
880 1077 1026 1128 uno;
1072 1060 1397 1116 Chronicam
1435 1057 1673 1128 ejusdem
1722 1057 1776 1111 in
1804 1057 1924 1112 cod.

342 1174 490 1223 uno;
524 1158 818 1212 Historiam
855 1155 984 1209 item
1014 1153 1442 1209 ecclesiasticam
1473 1151 1634 1205 trium
1661 1148 1926 1210 virorum,

343 1247 398 1300 id
437 1253 523 1302 est
565 1244 874 1308 Zozomeni,
914 1242 1247 1304 Theodoriti,
1304 1250 1358 1295 et
1398 1239 1667 1302 Socratis,
1700 1238 1755 1291 in
1803 1236 1927 1291 cod.

343 1352 488 1401 uno;
530 1335 782 1389 Canones
808 1333 1146 1388 diversorum
1187 1331 1411 1385 Patrum
1442 1328 1497 1383 in
1535 1326 1735 1383 Codice
1779 1342 1929 1392 uno;
2103 1322 2128 1360 ιι
2158 1321 2242 1376 Ad
2290 1330 2537 1376 sanctum
2567 1320 2934 1376 Audomarum
2961 1321 3131 1377 libras
3156 1322 3293 1377 duas
3322 1332 3379 1378 et
3415 1324 3610 1379 semis.

350 1425 794 1483 Sacramentoria
824 1423 1098 1478 volumina
1122 1423 1267 1488 duo;
1300 1419 1606 1476 Cassiodori
1638 1419 1707 1474 de
1748 1417 1933 1471 Arith—
2108 1410 2235 1466 1Ad
2275 1420 2523 1465 sanctum
2572 1410 2893 1468 Audoenum
2943 1412 2999 1466 in
3057 1411 3397 1485 Rotbomago
3441 1414 3617 1472 libras

345 1516 545 1571 metica
569 1514 675 1569 vol.
706 1528 915 1579 unum;
964 1510 1204 1579 ejusdem
1251 1511 1305 1564 in
1348 1509 1594 1564 Psalmos
1641 1507 1934 1576 expositio—
2040 1501 2302 1570 quinque.
2325 1499 2407 1555 Ad
2431 1508 2674 1555 sanctam
2708 1498 2929 1553 Mariam
2967 1499 3020 1554 in
3050 1501 3210 1556 domo
3249 1502 3492 1572 ejusdem
3519 1520 3616 1559 ec-

348 1620 494 1669 nem,
542 1603 649 1658 vol.
689 1582 893 1665 unum';
943 1600 1297 1656 Homiliarum
1349 1597 1598 1669 Origenis
1645 1597 1700 1652 in
1748 1596 1930 1652 Veteri
2034 1590 2214 1645 clesiaa
2240 1589 2408 1644 libras
2434 1590 2569 1644 duas
2600 1606 2613 1643 :
2641 1588 2706 1643 ad
2736 1596 2982 1643 sanctum
3023 1589 3311 1646 Martinum
3339 1591 3395 1646 in
3423 1593 3615 1647 eadem

348 1696 701 1752 Testamento
752 1691 1024 1747 volumina
1077 1691 1221 1754 duo;
1285 1689 1525 1758 ejusdem
1579 1688 1633 1742 in
1688 1686 1931 1741 Psalmos
1958 1678 2005 1737 Β
2031 1681 2165 1735 urbe
2214 1688 2270 1736 et
2316 1682 2527 1736 cteteris
2580 1679 2762 1744 cellis,
2841 1680 3045 1736 solidos
3100 1681 3295 1752 viginti
3349 1683 3611 1753 quinque.

346 1789 756 1859 expositionem,
774 1786 1071 1861 ‘volumina
1101 1785 1246 1849 duo;
1279 1785 1433 1839 Vitas
1478 1785 1764 1840 beatorum
1805 1796 1931 1837 con-

349 1880 615 1937 l‘essorum
647 1860 983 1949 HierOnymi',
1033 1876 1345 1947 Augustini,
1393 1874 1642 1946 Gregorii
1690 1885 1712 1914 ο
1743 1890 1758 1940 ;
1794 1873 1931 1928 Item

349 1971 659 2041 passionem
691 1968 865 2023 beatae
908 1966 1189 2022 Columbae
1231 1966 1459 2037 virginis
1500 1966 1556 2021 in
1602 1965 1723 2020 cod.
1764 1979 1872 2019 uno
1912 1980 1927 2027 ;

351 2058 626 2113 Institutio
674 2071 740 2110 ac
781 2054 1030 2111 collectio
1076 2052 1357 2123 cujusdam
1399 2053 1467 2108 de
1493 2054 1601 2107 vita
1646 2051 1930 2123 canonica,

348 2149 456 2203 vol.
484 2149 509 2202 l
541 2164 556 2212 ;
582 2147 745 2202 Gesta
777 2144 1111 2199 Francorum
1139 2145 1192 2199 in
1221 2144 1339 2200 cod.
1393 2159 1538 2211 uno;
1577 2149 1633 2198 et
1658 2143 1791 2198 alios
1816 2141 1934 2212 pln-

352 2240 545 2297 rimos.
599 2250 829 2307 quorum
868 2250 1013 2291 nunc
1065 2235 1284 2292 nomina
1331 2249 1440 2290 non
1485 2240 1779 2290 occurrunt
1823 2248 1934 2303 me:

355 2326 564 2381 morim.

423 2417 509 2470 ll.
541 2414 599 2469 In
625 2413 1087 2487 eleemosynarum
1117 2429 1245 2470 vero
1270 2414 1646 2486 largitionibus
1671 2419 1932 2482 quantum

358 2502 623 2559 sollicitus
667 2504 981 2568 exstiterit,
1035 2503 1148 2572 ipsa
1192 2503 1311 2573 ejus
1350 2518 1514 2573 opera
1566 2501 1935 2558 testimonium

353 2596 659 2667 perhibent.
697 2593 832 2649 Nam
858 2595 1091 2665 quodam
1136 2602 1400 2664 tempore,
1432 2594 1483 2648 id
1509 2603 1594 2649 est
1623 2608 1766 2648 anno
1790 2591 1935 2663 regi-

354 2686 518 2740 minis
541 2684 625 2741 sui
646 2684 857 2740 decimo
880 2692 1095 2751 octavo,
1129 2684 1183 2738 in
1210 2685 1522 2755 passionem
1571 2684 1763 2739 incidit
1787 2682 1935 2737 illam

355 2796 518 2850 quam
545 2779 742 2836 medici
766 2778 1061 2849 paralysim
1094 2786 1290 2832 vocant
1316 2795 1329 2831 :
1357 2792 1590 2847 moxque
1617 2776 1823 2831 vocatis
1845 2775 1939 2829 do-

358 2871 600 2926 mesticis
628 2885 692 2924 ac
720 2868 969 2925 ﬁdelibus
1003 2885 1099 2925 seu
1148 2868 1356 2923 intimis
1382 2869 1498 2923 suis
1526 2907 1540 2931 ,
1590 2867 1729 2922 hanc
1757 2879 1937 2920 rerum

358 2974 579 3015 suarum
610 2958 1044 3014 distributionem
1058 2959 1289 3029 gratuito
1305 2958 1486 3012 animo
1499 2955 1679 3012 facere
1701 2955 1931 3012 curavit.

360 3065 482 3121 quae
510 3048 756 3119 elargitio
782 3062 877 3103 seu
916 3028 1243 3113 distributio,
1272 3046 1441 3117 ipsius
1455 3047 1607 3117 jussu
1639 3061 1703 3101 ac
1732 3043 1934 3116 suppli-
1959 3028 2005 3091 C

359 3139 574 3194 catione
603 3138 760 3223 edita,
776 3144 861 3193 est
885 3152 917 3192 a
951 3136 1249 3192 venerabili
1287 3137 1407 3192 viro
1434 3136 1789 3192 Hildemanno
1815 3136 1935 3192 Bel-

360 3230 665 3285 lovacensis
692 3229 844 3284 urbis
881 3229 1135 3300 episcopo
1159 3269 1173 3293 ,
1229 3226 1485 3297 adjuncto
1530 3228 1854 3297 Berteningo
1882 3235 1937 3282 et

361 3320 596 3376 Gerlone
624 3318 781 3373 laicis
811 3358 826 3383 ,
856 3317 1123 3386 simulque
1165 3316 1419 3372 Landone
1450 3318 1735 3372 monacho.
1772 3314 1938 3384 Cujus

366 3420 548 3467 textus
576 3410 700 3464 talis
728 3416 831 3464 est.
862 3408 920 3463 ln
955 3409 1061 3463 hoc
1089 3407 1473 3463 Fontinellensi
1501 3407 1750 3463 emnobio
1776 3406 1939 3478 largi-

362 3514 452 3559 tus
487 3510 572 3557 est
614 3500 897 3557 Fratribus
943 3499 1110 3555 libras
1154 3500 1466 3571 nonaginta,
1514 3515 1639 3555 nam
1685 3500 1938 3555 omnibus

364 3596 524 3651 annis
548 3594 769 3666 triginta
811 3593 867 3650 in
894 3606 1061 3648 censu
1087 3592 1220 3648 dare
1267 3600 1629 3647 consueverat
1657 3610 1670 3645 :
1723 3590 1940 3645 famulis

365 3688 519 3743 laicis
564 3688 733 3741 libras
768 3685 994 3750 decem;
1048 3684 1270 3739 senibus
1306 3684 1362 3739 in
1390 3684 1482 3738 illo
1511 3682 1845 3738 xenodocbio
1886 3690 1941 3737 et

440 3810 466 3838 ι
498 3795 662 3851 Liber
686 3795 790 3866 iste
809 3809 924 3866 non
960 3796 1140 3850 exalat
1172 3793 1226 3849 in
1257 3796 1416 3851 editis
1445 3796 1699 3866 operibus
1724 3795 1936 3860 lsidori,
1994 3840 2005 3849 .

368 3869 414 3923 si
438 3867 576 3919 bene
604 3863 844 3920 memini.

440 3937 470 3976 δ
518 3935 585 3989 Et
635 3935 725 3989 hic
774 3934 910 3988 liber
954 3948 1062 3993 non
1111 3942 1195 3991 est
1240 3934 1490 4004 Prosperi
1530 3973 1545 3998 ,

368 4005 622 4062 Pomerii.

445 4087 467 4113 ο
498 4070 700 4145 Nempe
728 4087 847 4145 eam
881 4087 1002 4143 quae
1037 4088 1068 4127 a
1105 4072 1270 4145 Paulo
1306 4074 1536 4145 diacono
1586 4074 1789 4145 scripta
1836 4083 1938 4130 est.

372 4144 507 4200 Nam
531 4142 768 4199 Joannes
793 4142 1052 4198 diaconus
1071 4144 1308 4198 nondum
1331 4144 1434 4198 hac
1461 4144 1526 4197 de
1544 4158 1605 4213 re
1629 4142 1940 4213 scripserat.

441 4215 471 4256 ἀ
506 4213 836 4270 Gemeticum
858 4213 1170 4283 ctenobium
1183 4214 1421 4268 virorum
1444 4213 1513 4268 ad
1533 4212 1836 4283 Sequanam
1866 4214 1945 4267 in-

373 4284 452 4339 fra
481 4283 909 4353 Rothomagum,
934 4297 1103 4353 prope
1133 4281 1499 4339 Fontanellam
1517 4324 1533 4350 ,
1568 4281 1829 4339 hactenus
1856 4297 1946 4337 ce-

372 4356 738 4418 leberrimum,
758 4350 1239 4425 :vulgo'lumiéges.

1601 3935 1694 3990 sed
1743 3935 1941 3990 Juliani

1970 4384 2022 4444 D

2032 1762 2354 1841 Ragnoardo
2401 1768 2643 1838 ejusdem
2673 1770 2822 1825 urbis
2867 1769 3275 1841 archiepiseOpo
3312 1771 3482 1827 libras
3508 1773 3611 1828 de-

2033 1876 2151 1916 cem
2186 1878 2199 1914 :
2241 1859 2493 1915 videlicet
2522 1870 2577 1916 ut
2606 1860 2844 1931 quinque
2868 1862 3196 1933 presbyteris
3220 1870 3278 1917 et
3307 1862 3447 1918 alias
3464 1864 3617 1935 quin-

2032 1964 2138 2019 que
2168 1949 2495 2020 pauperibus
2519 1959 2788 2021 erogaret.

2105 2056 2145 2083 m
2168 2042 2251 2098 Ad
2290 2043 2549 2099 Penthale
2590 2045 2977 2101 monasterium
3016 2045 3219 2102 solidos
3258 2047 3611 2118 quindecim:

2034 2135 2103 2192 ad
2128 2135 2369 2191 Penante
2394 2134 2596 2190 solidos
2621 2135 2948 2204 quindecim.
3042 2192 3049 2197 ,

2107 2237 2137 2265 ιι
2164 2226 2248 2282 Ad
2260 2286 2261 2289 η
2273 2225 2538 2283 Pratellos
2557 2226 2826 2281 similiter.

2110 2318 2239 2375 °Ad
2264 2318 2528 2374 Ebroicas
2564 2318 2838 2375 civitatem
2859 2318 3051 2376 libram
3097 2337 3263 2377 unam
3299 2341 3312 2377 :
3348 2324 3418 2379 ad
3469 2322 3614 2377 illam

2037 2423 2255 2466 crucem
2285 2408 2461 2464 sancti
2480 2408 2726 2463 Audoeni
2752 2408 2923 2464 libras
2946 2408 3117 2466 duas.‘

2109 2514 2138 2555 ι)
2163 2502 2247 2559 Ad
2273 2502 2556 2558 Lixovium
2583 2503 2779 2559 urbem
2799 2502 2994 2559 libram
3013 2519 3177 2560 unam
3202 2523 3215 2558 :
3249 2503 3315 2559 ad
3341 2503 3621 2561 Fontanas

2038 2597 2349 2655 ctenobium
2379 2594 2581 2652 solidos
2608 2595 2915 2653 duodecim.

2110 2700 2138 2740 (ι
2163 2688 2246 2744 Ad
2280 2688 2505 2759 Bajocas
2535 2688 2812 2744 civitatem
2863 2688 3034 2745 libras
3075 2688 3247 2745 duas:
3285 2689 3355 2744 ad
3384 2689 3623 2747 duorum

2039 2782 2403 2840 Gemellorum
2425 2781 2812 2838 monasterium
2839 2781 3006 2837 libras
3029 2782 3184 2837 duas.

2120 2882 2141 2911 τ
2175 2872 2257 2927 Ad
2282 2880 2530 2927 sanctum
2565 2871 2855 2927 Martinum
2876 2872 3245 2929 Turonensem
3269 2871 3441 2927 libras
3463 2873 3627 2944 quin-

2040 2976 2165 3034 que,
2198 2963 2304 3018 illis
2331 2962 2609 3018 canonicis
2631 2963 2687 3018 in
2715 2961 2876 3020 domo
2903 2964 3095 3020 libram
3121 2979 3311 3019 unam.

2111 3062 2134 3091 ι’
2162 3051 2244 3108 Ad
2269 3051 2327 3108 S.
2355 3052 2665 3107 Annianum
2710 3052 3154 3110 Aurelianensem
3195 3055 3393 3111 libram
3428 3070 3624 3123 unam,

2036 3147 2144 3204 illis
2170 3146 2449 3203 canonicis
2473 3147 2529 3202 in
2552 3149 2713 3204 domo
2737 3149 2933 3205 libram
2963 3166 3148 3205 unam.

2106 3250 2128 3278 ι
2153 3238 2233 3292 Ad
2249 3246 2493 3293 sanctum
2506 3236 2857 3296 Benedictum
2883 3241 2937 3295 in
2954 3240 3408 3298 Floriacolibram
3433 3259 3627 3301 unam.

2108 3339 2129 3367 ⁸
2160 3329 2243 3384 Ad
2269 3326 2556 3384 Ferrarias
2580 3324 2753 3384 libras
2789 3328 2945 3384 duas.

2109 3429 2130 3457 ι
2163 3417 2245 3473 Ad
2291 3427 2542 3473 sanctum
2569 3417 2862 3475 Carilefum
2920 3420 3114 3476 libram
3146 3438 3309 3479 unam
3334 3433 3395 3479 et
3426 3426 3623 3483 semis.

2116 3510 2132 3543 ι
2162 3507 2241 3562 Ad
2264 3506 2592 3563 Curbionem
2613 3508 3002 3565 monasterium
3026 3510 3218 3566 libram
3254 3527 3440 3567 unam.

2111 3608 2137 3634 ιι
2168 3595 2247 3650 Ad
2273 3604 2517 3652 sanctam
2544 3595 2858 3652 Columbam
2892 3598 2947 3653 in
2981 3598 3212 3656 Senonis
3237 3641 3253 3667 ,
3287 3600 3395 3657 illis
3426 3617 3626 3658 mona-

2040 3686 2159 3742 cbis
2181 3686 2353 3740 libras
2394 3685 2566 3741 duas:
2606 3686 2712 3742 illis
2764 3688 3041 3745 canonicis
3068 3689 3123 3743 in
3151 3690 3345 3747 eadem
3397 3691 3628 3749 civitate

2111 3807 2150 3836 m
2188 3795 2447 3851 Penthale
2476 3798 2865 3855 monasterium
2889 3799 3052 3854 situm
3071 3808 3190 3855 erat
3228 3800 3296 3855 ad
3319 3800 3625 3857 Lirizinum

2042 3867 2116 3992 go
2139 3863 2375 3938 Limine)
2403 3882 2615 3922 amnem
2642 3868 2697 3921 in
2726 3866 3033 3938 Sequanam
3060 3869 3392 3934 influentem,
3424 3886 3459 3930 a
3478 3872 3625 3928 Chil-

2077 3938 2266 3992 eberto
2294 3951 2423 3992 reae
2446 3936 2721 3992 conditum
2754 3938 2806 3991 in
2837 3938 3065 3992 gratiam
3105 3938 3162 3992 S.
3197 3938 3482 3992 Samsonis
3510 3945 3625 3992 eni-

2077 3938 2266 4012 eberto
2294 3936 2431 4012 rege
2446 3936 2721 3992 conditum
2752 3936 3065 4012 in'gratiam
3105 3938 3162 3992 S.
3197 3938 3482 4012 Samsonis
3510 3945 3627 4012 epi-

2043 4006 2189 4075 scopi
2221 4005 2495 4069 Dolensis,
2532 4016 2593 4060 ut
2620 4021 2686 4062 ex
2719 4005 2985 4075 ejus'Vita
3012 4017 3242 4063 constat.
3277 4007 3520 4064 Penante
3545 4005 3621 4064 vi-

2043 4078 2202 4131 detur
2245 4090 2367 4131 esse
2407 4075 2649 4144 ejusdem
2690 4076 2970 4131 Samsonis
3010 4076 3339 4132 emnobium.
3365 4078 3618 4144 Dolensc,

2044 4147 2136 4200 ubi
2165 4145 2211 4216 is
2240 4146 2481 4216 sepultus
2503 4154 2617 4216 est,
2649 4144 2897 4200 Penetale
2922 4147 3124 4201 dictum
3140 4148 3212 4203 ‘in
3241 4147 3345 4202 alia
3378 4147 3616 4216 ejusdem

2045 4214 2362 4286 sanctigVi'ta
2395 4216 2533 4286 apud
2557 4214 2818 4273 Joannem
2847 4231 2875 4270 a
2901 4216 3093 4281 Bosco,
3121 4222 3265 4272 nunc
3292 4214 3619 4273 cathedralis

2045 4284 2273 4339 ecclesia
2304 4284 2691 4341 Macloviensis.

2115 4353 2514 4427 {_Pratellense
2540 4356 2952 4419 monasterium,
2980 4355 3140 4427 vulgo
3168 4354 3407 4421 Préaux,
3437 4355 3615 4427 itidem

447 4437 470 4465 ε
493 4425 733 4497 ~Logium
760 4421 1326 4497 Pariheneuingmodo
1348 4438 1616 4489 eversum,
1642 4423 1805 4497 silum
1827 4429 1947 4497 erat
1974 4421 2021 4444 "
2047 4424 2102 4497 in
2129 4421 2383 4480 Neustria
2404 4464 2419 4491 ,
2450 4425 2711 4497 hactenus
2740 4434 3017 4497 superest,
3057 4421 3126 4497 a'b
3162 4426 3321 4481 annis
3350 4426 3616 4481 sexcentis

372 4496 440 4549 ad
488 4492 817 4565 Sequanam
841 4507 1021 4565 prope
1051 4492 1517 4565 Calidumbeecum
1559 4494 1847 4563 Oppidum,
1888 4493 1943 4547 in

372 4565 489 4620 loco
515 4561 604 4633 qui
634 4578 775 4618 nunc
798 4561 1055 4633 Logensis
1078 4571 1266 4633 portus
1289 4562 1504 4618 dicitur.

448 4634 468 4673 ί
505 4631 716 4704 Insigne
755 4631 1169 4699 monasterium,
1201 4640 1328 4687 tunc
1364 4633 1663 4703 virginum,
1698 4645 1841 4685 nunc
1866 4631 1945 4685 vi-

373 4718 744 4836 rolsigillam,
772 4770 931 4841 vulgo
971 4770 1358 4841 Montivilliers,
1399 4770 1609 4841 insigne
1641 4769 1944 4826 coenobium

373 4840 642 4910 virginum
665 4840 1133 4896 BenediCtinarum
1166 4841 1219 4895 in
1251 4840 1468 4896 Caletis.
1516 4840 1522 4841 “

443 4911 473 4949 h
509 4909 587 4963 De
613 4909 905 4965 Lonaoailo
932 4911 1065 4964 nihil
1092 4909 1225 4964 mibi
1254 4909 1522 4965 succurrit

556 4923 587 4963 e
613 4923 905 4979 Longoguo
932 4923 1065 4979 ninu
1092 4923 1225 4979 mlhl
1254 4923 1538 4965 succurrit.

451 4928 473 4949 ιι
510 4928 587 4963 υϐ
613 4928 905 4980 Longogllo
932 4928 1065 4964 mnu
1092 4928 1225 4964 ωιηι
1254 4928 1409 4965 διιοου

451 4980 470 5020 ί
511 4976 570 5033 S.
602 4979 859 5033 W'alerici
886 4977 954 5032 ad
977 4981 1112 5034 ostia
1145 4978 1409 5034 Somenze.

449 5047 463 5098 i
514 5046 573 5102 S.
605 5048 846 5102 Richarii
871 5046 1211 5103 Centulense.

448 5118 476 5157 ι
516 5115 577 5188 S.
614 5117 926 5188 Audomari.
968 5115 1060 5172 Sic
1093 5131 1481 5188 nonnunquam
1517 5116 1799 5188 dicebatur
1817 5132 1948 5188 _mo—

378 5186 676 5244 nasterium
701 5184 995 5249 Sithieuse,
1023 5184 1175 5254 cujus
1198 5184 1355 5242 erant
1373 5188 1492 5242 dua:
1515 5187 1780 5252 ecclesias,
1810 5186 1949 5242 San-

379 5259 451 5313 cti
470 5257 676 5329 Bertini
694 5263 749 5310 et
772 5254 964 5329 Sancti
978 5256 1291 5329 Audqmari,
1312 5265 1539 5329 utraque
1559 5258 1945 5329 monachorum

378 5329 447 5383 ab
474 5324 649 5391 initio,
687 5340 828 5380 nunc
856 5324 1081 5380 ecclesia
1111 5325 1292 5383 Sancti
1321 5324 1612 5383 Audomari
1641 5336 1725 5384 est
1757 5327 1945 5382 cathe-

378 5398 563 5460 dralis,
589 5396 692 5452 alia
720 5396 1124 5451 monachorum.
1256 5406 1261 5411 '

455 5465 475 5506 ι
511 5466 892 5523 Monasterium
935 5464 1120 5521 Sancti
1162 5465 1406 5521 Audoeni
1444 5466 1758 5536 etiamnunc
1804 5465 1950 5536 viget

380 5535 701 5608 Rotbomagi
719 5577 736 5604 ,
765 5536 872 5608 _ubi
912 5536 1142 5592 ecclesia
1184 5535 1511 5608 cathedralis
1554 5536 1723 5608 beata:
1766 5535 1949 5608 paria;

382 5620 537 5729 ﬁctas.
581 5604 677 5688 est'
747 5605 867 5690 dua;
917 5614 1045 5662 sunt
1093 5606 1336 5662 ecclesia:
1390 5604 1711 5676 parmciales
1761 5604 1946 5662 Sancti

437 5690 467 5729 a
525 5691 618 5729 nn.

437 5690 618 5731 arum.

2047 4494 2406 4548 instauratum
2435 4495 2504 4549 ab
2532 4493 2824 4550 Humfredo
2852 4493 3016 4549 nobili
3041 4496 3178 4549 viro.

2119 4571 2144 4598 °
2182 4562 2327 4618 Crux
2355 4565 2527 4619 sancti
2558 4564 2830 4627 Audoeni,
2868 4564 2988 4619 aliis
3018 4563 3406 4619 monasterium
3435 4563 3614 4620 Sancti

2044 4632 2343 4696 Leutiredi,
2370 4634 2425 4687 in
2447 4634 2668 4689 dimcesi
2690 4633 3002 4689 Ebroicensi
3030 4635 3082 4688 in
3115 4633 3384 4689 Neustria.

2119 4702 2635 4774 p.Fontan:n,_mihi
2671 4701 2884 4758 videtur
2918 4703 3206 4774 esseillud
3244 4705 3388 4774 quod
3428 4704 3617 4759 dicitur

2045 4770 2425 4843 Fontanetum,
2456 4770 2750 4843 Fontenay,
2781 4774 3031 4828 dimcesis
3052 4770 3383 4841 Bajocensis,
3427 4788 3462 4827 a
3494 4789 3613 4828 san-

2047 4851 2136 4897 cto
2164 4842 2506 4897 Evremundo
2532 4842 2725 4897 abbate
2751 4850 3141 4898 constructum.

2117 4921 2146 4961 τι
2184 4910 2545 4981 Duo-Gemelli
2586 4927 2753 4981 prope
2790 4910 3016 4980 Bajocas
3052 4910 3322 4981 quondam
3360 4925 3392 4964 a
3436 4920 3617 4966 sancto

2048 4978 2280 5035 Martino
2309 4979 2504 5059 abbate
2528 4978 2875 5046 Vérta'vensi,
2898 4991 2958 5035 ut
2985 4978 3243 5046 creditur,
3273 4980 3615 5044 aediﬁcatum,

2047 5064 2296 5117 eversum
2320 5058 2489 5117 jacet.

2123 5128 2145 5156 ι
2184 5116 2333 5174 Hinc
2373 5127 2523 5175 natet
2569 5119 2896 5175 monasteria
2942 5118 3127 5175 Sancti
3182 5118 3398 5174 Martini
3455 5120 3621 5174 Turo-

2123 5134 2145 5156 τ
2186 5134 2323 5174 ιιιηο
2354 5134 2523 5243 ἑωιθι
2569 5134 2896 5175 monaStena
2942 5134 3127 5175 Sancu
3183 5134 3398 5174 marum
3455 5134 3621 5174 ‘I’uro-

2049 5202 2238 5252 nense,
2273 5196 2328 5243 et
2397 5189 2539 5243 ancti
2568 5189 2762 5243 Aniani
2796 5189 3205 5252 Aurelianense,
3235 5188 3350 5257 jam
3389 5198 3518 5245 tunc
3557 5190 3621 5244 ad

2050 5259 2338 5313 canonicos
2368 5272 2625 5313 conversa
2656 5258 2841 5313 fuisse.
2892 5282 2907 5295 ο

2121 5327 2260 5397 {De
2281 5327 2608 5383 Floriacensi
2635 5328 2966 5383 monasterio
2994 5327 3193 5382 dictum
3224 5328 3447 5397 sacpius,
3468 5328 3544 5381 nti
3570 5335 3623 5383 et

2050 5397 2116 5452 de
2144 5395 2477 5452 Ferrariensi
2514 5406 2572 5453 et
2604 5398 2777 5453 sancti
2814 5397 3052 5463 Carileli,
3088 5412 3207 5468 qua:
3245 5395 3509 5452 hactenus
3538 5413 3623 5452 sn-

2049 5475 2292 5538 persunt.

2130 5539 2146 5572 ι
2187 5535 2555 5591 Corbionense
2594 5535 2875 5592 dicebatur
2922 5535 3312 5591 monasterium
3363 5550 3394 5589 a
3440 5544 3626 5590 sancto

2050 5606 2392 5660 Launomaro
2419 5605 2761 5660 aediﬁcatum.
2936 5618 2941 5631 ι

2125 5687 2150 5714 υ
2188 5676 2486 5745 Supersunt
2537 5675 2674 5744 apud
2731 5664 2974 5731 Senonas
3024 5674 3351 5729 monasteria
3409 5674 3620 5728 Sancta
