3884 6192
299 311 406 368 755

1340 304 1557 361 EPIST.
1600 306 1689 361 DE
1723 302 1957 360 NlHlLO
1996 302 2086 358 ET
2127 300 2491 359 TENEBRIS.

3432 298 3544 359 75$

296 436 431 477 vero
458 420 527 476 ad
557 416 1024 475 demonstrandum
1054 415 1196 484 quod
1228 431 1334 469 non
1365 415 1539 471 solum
1567 414 1769 484 aliquid
1797 414 1869 468 sit
1896 416 1945 475 A
1970 412 2202 482 perculsi
2241 412 2530 469 formidine
2571 410 2933 480 ineptissimas
2974 405 3215 469 ulterius
3241 424 3403 467 voces
3440 413 3536 468 ad.

280 509 468 574 *nihil,
496 507 593 563 sed
634 506 801 561 etiam
845 521 1095 577 magnum
1136 504 1421 575 quiddam,
1454 504 1646 575 paucis
1690 511 1871 558 actum

294 608 387 658 est
412 599 651 663 ratione,
683 612 808 652 cum
839 605 1014 651 tamen
1049 596 1255 666 possint
1279 593 1588 666 huiusmodi
1625 593 1870 663 exempla

298 688 586 744 innumera
616 684 852 758 proferri
882 685 935 738 in
968 685 1205 739 medium
1225 724 1241 749 ,
1269 684 1336 738 ad
1365 683 1603 738 divinam
1633 683 1873 738 auctori-

299 787 470 833 tatem
499 790 782 831 recurrere
810 774 975 837 libet,
1006 788 1125 843 quae
1153 782 1237 827 est
1263 772 1488 831 rationis
1515 771 1789 826 munimen
1819 778 1875 826 et

299 867 501 925 stabile
542 866 967 920 ﬁrmamentum.
1017 861 1296 932 Siquidem
1342 862 1592 917 universa
1634 859 1872 916 Ecclesia

299 955 560 1013 divinitus
586 954 831 1018 erudita,
861 968 981 1022 quae
1009 968 1040 1008 e
1069 952 1279 1007 Christi
1301 952 1469 1007 latere
1497 959 1616 1006 orta
1637 990 1654 1016 ,
1684 964 1873 1005 sacra-

300 1048 530 1103 tissima:
553 1045 734 1101 carnis
758 1043 877 1113 eius
902 1043 1095 1115 pabulo
1123 1042 1454 1114 prctiOsique
1481 1041 1758 1113 sanguinis
1780 1055 1877 1110 po—

302 1135 426 1192 culo
456 1134 683 1189 educata
702 1175 717 1200 ,
746 1134 814 1188 ab
846 1133 977 1202 ipsis
1002 1132 1271 1188 ‘cunabilis
1300 1141 1634 1187 secretorum
1670 1139 1877 1202 myste-

306 1228 404 1281 riis
440 1226 719 1288 instituta,
754 1225 1073 1281 inconcussa
1110 1224 1215 1280 ﬁde
1250 1233 1437 1280 tenete
1465 1223 1754 1279 confitetur
1796 1221 1878 1277 di-

305 1317 490 1370 vinam
528 1316 828 1386 potentiam
868 1324 1146 1385 operatam
1184 1329 1310 1370 esse
1338 1329 1403 1369 ex
1446 1313 1615 1371 nihilo
1644 1322 1874 1376 terram,

304 1422 532 1475 aquam,
561 1419 717 1467 aera,
743 1413 800 1459 et
825 1404 1001 1475 ignem
1024 1444 1038 1470 ,
1068 1404 1241 1459 lucem
1270 1417 1516 1473 quoque,
1542 1409 1597 1456 et
1623 1400 1876 1473 angelos,

307 1505 472 1565 atque
501 1495 734 1549 animam
764 1494 1018 1549 hominis.
1051 1492 1320 1565 Erigenda
1349 1502 1434 1548 est
1460 1492 1624 1563 igitur
1648 1492 1715 1546 ad
1742 1491 1875 1545 tanti

305 1583 560 1640 culminis
594 1583 975 1638 auctoritatem
1019 1585 1217 1639 mentis
1255 1586 1434 1650 acies,
1464 1600 1585 1656 quae
1610 1583 1757 1639 nulla
1787 1599 1877 1639 ra-

1973 517 2160 558 versus
2185 514 2249 557 ea
2273 500 2504 571 iaculari
2533 516 2641 555 non
2669 501 2921 557 audeant.
2950 498 3243 572 Siquidem-
3275 500 3548 559 Dominus

1971 612 2095 653 cum
2122 612 2221 669 pro
2250 594 2535 653 afflictione
2556 597 2743 669 populi
2772 597 2938 654 Israel
2967 599 3142 672 plagis
3172 599 3557 657 severioribus-

1972 687 2269 761 castigaret
2314 687 2617 759 Egyptum,
2679 689 2919 747 tenebris
2968 706 3089 746 eam
3135 691 3361 747 involvit
3407 692 3543 775 adeo

1973 778 2164 849 spissis
2189 787 2249 845 ut
2273 778 2483 850 palpari
2520 779 2767 850 quirent,
2800 789 2856 837 et
2897 797 3004 837 non
3048 781 3224 839 solum
3263 783 3547 855 obtutibus

1926 920 1933 927 .
1974 868 2256 922 hominum
2304 868 2481 923 visum
2529 870 2924 938 adimentibus,
2971 874 3064 929 sed
3110 874 3274 933 etiam
3318 890 3418 945 pro
3458 868 3555 930 sui:

1975 959 2337 1014 crassitudine
2366 975 2622 1015 manuum
2650 959 2828 1019 ‘tactui
2870 963 3231 1034 subiacerent.
3275 965 3573 1036 Quidquid-

1972 1050 2119 1105 enim
2171 1052 2321 1122 tangi
2369 1053 2685 1123 palpariquc
2732 1064 2946 1126 potest,
2999 1072 3117 1114 esse
3166 1072 3387 1113 necesse
3437 1066 3545 1113 est.

1975 1141 2246 1211 Quidquid
2268 1158 2389 1198 esse
2412 1158 2632 1201 necesse
2657 1155 2758 1209 est,
2787 1162 2893 1201 non
2921 1162 3040 1203 esse
3067 1147 3396 1218 impossibile
3422 1156 3541 1205 est:

1977 1245 2041 1285 ac
2080 1244 2179 1300 per
2214 1231 2319 1286 hoc
2358 1231 2610 1287 tenebras
2635 1249 2740 1287 non
2767 1249 2889 1289 esse
2917 1234 3245 1306 impossibile
3274 1244 3389 1302 est,
3418 1235 3543 1311 quia
3580 1294 3585 1299 ,

1976 1336 2097 1378 εεεε
2139 1338 2360 1379 necesse
2386 1330 2472 1379 est
2497 1324 2637 1394 quod
2669 1340 2732 1378 ex
2764 1340 2829 1380 eo
2854 1326 2997 1396 quod
3020 1334 3107 1382 est
3132 1326 3395 1397 palpabile
3419 1342 3545 1397 pro-

1977 1411 2162 1467 batum
2176 1420 2281 1466 est.
2304 1410 2440 1467 Illud
2466 1427 2677 1482 quoque
2694 1414 3123 1483 prtetereundum
3151 1428 3255 1469 non
3278 1425 3379 1481 est,
3402 1416 3545 1485 quod

1979 1517 2101 1561 cum
2129 1504 2369 1559 omnium
2395 1504 2646 1560 dominus
2678 1506 2819 1559 inter
2846 1504 3021 1561 lucem
3050 1513 3105 1561 et
3135 1507 3383 1561 tenebras
3411 1506 3546 1561 divi-

1978 1594 2185 1649 sionem
2216 1593 2452 1658 l'aceret,
2485 1594 2658 1649 lucem
2688 1594 2972 1665 appellavit
3001 1596 3141 1651 diem
3163 1637 3181 1663 ,
3210 1604 3266 1651 et
3295 1594 3546 1651 tenebras

304 1677 455 1730 ῑίοηθ
492 1675 728 1740 Cassa“:
771 1674 933 1729 "unis
973 1676 1309 1745 πευπιθηιίε
1347 1674 1549 1740 “item,
1579 1674 1739 1730 “unis
1777 1689 1875 1744 PO'
1906 1755 1943 1758 _
1979 1693 2213 1741 noctem.
2244 1684 2303 1741 Si
2331 1686 2475 1741 enim
2505 1686 2611 1742 diei
2641 1701 2834 1741 nomen
2876 1687 3144 1758 signiﬁcat
3184 1688 3382 1758 aliquid
3403 1729 3420 1756 ,
3453 1705 3550 1744 no-

305 1777 420 1823 test
441 1767 651 1823 viribus
678 1767 1001 1836 impugnari.
1033 1768 1158 1823 llaec
1186 1768 1332 1823 enim
1359 1776 1445 1823 est
1472 1782 1593 1837 quas
1618 1765 1879 1836 prmdicat

1986 1776 2083 1831 etis
2119 1790 2316 1831 nomen
2355 1792 2463 1833 non
2496 1784 2676 1847 potest
2705 1777 2906 1847 aliquid
2930 1755 3041 1832 non
3069 1755 3397 1850 significare.
3427 1779 3550 1836 Dies

306 1876 370 1917 ea
398 1875 522 1930 qua:
549 1860 694 1914 inter
724 1868 1006 1914 creaturas
1031 1860 1203 1928 prima
1233 1860 1357 1933 (Sic
1378 1861 1433 1914 in
1454 1857 1579 1929 ms.)
1607 1858 1784 1927 prima
1813 1871 1878 1911 ac

306 1948 578 2019 praecipua
622 1954 750 2002 sunt
788 1948 1165 2003 aestimandum
1208 1963 1317 2003 non
1359 1956 1462 2003 est.
1502 1946 1715 2018 Quippe
1750 1961 1877 2001 cum

305 2052 476 2093 unum
519 2037 710 2091 horum
740 2051 861 2105 quae
891 2052 956 2091 ex
987 2051 1051 2092 eo
1079 2038 1259 2108 genita
1288 2045 1415 2092 sunt
1443 2037 1701 2093 testimari
1741 2037 1883 2092 sicut

298 2138 393 2186 aest
417 2128 676 2184 mstimari
702 2143 808 2183 non
833 2128 1022 2197 possit.
1055 2126 1188 2194 Quis
1211 2127 1355 2183 enim
1380 2126 1767 2182 elementorum
1793 2139 1884 2180 na-

304 2231 490 2277 turam
522 2235 590 2276 ex
616 2234 740 2275 asse
769 2220 991 2274 metitus
1015 2219 1142 2274 est?
1176 2218 1307 2286 Quis
1335 2219 1480 2272 enim
1506 2217 1641 2293 lucis
1667 2216 1884 2293 nomine

305 2319 408 2367 aut
435 2310 692 2382 angelica:
723 2308 996 2381 (naturae)
1025 2308 1289 2363 velamine
1314 2308 1669 2366 substantiam
1700 2323 1764 2364 ac
1789 2322 1886 2363 na-

310 2415 491 2458 turam
532 2401 888 2472 complexus?
930 2399 988 2455 Si
1031 2415 1161 2471 ergo
1199 2401 1315 2455 haec
1345 2415 1466 2470 qua:
1492 2400 1748 2471 proposui
1782 2400 1885 2454 hu-

312 2508 475 2549 mana
500 2492 710 2546 ratione
744 2490 1208 2560 comprehendere
1227 2490 1586 2559 nequivimus,
1613 2488 1881 2559 quomodo

315 2583 680 2639 obtinebimas
711 2589 980 2651 quantum
1033 2579 1260 2650 qualeve
1301 2581 1372 2637 sit
1411 2580 1539 2635 illud
1592 2581 1734 2635 unde
1772 2580 1887 2637 ori-

316 2674 496 2744 ginem
528 2687 819 2744 genusque
862 2670 1083 2726 ducunt.
1136 2670 1388 2725 Poteram
1439 2678 1620 2724 autem
1674 2678 1733 2725 et
1779 2668 1885 2723 alia

310 2762 638 2833 quamplura
685 2760 974 2831 subiicere.
1020 2758 1138 2816 Sed
1188 2760 1501 2816 docibilium
1544 2774 1886 2831 quorumque

310 2860 628 2930 pectoribus
654 2858 786 2914 satis
810 2857 894 2912 bis
919 2856 1249 2913 insinuatum
1276 2856 1566 2912 credimus.

671 3004 760 3059 DE
809 3003 1180 3068 TENEBRIS,
1219 3002 1312 3059 AN
1354 3003 1529 3061 SINT.

1976 1878 2161 1923 autem
2190 1868 2364 1923 lucem
2403 1868 2693 1938 significat.
2736 1867 2849 1923 Lux
2883 1884 3010 1925 vero
3049 1886 3304 1941 magnum
3346 1871 3549 1940 aliquid

1979 1966 2082 2014 est.
2116 1957 2253 2025 Quid
2280 1973 2411 2029 ergo
2435 1960 2671 2014 tenebrae
2694 1999 2708 2024 ,
2739 1958 2944 2015 nihilne
2982 1959 3353 2032 significativze
3388 1967 3515 2016 sunt
3535 2001 3550 2021 .

1981 2057 2106 2105 cum
2146 2048 2227 2105 eis
2260 2048 2582 2104 vocabulum
2623 2049 2800 2105 noctis
2828 2050 2896 2105 ab
2922 2050 3112 2106 eodem
3143 2050 3418 2106 conditore
3449 2051 3547 2104 im-

1982 2152 2227 2209 pressum
2256 2146 2340 2193 est
2358 2178 2373 2204 ,
2404 2138 2498 2209 qui
2525 2138 2647 2193 luce
2675 2137 3085 2209 appellationem
3116 2139 3223 2195 diei
3258 2140 3539 2210 imposuit.

1983 2231 2355 2300 cassandaque
2407 2238 2491 2287 est
2541 2230 2722 2286 divina
2773 2231 3113 2288 auctoritas!
3160 2230 3317 2286 Nullo
3370 2231 3546 2287 modo.

1980 2320 2119 2377 Nam
2166 2320 2366 2387 cmlum
2402 2329 2462 2378 et
2498 2328 2705 2376 terram
2742 2319 2955 2377 facilius
2995 2330 3079 2377 est
3123 2322 3354 2377 transire
3388 2336 3550 2391 quam

1986 2410 2367 2466 auctoritatem
2392 2410 2630 2465 divinam
2659 2426 2690 2465 a
2720 2426 2818 2466 suo
2846 2419 2990 2466 statu
3018 2410 3334 2482 permutari.
3358 2409 3547 2466 Condi-

1986 2508 2075 2555 tor
2113 2499 2314 2557 etenim
2353 2501 2517 2557 rebus
2552 2515 2690 2571 quas
2727 2501 2969 2557 condidit
2997 2500 3216 2555 nomina
3244 2499 3552 2571 impressit,

1985 2597 2049 2644 ut
2070 2602 2171 2645 suo
2193 2605 2421 2660 quaeque
2446 2592 2668 2647 nomine
2692 2607 2782 2648 res
2807 2592 2950 2648 dicta
2979 2592 3157 2662 agnita
3187 2590 3343 2647 foret.
3371 2590 3556 2660 Neque

1986 2695 2105 2735 rem
2128 2680 2425 2750 quamlibet
2450 2682 2654 2751 absque
2676 2681 2935 2737 vocabulo
2961 2680 3246 2747 formavit,
3272 2694 3374 2736 nec
3397 2694 3556 2736 voca-

1988 2768 2174 2826 bulum
2213 2769 2417 2840 aliquid
2457 2770 2645 2827 statuit
2671 2772 2774 2828 nisi
2804 2772 2891 2827 cui
2922 2778 3250 2827 statueretur
3273 2769 3550 2825 existeret.

1990 2859 2145 2928 Quod
2166 2862 2212 2916 si
2233 2860 2393 2927 foret,
2415 2862 2738 2918 omnimodis
2757 2862 3033 2918 videretur
3050 2859 3555 2932 superﬂuum,quod

1992 2950 2163 3006 Deum
2192 2950 2389 3007 fecisse
2415 2949 2571 3007 nefas
2596 2960 2681 3007 est
2710 2951 2835 3008 dici.
2868 2951 2926 3007 Si
2954 2959 3135 3006 autem
3163 2950 3316 3006 nefas
3339 2959 3423 3007 est
3451 2950 3558 3006 dici

1993 3038 2164 3097 Deum
2206 3040 2423 3112 aliquod
2470 3043 2727 3099 statuisse
2770 3040 3133 3111 superﬂuam,
3172 3055 3371 3097 nomen
3404 3039 3556 3112 “quod

387 3136 653 3204 Quoniam
694 3136 778 3192 his
816 3136 1056 3210 breviter
1091 3137 1253 3193 dictis
1281 3136 1564 3193 commode
1592 3135 1753 3192 tinem
1782 3136 1885 3191 im-
1914 3120 1959 3181 C
1992 3131 2135 3185 Deus
2163 3130 2419 3201 imposuit
2446 3132 2684 3188 tenebris
2711 3130 2859 3186 nullo
2886 3131 3044 3186 modo
3072 3130 3242 3186 videri
3271 3137 3448 3202 potest
3475 3145 3561 3185 su-

312 3220 503 3297 posui,
528 3240 649 3279 mox
673 3226 738 3279 ad
763 3241 824 3280 ea
846 3226 1175 3295 expedienda
1204 3226 1560 3282 intentionem
1587 3225 1746 3282 retuli
1769 3242 1888 3295 quae

310 3316 549 3371 curiosis
583 3316 876 3371 lectoribus
920 3332 1024 3371 non
1070 3316 1345 3381 immerito
1382 3317 1702 3371 videbantur
1728 3317 1888 3386 digna

307 3420 437 3460 esse
474 3405 720 3475 qumsitu.
769 3405 865 3460 Est
904 3406 1122 3475 quidem
1150 3406 1508 3475 Quorumdam
1535 3406 1750 3475 opinio,
1781 3421 1888 3461 non

314 3509 438 3548 esse
467 3494 740 3559 tenebras,
761 3502 817 3547 et
841 3502 901 3547 ut
926 3494 1034 3549 sint
1061 3495 1388 3565 impossibile
1412 3509 1551 3550 esse.
1575 3496 1705 3562 Quae
1726 3510 1889 3566 quam

317 3581 476 3637 facile
503 3582 672 3637 refelli
700 3583 874 3653 possit
899 3598 1069 3638 sacra:
1099 3582 1392 3652 Scriptura:
1415 3584 1739 3639 auctoritate
1768 3599 1891 3654 pro-

313 3671 430 3725 lata
477 3672 534 3725 in
582 3672 852 3736 medium,
898 3673 1137 3742 prudens
1181 3672 1352 3729 lector
1387 3682 1661 3745 agnoscet.
1708 3675 1891 3749 itaque

317 3760 447 3829 quid
489 3759 610 3814 libri
651 3759 878 3816 Genesis
919 3761 1147 3817 historia
1183 3763 1308 3818 inde
1350 3765 1551 3819 sentiat
1588 3765 1887 3822 videamus.

321 3854 411 3908 Sic
458 3852 603 3907 enim
647 3853 869 3922 inquit:
919 3853 987 3907 Et
1038 3854 1260 3909 tenebra:
1308 3865 1458 3909 erant
1503 3873 1658 3927 super
1701 3857 1889 3924 [aciem

314 3944 506 4028 abyssi.
527 3942 692 4015 (Gen.
723 3947 799 4018 ι).
833 3944 964 4012 Quae
994 3946 1039 4001 si
1072 3961 1179 4001 non
1206 3956 1391 4013 erant,
1422 3963 1528 4017 qua
1559 3962 1891 4017 consequen-

320 4038 395 4091 tia
424 4037 626 4093 dicitur
653 4037 781 4108 quia
807 4038 1002 4093 erant?
1027 4037 1128 4104 Qui
1160 4038 1291 4094 dicit
1318 4040 1571 4094 tenebras
1596 4054 1747 4103 esse,
1778 4054 1891 4094 rem

316 4128 705 4182 constituendo
740 4128 912 4196 ponit.
957 4126 1061 4193 Qui
1103 4137 1282 4183 autem
1325 4144 1430 4182 non
1461 4143 1617 4193 esse,
1652 4143 1763 4182 rem
1793 4143 1890 4182 ne-

314 4217 496 4288 gando
541 4218 695 4273 tollit.
745 4217 897 4272 Sicut
938 4233 1061 4273 cum
1095 4219 1355 4284 dicimus,
1402 4219 1573 4281 Homo
1614 4229 1726 4278 est.
1775 4236 1890 4275 rem

320 4306 373 4362 id
405 4314 493 4361 est
522 4308 791 4362 hominem
827 4307 1224 4363 constituimus.
1255 4308 1389 4364 Cum
1419 4310 1679 4375 dicimus,
1714 4309 1889 4365 ilomo

318 4413 427 4452 non
448 4406 550 4462 est,
577 4413 689 4453 rem
718 4398 962 4469 negando
989 4397 1041 4452 id
1069 4408 1153 4453 est
1175 4399 1447 4455 hominem
1475 4402 1728 4456 tollimus.
1752 4401 1887 4455 Nam

1988 3219 2273 3290 perﬂuum.
2314 3220 2470 3288 Quod
2512 3223 2559 3277 si
2598 3238 2705 3278 non
2742 3231 2827 3278 est
2868 3221 3229 3293 superﬂuum,
3256 3231 3341 3278 est
3366 3237 3559 3279 secun-

1989 3313 2116 3367 dum
2145 3315 2381 3367 modum.
2414 3314 2471 3368 Si
2500 3330 2629 3369 vero
2659 3315 2955 3369 secundum
2998 3314 3250 3381 modum,
3280 3324 3337 3370 et
3373 3329 3562 3369 neces-

1991 3402 2131 3456 saria
2150 3440 2166 3465 ,
2197 3401 2323 3471 quia
2353 3417 2418 3456 eo
2447 3403 2511 3457 ad
2541 3402 2961 3472 dignoscendam
2994 3417 3107 3457 rem
3138 3416 3273 3471 opus
3298 3409 3416 3456 erat
3442 3416 3562 3470 qua

1992 3505 2088 3560 per
2119 3491 2172 3545 id
2201 3489 2552 3561 significatur.
2594 3489 2823 3545 Constat
2857 3491 3044 3561 itaque
3072 3489 3240 3545 Deum
3267 3490 3561 3547 secundum

1991 3579 2211 3635 modum
2242 3594 2333 3634 res
2360 3577 2706 3634 constituisse
2731 3586 2786 3633 et
2815 3579 3031 3634 nomina
3059 3593 3179 3648 qua:
3206 3578 3309 3633 sibi
3335 3579 3404 3633 ad
3433 3578 3563 3632 invi-

1946 3740 1950 3745 θ
1991 3683 2108 3745 cem
2153 3676 2280 3724 sunt
2321 3669 2650 3743 necessaria.
2703 3668 2935 3724 Sanctus
2974 3684 3188 3739 quoquc
3229 3668 3396 3724 David
3437 3684 3563 3739 pro-

1991 3760 2153 3829 pheta
2194 3757 2398 3829 Spiritu
2451 3759 2677 3829 plenus,
2723 3758 2901 3814 sciens
2949 3758 3201 3814 tenebras
3248 3772 3356 3812 non
3404 3758 3565 3812 inane
3656 3782 3657 3787 π

1991 3848 2246 3920 quiddam
2288 3856 2343 3903 et
2381 3856 2665 3923 ventosum
2704 3862 2936 3916 sonare,
2978 3847 3259 3903 evidenter
3293 3847 3564 3917 expressit

1990 3937 2117 4008 quia
2153 3936 2410 4006 quiddam
2447 3945 2591 3992 sunt.
2623 3936 2715 3991 Ait
2748 3952 2877 4008 ergo
2905 3951 2920 3990 :
2948 3935 3092 3990 Misit
3123 3936 3362 3991 tenebras
3390 3934 3561 4007 (Psal.

1990 4031 2121 4100 ειν).
2156 4024 2216 4087 Si
2244 4044 2350 4086 non
2376 4037 2533 4094 sunt,
2561 4029 2830 4099 quomodo
2858 4029 3183 4084 mittuntur?
3204 4028 3361 4096 Quod
3383 4037 3562 4083 autem

1990 4121 2133 4177 mitti
2160 4129 2373 4192 potest,
2401 4128 2458 4175 et
2487 4119 2579 4176 illo
2607 4120 2748 4175 mitti
2777 4128 2954 4189 potest
2993 4105 3087 4175 ubi
3126 4133 3235 4173 non
3275 4128 3378 4174 est.
3410 4117 3562 4189 Quod

1991 4228 2119 4267 vero
2161 4225 2270 4266 non
2306 4218 2423 4275 est,
2464 4210 2604 4264 mitti
2637 4209 2874 4279 quolibet
2900 4223 3005 4263 non
3037 4214 3250 4278 potest,
3282 4207 3409 4276 quia
3437 4220 3568 4261 nus~

1990 4317 2150 4372 quam
2208 4308 2311 4355 est.
2360 4299 2529 4371 Igitur
2584 4300 2765 4353 missae
2818 4298 3071 4352 dicuntur
3121 4294 3386 4361 tenebras,
3435 4292 3563 4365 quia

1990 4399 2165 4447 erant.
2210 4389 2345 4444 Item
2382 4388 2557 4443 illud:
2603 4387 2788 4441 Posuit
2830 4385 3066 4441 tenebras
3106 4383 3382 4438 latibulum
3411 4399 3565 4439 suum

317 4488 540 4541 verbum
581 4453 897 4542 substantiae
926 4488 1029 4542 hoc
1057 4489 1219 4544 habet
1247 4489 1300 4543 in
1326 4497 1518 4547 natura
1559 4500 1620 4545 ut
1664 4492 1884 4546 cuicun-

1994 4478 2188 4550 (Psal.
2219 4493 2331 4532 xvn
2355 4476 2393 4549 ).
2437 4477 2589 4544 Quod
2629 4477 2837 4532 scilicet
2864 4484 2980 4533 erat
3006 4475 3215 4546 posuit,
3248 4483 3305 4528 et
3329 4473 3564 4543 quodam

314 4592 423 4647 que
448 4575 751 4644 subjectum
784 4576 945 4631 fuerit
965 4576 1213 4644 junctum
1243 4578 1358 4633 sine
1390 4580 1676 4649 negatione
1697 4621 1712 4644 ,
1739 4578 1888 4648 eius-

316 4666 440 4721 dem
468 4665 709 4722 declaret
734 4666 1114 4721 substantiam.
1145 4665 1314 4737 Igitur
1340 4667 1394 4721 in
1421 4682 1487 4722 eo
1515 4669 1657 4736 quod
1686 4669 1889 4724 dictum

317 4764 402 4811 est
437 4754 682 4810 Tenebra:
708 4766 857 4809 erant
899 4772 1056 4826 super
1095 4755 1282 4825 faciem
1323 4757 1529 4827 abyssi,
1563 4774 1650 4814 res
1692 4760 1891 4814 consti-

317 4853 435 4899 tuta
462 4853 547 4899 est
564 4885 579 4912 ,
604 4860 765 4915 quam
791 4846 860 4900 ab
884 4861 1003 4901 esse
1034 4845 1176 4900 nulla
1206 4847 1420 4919 negatio
1448 4856 1665 4918 separat
1692 4858 1784 4903 aut
1813 4850 1891 4904 di-

318 4935 475 4989 vidit.
516 4934 649 4990 Item
692 4934 914 4989 tenebrre
958 4934 1256 5005 subiectum
1296 4945 1379 4992 est
1416 4948 1565 5009 erant
1608 4938 1893 4994 declarati-

319 5040 468 5077 vum.
502 5022 756 5078 Declarat
794 5023 939 5077 enim
980 5025 1324 5095 praedicando
1364 5029 1617 5099 tenebras
1658 5027 1893 5099 quodam

322 5116 484 5169 modo
513 5128 655 5168 esse.
687 5112 827 5168 Ecce
862 5113 1064 5168 invicta
1101 5117 1394 5172 auctoritas
1434 5117 1641 5172 ratione
1669 5119 1896 5174 comita-

322 5216 398 5271 ta,
429 5205 570 5259 ratio
595 5218 810 5274 quoque
835 5206 1211 5261 auctoritatem
1237 5206 1508 5271 confessa,
1530 5223 1696 5262 unum
1724 5209 1896 5263 idem-

317 5310 429 5368 que
457 5295 786 5367 pradicant,
815 5295 1027 5350 scilicet
1054 5297 1305 5351 tenebras
1332 5311 1470 5351 esse.
1503 5296 1609 5352 Sed
1638 5312 1759 5351 cum
1790 5298 1892 5353 ista

317 5387 554 5458 exempli
585 5402 749 5442 causa
783 5387 956 5456 posita
995 5387 1061 5441 ad
1102 5387 1581 5444 demonstrandum
1609 5404 1730 5459 quae
1758 5406 1896 5459 prae-

322 5479 603 5549 posuimus
648 5475 936 5542 suiliciant,
974 5484 1154 5532 tamen
1193 5486 1256 5532 ut
1296 5478 1439 5532 nulla
1486 5479 1892 5536 contradicendi

319 5569 544 5624 occasio
572 5567 781 5624 azmulis
808 5569 1160 5639 relinquatur,
1194 5568 1451 5623 faciamus
1476 5570 1653 5640 palam
1670 5611 1685 5636 ,
1719 5585 1891 5640 pauca

322 5660 507 5715 divina
548 5658 851 5716 testimonia
896 5668 1249 5731 aggregantcs
1278 5672 1308 5714 ε
1334 5660 1607 5729 pluribus,
1664 5674 1892 5729 quorum

1992 4569 2153 4625 modo
2191 4568 2373 4639 posuit
2405 4566 2658 4626 tenebras
2697 4582 2817 4637 quae
2868 4575 3059 4631 erant,
3090 4562 3371 4619 latibulum
3407 4576 3565 4617 suum

1991 4668 2240 4732 poneret.
2297 4660 2432 4715 Item
2492 4658 2669 4714 illud:
2721 4655 2867 4712 Sicut
2921 4655 3145 4711 tenebris
3197 4653 3312 4725 ejus
3367 4653 3389 4726 (
3412 4650 3562 4708 ιιωι.

1991 4766 2230 4807 cxsxvut
2252 4749 2295 4821 ).
2343 4749 2443 4805 Ubi
2484 4748 2789 4804 ostenditur
2810 4746 2937 4816 quia
2965 4745 3018 4799 in
3045 4743 3390 4815 possessione
3413 4748 3561 4806 sunt,

1995 4860 2060 4900 ac
2084 4858 2181 4914 per
2208 4844 2311 4898 hoc
2333 4857 2453 4897 esse
2478 4839 2908 4895 manifestantur.
2933 4834 3068 4891 Nam
3091 4850 3250 4891 omne
3275 4834 3419 4906 quod
3440 4847 3565 4903 pos-

1994 4936 2201 4991 sidetur
2222 4943 2327 4989 est.
2356 4932 2616 4987 Tenebrae
2641 4939 2820 4985 autem
2847 4929 2900 4983 in
2925 4927 3269 4998 possessione
3293 4934 3441 4981 sunt.
3464 4923 3568 4994 Igi-

1995 5031 2085 5079 tur
2113 5033 2260 5078 sunt.
2292 5021 2400 5077 Sed
2429 5036 2553 5076 cum
2583 5020 2684 5075 ista
2732 5019 2858 5073 talia
2890 5032 2956 5073 ac
2986 5025 3135 5075 tanta
3176 5014 3478 5077 sufﬁciant,
3507 5020 3563 5065 et

1997 5131 2178 5172 arcem
2211 5113 2535 5168 tutissimam
2583 5119 2771 5167 contra
2807 5109 2988 5164 omnia
3018 5109 3565 5180 impugnamentate-

1999 5215 2196 5269 neunt,
2236 5203 2377 5257 unde
2420 5203 2526 5258 levi
2571 5201 2786 5272 repulsa
2829 5199 2935 5256 tela
2978 5199 3031 5254 in
3071 5213 3200 5254 suos
3235 5194 3565 5268 iaculatores

1999 5302 2312 5361 retorquere
2338 5298 2596 5361 possunt,
2623 5305 2693 5344 ex
2735 5287 3050 5360 evangelica
3089 5295 3269 5341 tamen
3311 5279 3565 5336 {imitate

1999 5386 2243 5457 quaedam
2273 5383 2536 5455 poscenda
2563 5390 2709 5437 sunt.
2742 5381 3009 5436 Ponamus
3049 5378 3212 5447 igitur
3251 5371 3421 5440 ipsius
3446 5366 3566 5421 Sal-

2000 5476 2205 5534 vatoris
2231 5475 2391 5529 verba
2419 5489 2434 5528 :
2466 5472 2593 5526 Filii
2610 5514 2624 5536 ,
2653 5473 2855 5542 inquit,
2883 5469 3025 5539 regni
3051 5466 3327 5535 ejicienlstr
3348 5461 3404 5515 in
3426 5468 3564 5511 ωηε-
3644 5510 3649 5514 ,

2002 5569 2123 5622 bras
2150 5565 2429 5620 exteriores
2458 5566 2476 5635 (
2504 5563 2693 5617 Matth.
2725 5577 2820 5615 vm
2847 5562 2886 5630 ).
2928 5553 3324 5611 Attendendum
3351 5556 3436 5604 est
3462 5561 3558 5601 au-

2004 5666 2111 5713 tem
2139 5654 2281 5727 quod
2307 5652 2557 5710 tenebras
2581 5650 2871 5709 exteriores
2893 5644 3149 5701 nominat.
3181 5639 3349 5696 Extra
3374 5636 3521 5694 enim
3534 5660 3559 5692 ι.
