3884 6192
401 314 512 371 τε
1706 318 1935 375 ΠΑΙΜΙΝ

2109 321 2331 379 »ΝΑΕΗΙ
3537 331 3643 387 756

396 427 546 482 Inde
568 426 794 482 exterius
823 426 1124 482 derivatum
1151 433 1267 493 est,
1295 426 1472 482 locum
1503 427 1790 499 signiﬁcat.
1822 430 1968 498 Qua-
1995 439 2046 496 Α
2070 434 2172 489 bus
2195 434 2458 490 attributa
2488 436 2556 490 sit
2585 452 2706 506 qum
2735 437 2910 510 [quia]
2936 449 3132 495 cuncta
3159 458 3258 512 per
3285 444 3647 512 quantitatem

397 527 624 590 propter
660 533 784 575 cum
824 519 954 573 dicit
990 518 1273 572 exteriores
1313 519 1588 586 tenebras,
1625 519 1825 576 locales
1849 537 1972 578 esse
2073 521 2493 578 distribuuntur.
2523 525 2591 578 Et
2623 528 2900 596 quantitas
2927 530 3148 598 quidem
3177 532 3478 586 secundum
3505 532 3649 588 acci-

401 609 755 666 demonstrat.
784 607 917 662 Nam
947 623 1054 666 non
1085 615 1268 663 essent
1295 609 1627 675 exteriores,
1658 611 1766 665 nisi
1789 621 1971 667 essent
2071 611 2205 668 dens
2231 621 2316 668 est
2342 615 2678 684 corporibus.
2706 615 3019 671 Accidentia
3045 634 3175 673 vero
3200 629 3293 673 aut
3319 620 3372 673 in
3400 620 3648 688 subjecto

398 707 453 754 et
497 699 802 754 interiores.
843 696 1111 767 Quidquid
1157 706 1336 753 autem
1379 706 1499 764 est,
1541 699 1594 754 id
1637 700 1692 754 in
1737 700 1858 756 loco
1901 703 1973 757 sit
2069 711 2228 766 sunt,
2277 711 2370 756 aut
2413 705 2478 759 de
2521 705 2763 776 subjecto
2804 707 3190 776 praedicantur.
3226 706 3329 762 Per
3371 709 3474 763 hoc
3513 725 3647 780 ergo

396 801 620 842 necesse
676 794 780 841 est.
838 785 991 853 Quod
1036 803 1168 842 vero
1219 803 1330 842 non
1375 797 1505 855 est,
1552 791 1656 845 hoc
1703 807 1968 860 nusquam
2069 793 2211 862 quod
2239 793 2439 847 dicitur
2471 794 2596 865 ipsa:
2626 796 2850 849 tenebrae
2886 808 3098 867 quanta?
3139 808 3326 862 erant,
3365 800 3645 866 quantitas

397 883 500 929 est.
532 873 700 942 Igitur
724 874 1021 929 exteriores
1049 876 1286 930 tenebit:
1325 891 1432 932 non
1473 878 1646 932 solum
1686 888 1842 947 sunt,
1875 881 1970 936 sed
2068 885 2123 939 in
2171 884 2413 953 subjecto
2448 895 2802 942 monstratur.
2851 887 3008 944 Unde
3049 889 3326 958 probabile
3372 890 3644 960 colligitur

358 961 360 964 ’
397 965 559 1018 “iam
585 963 784 1020 1003385
808 973 951 1019 sunt-
975 965 1034 1019 ιη
1056 966 1305 1035 Ρθεείοιιθ
1325 981 1539 1036 quoque
1562 968 1777 1022 Domini
1800 983 1967 1022 evan—
2069 976 2320 1030 tenebras
2347 991 2454 1030 non
2483 977 2656 1031 solum
2678 992 2830 1041 esse,
2857 979 2950 1033 sed
2979 979 3142 1032 etiam
3168 979 3478 1048 corporales
3495 993 3638 1034 esse.

399 1058 592 1128 gelista
636 1060 892 1114 tenebras
928 1075 1049 1115 esse
1090 1059 1267 1116 factas
1300 1074 1687 1118 commemorat
1726 1065 1796 1118 ab
1833 1065 1967 1120 bora
2065 1067 2251 1134 Itaque
2280 1067 2394 1120 haec
2422 1081 2594 1136 pauca
2625 1068 2833 1122 ratione
2864 1068 3023 1122 simul
3055 1077 3105 1122 et
3152 1069 3477 1124 auctoritate
3505 1084 3638 1122 con-

399 1150 506 1206 diei
536 1159 691 1206 sexta
715 1167 888 1221 usque
916 1154 989 1207 ad
1014 1154 1207 1208 horam
1235 1169 1458 1208 uenam.
1502 1155 1630 1222 Quae
1657 1170 1780 1210 cum
1811 1155 1970 1211 factm
2066 1163 2219 1225 gesta
2260 1164 2456 1210 vestrae
2495 1156 2856 1226 magnitudini
2884 1167 3044 1226 atque
3072 1158 3375 1228 prudentiae
3399 1157 3641 1212 scribere

395 1241 538 1307 sint,
564 1241 831 1311 quomodo
856 1259 962 1298 non
992 1259 1112 1300 esse
1135 1245 1421 1300 dicuntur?
1448 1245 1600 1313 Quod
1627 1245 1828 1301 factum
1851 1256 1964 1314 est,
2065 1242 2289 1309 curavi,
2327 1252 2388 1298 ut
2425 1244 2506 1299 eis
2546 1244 2650 1299 ﬁxe
2681 1245 3135 1315 immobiliterque
3163 1247 3465 1312 haerentes,
3495 1247 3638 1301 nulla

395 1330 533 1386 eliici
577 1347 686 1386 non
725 1341 905 1402 potest
945 1343 1005 1388 ut
1042 1333 1246 1390 {actum
1283 1351 1389 1391 non
1427 1335 1615 1391 fuerit.
1649 1337 1801 1404 Quod
1837 1353 1967 1394 vero
2064 1332 2202 1388 falsa
2237 1334 2492 1404 opinione
2532 1334 2732 1401 illecti,
2762 1352 2793 1390 a
2824 1337 3072 1392 veritatis
3107 1339 3326 1393 tramite
3365 1337 3640 1392 declinare

395 1435 610 1490 seraper
630 1437 737 1478 non
763 1432 847 1478 est
867 1463 885 1488 ,
907 1439 1005 1478 nec
1034 1440 1304 1493 nunquam
1327 1425 1462 1492 fuit,
1487 1426 1538 1480 id
1563 1442 1836 1496 nunquam
1859 1434 1962 1482 est.
2063 1426 2314 1495 possitis,
2347 1426 2442 1483 sed
2483 1427 2530 1482 si
2561 1426 2701 1482 forte
2729 1443 2760 1481 a
2788 1443 3109 1497 quocunque
3137 1427 3337 1496 aliquid
3368 1427 3636 1496 prolatum

394 1510 656 1566 Tcnebm
683 1521 862 1568 autem
892 1513 1045 1568 factm
1074 1523 1219 1570 sunt.
1254 1515 1436 1583 Quare
1466 1532 1573 1572 non
1604 1527 1664 1572 ut
1693 1517 1800 1572 sint
1827 1515 1965 1572 ellici
2063 1517 2229 1574 fuerit
2253 1519 2321 1574 ab
2349 1519 2452 1574 hac
2473 1528 2658 1574 nostra
2682 1521 2890 1575 ratione
2911 1521 3254 1582 dissentiens,
3284 1520 3350 1573 ad
3381 1521 3522 1573 hanc
3546 1536 3638 1573 ve-

392 1617 502 1658 ιωι
530 1611 725 1672 potest.
753 1604 886 1660 ltem
916 1607 969 1660 in
1003 1607 1293 1678 Evangelia
1325 1623 1340 1662 :
1373 1607 1436 1662 Si
1462 1607 1637 1663 lumen
1663 1608 1804 1680 quod
1831 1609 1887 1663 in
1916 1618 1968 1664 te
2063 1607 2145 1664 lut
2171 1609 2239 1664 ad
2268 1608 2510 1677 regulam
2538 1618 2912 1672 recurrentes,
2942 1623 3007 1662 ex
3036 1609 3156 1677 ejus
3185 1607 3473 1663 sententiis
3497 1607 3635 1661 stqu

389 1703 494 1757 est,
520 1696 650 1764 ipse
673 1697 893 1752 tenebrae
917 1709 1126 1770 quantm
1153 1709 1303 1754 erunt
1332 1700 1556 1772 (Matth.
1580 1717 1667 1768 vi;
1694 1701 1822 1754 Luc.
1846 1717 1901 1756 ιι
1918 1700 1960 1774 ).
2064 1708 2156 1756 tas
2180 1700 2613 1755 machinationes
2637 1698 2873 1768 dejicere
2902 1697 3116 1751 valetis.

389 1782 672 1840 Neminem
713 1785 960 1844 dubitare
986 1789 1150 1844 credo
1182 1787 1394 1862 (quin)
1423 1792 1698 1862 quantitas
1725 1791 1960 1861 corpori-
1983 1775 2034 1834 Β
2550 1787 2783 1858 Εωριὶεἱε
2808 1787 2872 1842 de
2900 1787 3143 1842 tenebris.

393 1917 3604 1966 Μ

2129 1959 2280 1967 --.“-
2291 1959 2340 1967 α,-
2347 1960 2370 1966 .-

1574 2085 1738 2127 ANNO
1783 2083 2014 2128 DOMINI
2055 2083 2445 2129 DCCCXXXIV.

1368 2243 2643 2410 HAIMINIUS

1090 2516 1530 2580 MONACHUS
1585 2514 1871 2578 SANCTl
1919 2514 2265 2576 VEDASTI
2307 2513 2927 2576 ATREBATENSIS.

1856 2664 2158 2678 ——

1478 2763 1914 2841 NOTITIA
1988 2759 2563 2840 HISTORICA.

457 3009 758 3075 ﬂaiminius
783 3009 1082 3066 monachus
1107 3007 1166 3063 S.
1190 3005 1408 3062 Vedasti
1433 3004 1808 3075 Atrebatensis
1830 3003 1948 3060 ord.
1980 3000 2039 3058 S.
2065 3001 2366 3075 ABenedicti,
2401 2999 2616 3075 Alcpini
2643 2996 2959 3075 discipulus.
2989 2993 3430 3075 consilii-acula
3454 2994 3626 3075 sancti

384 3064 870 3151 νειρἇἷί
895 3078 1270 3151 Atrebatensis
1301 3085 1357 3151 et
1376 3074 1806 3151 Cameracensis,
1838 3073 2080 3151 defuncti
2103 3073 2246 3128 circa
2269 3064 2468 3151 annum
2491 3070 2618 3151 filo,
2650 3078 2704 3124 et
2725 3064 2894 3151 sermo
2924 3069 2978 3151 in
3007 3064 3189 3151 sancti
3210 3064 3431 3151 Yedasti
3461 3064 3626 3151 natali

385 3149 420 3218 6
448 3135 740 3206 Februai'ii
763 3135 839 3206 de'
857 3149 1108 3206 undecim
1134 3146 1394 3218 parvulis,
1431 3145 1642 3200 meritis
1664 3135 2038 3214 ejussanatis,
2075 3151 2291 3198 exstant
2329 3143 2383 3197 in
2417 3141 2566 3197 Actis
2593 3146 3066 3205 sanctoruin,tom.
3100 3137 3119 3191 l
3149 3135 3459 3200 Februarii,
3503 3149 3625 3205 pag.

384 3217 484 3274 80!
513 3228 705 3290 etseq.

1033 3707 1364 3787 SERMO
1439 3705 1548 3784 IN
1606 3703 1990 3784 NATALI
2050 3701 2412 3781 SANCTI
2477 3699 2962 3790 VEDASTI,

1397 3881 1482 3940 De
1510 3879 1609 3940 XI
1631 3877 1922 3958 parvulis
1947 3875 2187 3938 meritis
2222 3873 2352 3954 ejus
2383 3873 2643 3934 sanatis.

1635 4023 1899 4088 (Bolland.,
1933 4023 2042 4073 Act.
2069 4023 2158 4075 SS.
2183 4021 2360 4084 Febr.)

453 4255 504 4309 ι.
556 4251 898 4318 Excitentur,
943 4251 1189 4314 obsecro,
1245 4249 1342 4306 lilii
1390 4249 1548 4316 lucis,
1576 4248 1739 4304 corda
1765 4255 1946 4301 vestra
1974 4249 2019 4312 C
2049 4244 2239 4310 deum,
2270 4244 2493 4314 antiqua
2541 4241 2860 4310 recurrunt,
2893 4243 3207 4314 frequenter
3238 4245 3424 4302 audita
3463 4257 3621 4318 pate-

386 4362 484 4417 pro
510 4345 725 4402 collatis
747 4343 1028 4400 beneﬁciis
1046 4344 1112 4400 ad
1143 4343 1322 4399 divina
1347 4343 1634 4414 prmconia.
1664 4342 1946 4412 Erumpat,
2049 4342 2246 4389 scunt:
2279 4347 2399 4403 quae
2423 4347 2655 4402 namque
2676 4333 2732 4387 in
2751 4333 2924 4389 sacris
2939 4334 3150 4406 paginis
3173 4335 3422 4406 legimus,
3448 4339 3623 4392 oculis

378 4450 584 4505 qm,
613 4435 668 4490 in
694 4450 905 4500 vocem,
956 4435 1099 4504 quod
1134 4433 1248 4506 iam
1298 4435 1453 4489 ardet
1500 4435 1556 4489 in
1605 4442 1785 4490 mente
1807 4449 1824 4498 ;
1863 4440 1945 4497 ιιι,
2049 4423 2275 4492 repetita
2299 4423 2565 4478 videmus.
2585 4422 2774 4478 (118008
2799 4439 2830 4477 3
2853 4424 3136 4509 nativitate
3160 4426 3325 4479 videt.
3350 4426 3623 4496 Operatur

377 4544 514 4598 quos
554 4527 687 4584 fides
719 4528 980 4591 illustrat,
1021 4527 1289 4584 confessio
1309 4542 1444 4599 pura
1473 4527 1776 4583 confirmet.
1802 4525 1911 4579 Prae

2083 4515 2190 4568 nim
2235 4513 2483 4570 Christus
2528 4514 2581 4568 in
2613 4514 2849 4570 Ecclesia
2884 4515 3028 4585 quod
3063 4514 3175 4584 jam
3203 4517 3331 4570 olim
3363 4520 3535 4587 gessit
3566 4519 3617 4572 in

374 4628 460 4674 διο
495 4627 580 4674 ρει
613 4619 779 4689 igitur
802 4617 1026 4673 materia
1050 4617 1240 4684 laudis,
1278 4617 1332 4671 in
1375 4625 1626 4687 promptu
1665 4623 1749 4671 εει
1783 4629 1944 4670 causa
2047 4603 2331 4677 Synagoga
2368 4604 2551 4677 (Joan.
2583 4603 2704 4678 ix):
2741 4606 2892 4661 illum
2931 4607 3196 4678 siquidem
3219 4617 3273 4662 et
3300 4609 3470 4663 corde
3497 4609 3618 4664 illu-

369 4710 726 4780 jubilationis.
764 4710 946 4767 Oculis
986 4710 1244 4781 cernitur,
1270 4724 1432 4763 manu
1457 4716 1691 4772 tenetur,
1715 4706 1945 4760 utilitate
2046 4703 2272 4757 minavit
2293 4708 2346 4756 et
2375 4715 2634 4770 corpore;
2656 4702 2801 4756 hunc
2829 4701 2953 4770 quia
2998 4710 3220 4757 renatus
3247 4711 3389 4768 erat,
3418 4702 3620 4757 illumi—

374 4797 644 4852 sentitur:
686 4798 1050 4854 testimonium
1081 4798 1329 4861 reddunt,
1375 4797 1464 4865 qui
1511 4795 1698 4850 fallere
1739 4795 1946 4849 nescie-
2045 4792 2194 4847 navit
2219 4792 2272 4846 in
2307 4806 2554 4861 corpore,
2579 4800 2642 4845 ut
2685 4790 2846 4847 fidem
2893 4792 3218 4860 torpentium
3265 4795 3620 4848 resuscitaret

377 4897 524 4942 runt.
546 4886 665 4942 Jam
690 4896 816 4942 sunt
843 4888 1030 4943 diserti
1058 4887 1150 4958 qui
1178 4886 1405 4942 necdum
1432 4885 1670 4955 perfecte
1707 4884 1943 4939 didicere
2034 4883 2096 4946 in
2126 4890 2325 4938 mente.
2354 4881 2538 4938 Nostis
2574 4883 2754 4953 plane,
2777 4883 2870 4952 qui
2895 4882 3167 4946 adfuistis,
3199 4898 3318 4952 qua:
3349 4885 3617 4938 hodierna

372 4968 545 5045 loqui.
574 4974 660 5030 Et:
686 4992 795 5036 ore,
824 4976 998 5046 inquit
1028 4977 1334 5039 Psalmista,
1356 4976 1637 5046 infantium
1662 4984 1711 5028 et
1739 4974 1940 5030 lacten-
2043 4973 2130 5028 die
2154 4973 2414 5028 Dominus
2433 4971 2591 5029 Jesus
2619 4989 2718 5044 per
2755 4975 2948 5030 merita
2975 4976 3117 5030 servi
3141 4976 3245 5039 sui,
3269 4974 3410 5029 beati
3433 4975 3617 5029 Patris

373 5065 505 5133 titqn
531 5063 1216 5136 perfecistilaudem(Psal.
1243 5081 1340 5120 vin
1365 5105 1380 5130 ,
1407 5063 1484 5134 ὅ).
1517 5063 1766 5120 Omnium
1797 5065 1938 5120 idem
2040 5063 2212 5118 nostri
2259 5063 2506 5130 Vedasti,
2547 5079 2710 5135 opera
2756 5063 2915 5130 fecit;
2967 5064 3076 5120 imo
3125 5065 3437 5135 imperfecta
3487 5081 3615 5134 sup-

370 5153 636 5210 Dominus
663 5154 815 5210 dives
842 5155 897 5209 in
939 5170 1147 5220 omnes,
1197 5155 1289 5226 qui
1332 5155 1585 5211 invocant
1630 5155 1803 5221 illum,
1837 5155 1940 5210 lin—
2039 5154 2224 5223 plevit.
2252 5154 2396 5210 Duos
2412 5154 2617 5210 scilicet
2642 5163 2874 5224 aegrotos
2898 5155 3130 5221 sanavit,
3150 5157 3242 5209 uni
3273 5155 3454 5210 lumen
3479 5170 3610 5209 ocu-

369 5262 502 5313 guns
529 5245 814 5317 infantium
842 5245 972 5301 facit
997 5260 1119 5301 esse
1141 5245 1366 5300 disertus
1389 5245 1544 5317 (Sap.
1589 5260 1647 5312 κ,
1675 5245 1788 5316 2|).
1837 5245 1932 5301 Do-
2037 5241 2212 5297 lorum
2243 5243 2410 5308 dedit,
2437 5258 2544 5299 non
2573 5243 2808 5299 reddidit
2837 5262 2850 5298 :
2880 5243 3037 5299 alteri
3075 5245 3202 5314 quia
3224 5244 3448 5300 claudus
3469 5253 3611 5309 erat,

370 5344 498 5390 cent
521 5336 647 5402 ﬁde,
673 5336 774 5392 etsi
807 5336 1042 5392 nondum
1069 5345 1296 5405 possunt
1319 5351 1600 5392 sermone:
1644 5337 1754 5391 imo
1783 5335 1940 5391 Chri-
2037 5346 2285 5400 gressum
2329 5332 2584 5387 restituit.

369 5433 487 5480 stus
509 5441 608 5497 per
631 5428 755 5483 illos
779 5427 953 5490 docet,
983 5427 1178 5496 quibus
1207 5435 1412 5482 tantam
1453 5428 1683 5499 gratiam
1709 5427 1933 5497 prmbet.
2107 5419 2160 5474 2.
2203 5419 2335 5474 Mira
2369 5421 2615 5477 dicturus
2644 5437 2789 5489 sum,
2823 5422 2965 5492 quod
2992 5437 3183 5477 omnes
3211 5437 3422 5477 mecum
3461 5421 3610 5492 pari—

371 5512 491 5582 lpse
526 5517 670 5572 enim
697 5517 924 5574 interius
953 5517 1238 5582 illuminat,
1263 5516 1354 5586 qui
1395 5515 1528 5572 foris
1554 5532 1652 5586 per
1674 5514 1930 5570 miracula
2034 5520 2120 5567 ter
2153 5513 2344 5567 nostis.
2381 5513 2500 5582 Ipse
2531 5514 2695 5570 Pater
2732 5525 2918 5570 noster
2953 5515 3221 5570 Vedastus
3247 5530 3402 5571 sacer
3427 5516 3607 5569 adhuc

369 5613 638 5659 coruscat.
663 5606 794 5661 Mira
832 5607 968 5662 ﬁunt
991 5606 1315 5664 omnimodis
1337 5613 1392 5659 et
1419 5605 1704 5675 stupenda,
1743 5611 1799 5658 et
1827 5619 1933 5674 quo
1959 5590 2011 5650 Ῑ)
2034 5604 2237 5675 prtebet
2261 5619 2293 5658 e
2329 5605 2537 5661 tumulo
2563 5605 2706 5674 quod
2742 5605 2933 5660 vivens
2961 5606 3015 5660 in
3045 5619 3208 5660 carne
3248 5612 3505 5676 apemtus
3525 5611 3610 5658 est

370 5692 601 5760 rariora,
628 5709 695 5751 eo
751 5706 877 5753 sunt
923 5696 1153 5768 amplius
1198 5696 1560 5767 prtedicanda.
1617 5694 1803 5751 Prisca
1845 5710 1931 5751 re-
2042 5697 2097 5752 in
2137 5697 2352 5752 mundo.
2385 5697 2449 5752 Et
2495 5697 2786 5768 praeclarus
2829 5705 3072 5765 senator,
3117 5698 3183 5754 de
3216 5696 3424 5755 cmlesti
3454 5694 3607 5752 curia
