3884 6192
218 376 319 430 7S7

1636 375 2026 432 EPISTOLzE.

3356 385 3464 441 738

215 489 446 544 salutem
475 486 704 540 filiorum
727 485 986 538 decernit.
1005 485 1104 538 Per
1124 487 1389 540 exteriora
1423 486 1652 554 denique
1676 489 1781 540 mi-
1810 491 1860 547 A
1887 487 2156 554 pontificis
2197 487 2548 542 sacratissimi
2600 489 2753 543 nobis
2801 491 3148 550 manifestare
3177 495 3427 566 dignatur
3446 538 3461 559 ,

217 579 403 636 tacula
422 577 681 640 ostendit,
710 577 852 644 quod
882 577 933 630 in
969 586 1180 630 secreto
1203 585 1512 629 sanctorum
1556 592 1652 646 pro
1677 578 1793 630 ani-

215 668 414 724 mabus
434 668 632 722 nostris
657 667 974 720 intercedat.
1017 667 1072 720 ld
1099 668 1294 737 ipsum,
1327 674 1385 719 ut
1411 667 1546 732 dixi,
1573 667 1791 736 repetit,

215 761 363 830 quod
389 759 521 814 olim
555 760 738 831 gessit.
771 758 1110 824 Meministis,
1153 760 1347 814 fratres
1379 761 1706 824 eharissimi,
1741 769 1797 816 et

216 850 535 906 meminisse
576 848 822 919 potestis,
865 849 1006 917 quod
1055 849 1293 904 directus
1347 865 1379 904 a
1431 849 1490 904 S.
1525 849 1792 920 Remigio,

215 942 414 996 beatus
444 941 560 1009 ipse
589 937 853 994 Vedastus
896 939 963 993 ad
988 939 1388 1008 przedicandum
1423 939 1674 1008 gentibus
1701 939 1794 993 Dei

218 1032 465 1094 verbum,
507 1031 562 1084 in
604 1030 826 1084 introitu
864 1030 1014 1084 urbis
1055 1029 1376 1084 Atrebatum
1425 1029 1560 1084 duos
1599 1042 1798 1098 egenos

217 1121 497 1178 curaverit
521 1131 772 1192 aegrotos,
797 1137 997 1176 caecum
1024 1122 1271 1177 videlicet
1289 1129 1342 1175 et
1363 1121 1633 1184 claudum,
1663 1137 1796 1190 qua-

223 1225 388 1269 tenus
436 1214 745 1268 ostenderet
792 1213 1056 1268 miracuio
1107 1215 1252 1282 quod
1297 1222 1516 1268 acturus
1565 1221 1684 1266 erat
1741 1212 1795 1265 in

220 1307 392 1361 verbo
417 1324 430 1359 :
462 1305 718 1375 quoniam
739 1305 882 1360 sicut
903 1305 1090 1360 oculos
1115 1305 1359 1373 corporis
1385 1305 1599 1373 aperuit
1624 1305 1691 1358 ad
1717 1303 1796 1356 vi-

221 1395 456 1451 dendum
489 1396 768 1460 mundum,
799 1396 871 1449 ita
897 1397 1061 1451 corda
1087 1396 1361 1450 hominum
1401 1396 1608 1451 semine
1645 1397 1795 1451 verbi

221 1485 318 1540 Dei
346 1501 443 1554 per
471 1485 628 1539 fidem
680 1485 970 1539 illustravit
1013 1486 1079 1539 ad
1127 1485 1553 1556 cognoscendum
1601 1486 1792 1540 Deum.

219 1574 290 1628 Et
315 1575 458 1628 sicut
495 1575 998 1644 reddiditgrcssum
1031 1576 1202 1645 pedis,
1230 1576 1307 1629 ita
1343 1575 1542 1630 direxit
1579 1591 1795 1645 gressus

220 1665 462 1720 ﬁdelium
491 1665 558 1718 ad
586 1665 687 1719 iter
709 1667 1058 1735 operationis.
1093 1666 1201 1722 Sed
1229 1668 1355 1737 quia
1387 1667 1543 1738 (proh
1572 1668 1792 1739 dolor!)

212 1754 328 1823 jam
354 1754 518 1809 corda
551 1765 734 1809 nostra
765 1765 1078 1826 torpescunt
1101 1773 1133 1811 a
1173 1758 1316 1812 bono
1339 1773 1520 1831 opere,
1552 1759 1795 1812 excitan-

218 1821 284 1896 da
307 1850 436 1895 sunt
462 1821 1226 1899 miraculorumexhibitione.
1254 1821 1555 1911 Atte—ndite,
1589 1862 1793 1916 quaeso,
1823 1821 1870 1881 Β

216 1931 422 1986 fratres
465 1932 820 1998 dilectissimi,
865 1951 984 2002 quae
1029 1934 1173 1990 facta
1219 1945 1366 2000 sunt,
1413 1945 1468 1990 et
1519 1937 1802 2006 inquibus

221 2029 351 2074 sunt
381 2030 552 2091 gesta.
585 2021 719 2076 Nam
749 2040 854 2077 non
886 2025 1058 2079 solum
1088 2027 1323 2094 providit
1352 2027 1446 2080 Dei
1489 2027 1799 2092 clementia,

224 2126 345 2178 qua:
377 2126 473 2180 per
495 2112 637 2166 servi
668 2113 750 2168 sui
796 2115 988 2168 merita
1033 2125 1235 2186 ageret,
1283 2119 1380 2172 sed
1428 2118 1624 2187 quibus
1652 2128 1799 2173 tanta

217 2200 579 2256 medicamina
609 2202 797 2258 salutis
827 2205 1126 2260 adhiberet.
1151 2205 1337 2261 Solent
1360 2223 1590 2278 namque
1623 2209 1803 2264 minus

218 2292 317 2347 Dei
332 2294 586 2349 beneficia
603 2296 1030 2359 considerantes,
1045 2299 1089 2351 si
1103 2299 1316 2366 quando
1339 2300 1646 2354 sanationes
1668 2299 1803 2353 fiunt

217 2400 320 2456 per
342 2386 536 2439 merita
561 2395 872 2440 sanctorum
903 2388 957 2442 in
995 2389 1314 2458 corporibus
1352 2391 1568 2455 horum,
1595 2390 1722 2460 (beu
1748 2390 1800 2460 Σ)

220 2476 349 2544 quia
373 2475 548 2530 solent
573 2475 755 2530 dicere
769 2493 874 2531 non
896 2484 1116 2532 sanatos
1132 2493 1274 2542 esse,
1301 2478 1553 2548 quoniam
1578 2479 1805 2533 credunt

216 2581 315 2619 eos
355 2566 658 2621 debilitates
679 2568 988 2636 pertulisse.
1019 2567 1158 2634 Quid
1191 2569 1370 2623 dicent
1399 2570 1465 2624 de
1490 2569 1630 2634 istis,
1664 2584 1801 2639 quo-

219 2671 342 2709 rum
376 2665 508 2711 aetas
530 2672 636 2712 non
666 2658 797 2712 sinit
835 2660 1093 2714 simulare
1132 2661 1266 2715 eos?
1296 2661 1488 2729 quibus
1515 2661 1634 2716 illos
1655 2667 1806 2730 pote-

219 2756 347 2800 runt
373 2747 695 2803 criminibus
715 2751 1009 2804 accusare?
1036 2750 1176 2805 Ecce
1203 2759 1330 2806 sunt
1359 2752 1596 2806 nutrices
1614 2761 1670 2807 et
1697 2748 1819 2806 ma;

219 2844 353 2898 tres,
375 2851 494 2905 quae
513 2836 716 2892 debiles
745 2837 1064 2904 attulerunt,
1086 2848 1141 2893 et
1164 2855 1330 2894 sanos
1352 2841 1636 2906 reducunt,
1670 2857 1808 2910 quo-

221 2940 342 2978 rum
385 2941 526 2980 unus
567 2927 633 2980 de
660 2926 1062 2982 Corbeiensium
1109 2929 1237 2982 villa
1267 2941 1316 2995 ο,
1347 2946 1467 3001 qua:
1496 2931 1805 3002 Walgiacus

215 3015 419 3070 dicitur
436 3056 451 3080 ,
506 3015 642 3072 alter
669 3017 890 3072 colonus
915 3019 1082 3089 ipsius
1108 3019 1348 3075 ecclesia)
1374 3021 1516 3077 beati
1551 3020 1800 3088 Vedasti;

218 3105 338 3158 visu
383 3105 591 3160 scilicet
618 3106 846 3162 donatus
867 3107 1293 3174 Corbeicnsium,
1323 3110 1413 3179 qui
1442 3109 1664 3164 claudus
1688 3111 1802 3166 fue-

219 3200 325 3254 rat,
344 3192 488 3248 beati
508 3193 721 3250 Vedasti
738 3195 1054 3252 famulorum
1083 3216 1096 3251 :
1115 3207 1339 3268 uterque
1361 3199 1634 3269 parvulus,
1653 3208 1801 3255 uter-

217 3298 325 3352 que
337 3283 615 3351 innocens;
634 3295 860 3358 uterque
874 3289 1089 3343 humilis
1101 3298 1153 3344 et
1169 3299 1363 3345 rectus.
1381 3291 1515 3357 Quia
1530 3299 1612 3345 est
1625 3291 1799 3345 Domi-

218 3390 322 3428 nus
339 3383 524 3430 noster
553 3379 918 3446 parvulorum,
947 3381 1001 3434 id
1029 3391 1132 3446 est,
1159 3381 1439 3435 humilium
1467 3381 1634 3446 salus,
1667 3397 1794 3448 par-

216 3461 372 3517 vulos
400 3479 543 3520 nunc
566 3469 796 3533 sanavit,
821 3476 881 3523 ut
911 3483 1009 3523 nos
1028 3483 1148 3523 esse
1189 3469 1438 3534 humiles,
1475 3470 1528 3524 id
1555 3477 1638 3524 est
1662 3485 1791 3539 par-

217 3556 327 3610 vuli
360 3573 480 3612 esse
505 3559 766 3616 dicamus.
799 3561 989 3616 Adhuc
1021 3564 1162 3618 enim
1195 3563 1392 3617 clamat
1419 3580 1432 3616 :
1467 3562 1638 3618 Sinite
1665 3580 1792 3634 par-

216 3646 364 3699 vulos
391 3647 562 3702 venire
595 3650 665 3703 ad
689 3668 790 3711 me.
818 3651 1004 3706 talium
1037 3655 1172 3706 enim
1201 3662 1276 3707 est
1299 3670 1510 3723 regnum
1549 3654 1795 3710 calorum

216 3734 415 3803 (lare.
441 3753 496 3802 χ,
530 3738 785 3808 H).Ecce
815 3742 1152 3811 amplexatus
1173 3751 1276 3807 est,
1307 3751 1364 3797 et
1381 3744 1616 3812 sanavit,
1639 3758 1797 3800 accc-

217 3825 296 3893 pit
335 3841 366 3879 a
393 3829 728 3896 parentibus,
754 3831 1027 3885 benedixit
1059 3840 1114 3886 et
1140 3831 1392 3887 reddidit.

287 3917 345 3970 3.
384 3917 623 3988 Agamus
669 3921 882 3991 singuli,
921 3937 1144 3990 agamus
1171 3937 1360 3977 omnes
1403 3919 1606 3994 gratias
1657 3924 1790 3980 Om-

218 4006 506 4076 nipotenti,
569 4010 659 4079 qui
709 4027 807 4066 nos
860 4011 1159 4077 revisitare,
1210 4022 1267 4066 et
1313 4021 1538 4083 paterna
1579 4013 1790 4070 viscera

287 4153 315 4182 ι
353 4141 618 4213 Oppidum
639 4153 722 4200 est
747 4144 1003 4201 Picardia:
1030 4147 1098 4201 ad
1124 4145 1414 4201 Somonam
1442 4146 1682 4201 fluvium.

1893 579 2195 634 excitemur
2223 579 2289 634 de
2314 581 2523 634 sonmio
2564 581 2812 650 pigritiae,
2860 591 2915 637 et
2955 599 3053 652 per
3077 601 3141 639 ea
3185 602 3304 656 qua:
3335 587 3467 643 foris

1894 667 2137 722 miranda
2177 668 2466 732 cernimus,
2501 669 2728 724 interius
2754 672 2820 725 ad
2855 670 3084 726 formam
3122 674 3339 743 pietatis
3362 677 3467 730 ἰηλε-

1894 759 2212 828 primamur.
2273 758 2596 828 Aperiamus
2659 760 2844 815 oculos
2898 762 3096 817 mentis
3139 772 3358 828 nostras,
3410 774 3471 820 ut

1893 853 2154 900 aeternum
2182 846 2360 900 lumen
2406 863 2713 903 mereamur
2738 848 2936 903 videre.
2986 849 3250 904 Lavemur
3298 852 3466 923 lacry-

1894 937 2017 998 mis,
2051 945 2111 991 ut
2138 938 2409 1007 purificari
2452 955 2772 994 mereamur.
2807 938 3104 995 Curramus
3129 939 3256 995 dum
3293 941 3468 997 lucem

1895 1028 2188 1093 habemus,
2232 1045 2300 1084 ne
2343 1032 2578 1086 tenebrae
2605 1047 2704 1086 nos
2740 1033 3217 1102 comprehendant.
3250 1032 3471 1091 Munde-

1896 1136 2017 1173 mur
2045 1121 2117 1175 ab
2139 1120 2286 1174 omni
2319 1120 2724 1188 inquinamento
2756 1122 2951 1175 mentis
2976 1131 3032 1176 et
3076 1122 3350 1192 corporis;
3397 1122 3470 1181 sit

1896 1209 2114 1263 lucerna
2137 1209 2362 1278 pedibus
2387 1210 2587 1263 nostris
2619 1210 2839 1264 verbum
2865 1210 2992 1277 Dei;
3037 1213 3107 1267 sit
3133 1213 3288 1269 nobis
3320 1214 3470 1270 inde-

1896 1305 2135 1359 sinenter
2163 1305 2214 1357 in
2251 1304 2522 1358 desiderio
2546 1304 2725 1359 lumen
2767 1304 3102 1360 indeflciens.
3153 1305 3469 1374 Qnmramus

1895 1402 1951 1449 et
1983 1394 2247 1448 faciamus
2274 1409 2437 1464 opera
2466 1393 2620 1457 lucis,
2647 1410 2752 1448 non
2790 1397 3136 1450 tenebrarum
3181 1405 3237 1452 et
3278 1398 3462 1466 iniqui-

1897 1484 2044 1538 tatis.
2104 1482 2399 1538 Curramus
2440 1483 2582 1536 viam
2633 1485 3007 1538 mandatorum
3053 1484 3170 1550 Dci,
3229 1485 3470 1541 dicamus

1895 1591 1990 1631 ore
2018 1585 2073 1630 et
2094 1577 2256 1631 corde
2283 1576 2393 1630 Deo
2440 1583 2668 1630 nostro:
2715 1576 2894 1648 Dirige
2956 1591 3065 1641 me,
3113 1577 3354 1640 Domine,
3417 1578 3468 1632 in

1896 1666 2125 1720 veritate
2151 1675 2238 1720 tua
2267 1673 2321 1718 et
2349 1665 2479 1718 doce
2522 1679 2627 1728 me,
2664 1672 2718 1716 et
2751 1679 2969 1734 gressus
3001 1680 3150 1719 meos
3190 1666 3359 1736 dirige
3389 1681 3472 1720 se-

1896 1757 2128 1811 cundum
2172 1755 2443 1824 eloquium
2489 1762 2664 1818 tuum,
2697 1763 2754 1808 ut
2797 1770 2902 1808 non
2947 1755 3470 1810 domineturnostri

1897 1847 2074 1902 omnis
2129 1846 2410 1916 injustitia.
2466 1845 2816 1917 lmploremus
2868 1845 3208 1899 clementiam
3259 1846 3468 1900 Domini

1896 1953 1997 2008 per
2045 1936 2492 1990 intercessionem
2542 1936 2678 1989 tanti
2731 1935 2968 2003 patroni.
3023 1933 3180 1990 Omni
3229 1936 3468 1990 custodia

1899 2042 2176 2082 servemus
2204 2041 2301 2080 cor
2328 2033 2594 2089 nostrum,
2621 2024 2871 2093 quoniam
2904 2039 2970 2079 ex
2999 2025 3116 2094 ipso
3141 2025 3250 2080 vita
3288 2040 3469 2095 proce-

1899 2117 1998 2173 dit.
2027 2117 2228 2172 Humili
2256 2117 2420 2171 eorde
2461 2123 2516 2170 et
2555 2115 2780 2185 supplici
2814 2131 2946 2170 voce
2973 2117 3364 2185 przeveniamus
3391 2117 3470 2170 fa-

1900 2209 2040 2265 ciem
2095 2208 2308 2263 Domini
2366 2208 2418 2261 in
2489 2205 2848 2272 confessione,
2898 2216 2959 2262 ut
3013 2208 3354 2277 experiamur
3416 2209 3470 2264 in

1899 2308 2103 2366 mente,
2147 2299 2292 2369 quod
2334 2299 2494 2352 modo
2538 2297 2745 2367 parvuli
2785 2307 3096 2352 meruerunt
3124 2298 3176 2352 in
3207 2298 3472 2353 membro-

1902 2407 2024 2445 rum
2075 2389 2477 2445 reformatione.
2520 2389 2821 2443 Redeamus
2864 2389 2931 2443 ad
2977 2389 3336 2444 conscientias
3377 2404 3472 2443 no-

1902 2488 2067 2545 stras,
2117 2480 2501 2535 conveniamus
2552 2479 2940 2548 nosmetipsos,
2990 2480 3278 2549 puniamus
3329 2478 3469 2532 mala

1901 2588 2024 2643 quae
2059 2570 2304 2627 fecimus.
2352 2570 2661 2642 Cogitemus
2708 2571 2835 2639 quid
2867 2571 2919 2624 in
2948 2570 3035 2625 die
3064 2567 3252 2638 iudicii
3292 2569 3470 2639 magni

1902 2665 2001 2721 Dei
2030 2665 2226 2720 dicturi
2258 2678 2461 2719 sumus.
2489 2662 2622 2717 Nam
2649 2664 2742 2732 qui
2781 2679 2903 2717 eum
2946 2661 3135 2717 audire
3161 2661 3467 2723 noluerunt,

1895 2755 2010 2825 jam
2039 2755 2264 2810 ulterius
2290 2769 2394 2809 non
2419 2753 2650 2808 curabit.
2677 2751 2813 2819 Quid
2842 2749 3070 2821 amplius
3095 2748 3352 2806 exhibere
3375 2764 3471 2820 po-

1905 2845 2046 2901 tuit?
2097 2845 2287 2899 vivens
2334 2851 2492 2898 nocte
2537 2842 2730 2911 dieque
2777 2841 3118 2897 audientibus
3160 2841 3324 2894 verba
3376 2838 3468 2894 Dei

1905 2935 2267 2990 ministravit:
2303 2948 2426 2986 nam
2457 2940 2513 2987 et
2537 2933 2715 2987 verbis
2743 2931 2898 3001 pluit,
2933 2937 2988 2984 et
3018 2927 3293 2985 miraculis
3311 2943 3468 2985 com-

1905 3027 2096 3080 scavit.
2145 3024 2214 3078 Et
2232 3023 2343 3094 jam
2366 3023 2420 3076 in
2444 3020 2597 3078 caelis
2624 3036 2746 3075 cum
2785 3019 3001 3074 Christo
3044 3026 3254 3089 regnat,
3292 3025 3347 3074 et
3371 3016 3470 3071 ad-

1905 3116 2011 3170 huc
2037 3123 2276 3170 nostram
2297 3113 2524 3168 salutem
2553 3125 2744 3166 curare
2771 3125 2874 3164 non
2899 3117 3096 3163 cessat.
3124 3107 3472 3178 Imploremus

1905 3202 2333 3259 misericordiam
2390 3200 2602 3254 Domini
2648 3215 2746 3268 per
2802 3197 3239 3252 intercessionem
3299 3195 3470 3250 sancti

1904 3294 2102 3358 Patris,
2127 3303 2397 3364 quatenus
2429 3300 2484 3345 et
2511 3291 2599 3345 hic
2619 3304 2931 3343 maneamus
2953 3289 3005 3342 in
3037 3288 3153 3357 ejus
3186 3286 3429 3341 doctrina
3454 3304 3468 3339 :

1904 3394 1961 3440 et
2006 3385 2117 3438 illic
2161 3384 2492 3455 gaudeamus
2523 3381 2588 3434 de
2629 3388 2830 3432 acterna
2867 3386 2922 3431 et
2963 3375 3234 3430 communi
3277 3375 3467 3445 gloria.

1904 3475 1994 3531 Sic
2023 3490 2152 3545 ergo
2182 3474 2235 3527 in
2259 3475 2361 3527 hac
2384 3471 2494 3524 vita
2525 3469 2742 3523 monitis
2785 3466 2901 3538 ejus
2944 3466 3255 3520 obcdientes
3279 3465 3468 3529 simus,

1901 3575 1962 3622 ut
1997 3565 2267 3622 communi
2316 3563 2670 3618 retributione
2719 3560 2849 3614 inibi
2897 3558 3158 3612 laetemur.
3212 3556 3471 3613 Parcmus

1898 3657 1988 3712 hic
2015 3657 2067 3710 in
2095 3654 2182 3708 via
2205 3652 2347 3722 quod
2371 3652 2743 3722 possideamus
2772 3648 2825 3702 in
2868 3647 3062 3718 patria.
3097 3645 3353 3700 Dominus
3377 3644 3467 3700 Je-

1897 3761 2012 3811 sus,
2033 3745 2124 3815 qui
2157 3743 2271 3798 vult
2301 3757 2491 3798 omnes
2528 3740 2774 3796 homines
2795 3738 2972 3792 salvos
3001 3737 3140 3800 fieri,
3178 3735 3341 3792 faciat
3369 3751 3469 3792 nos

1897 3837 1967 3891 ad
2013 3843 2219 3891 tantum
2261 3841 2549 3904 patronum
2592 3832 2730 3887 bene
2775 3829 3051 3900 operando
3091 3827 3294 3893 venire,
3329 3837 3384 3885 et
3413 3828 3468 3884 in

1897 3935 2097 3982 atterna
2119 3925 2306 3982 iretitia
2340 3938 2554 3994 semper
2585 3936 2710 3978 cum
2735 3919 2826 3978 illo
2850 3920 3103 3994 gaudere.
3130 3917 3322 3974 Amen.

237 4287 3450 4318 __________________________________________________.

1241 4447 1684 4521 ΗΑΙΜΙΝΙ
1701 4449 1739 4519 Ι
1822 4444 2134 4520 EPIST
2151 4444 2412 4516 OLE.

1624 4600 1886 4664 (Bolland.,
1908 4598 2054 4664 ibid.)

701 4858 1031 4915 EPISTULA
1069 4860 1301 4915 PRIMA.

484 4966 726 5015 LEVITE,
769 4967 965 5006 POSTEA
1005 4968 1349 5019 PRESBYTER],
1389 4971 1456 5009 AD
1495 4969 1784 5008 VENERABP

658 5054 764 5093 ιειι
803 5057 1011 5094 PATER!
1052 5058 1336 5096 HAIIINUM.

286 5127 743 5182 Reverentissimo
785 5130 935 5184 Patri
969 5131 1218 5186 llaimino
1253 5132 1378 5186 Milo
1407 5132 1788 5188 devotissimus

214 5217 447 5272 filiorum
473 5219 811 5274 indelebilem
839 5229 1053 5275 aeternae
1085 5206 1357 5277 felicitatis
1371 5222 1785 5291 iucunditatem.

283 5307 588 5364 Perfruitus
626 5312 893 5378 quondam
939 5320 1134 5367 vestrae
1166 5312 1594 5369 mansuetudinis
1633 5312 1782 5367 beni-

210 5397 475 5466 gnissimo
509 5398 694 5461 aifatu,
726 5415 791 5454 eo
819 5401 1026 5457 scilicet
1066 5412 1330 5472 tempore,
1365 5419 1474 5473 quo
1501 5412 1786 5472 susceptus

211 5505 245 5542 a
284 5491 438 5544 vobis
479 5499 658 5544 vestra
706 5491 1006 5548 immeritus
1041 5494 1214 5548 merui
1250 5492 1537 5562 jucundari
1582 5493 1786 5547 allocu-

214 5581 384 5646 tione,
424 5597 491 5637 ac
532 5582 785 5637 mellillua
825 5584 1094 5654 perfoveri
1135 5585 1452 5650 dulcedine,
1490 5585 1786 5655 gratiarum

213 5672 486 5727 actionem
557 5674 822 5742 persolvo.
899 5674 1175 5744 Siquidem
1245 5692 1372 5746 erga
1437 5677 1784 5748 exiguitatem

225 5776 396 5816 uncam
447 5770 595 5816 tanta
643 5773 836 5821 vestra:
879 5767 1208 5823 excellentiae
1253 5767 1555 5839 benignitas
1599 5767 1787 5838 viguit,

215 4966 429 5005 Ιιιοιιε

1815 4865 1867 4925 D
1892 4873 1953 4920 ut
1989 4865 2242 4936 deinceps
2278 4878 2384 4918 non
2424 4868 2697 4925 cessaret,
2735 4857 2880 4930 quod
2925 4855 3308 4912 inflammatum
3345 4865 3464 4912 erat

1885 4957 1940 5011 in
1984 4959 2147 5012 corde
2194 4971 2335 5028 meo,
2361 4953 2528 5008 vestri
2569 4951 2772 5007 amoris
2818 4949 3012 5004 ardere
3039 4948 3369 5012 incendium,
3408 4961 3465 5004 et

1885 5061 1992 5101 non
2024 5046 2294 5100 immerito
2323 5063 2336 5099 :
2365 5045 2558 5113 quippe
2581 5041 2739 5097 melle
2762 5040 2901 5111 pleni
2923 5039 3302 5097 sincerissima:
3328 5039 3463 5094 dile-

1886 5138 2082 5192 ctionis
2107 5137 2288 5192 cordis
2326 5151 2391 5191 ac
2415 5136 2660 5205 corporis
2683 5143 2832 5205 gesta
2862 5140 3197 5196 cunctantes,
3229 5147 3348 5201 quae
3374 5133 3461 5186 in-

1888 5228 2086 5282 teriora
2116 5225 2284 5279 vestri
2313 5226 2550 5294 pectoris
2574 5224 2846 5280 habebant
2873 5223 3090 5285 cubilia,
3139 5221 3296 5276 facile
3323 5221 3462 5274 obti«

1888 5315 2102 5380 nuistis,
2135 5329 2202 5368 ne
2227 5314 2292 5369 de
2319 5313 2468 5370 fibris
2505 5314 2639 5368 meis
2668 5314 2780 5369 ullo
2806 5329 3039 5383 unquam
3071 5321 3258 5366 tenore
3282 5319 3458 5364 vestra

1887 5404 2098 5459 labatur
2135 5402 2382 5458 amabilis
2419 5404 2658 5470 mentio;
2698 5403 2794 5459 sed
2835 5402 3164 5458 aeternaliter
3203 5400 3460 5453 innovata

1886 5501 2238 5551 conservetur
2279 5502 2335 5548 et
2373 5495 2628 5564 perduret
2665 5493 2800 5549 flore
2847 5488 3294 5547 immarcessibili.
3342 5487 3460 5554 Qua

1887 5585 1954 5642 de
1983 5601 2042 5641 re
2069 5585 2239 5640 fidens
2268 5585 2321 5640 in
2351 5597 2459 5639 tam
2499 5584 2748 5638 laudabili
2779 5582 3103 5654 paterni‘tate
3130 5588 3330 5642 vestra,
3363 5593 3460 5634 seu

1889 5676 2032 5732 filius
2077 5677 2241 5732 indidi
2288 5676 2536 5731 manibus
2579 5674 2774 5729 vestris
2819 5673 3026 5740 ineptas
3076 5683 3209 5725 mea:
3255 5669 3458 5739 impru-

1889 5767 2082 5824 dentia:
2133 5767 2370 5832 namias,
2422 5764 2897 5836 praeexcrcitamcn
2945 5756 3170 5818 scilicet
3198 5759 3456 5834 ingenioli
