3884 6192
1438 325 1780 385 HETTONIS
1819 321 2264 380 BASILEENSIS
2303 318 2603 376 EPISCOPI

3550 310 3649 364 766

1144 625 1871 798 HETTONIS
1953 615 2878 736 CAPITULARE.

1691 823 2009 889 (Hartzbeim,
2035 820 2178 873 Cone.
2201 819 2392 880 Germ.)

485 1061 634 1119 Haec
675 1051 950 1144 capitula
984 1065 1130 1128 quae
1164 1048 1528 1124 sequuntur
1553 1040 1746 1101 Hetto
1783 1027 2504 1121 BasileensisEcclestze
2535 1025 2826 1095 antistes,
2860 1030 2924 1085 et
2953 1023 3148 1084 abbas
3177 1021 3452 1110 cqanobii
3485 1022 3655 1112 quod

561 1137 572 1144 .
731 1133 746 1144 .
822 1132 858 1144 ..
1151 1126 1165 1144 ι
1244 1123 1391 1144 με-
1429 1138 1553 1144 ---μ
1595 1116 1884 1144 λεωηληξι.
1918 1112 2230 1144 Ληι-Ηησηηί
2266 1129 2279 1143 .
2318 1106 2556 1144 nnuhnc
2607 1109 3042 1144 mnnclpnnlnr
3073 1101 3351 1144 nnnllinr
3381 1119 3451 1144 en
3486 1120 3655 1144 incnc

407 1101 634 1214 Αιίὲἷξιυ
988 1101 1558 1204 BEEsﬁji‘éii‘ésim
1591 1116 1886 1206 dicecesis
1915 1111 2234 1214 ordinavit
2265 1129 2280 1167 :
2317 1106 3042 1214 quibusrmonstrentt‘tr
3073 1101 3451 1214 se
3486 1102 3658 1214 ipsos

408 1177 932 1294 ζουῖιίὲὺθῐῖ
951 1177 1570 1269 b5£n1£i§§5iﬁcisté
1600 1177 1863 1274 etjuste
1895 1208 2141 1269 regere,
2172 1177 2366 1266 atque
2401 1185 2466 1245 in
2501 1182 2812 1260 religione
2843 1177 3215 1241 confirmare
3249 1177 3549 1240 debeant.

473 1423 661 1479 Primo
680 1418 921 1474 omnium
951 1410 1286 1469 discutienda
1311 1415 1413 1461 est
1455 1405 1589 1460 ﬁdes
1626 1402 1988 1462 sacerdotum,

405 1515 640 1585 qualiter
667 1511 908 1569 credant,
939 1514 995 1560 et
1033 1504 1169 1558 alios
1217 1499 1442 1555 credere
1487 1496 1750 1557 doceant;
1796 1491 1888 1585 ubi
1938 1496 1995 1543 et

405 1580 651 1672 exempla
680 1597 1024 1671 proponenda
1047 1601 1193 1657 sunt,
1215 1602 1481 1660 quatenus
1504 1604 1533 1641 a
1558 1594 1808 1642 creatura
1829 1580 1990 1637 Crea-

410 1705 513 1762 tor,
539 1692 1069 1766 quantulumcunque
1094 1684 1264 1756 possit
1285 1681 1530 1751 intelligi.

1174 1796 1237 1851 ll.

479 1898 727 1955 Secundo
759 1893 1077 1964 iubendum,
1119 1898 1178 1944 ut
1203 1887 1388 1943 Oratio
1433 1881 1735 1944 Dominica,
1782 1879 1836 1932 in
1885 1892 1991 1946 qua

407 1990 588 2047 omnia
621 1987 927 2043 necessaria
972 1985 1221 2037 humanae
1267 1979 1391 2032 vitae
1437 1971 1990 2043 comprehenduntur,

406 2094 461 2138 et
487 2081 802 2152 Symbolum
827 2075 1211 2146 apostolorum,
1242 2072 1293 2125 in
1317 2085 1424 2139 quo
1451 2068 1584 2122 ﬁdes
1615 2063 1879 2121 catholica
1925 2079 1988 2116 ex

409 2175 621 2243 integro
669 2165 1164 2236 comprehenditur,
1206 2163 1273 2216 ah
1315 2161 1564 2215 omnibus
1601 2157 1838 2212 discatur
1879 2160 1992 2206 tam

410 2264 594 2326 latine,
627 2276 789 2330 quam
816 2257 1097 2312 harbarice
1121 2256 1148 2294 δ
1180 2272 1193 2308 :
1221 2260 1279 2307 ut
1327 2252 1470 2321 quod
1512 2264 1608 2304 ore
1648 2245 1990 2317 proﬁtentur,

409 2355 574 2409 corde
602 2353 856 2408 credatur
883 2359 937 2405 et
965 2347 1314 2416 intelligatur.

1167 2460 1252 2514 Ill.

479 2557 684 2620 Tertio,
710 2555 1067 2611 intimandum
1095 2561 1179 2608 est
1205 2559 1264 2605 ut
1295 2551 1362 2606 ad
1409 2548 1764 2605 salutationes
1815 2561 1994 2601 sacer-

411 2649 620 2704 dotales
663 2662 914 2720 congruae
971 2644 1348 2716 responsiones
1405 2642 1704 2703 discantur,
1757 2639 1846 2693 ubi
1885 2654 1990 2691 non
2021 2651 2068 2710 Β

410 2739 582 2796 solum
612 2739 812 2801 clerici,
845 2745 901 2792 et
924 2737 1036 2792 Deo
1063 2735 1274 2800 dicatae,
1308 2724 1650 2788 sacerdotali‘
1685 2729 1993 2799 responsio-

412 2844 538 2883 nem
559 2828 805 2892 oﬂ'erant,
830 2828 924 2882 sed
953 2825 1131 2881 omnis
1156 2825 1308 2895 plebs
1346 2823 1539 2878 devota
1583 2835 1818 2874 consona
1865 2832 1998 2872 voce

412 2919 738 2987 respondere
766 2916 946 2972 debet.

1163 3002 1254 3057 IV.

486 3095 712 3163 Quarto,
751 3069 964 3149 ut'ﬁdes
982 3093 1261 3148 Athanasii
1285 3109 1314 3146 a
1339 3091 1710 3147 sacerdotibus
1735 3090 1994 3155 discatur;

412 3199 467 3244 et
496 3203 563 3244 ex
582 3188 743 3243 corde
767 3198 790 3226 α
823 3187 908 3242 die
935 3185 1214 3241 Dominico
1238 3185 1303 3238 ad
1331 3185 1520 3238 horam
1548 3181 1821 3236 recitetur.

485 3388 704 3456 Quinto,
735 3396 792 3440 ut
817 3387 990 3442 sciant
1019 3385 1146 3455 quid
1173 3384 1243 3438 sit
1271 3389 1672 3438 sacramentum
1711 3381 2002 3451 baptisma-

413 3481 506 3546 tis,
535 3489 590 3534 et
614 3478 1057 3540 conﬁrmationis,
1091 3484 1145 3530 et
1173 3475 1330 3545 quale
1351 3474 1420 3528 sit
1446 3473 1764 3544 mysterium
1809 3488 2000 3542 corpo-

414 3574 492 3628 ris
515 3582 572 3628 et
605 3572 885 3641 sanguinis
925 3569 1139 3625 Domini
1169 3585 1182 3620 :
1214 3565 1484 3638 quomodo
1532 3567 1586 3620 in
1643 3567 1844 3620 eisdem
1887 3581 2004 3639 my-

412 3665 596 3720 steriis
621 3663 848 3718 visibilis
875 3671 1121 3717 creatura
1143 3661 1376 3724 videtur,
1402 3667 1457 3714 et
1492 3666 1669 3712 tamen
1719 3658 2002 3714 invisibilis

417 3757 567 3811 salus
588 3757 655 3810 ad
679 3755 1033 3810 aeternitatem
1062 3755 1255 3808 anima:
1278 3753 1742 3818 subministratur,
1785 3769 1904 3823 qua:
1945 3753 1999 3807 in

414 3845 530 3902 sola
559 3844 662 3899 ﬁde
693 3844 1022 3900 continetur.

1171 3932 1258 3987 VI.

488 4023 674 4087 Sexto,
702 4038 823 4093 qua:
855 4022 986 4092 ipsis
1011 4021 1379 4076 sacerdotibus
1413 4037 1716 4078 necessana
1758 4031 1884 4078 sunt
1929 4040 1960 4080 a

416 4115 748 4176 discendum,
800 4111 854 4165 id
900 4118 984 4166 est
1031 4111 1535 4175 sacramentarium,
1597 4111 1998 4179 lectionarium,

417 4202 875 4272 antiphonarium,
903 4201 1297 4270 baptisterium,
1322 4210 1624 4272 computus,
1670 4217 1842 4257 canon
1880 4219 1997 4272 pre-

416 4293 733 4358 nitcntialis,
758 4291 1101 4353 Psalterium,
1134 4291 1368 4346 humilia:
1410 4307 1508 4361 per
1553 4292 1814 4348 circulum
1871 4295 1998 4348 anni

416 4383 712 4440 Dominicis
737 4381 946 4447 diebus,
984 4389 1036 4435 et
1063 4381 1287 4450 singulis
1309 4381 1690 4437 festivitatibus
1715 4392 1872 4454 aptze.
1923 4384 1996 4441 Ex

415 4473 611 4542 quibus
637 4471 890 4528 omnibus
913 4471 958 4524 si
995 4485 1161 4524 unum
1195 4468 1444 4534 defuerit,
1477 4471 1774 4527 sacerdotis
1806 4489 1999 4528 nomen

416 4565 504 4617 vix
535 4565 588 4618 in
613 4578 679 4617 eo
701 4561 970 4617 constabit
995 4578 1008 4614 :
1037 4562 1162 4630 quia
1192 4560 1346 4615 valde
1369 4562 1681 4630 periculosa:
1700 4573 2001 4619 suntevan-

417 4654 599 4724 gelicze
620 4653 799 4718 minze,
823 4652 1018 4722 quibus
1047 4651 1245 4705 dicitur
1268 4669 1281 4705 :
1314 4649 1372 4705 Si
1397 4667 1562 4705 caecus
1593 4667 1728 4706 cwco
1753 4652 2001 4706 ducatum

416 4755 644 4815 praestet,
668 4744 893 4799 amboin
915 4743 1115 4814 foveam
1137 4743 1330 4797 cadunt
1360 4742 1585 4816 (Matth.
1610 4758 1679 4796 xv
1700 4747 1742 4815 ).

1147 4856 1254 4911 VII.

489 4942 755 5013 Septimo,
786 4954 845 4999 ut
867 4945 1041 5000 sciant
1065 4954 1306 5015 tempora
1334 4945 1572 5017 legitima
1596 4947 1664 5002 ad
1719 4949 1998 5020 baptizan-

417 5035 542 5089 dum
568 5035 618 5088 in
649 5050 822 5099 anno;
857 5035 908 5089 id
929 5043 1013 5090 est
1047 5036 1270 5091 sabbato
1294 5049 1481 5091 sancto
1508 5039 1728 5094 Pascha:
1757 5060 1770 5094 :
1801 5049 1862 5095 ut
1905 5041 1997 5097 illa

417 5125 557 5178 trina
580 5124 778 5179 mersio
807 5125 862 5178 in
882 5125 1205 5194 baptismate
1230 5127 1473 5181 imitetur
1511 5130 1814 5186 triduanam
1851 5147 1999 5186 mor-

415 5219 525 5267 tem
561 5211 798 5277 Domini,
826 5212 1174 5267 clariﬁcatam
1213 5218 1628 5273 resurrectione.
1685 5220 1751 5274 Et
1791 5221 1997 5277 idcirco

2017 1311 2064 1372 Α
2091 1307 2238 1363 omni
2299 1304 2496 1376 p0pulo
2546 1301 2858 1357 Christiano
2903 1300 3282 1355 celebrabitur.
3335 1301 3493 1355 Aliud
3538 1317 3666 1355 vero

2091 1408 2302 1466 tempus
2321 1394 2662 1464 baptismatis
2681 1393 2905 1447 sabbato
2933 1399 3120 1445 sancto
3147 1390 3499 1446 Pentecostes
3527 1392 3669 1446 cele-

2089 1491 2355 1546 brandum
2398 1495 2502 1544 est.
2545 1487 2603 1541 Si
2649 1502 2779 1541 vero
2824 1486 3118 1540 necessitas
3174 1486 3492 1556 contigerit,
3521 1487 3667 1540 omni

2092 1590 2332 1650 tempore
2359 1575 2779 1634 subveniendum
2801 1585 2903 1640 est,
2925 1577 3049 1645 quia
3087 1578 3384 1631 necessitas
3439 1577 3529 1630 vix
3580 1577 3676 1630 ha-

2089 1675 2180 1729 bet
2205 1673 2416 1742 legem:
2450 1678 2588 1724 etut
2625 1685 2721 1724 vas
2761 1669 2828 1722 ad
2872 1668 3074 1723 fontem
3126 1668 3485 1738 baptismatis,
3528 1671 3674 1737 quod

2090 1765 2155 1818 ad
2181 1763 2418 1833 reliquos
2441 1777 2593 1828 usus,
2624 1760 2928 1816 nullatenus
2955 1768 3279 1815 assumatur.

2822 1871 2952 1927 Vill.

2161 1983 2388 2048 Octavo,
2414 1983 2871 2052 pronuntiandum
2895 1991 2978 2038 est
3009 1991 3067 2037 ut
3093 1984 3265 2038 sciant
3307 1992 3554 2054 tempora
3606 1987 3682 2040 fe-

2091 2075 2266 2130 riandi
2296 2090 2393 2144 per
2421 2091 2654 2140 annum;
2682 2073 2734 2128 id
2763 2082 2867 2138 est,
2890 2091 3103 2129 omnem
3141 2077 3475 2131 Dominicam
3504 2094 3536 2131 a
3571 2096 3675 2133 ma-

2092 2182 2161 2220 ne
2195 2180 2363 2233 usque
2387 2165 2454 2218 ad
2478 2180 2780 2234 vesperam,
2806 2179 2873 2218 ne
2911 2162 3174 2232 iudaismo
3224 2168 3532 2235 capiantur.
3586 2169 3679 2221 Fc-

2092 2254 2266 2310 riandi
2293 2270 2421 2310 vero
2451 2270 2546 2325 per
2572 2270 2772 2308 annum
2800 2254 2886 2308 isti
2911 2263 3034 2307 sunt
3059 2254 3195 2320 dies,
3253 2266 3312 2309 ut
3356 2273 3520 2327 supra
3569 2259 3676 2311 orsi

2093 2363 2280 2402 sumus
2321 2365 2333 2400 :
2377 2345 2584 2401 Natalis
2629 2346 2881 2410 Domini,
2933 2346 3106 2400 sancti
3163 2345 3445 2415 Stephani,
3510 2349 3680 2400 sancti

2093 2437 2317 2492 Joannis
2371 2437 2731 2507 evangelistm,
2779 2436 3168 2500 Innocentium,
3203 2445 3395 2489 octava
3446 2437 3682 2497 Domini,

2096 2526 2468 2594 Theophania,
2537 2524 2850 2579 Puriﬁcatio
2914 2533 3114 2579 sancta:
3181 2523 3380 2589 Mariae,
3435 2533 3682 2580 sanctum

2094 2617 2482 2682 Pascha,sicut
2511 2617 2774 2687 superiori
2805 2616 3040 2687 capitulo
3071 2617 3524 2687 comprehensum
3558 2626 3642 2671 est
3667 2636 3678 2668 :

2094 2709 2424 2780 Rogationes
2453 2710 2622 2764 tribus
2641 2709 2847 2774 diebus,
2895 2709 3150 2764 Ascensio
3197 2707 3433 2771 Domini,
3483 2708 3680 2761 sabba-

2096 2809 2209 2855 tum
2235 2808 2480 2854 sanctum
2501 2798 2870 2864 Pcntecestes,
2910 2800 3082 2853 sancti
3128 2796 3350 2852 Joannis
3405 2797 3679 2866 Baptistze,

2096 2891 2377 2947 duodecim
2432 2891 2814 2960 apostolorum,
2862 2891 3098 2945 maxime
3146 2899 3320 2944 tamen
3367 2899 3679 2944 sanctorum

2098 2980 2242 3035 Petri
2265 2989 2319 3034 et
2345 2979 2513 3040 Pauli,
2547 2981 2637 3050 qui
2662 2981 2927 3052 Europam
2959 2997 3053 3036 sua
3078 2981 3457 3051 przedicatione
3489 2982 3683 3036 illmni-

2097 3079 2365 3126 naverunt
2398 3089 2410 3124 :
2436 3070 2746 3140 Assumptio
2772 3081 2970 3126 sancta
2998 3072 3177 3126 Mariae
3200 3113 3215 3137 ,
3241 3072 3525 3127 Dedicatio
3545 3075 3683 3127 basi-

2097 3159 2216 3214 lica)
2241 3161 2412 3214 sancti
2438 3159 2712 3214 Michaelis
2736 3160 3065 3231 archangeli,
3096 3161 3363 3215 dedicatio
3395 3160 3682 3228 cujuscun-

2099 3267 2204 3321 que
2233 3250 2476 3314 oratorii,
2512 3265 2602 3305 seu
2633 3249 2914 3319 cujuslibet
2941 3252 3138 3315 sancti,
3193 3252 3246 3305 in
3293 3249 3450 3318 cujus
3485 3253 3686 3305 bonone

2099 3343 2286 3396 eadem
2329 3339 2559 3396 ecclesia
2608 3337 2828 3393 fundata
2872 3349 2976 3404 est,
3029 3341 3170 3411 quod
3217 3341 3414 3395 vicinis
3469 3349 3680 3394 tantum

2100 3431 2643 3486 circummorantibus
2665 3431 3008 3485 indicendum
3057 3438 3161 3493 est,
3214 3447 3319 3483 non
3361 3432 3685 3499 generaliter

2099 3524 2366 3577 omnibus.
2391 3523 2652 3576 lndictum
2681 3537 2809 3575 vero
2833 3520 3096 3591 jejunium
3116 3521 3169 3584 ἀ,
3199 3522 3414 3590 quando
3467 3539 3496 3574 a
3547 3522 3684 3591 pala-

2101 3616 2177 3670 tio
2197 3655 2212 3680 ,
2255 3615 2337 3668 vel
2365 3631 2394 3667 a
2425 3615 2586 3668 domo
2616 3613 2778 3668 fuerit
2804 3615 3200 3678 denuntiatum,
3231 3616 3298 3669 ab
3325 3617 3588 3670 omnibus
3607 3632 3682 3684 ge-

2100 3704 2358 3759 neraliter
2384 3705 2720 3759 observetur.
2767 3703 3008 3774 Reliquze
3050 3720 3180 3759 vero
3222 3705 3549 3761 festivitates
3597 3720 3683 3776 per

2101 3809 2326 3861 annum,
2385 3796 2556 3849 sancti
2608 3795 2874 3860 Remedii,
2912 3807 2935 3834 ε
2969 3797 3142 3850 sancti
3195 3797 3462 3862 Mauricii,
3515 3796 3680 3851 sancti

2103 3882 2336 3948 Martini,
2373 3899 2480 3938 non
2515 3891 2640 3937 sunt
2663 3885 2914 3954 cogenda:
2947 3886 3013 3938 ad
3039 3885 3358 3945 feriandum,
3389 3903 3490 3941 nec
3506 3897 3681 3941 tamen

1966 4025 1996 4079 ά
2023 4007 2068 4069 C
2099 3973 2514 4075 prohibendum,
2545 3973 2589 4027 si
2621 3973 2931 4043 plebcshoc
2982 3984 3132 4030 caste
3181 3983 3236 4030 et
3285 3975 3403 4032 zelo
3458 3978 3554 4032 Dei
3600 3993 3682 4031 cu-

2099 4064 2253 4134 piunt
2284 4077 2561 4118 exercere.

2171 4263 2344 4330 Nono,
2366 4263 2661 4332 iubendum
2690 4272 2775 4318 est
2827 4264 3018 4319 iisdem
3072 4263 3445 4318 sacerdotibus
3485 4274 3548 4320 ut
3581 4281 3678 4319 non

2099 4354 2415 4422 permittant
2443 4368 2625 4408 secum
2651 4353 2903 4408 mulieres
2924 4353 3170 4408 habitare
3197 4363 3489 4408 extraneas
3533 4355 3678 4422 juxta

2102 4442 2374 4497 Nicacnnm
2396 4442 2681 4496 concilium
2712 4443 2758 4507 ί,
2781 4443 2882 4496 nisi
2912 4458 3006 4497 eas
3037 4450 3242 4497 tantum
3268 4443 3322 4497 in
3352 4445 3556 4514 quibus
3571 4460 3682 4500 sus-

2100 4533 2240 4605 picio
2268 4533 2410 4587 nulla
2440 4533 2592 4587 malm
2621 4533 2777 4587 fama!
2801 4533 3004 4588 oboriri
3026 4541 3222 4602 potest.

2836 4645 2906 4701 Χ.

2170 4757 2409 4823 Decimo,
2441 4765 2502 4811 ut
2536 4757 2789 4812 tabernas
2815 4772 2920 4813 non
2943 4756 3336 4826 ingrediantur,
3365 4771 3468 4814 nec
3494 4759 3677 4813 seden-

2013 4841 2021 4851 ‘
2099 4847 2168 4902 do
2213 4848 2379 4912 domi,
2415 4862 2515 4902 nec
2542 4847 2596 4901 in
2629 4846 2824 4901 itinere
2859 4846 3128 4916 occupati.
3178 4846 3236 4900 Si
3287 4862 3418 4901 vero
3466 4862 3680 4903 necesse

2098 4939 2300 4994 habent
2321 4939 2520 4994 ibidem
2540 4938 2742 5008 aliquid
2768 4937 3000 5002 emendi,
3030 4938 3224 4992 missos
3261 4951 3392 4991 suos
3427 4939 3673 5008 dirigant,

2099 5034 2154 5081 et
2177 5026 2356 5080 oblata
2376 5025 2429 5078 in
2457 5025 2618 5078 aliam
2665 5026 2881 5080 domum
2930 5025 3234 5090 conferant,
3277 5034 3334 5080 et
3380 5041 3507 5080 cum
3561 5040 3675 5096 gra-

2100 5119 2298 5172 tiarum
2322 5118 2536 5174 actione
2565 5117 2795 5174 ﬁdeliter
2823 5118 3143 5189 percipiant.

2875 5229 2964 5284 XI.

415 5317 589 5373 usque
618 5302 686 5357 ad
710 5311 964 5358 octavum
991 5303 1133 5358 diem
1168 5304 1279 5374 ipsa
1333 5309 1667 5377 regeneratio
1717 5326 1872 5366 sacra
1925 5314 1995 5368 ab
2021 5339 2073 5399 ο
2169 5320 2482 5385 Undecimo,
2537 5327 2596 5374 ut
2640 5319 2840 5388 placita
2884 5318 3161 5374 saecularia
3210 5335 3317 5374 non
3364 5322 3670 5380 observent,

485 5448 512 5478 ι
533 5437 702 5510 Augia
726 5437 914 5510 Dives,
942 5440 1244 5510 cmnobium
1265 5449 1348 5496 est
1381 5441 1500 5496 ord.
1527 5440 1584 5498 S.
1610 5443 1886 5501 Benedicti
1927 5447 1994 5502 ad

414 5504 678 5571 Rhenum,
721 5509 776 5563 in
798 5510 1015 5566 ὀίωοεεί
1053 5508 1466 5566 Constantiensi.

491 5579 518 5616 δ
547 5577 604 5630 Id
640 5587 740 5642 est,
807 5578 1150 5645 Germanice,

416 5645 632 5710 Franci,
651 5657 706 5701 et
732 5648 852 5703 ideo
877 5650 1080 5706 Latinis
1104 5645 1318 5707 barbari
1351 5645 1500 5706 dicti.

489 5727 510 5754 ε
544 5714 648 5769 Pro
677 5719 987 5773 memoriter.

1235 5535 1466 5566 “lucum.
2092 5535 2241 5590 juma
2268 5560 2284 5584 ,

1235 5581 1587 5658 qu_a__liqgua
1642 5583 1997 5652 loquebantur
2096 5589 2284 5658 cap.‘2.

2167 5449 2194 5490 ἀ
2216 5448 2260 5503 Α
2288 5449 2504 5516 regibus
2529 5448 2858 5504 Francorum
2894 5448 3088 5503 indicta
3117 5449 3282 5504 fuisse
3330 5449 3563 5505 subditis
3587 5447 3669 5516 je-

2366 5517 2492 5589 eges
2542 5520 2684 5588 apud
2734 5517 2961 5588 Gregor.
3023 5519 3393 5574 Tumucnscm
3447 5519 3511 5573 L.
3540 5533 3628 5572 nx
3652 5555 3668 5579 ,

2171 5670 2192 5695 ε’
2218 5659 2398 5718 Forte,
2431 5657 2486 5711 S.
2515 5657 2756 5726 Remigii.

2173 5727 2190 5765 τ
2224 5728 2498 5782 Νίεωιιυιιι
2524 5725 2718 5782 conci].
2749 5769 2762 5792 ,
2795 5741 2916 5782 can.
2939 5727 2996 5791 3,
3023 5734 3168 5781 tomo
3192 5726 3237 5790 l,
3259 5742 3377 5797 pag.
3408 5725 3530 5780 137.
