3884 6192
181 313 307 370 765

1585 307 2042 365 CAPITUIARE.

3341 311 3449 368 766

182 446 303 487 nec
332 427 677 496 ﬁdeiussores
718 427 945 480 existant
969 442 984 479 :
1008 442 1107 481 nec
1150 441 1314 481 canes
1352 426 1420 480 ad
1453 427 1778 486 venandum.
1809 428 1857 487 Α
1885 425 2130 494 exemplo
2160 425 2484 496 praedicent,
2515 436 2574 482 ut
2620 429 2800 483 nullus
2832 444 3029 486 usuras
3071 432 3322 501 accipiat,
3347 447 3452 489 nec

181 537 300 577 nec
320 517 728 589 accipitres,vel
765 515 1025 580 falcones,
1073 531 1173 570 nec
1211 515 1534 584 sparvarios,
1566 530 1664 568 nec
1696 513 1778 567 ul-

180 613 305 666 lius
334 610 470 673 ludi,
489 616 582 662 aut
617 607 909 676 spectaculi
961 607 1234 661 licentiam
1281 606 1514 660 habeant
1542 623 1555 660 :
1584 605 1779 660 sufﬁcit
1834 618 1836 621 ·

177 704 349 757 enim
369 701 455 756 eis
472 699 614 770 quod
640 699 694 752 in
715 697 934 753 Pssimo
956 697 1154 766 legitur
1177 715 1190 750 :
1217 696 1285 750 In
1309 695 1418 766 lege
1439 695 1650 749 Domini
1668 712 1779 748 esse

179 809 382 848 eam
401 789 745 852 voluntatem,
769 798 816 842 et
840 789 898 841 in
922 787 1032 857 lege
1057 787 1172 856 ejus
1205 785 1450 840 meditari
1474 785 1562 838 die
1581 801 1643 838 ac
1685 800 1779 838 no-

178 893 272 937 ete
294 879 487 951 (Paul.
514 881 598 950 r);
619 887 674 933 et
694 876 838 948 quod
856 879 912 930 in
934 875 1192 946 Apostolo
1227 874 1535 945 praecipitur
1559 892 1573 926 :
1609 872 1775 926 Nemo

178 973 434 1026 militans
453 969 590 1034 Deo,
608 968 835 1038 implicet
870 984 925 1021 ae
963 967 1182 1036 negotiis
1230 963 1588 1028 swcularibua,
1634 973 1689 1016 ut
1730 963 1778 1016 ei

179 1061 425 1126 ἰρι-αι,
453 1061 538 1114 αἱ
564 1075 621 1114 te
641 1058 873 1128 probarit
904 1056 996 1127 (11
1033 1056 1168 1110 Tim.
1199 1071 1260 1120 ll,
1286 1054 1378 1124 4).

362 1181 367 1186 -
941 1147 1057 1202 XII.

255 1238 620 1303 Duodecim,
643 1246 704 1292 ut
730 1237 907 1292 sciant
924 1238 1051 1307 quia
1080 1251 1238 1290 nemo
1263 1251 1362 1306 per
1391 1236 1650 1306 pecunias
1683 1250 1779 1290 or-

182 1330 468 1385 dinandus
483 1336 586 1393 est,
614 1343 715 1382 nec
742 1342 842 1398 per
871 1340 1094 1381 munera
1145 1326 1430 1382 ecclesiam
1480 1325 1637 1380 debet
1687 1339 1779 1380 oc—

181 1436 397 1490 cupare
430 1420 597 1489 :quia
624 1419 670 1474 si
697 1417 900 1473 factum
926 1417 1106 1481 fuerit,
1133 1425 1189 1471 et
1233 1418 1364 1486 ipse,
1410 1429 1463 1472 et
1500 1417 1781 1473 ordinatur

177 1511 310 1580 eius
328 1509 628 1580 deponendi
662 1517 819 1573 sunt;
847 1507 974 1577 quia
1008 1507 1354 1561 manifestum
1381 1515 1487 1570 est,
1521 1520 1638 1571 eos,
1679 1506 1797 1574 qui-

178 1601 318 1656 talia
353 1607 545 1670 agunt,
567 1597 869 1653 Simouiaca
923 1597 1131 1651 bmrese
1176 1603 1559 1666 :egrotare:et
1617 1594 1780 1650 talem

177 1705 295 1745 ροη
320 1704 421 1752 per
447 1689 646 1743 ostium
666 1689 720 1742 in
741 1687 881 1743 ovile
897 1686 1075 1742 ovium
1095 1685 1251 1755 juxta
1290 1684 1561 1756 Evangelii
1589 1684 1777 1749 verba,

1874 516 2146 587 sesculpa,
2176 533 2277 573 uec
2302 519 2536 586 speciem
2560 535 2658 588 pro
2682 521 2882 589 specie.
2913 520 3048 587 Quia
3077 523 3232 578 valde
3260 523 3451 578 inlide-

1876 604 1945 659 lis
1967 615 2022 660 et
2043 606 2256 660 rebellis
2280 607 2373 661 Dei
2395 607 2729 674 jussionibus
2753 618 2858 672 est,
2873 610 2963 678 qui
2993 611 3095 664 hoc
3117 612 3229 678 agit
3259 629 3274 665 :
3306 615 3451 682 quod

1876 698 2127 752 omnibus
2145 697 2472 753 Christianis
2492 714 2643 768 aeque
2665 699 3011 754 interdictum
3035 714 3158 754 esse
3182 701 3452 771 dignoscr-

1879 795 1982 849 tur,
2007 788 2244 841 maxime
2270 796 2448 841 tamen
2470 789 2968 858 sacerdotibus,qni
2988 788 3162 844 forma
3187 798 3246 843 et
3271 804 3452 843 exem-

1876 877 2023 947 plum
2055 876 2179 931 ﬁdei
2203 878 2458 932 omnibus
2483 893 2602 932 esse
2635 878 2855 933 debent.

2510 967 2688 1023 XVIII.

1950 1059 2172 1112 Decimo
2215 1065 2428 1122 octavo,
2460 1067 2520 1112 ut
2571 1058 2753 1112 nullus
2801 1059 3117 1118 ordinatus.
3148 1059 3264 1113 sive
3307 1058 3455 1113 ordi-

1878 1149 2091 1202 nandus
2133 1149 2328 1218 migret
2381 1149 2448 1202 de
2499 1163 2592 1201 sua
2631 1149 2886 1217 parochia
2916 1150 2981 1201 ad
3015 1149 3194 1213 aliam,
3229 1165 3330 1203 nec
3386 1151 3453 1203 ad

1879 1236 2064 1291 limina
2121 1237 2485 1307 apostolorum
2533 1252 2697 1291 causa
2743 1237 3039 1300 orationis,
3069 1238 3313 1291 ecclesia:
3341 1252 3451 1292 sua:

1879 1344 2010 1382 cura
2035 1327 2230 1381 delicta
2258 1326 2303 1391 ί,
2334 1343 2434 1382 nec
2462 1328 2530 1380 ad
2561 1327 2820 1395 palatium
2849 1342 3009 1380 causa
3039 1326 3450 1395 interpellandi:

1879 1433 1980 1472 nec
2005 1434 2035 1471 a
2067 1419 2443 1471 communione
2469 1433 2766 1487 suspensus
2787 1418 2854 1471 ab
2890 1417 2997 1471 alio
3021 1418 3453 1471 communionem

1879 1507 2198 1576 recipiendi,
2220 1507 2338 1560 sine
2364 1509 2719 1576 permissione
2741 1518 2796 1562 et
2835 1509 3173 1578 pnescientia
3215 1510 3454 1579 episcopi

1881 1599 1964 1654 sui
1995 1613 2010 1652 :
2044 1599 2186 1668 quod
2216 1599 2262 1652 si
2293 1597 2510 1663 fecerit,
2533 1599 2667 1652 nihil
2697 1599 2844 1654 valet
2873 1598 3182 1666 huiusmodi
3212 1616 3459 1654 commu-

1881 1691 1995 1754 nio,
2027 1699 2120 1745 aut
2145 1691 2434 1754 ordinatio,
2467 1700 2560 1744 aut
2584 1691 2924 1760 demigratio.
2959 1691 3027 1745 Et
3075 1693 3177 1746 hoc
3205 1693 3459 1746 omnibus

179 1785 279 1839 sed
308 1781 699 1836 ascendentem
732 1778 948 1834 aliunde
975 1777 1155 1832 furum
1173 1791 1296 1834 esse
1322 1785 1372 1833 et
1399 1777 1682 1832 latronem.
1711 1776 1779 1830 Et
1806 1764 1852 1823 Β
1881 1781 2131 1836 ﬁdelibus
2154 1781 2577 1835 denuntiandum
2611 1799 2626 1834 :
2650 1789 2732 1844 ut,
2760 1780 2852 1850 qui
2888 1795 3052 1834 causa
3088 1781 3351 1835 orationis
3387 1782 3456 1835 ad

183 1887 296 1927 non
331 1871 509 1926 solum
536 1869 658 1940 ipsi,
683 1869 776 1939 qui
798 1869 900 1923 hoc
923 1866 1150 1933 faciunt,
1172 1866 1268 1923 sed
1315 1874 1370 1922 et
1401 1865 1494 1937 qui
1543 1880 1774 1921 consen-

184 1965 342 2020 tiunt
367 1961 712 2025 facientibus,
738 1959 1243 2015 excommunicandi
1262 1966 1410 2014 sunt.

916 2047 1054 2103 XIII.

259 2144 464 2201 Tertio
493 2142 725 2206 decimo,
756 2150 817 2195 ut
853 2139 1035 2195 nullus
1058 2145 1345 2206 vagantem
1390 2151 1459 2192 ex
1485 2135 1591 2190 alia
1617 2149 1779 2204 paro-

185 2237 322 2294 chia
372 2235 574 2290 audeat
626 2234 896 2304 recipere,
931 2239 1022 2286 aut
1057 2245 1242 2286 secum
1273 2226 1663 2291 commorandi,
1686 2234 1780 2281 aut

186 2329 430 2382 missam
473 2323 817 2388 celebrandi,
853 2322 959 2378 nisi
1011 2321 1368 2391 permissione
1414 2326 1600 2374 nostra
1630 2335 1647 2370 :
1677 2332 1779 2373 nec

186 2418 371 2474 ullius
400 2415 649 2472 ecclesiae
675 2423 770 2468 aut
795 2412 969 2482 plebis
1014 2407 1379 2481 gubernacula
1427 2405 1775 2476 suscipiendi,

188 2508 304 2564 nisi
336 2504 704 2577 pmveuiente
729 2501 1063 2558 conscientia
1089 2507 1307 2564 nostra;
1338 2509 1365 2538 ι
1387 2497 1479 2567 qui
1508 2510 1668 2552 secus
1694 2494 1778 2549 fe-

190 2596 366 2659 cerit,
387 2591 967 2650 exeommunicabitur.

923 2682 1059 2738 XIV.

261 2780 488 2846 Quarto
515 2777 747 2843 decimo,
777 2785 837 2831 ut
860 2776 912 2830 in
934 2775 1183 2846 tuguriis,
1211 2774 1458 2831 ecclesiis
1497 2790 1604 2830 non
1649 2789 1778 2830 con-

191 2870 460 2934 secratis,
487 2867 576 2924 vel
620 2868 676 2922 in
726 2866 993 2930 domibus,
1021 2865 1128 2920 nisi
1160 2864 1298 2920 forte
1325 2864 1578 2920 visitandi
1607 2865 1778 2936 gratia

193 2963 250 3018 in
280 2960 614 3016 inﬁmitate
643 2957 898 3020 detentis,
931 2955 1217 3010 missarum
1261 2955 1520 3026 mysteria
1548 2969 1656 3009 non
1685 2970 1777 3009 ee-

1877 1869 2065 1925 Iimina
2095 1871 2376 1925 beatorum
2402 1869 2768 1940 apostolorum
2799 1883 3024 1938 pergere
3041 1867 3454 1937 cupiunt,domi

1877 1959 2241 2015 conﬁteantur
2264 1969 2487 2030 peccata
2509 1976 2604 2015 sua
2635 1967 2690 2014 et
2716 1960 2794 2014 sic
2823 1959 3237 2028 proficiscantur
3274 1976 3289 2011 :
3326 1960 3453 2027 quia

1878 2067 1910 2106 a
1955 2052 2177 2121 proprio
2213 2052 2468 2122 episcopo
2509 2066 2624 2112 suo,
2678 2059 2773 2104 aut
2803 2051 3086 2105 sacerdote
3128 2050 3331 2121 ligandi
3362 2059 3460 2104 aut

1878 2142 2192 2199 exsolvendi
2220 2150 2366 2205 sunt,
2404 2156 2513 2196 non
2547 2141 2618 2195 ab
2646 2148 2930 2194 extraneo.

2603 2232 2747 2287 XIX.

1951 2327 2104 2382 Nono
2127 2325 2361 2391 decimo,
2391 2333 2450 2379 ut
2487 2323 2632 2378 aliud
2680 2324 2734 2378 in
2765 2321 2995 2380 ecclesia
3049 2339 3158 2378 non
3191 2323 3402 2394 legatur
3425 2325 3452 2363 ε

1877 2425 1972 2472 aut
2009 2425 2281 2481 cantetur,
2308 2415 2412 2470 nisi
2439 2429 2504 2469 ea
2543 2429 2663 2483 quae
2703 2413 3044 2469 auctoritatis
3085 2414 3281 2468 divina:
3307 2420 3454 2477 sunt,

1877 2518 1934 2566 et
1971 2508 2193 2563 Patrum
2250 2507 2673 2563 orthodoxorum
2724 2506 2905 2560 sanxit
2957 2506 3273 2560 auctoritas.
3335 2503 3450 2557 Nec

1878 2597 2052 2654 t‘alsah
2087 2597 2400 2669 angelorum
2424 2596 2642 2650 nomina
2668 2595 2866 2660 colant,
2891 2594 2984 2650 sed
3003 2609 3066 2650 ea
3091 2601 3299 2648 tantum
3327 2608 3452 2662 quae

1875 2689 2214 2760 prephetica,
2239 2697 2295 2742 et
2335 2687 2658 2757 Evangelica
2695 2687 2852 2742 docet
2901 2685 3182 2757 Scriptura
3215 2703 3232 2739 :
3261 2685 3314 2740 id
3343 2693 3451 2751 est,

1877 2779 2125 2844 Michael,
2149 2777 2414 2849 Raphael.
2909 2821 2911 2823 .

1949 2869 2058 2926 Nec
2083 2870 2294 2925 diversa
2321 2867 2556 2924 sentiant
2583 2867 2639 2922 in
2662 2865 2883 2936 iudiciis
2907 2865 3307 2937 paenitentiam,
3328 2879 3453 2919 cum

1877 2979 2022 3020 unus
2050 2963 2253 3029 minus,
2268 2963 2404 3016 alter
2427 2976 2558 3016 vero
2586 2961 2780 3031 majus,
2805 2960 2963 3014 alteri
2987 2956 3272 3020 adulando,
3297 2956 3456 3011 alteri

190 3055 439 3110 labrem.
502 3049 657 3117 000d
706 3048 753 3104 εί
810 3046 1067 3110 fecerim,
1100 3055 1326 3115 ιποριεν
1357 3044 1776 3100 ίηοδεάίειιιίδιη
1805 3093 1848 3121 ,η
1880 3052 2212 3109 detrahendo
2240 3052 2454 3121 placere
2482 3050 2612 3104 velit
2642 3067 2656 3102 :
2695 3049 2793 3105 sed
2819 3047 3162 3103 considerata
3195 3045 3458 3114 qualitate

189 3141 584 3217 thy-adandos
601 3154 661 3194 se
687 3138 884 3194 sciant.

938 3226 1056 3281 XV.

259 3322 480 3393 Quinto
501 3321 731 3384 decimo,
757 3318 902 3390 quod
929 3317 1159 3380 decima,
1190 3329 1312 3386 qua:
1343 3330 1375 3370 a
1413 3313 1661 3369 ﬁdelibus
1688 3313 1785 3368 da-

191 3425 308 3481 tur,
342 3414 444 3469 Dei
470 3427 634 3468 cense
664 3413 697 3452 δ
727 3409 1087 3479 nuncupanda
1111 3417 1216 3474 est,
1247 3416 1304 3462 et
1331 3406 1444 3460 Deo
1479 3421 1544 3460 ex
1572 3406 1782 3474 integro

197 3505 506 3563 reddenda.
529 3501 700 3570 Cujus
723 3501 884 3557 tertia
904 3515 1033 3570 pars
1059 3499 1357 3556 secundum
1383 3511 1650 3552 canonem
1677 3495 1782 3550 To-

193 3598 449 3653 letanum
480 3605 533 3660 ε,
571 3593 947 3664 episcoporum
975 3593 1133 3648 debet
1162 3605 1304 3646 esse.
1352 3589 1465 3644 Nos
1503 3603 1635 3642 vero
1680 3588 1782 3643 hac

193 3694 483 3760 potestate
507 3684 587 3739 uti
614 3684 886 3746 nolumus,
911 3683 1005 3738 sed
1029 3691 1236 3737 tantum
1262 3688 1515 3751 quartam
1543 3687 1779 3750 partem,

191 3778 355 3848 iuxta
381 3777 676 3832 constituta
705 3775 1074 3830 Romanorum
1121 3773 1434 3845 pontiﬁcum
1457 3814 1474 3838 ,
1511 3783 1567 3828 et
1595 3772 1782 3828 obser-

196 3868 450 3922 vantiam
479 3873 679 3920 sanetae
699 3863 954 3919 Romanae
981 3863 1256 3927 Ecclesiae,
1274 3864 1342 3918 de
1359 3863 1548 3918 eadem
1580 3862 1784 3918 habere

197 3958 492 4019 volumus;
541 3954 685 4024 quod
721 3954 766 4010 si
806 3953 928 4024 quis
972 3953 1342 4009 contentiosus
1377 3953 1504 4006 inde
1535 3959 1782 4022 repertus

197 4049 395 4112 fuerit,
425 4048 544 4102 sive
569 4046 660 4101 ille
677 4045 929 4110 clericus,
963 4045 1077 4100 sive
1111 4044 1375 4099 diaconus
1409 4043 1501 4106 sit,
1541 4057 1784 4097 commu-

195 4144 372 4198 nione
396 4139 738 4210 privabitur,
763 4147 821 4196 et
844 4137 1085 4209 synodali
1112 4151 1338 4193 censura
1355 4134 1592 4205 judicabi
1602 4143 1710 4190 tur.

922 4249 1063 4306 XVI.

271 4367 452 4421 Sexto
474 4365 702 4428 decimo,
733 4373 793 4418 ut
841 4363 1214 4433 unusquisque
1254 4363 1360 4418 hoc
1411 4361 1692 4432 provideat
1722 4369 1786 4416 ut

199 4459 470 4516 mulieres
488 4458 553 4511 ad
573 4457 742 4512 altare
766 4472 872 4512 non
895 4455 1183 4520 accedant,
1223 4469 1324 4509 nec
1377 4455 1508 4524 ipsa:
1538 4455 1652 4510 Deo
1701 4453 1783 4508 di-
1809 4437 1860 4496 Ῑ)

198 4560 348 4604 cata:
391 4549 447 4602 in
489 4547 634 4602 nullo
681 4547 988 4601 ministerio
1039 4545 1228 4599 altaris
1285 4543 1780 4599 iutermisceantur.

202 4637 367 4706 Quod
407 4637 455 4692 si
503 4637 658 4704 pallae
700 4637 887 4690 altaris
916 4635 1154 4688 lavandae
1193 4641 1394 4696 sunt,a
1424 4633 1636 4688 clericis
1653 4633 1781 4688 abs-

202 4734 501 4788 trahamur
529 4729 580 4793 δ,
624 4738 680 4784 ει
704 4730 772 4783 ad
795 4728 1062 4784 cancellos
1110 4725 1327 4779 feminis
1376 4724 1686 4788 tradantur,
1730 4733 1785 4778 et

202 4823 417 4878 ibidem
462 4829 796 4889 repetantur.
849 4817 1112 4873 Similiter
1141 4827 1195 4871 et
1236 4827 1260 4855 ε
1299 4815 1630 4885 presbyteri,
1662 4829 1784 4867 cum

200 4914 392 4968 oblata
419 4911 491 4964 ab
521 4910 726 4965 eisdem
752 4909 1063 4962 mulieribus
1103 4906 1426 4968 oll‘eruntur,
1453 4905 1650 4960 ibidem
1697 4919 1787 4958 ac-

203 5001 515 5071 cipiantur,
542 5007 598 5054 et
633 4999 702 5053 ad
734 4997 910 5052 altare
931 4995 1264 5051 deferantur.

920 5105 1083 5160 XVII.

283 5221 538 5291 Septimo
582 5221 794 5277 decimo
822 5260 840 5285 ,
891 5228 950 5274 ut
1008 5217 1110 5289 ipsi
1168 5219 1477 5272 sacerdotes
1523 5216 1689 5270 verbo
1737 5226 1794 5272 et

282 5347 313 5374 ι
359 5333 565 5387 Desunt
595 5331 699 5386 alia
744 5330 945 5387 verba:
978 5333 1172 5398 nempe
1201 5328 1285 5382 det
1329 5325 1656 5397 facuhatent,
1704 5325 1791 5381 vel

205 5404 392 5474 faciat
409 5411 734 5474 potestqtem.
753 5470 763 5474 Α
893 5438 934 5474 ._
1050 5427 1060 5437 -

281 5475 318 5514 ιι
347 5469 548 5526 cum
581 5469 723 5525 forte
749 5469 1050 5540 legendum.

285 5555 314 5579 ·’
354 5540 659 5596 Concilium
685 5540 1007 5596 Toletanum
1029 5552 1252 5592 nonum.

282 5611 316 5650 δ
351 5611 430 5662 Ab
454 5609 614 5679 altari
637 5623 848 5679 nempe.

297 5693 328 5720 ο
363 5679 468 5734 Pro
494 5697 528 5733 α
556 5677 900 5749 Preabgierir.

1878 3160 2125 3215 personae
2155 3142 2311 3210 juxta
2346 3141 2565 3198 modum
2610 3139 2781 3211 culpae
2832 3146 3025 3209 agatur
3065 3151 3298 3193 censura
3337 3136 3455 3191 viu—

1880 3235 2061 3290 dictze.

2601 3320 2722 3374 XX.

1948 3417 2242 3489 Vigesimo,
2273 3414 2594 3468 admonendi
2634 3422 2761 3467 sunt
2817 3420 2877 3466 ut
2932 3408 3269 3481 perpendant
3295 3405 3457 3478 quid-

1878 3511 2008 3581 quid
2033 3525 2063 3564 a
2091 3508 2341 3564 fidelibus
2381 3507 2558 3568 datur,
2590 3504 2888 3573 redemptio
2939 3508 3282 3573 peccatorum
3325 3507 3456 3554 est:

1880 3603 2004 3659 ideo
2029 3617 2136 3656 non
2166 3600 2464 3672 glorientur
2485 3599 2682 3652 talibus
2709 3595 3017 3666 sumptibus
3047 3593 3258 3658 uti,sed
3283 3592 3458 3662 magis

1879 3689 2337 3760 emineant,quod
2383 3689 2438 3743 in
2479 3687 2660 3743 Veteri
2692 3684 3041 3742 Testamento
3083 3683 3461 3739 sacerdotibus

1880 3784 2081 3840 dictum
2111 3789 2199 3838 est
2234 3779 2615 3850 :Iniquitatem
2654 3776 2833 3847 populi
2877 3792 2966 3830 eos
3015 3774 3201 3833 debere
3243 3781 3461 3842 portare

1883 3873 2075 3945 (Num.
2104 3887 2258 3936 xvm,
2281 3886 2319 3935 ι,
2347 3869 2460 3940 2‘5).
2500 3869 2567 3922 Et
2591 3869 2714 3923 ideo
2741 3882 2863 3922 cum
2890 3880 3085 3936 magno
3123 3865 3317 3918 tiore
3349 3861 3459 3917 sol-

1879 3965 2013 4019 liciti
2042 3963 2170 4026 siut,
2196 3976 2429 4032 quorum
2457 3959 2618 4014 donis
2661 3957 3059 4027 participantur
3105 3971 3120 4007 :
3172 3953 3298 4021 quia
3349 3966 3462 4006 ma—

1881 4071 2046 4127 gnum
2075 4054 2376 4125 periculum
2425 4060 2510 4106 est
2553 4049 2668 4105 ﬁeri
2713 4049 2838 4103 vita:
2887 4047 3110 4112 alienae,
3140 4045 3234 4116 qui
3285 4044 3463 4100 nescit

1883 4155 2068 4203 tenere
2093 4143 2462 4200 moderamina
2485 4141 2612 4195 vitae
2638 4154 2770 4194 sum.

2581 4224 2724 4278 XXI.

1951 4319 2228 4390 Vigesimo
2253 4316 2452 4385 primo,
2477 4321 2537 4367 ut
2576 4313 2752 4367 sciant
2779 4317 2834 4365 et
2864 4306 3166 4377 intelligant
3213 4303 3342 4374 quid
3390 4304 3462 4358 sit

1885 4409 2076 4463 incesti
2106 4408 2310 4460 crimen
2340 4421 2353 4456 :
2387 4403 2567 4457 ethoc
2591 4399 2961 4467 unusquisque
2990 4396 3042 4448 in
3070 4408 3167 4448 sua
3198 4393 3457 4462 parochia

1884 4495 2185 4568 provideat,
2211 4509 2282 4548 ne
2311 4492 2436 4556 ﬂat;
2480 4499 2534 4545 et
2558 4490 2602 4545 si
2638 4487 2841 4543 factum
2872 4485 3052 4549 fuerit,
3083 4491 3345 4552 quantum
3370 4497 3462 4536 ce-

1885 4587 2102 4642 lerrime
2125 4582 2384 4653 potuerit,
2414 4581 2763 4640 emendetur;
2803 4579 2857 4632 id
2879 4583 2982 4638 est,
3010 4573 3190 4628 nullus
3222 4573 3324 4627 sibi
3363 4588 3456 4626 ac-

1888 4677 2054 4746 cipiat
2077 4676 2144 4729 de
2168 4673 2569 4745 propinquitate
2593 4682 2766 4738 usque
2789 4668 2841 4722 in
2865 4666 3052 4737 quinto
3073 4679 3209 4735 genu
3242 4665 3284 4716 ί.
3309 4661 3463 4729 Quod

1890 4769 1937 4823 si
1975 4768 2286 4838 ignoranter
2316 4763 2521 4818 factum
2553 4759 2742 4824 fuerit,
2767 4774 2873 4813 non
2898 4756 3053 4811 facile
3079 4755 3352 4818 credatur,
3368 4754 3464 4808 sed

1886 4858 2092 4929 judicio
2113 4857 2208 4912 Dei
2233 4857 2575 4912 examinetur
2597 4872 2610 4906 :
2633 4862 2689 4908 et
2708 4867 2813 4906 non
2844 4856 3164 4920 separentur
3190 4847 3245 4901 iu
3273 4853 3468 4915 quarto

1895 4964 2058 5020 genu,
2089 4949 2182 5002 sed
2209 4947 2262 5000 in
2283 4945 2598 5016 poenitentia
2626 4942 2836 4998 cunctis
2859 4941 3046 4995 diebus
3070 4936 3466 5008 coniunctionis

1894 5053 2005 5093 sum
2037 5044 2400 5107 perseverent.
2432 5034 2694 5089 Similiter
2722 5039 2778 5086 et
2803 5031 2887 5084 vir
2928 5029 3064 5084 duas
3096 5042 3299 5082 uxores
3323 5025 3462 5079 inter

1894 5141 1956 5181 se
1982 5125 2142 5180 simili
2175 5123 2382 5177 ratione
2404 5119 2741 5188 coniunctas,
2769 5126 2862 5172 aut
2883 5133 3021 5172 uxor
3043 5116 3184 5171 duos
3213 5116 3355 5168 viros
3383 5113 3462 5167 in-

1895 5226 1981 5272 ter
2031 5230 2090 5270 se
2121 5215 2311 5269 eodem
2353 5212 2515 5267 modo
2557 5209 2890 5280 coniunctos,
2923 5217 3017 5264 aut
3039 5215 3343 5278 cumpater,
3369 5212 3467 5258 aut

1976 5326 1996 5365 ί
2035 5325 2141 5380 Pro
2173 5325 2442 5378 derelicta.

1975 5399 1999 5436 ε
2022 5395 2384 5459 Bnrchardus,
2411 5395 2504 5449 lib.
2527 5410 2583 5456 v,
2611 5408 2732 5462 cap.
2760 5393 2882 5449 l98.

1970 5467 1995 5506 II
2024 5465 2153 5520 Vide
2186 5464 2338 5518 Tomi
2361 5451 2382 5519 I
2406 5451 2618 5519 concilii
2645 5451 2875 5518 Romani
2908 5461 3125 5516 decreta
3148 5457 3216 5513 de
3249 5451 3472 5525 angelo-

1903 5549 2020 5589 rum
2037 5534 2350 5604 nominibus
2377 5549 2498 5604 pag.
2527 5533 2616 5588 65.

1980 5604 1995 5645 ί
2034 5603 2137 5660 Pro
2169 5604 2339 5675 gradu
2366 5599 2808 5674 vel'generatione
2826 5599 3031 5672 quinta.
