3884 6192
445 5038 453 5081 i

1613 98 1640 133 ί

487 313 592 368 ’Πι

1531 301 1882 359 HETTONIS
1918 300 2225 359 EPISCOPI
2261 300 2704 358 BASILEENSIS

3558 309 3643 363 772

491 424 651 488 Galli,
707 416 834 476 dum
876 416 1467 488 recenset___catalogum
1510 414 1770 488 librorum
1816 415 2059 488 ejusdem
2089 420 2136 478 Α
2160 416 2265 470 bus
2292 415 2551 470 fratribus
2574 414 2775 470 nostris
2808 413 3083 484 potionem
3115 413 3182 469 ad
3211 416 3551 484 providendum
3575 437 3644 476 sa.

492 485 827 551 monasterii,
859 488 915 541 in
960 502 1071 541 uno
1109 485 1321 540 illorum
1352 485 1662 555 descriptas
1696 485 1863 555 fuisse
1903 486 2062 555 docet

506 563 738 618 Visiones
784 556 978 611 ιναὶηὶ
1007 565 1057 608 et
1096 555 1339 608 Baroati.
1371 554 1691 610 Penetrasse
1740 554 1793 609 in
1834 554 2059 623 Aquita-

491 634 640 687 niam
659 629 781 681 hinc
794 623 1078 679 manifeste
1092 623 1386 693 colligitur,
1408 624 1552 692 quod
1569 624 1771 678 inserta
1782 623 2064 693 reperitur

488 697 761 755 Chronico
788 693 1123 763 Mallcacensi
1149 694 1203 747 in
1229 692 1419 748 codice
1445 693 1729 763 Beslyano.
1759 692 1941 763 Tanta
1960 707 2061 763 au-

493 778 601 824 tem
630 766 749 835 ejus
786 764 1082 835 auctoritas
1105 762 1226 835 fuit,
1259 771 1320 816 ut
1347 771 1402 817 et
1429 762 1679 835 monachi
1715 762 1891 817 sancti
1929 762 2062 835 Vin-

488 831 946 903 centii'Metensis
992 833 1049 903 in
1078 833 1391 887 societatem
1424 832 1610 903 glorias
1650 840 1835 903 postea
1878 831 2065 903 venire

492 905 775 961 voluerint.
820 901 933 958 Hoc
967 902 1112 956 enim
1153 911 1240 957 est
1268 899 1480 956 initium
1529 899 1682 956 istius
1724 900 1962 955 Visionis
2008 899 2062 953 in

490 976 679 1031 codice
697 972 1013 1040 Puteanico,
1036 971 1126 1040 qui
1150 970 1250 1025 fuit
1266 971 1411 1025 haud
1427 972 1588 1026 dubie
1606 971 1779 1025 sancti
1796 969 2065 1023 Vincentii

494 1043 748 1098 Metensis
783 1056 798 1095 :
850 1039 990 1095 Visio
1014 1039 1248 1110 G’uetiai,
1276 1043 1421 1110 prius
1462 1040 1723 1110 canonici,
1747 1048 1925 1108 postea
1953 1056 2065 1091 mo-

494 1113 670 1176 nachi,
714 1127 876 1181 quam
904 1109 1134 1181 portendit
1160 1108 1239 1162 illi
1278 1108 1544 1181 ‘Deusrper
1565 1108 1836 1181 angelum,
1870 1118 1921 1161 et
1968 1124 2064 1181 nos

490 1182 684 1261 fratres
728 1177 846 1261 :ejtts
1049 1188 1298 1234 narrante
1344 1177 1673 1249 scripsimus,
1701 1179 1839 1233 serui
1891 1177 2065 1232 sancti

506 1249 761 1306 Vinceatii
782 1249 836 1302 Μ
840 1249 973 1302 suis.

569 1338 591 1370 ‹
637 1319 939 1389 Colitigisse
987 1318 1280 1389 istananno
1322 1316 1462 1389 82f
1489 1317 1699 1389 docent
1725 1314 1979 1389 S_t_rabus_
2010 1323 2067 1389 et

491 1384 826 1467 ριφηὶεοιῖ
865 1404 968 1467 ms.
1009 1387 1263 1467 Willebni
1313 1386 1720 1467 erchiepiscopi
1746 1384 2063 1467 Moguntini.

497 1458 811 1532 Epidamnus
857 1465 1035 1532 tamen
1073 1457 1279 1512 obitum
1314 1454 1516 1532 Wetini
1547 1455 1727 1509 retulit
1753 1454 1822 1508 ad
1850 1469 2066 1532 annum

496 1525 853 1597 superiorem.
894 1527 1090 1582 Verum
1135 1540 1201 1579 ea
1249 1541 1336 1580 res
1364 1525 1504 1597 tanti
1528 1539 1635 1579 non
1671 1532 1775 1587 est,
1805 1525 2070 1597 ut‘cnjus-

538 1592 662 1650 tiam
684 1597 932 1659 criticea,
960 1597 1157 1650 nedum
1180 1602 1353 1659 tuam,
1374 1595 1441 1649 γ.
1466 1594 1822 1657 E.,exercere
1850 1592 2063 1647 debeat.

547 1666 693 1735 acile
732 1680 894 1735 porro
948 1674 1094 1720 esset
1154 1663 1428 1735 illustrare
1481 1661 2065 1735 hancunarrationem,

496 1751 621 1806 qua:
646 1730 936 1806 plu'rimn_m
970 1735 1131 1806 habet
1173 1733 1414 1806 historia:
1444 1730 2065 1806 reconditiorisillqrum

501 1798 823 1874 (annorum.
857 1801 985 1874 Tum
1001 1803 1298 1874 prudentia:
1323 1802 1432 1856 erit
1455 1802 1729 1874 aestimare
1756 1800 1884 1871 quid
1921 1798 2067 1874 facto

495 1870 635 1945 Opus
668 1874 760 1927 sit.
790 1870 1017 1927 Interim
1029 1874 1169 1926 bene
1195 1872 1331 1936 vale,
1360 1886 1465 1925 non
1489 1870 1662 1926 solum
1693 1870 1894 1933 mente,
1922 1870 2068 1991 quod

500 1958 719 1991 semper
739 1943 894 1991 facis.
916 1943 1011 1991 sed
1032 1943 1200 1991 etiam
1222 1955 1468 1991 corpore.
1492 1940 1634 1991 auod
1662 1947 1716 1991 et
1742 1938 1933 1991 imbeci
1958 1938 2068 1991 lum

500 1938 719 2012 semper
739 1943 894 2002 facis,
916 1943 1011 2012 sed
1032 1943 1200 1995 etiam
1222 1955 1468 2008 corpore,
1492 1940 1634 2009 quod
1662 1947 1716 1994 et
1742 1938 2069 2012 imbecillum

500 2009 668 2066 habes
693 2019 751 2065 et
776 2011 1165 2073 tenuissimum,
1201 2024 1393 2077 meque
1414 2025 1629 2079 semper
1653 2024 1776 2063 ama
1798 2010 1873 2079 tui
1896 2009 2071 2079 nomi-

499 2081 588 2136 nis
617 2088 831 2136 tuteuue
856 2080 1014 2136 fauce
1046 2076 1545 2134 studiosisﬁmum.‘
1566 2078 1794 2135 Lutetia:
1831 2076 2070 2133 Parisio-

500 2164 622 2204 rum
653 2165 707 2204 ιιι
737 2147 853 2203 Kal.
882 2147 989 2202 Jul.
1031 2149 1185 2202 l673.
1233 2168 1252 2200 ι

570 2218 625 2271 2.
658 2218 928 2273 Hactenus
957 2218 1306 2287 eruditissimi
1348 2217 1451 2271 viri
1477 2215 1726 2287 epistola,
1764 2231 1887 2287 quae
1909 2216 2069 2286 plane

500 2287 736 2343 illustrat
781 2288 1028 2342 Hettonis
1052 2285 1527 2352 lucubrationem,_
1545 2286 1762 2341 Wetino
1790 2285 2070 2342 referente

499 2359 757 2427 scriptam
783 2357 854 2412 ab
883 2356 1440 2427 Hcttone,l)ominico
1464 2357 1551 2427 die
1566 2356 1846 2427 trigesimo
1866 2356 2070 2411 mensis

499 2425 753 2482 Octobris
800 2427 930 2481 anni
961 2426 1086 2480 824.
1136 2425 1286 2481 Hanc
1333 2426 1533 2480 Wetini
1563 2426 1837 2480 Visionem
1882 2434 2070 2494 postea

499 2498 612 2566 ipso
662 2507 931 2561 narrante,
962 2495 1065 2550 hoc
1094 2505 1177 2551 est
1207 2512 1275 2550 ex
1311 2497 1478 2566 ipsius
1518 2494 1723 2566 Wetini
1760 2495 2071 2566 narratione

500 2513 519 2550 ι
583 2514 612 2549 ο
662 2513 931 2561 narrante,
962 2513 1065 2550 DOC
1094 2513 1177 2551 εει
1207 2513 1275 2550 ex
1312 2513 1478 2566 IpSIllS
1525 2513 1723 2549 "eum
1760 2513 2071 2550 narratione

500 2513 721 2621 Ιςέιιοιιί
753 2566 913 2636 facta,
945 2567 1345 2636 exscripserunt
1368 2565 1603 2621 cmnobii
1633 2565 1807 2619 sancti
1840 2565 2073 2620 .Vincen-

500 2636 563 2691 tii
594 2637 840 2690 monachi
868 2635 1176 2691 Mettense’s.

566 2707 623 2759 3.
667 2706 821 2759 Anno
849 2706 1116 2774 sequenti,
1154 2706 1207 2759 id
1256 2712 1342 2759 est
1378 2719 1518 2774 anno
1559 2702 1684 2774 825,
1723 2710 1923 2774 rogatu
1943 2702 2074 2774 gri-

500 2774 702 2845 moaldi
729 2771 1159 2845 archicapellani,
1186 2784 1371 2845 postea
1391 2773 1659 2845 Gallensis
1685 2771 1917 2837 abbatis,
1943 2771 2074 2845 Wa-

502 2843 730 2913 lafridus
770 2842 1015 2913 llettonis
1060 2842 1359 2913 prosaicam
1407 2843 1776 2897 narrationem
1824 2842 2071 2898 versibus

503 2912 634 2967 lusit
682 2914 736 2967 in
774 2912 914 2969 festo
956 2912 1215 2982 paséhali,
1258 2928 1382 2968 cum
1430 2928 1630 2966 annum
1665 2919 1849 2982 ageret
1896 2913 2073 2967 aetatis

500 2983 770 3051 decimum
813 2980 1084 3037 octavum.
1125 2983 1203 3037 Ex
1236 2998 1340 3051 quo
1383 2988 1626 3051 apparet,
1674 2980 2071 3051 adolescentem

502 3049 671 3131 fuisse
699 3054 955 3119 praecocis
979 3066 1078 3121 pro
1123 3049 1364 3131 tempore
1395 3049 1595 3131 ingenii
1628 3068 1641 3103 :
1675 3049 1758 3131 uti
1783 3050 2072 3131 etiamdo:

501 3129 628 3191 cem
656 3136 757 3175 nos
782 3119 1138 3191 v'ersus'anno
1178 3119 1368 3191 quinto
1395 3119 1607 3191 decimo
1639 3119 1710 3173 ab
1730 3133 1810 3191 eo
1840 3120 1971 3175 editi
2000 3119 2077 3175 ad

505 3190 747 3245 Ebonem
801 3190 1158 3245 libeniensem
1197 3189 1672 3259 archiepiscopum
1726 3189 1782 3243 in
1838 3204 2069 3259 persona

505 3259 750 3331 'l‘attonis
774 3260 1124 3331 praeceptoris
1149 3263 1271 3325 sui;
1303 3259 1486 3331 etAalii
1512 3259 1580 3313 ad
1605 3259 1948 3331 Aggbardum
1975 3275 2073 3314 an-

503 3343 573 3383 no
596 3330 719 3384 vita:
745 3327 858 3384 sua:
885 3327 1098 3385 decimo
1118 3340 1330 3385 octavo.
1362 3328 1509 3398 Sane
1525 3344 1643 3398 qua:
1671 3327 1919 3383 llettonis
1946 3346 2073 3384 nar-
2116 3354 2118 3357 ·

503 3399 703 3453 rationi
748 3400 815 3454 de
857 3400 1206 3469 suoaddidit
1257 3397 1603 3464 Walafridus,
1651 3406 1922 3469 maturum
1974 3414 2073 3469 pro

500 3469 742 3524 auctoris
778 3478 938 3523 actate
956 3467 1221 3536 judicium
1255 3470 1473 3538 sapiunt
1501 3486 1515 3521 :
1545 3477 1601 3523 et
1627 3467 1846 3522 nomina
1887 3467 2073 3538 perso—

501 3552 692 3592 narum
723 3554 845 3608 qua:
872 3538 1031 3592 Hetto
1062 3539 1296 3604 reticuit,
1327 3538 1557 3592 obscure
1580 3538 1864 3607 expressit,
1907 3539 1986 3592 uti
2006 3553 2071 3593 ca

503 3621 693 3677 exfore
720 3608 890 3677 ipsius
918 3608 1116 3662 Wetini
1142 3616 1446 3677 acceperat.
1794 3676 1797 3677 ν
1962 3660 1968 3665 .

571 3676 625 3728 4.
664 3675 837 3745 Erunt
866 3675 1095 3731 fortasse
1130 3678 1219 3745 qui
1261 3675 1537 3745 inquirant
1559 3691 1724 3745 quam
1749 3676 1822 3731 ob
1848 3692 2069 3731 causam

502 3742 704 3799 Wetini
736 3744 881 3799 Visio
906 3761 938 3798 a
967 3762 1051 3798 me
1075 3742 1220 3800 edita
1250 3742 1351 3800 hoc
1380 3746 1497 3799 loco
1529 3742 1635 3799 sit:
1662 3761 1788 3801 cum
1820 3746 2067 3801 Wetinus

503 3813 561 3866 in
610 3821 921 3882 sanctorum
965 3830 1227 3869 canonem
1272 3815 1470 3869 relatus
1506 3830 1611 3869 non
1653 3815 1834 3868 fuerit.
1866 3816 2073 3882 Quibus

502 3880 822 3951 respondeo,
852 3882 1150 3946 Wetinum,
1189 3884 1233 3938 si
1260 3899 1366 3937 non
1389 3893 1657 3946 sanctum,
1683 3884 1871 3938 saltem
1894 3880 2070 3939 virum

502 3949 672 4005 fuisse
700 3950 845 4019 pium
866 3966 933 4021 ac
960 3952 1276 4021 religiosam,
1300 3954 1377 4005 uti
1401 3969 1525 4007 eum
1544 3964 1704 4007 vocat
1722 3953 2068 4020 llincmarns;

498 4027 557 4073 et
599 4020 908 4089 piomortis
955 4020 1151 4089 genere
1196 4021 1545 4076 defunctum:
1578 4037 1677 4077 nec
1709 4023 1838 4077 alibi
1883 4023 2072 4079 melius

500 4088 665 4162 quam
697 4088 866 4162 inhis
886 4088 1063 4162 Actis,
1091 4089 1280 4145 referri
1311 4107 1467 4162 posse
1486 4091 1922 4162 ejusVisiouem,
1950 4109 2072 4162 quae

500 4159 669 4231 multa
700 4160 842 4231 scitu
867 4158 1030 4231 digna
1061 4158 1404 4215 continet'ad
1435 4158 1717 4216 historiam
1762 4162 1904 4218 illius
1931 4158 2071 4217 tem-

498 4230 650 4299 poris
673 4237 728 4284 et
752 4230 821 4301 ad
856 4230 1207 4301 moi-esirccte
1233 4231 1649 4301 componendos.
1681 4231 1756 4288 De
1782 4233 2072 4301 Augiensis

499 4299 813 4383 mutasterii
853 4300 1159 4383 conditione
1195 4299 1467 4383 variisque
1513 4302 1821 4383 nominibus
1867 4299 2070 4383 dictum

495 4379 584 4443 est
603 4369 671 4423 ad
698 4369 1346 4443 Yitam_sancti__l’irminii
1366 4369 1430 4443 in
1457 4372 1638 4443 saeculi
1661 4372 1806 4443 tertii
1827 4382 1983 4443 parte
2004 4388 2066 4443 ιι.

496 4433 615 4514 iam
649 4438 925 4514 referenda
959 4440 1300 4514 est__Visionis
1322 4442 1571 4502 historia.
1598 4440 1756 4511 cujus
1781 4433 1969 4503 tiiulus
1989 4442 2071 4497 sic
2094 4455 2148 4514 D

496 4506 662 4562 habet
684 4508 737 4562 in
767 4509 916 4577 regio
946 4510 1129 4564 codice
1162 4525 1263 4565 ms.

843 4706 1138 4778 VISIO
1207 4707 1680 4785 GUETINI.

500 4827 678 4890 \r'isio
706 4832 1116 4911 subsequens
1152 4833 1441 4910 apparuit
1467 4832 1644 4911 fratri
1680 4834 1959 4898 Guetino
1998 4838 2065 4898 in

577 4910 968 4971 monasterio
1003 4911 1129 4972 sito
1166 4911 1233 4970 in
1278 4912 1538 4987 regione
1567 4910 2069 4977 Alamannorum

619 4987 813 5070 eatis,
847 4988 1154 5070 vocabulo
1187 5004 1422 5070 eorum,
1443 4990 1646 5070 Auva,
1672 4993 2070 5070 temporibus

611 5063 980 5145 Francorum;
1034 5065 1340 5145 principis
1401 5068 1705 5130 Ludovici
1763 5063 2067 5143 nomine,

572 5141 1261 5227 gubernatoris'etiani
1311 5147 1577 5227 Romani
1627 5146 1905 5227 imperii,
1943 5141 2066 5212 sub

571 5219 801 5282 abbate
856 5221 1094 5298 prmfati
1150 5224 1521 5286 monasterii
1549 5237 1576 5266 ι
1610 5219 1904 5289 Hefdone
1941 5245 2066 5291 no-

573 5298 1032 5438 mine,’ttiridie
1064 5306 1211 5362 ante
1243 5305 1581 5365 transitum
1636 5303 1847 5368 fratris
1899 5324 2066 5386 pim-

573 5392 835 5438 nomma
868 5395 912 5438 ι.

572 5392 912 5439 nominati.

561 5476 617 5529 ⁴Ι.
653 5475 790 5532 Cum
821 5479 1112 5548 praedictus
1147 5478 1317 5536 frater
1343 5481 1431 5538 die
1460 5481 1664 5537 sabbati
1715 5498 1839 5538 cum
1867 5483 2060 5554 aliqui-

2165 507 2332 562 lutem
2368 508 2616 576 corporis
2667 507 2985 575 accepisset,
3042 505 3247 561 caeteris
3271 521 3383 561 eam
3413 507 3648 567 salubriter

2162 597 2548 667 digerentibus,
2579 597 2692 667 ipse
2724 596 2891 666 coepit
2921 610 3112 665 magna
3157 595 3444 654 difﬁcultate
3483 600 3650 671 indige-

2161 697 2305 743 stam
2356 685 2604 755 rejicere,
2640 695 2695 742 et
2740 686 2923 741 statim
2967 701 2999 741 a
3030 686 3357 755 perceptione
3385 687 3496 753 cibi,
3525 704 3651 758 quem

2161 777 2232 831 ad
2261 776 2665 833 refocillandum
2696 789 2893 844 corpus
2919 789 3134 829 sumere
3153 772 3407 839 debuerat,
3434 774 3651 834 fastidire.

2163 863 2416 919 Crastina
2442 879 2594 927 vero,
2631 863 2686 918 id
2717 871 2805 919 est
2841 862 3138 927 Dominica,
3163 862 3653 929 illucescenteJeﬁus

2161 955 2385 1026 quidem
2420 954 2629 1019 habuit,
2666 963 2725 1009 et
2760 969 2883 1008 cum
2914 954 3127 1008 ceteris
3172 968 3303 1023 quos
3326 954 3388 1009 ad
3412 969 3656 1024 promun-

2161 1044 2261 1100 das
2291 1044 2580 1115 pratdictas
2618 1043 2931 1115 corporales
2975 1044 3313 1099 necessitates
3351 1044 3442 1098 sibi
3464 1048 3655 1101 sociare-

2164 1143 2271 1200 rat,
2301 1133 2510 1199 rel'ccit,
2549 1134 2648 1189 sed
2678 1134 2732 1188 in
2759 1133 2919 1187 tmdio
2946 1133 3185 1202 praedicti
3235 1132 3420 1189 fastidii
3444 1136 3654 1205 perdura-

2162 1226 2261 1281 vit.
2299 1225 2455 1281 Nullo
2491 1227 2653 1281 modo
2689 1233 2873 1280 tamen
2919 1226 3044 1280 vita
3087 1227 3374 1295 corporalis
3422 1228 3656 1285 discrimen

2162 1317 2235 1371 ob
2270 1316 2375 1371 hoc
2403 1331 2463 1370 se
2495 1330 2784 1385 passurum
2813 1314 2929 1370 fore
2962 1316 3283 1370 aestimavit:
3313 1316 3427 1386 quia
3456 1317 3517 1373 ad
3542 1333 3656 1387 spem

2164 1392 2449 1478 praSentis
2475 1408 2601 1462 vita:
2628 1406 2849 1461 refectio
2876 1407 3131 1463 secunda
3155 1416 3212 1462 et
3241 1408 3404 1463 tertia:
3423 1407 3566 1474 ferire,
3589 1409 3658 1463 de-

2163 1504 2447 1553 crescente
2485 1495 2719 1559 fastidio,
2749 1495 2804 1549 in
2830 1493 2975 1549 nullo
3017 1492 3137 1563 jam
3163 1493 3469 1550 difﬁdentem
3493 1495 3657 1549 anima-

2165 1601 2340 1646 verat.
2379 1590 2536 1645 Feria
2570 1604 2699 1644 vero
2747 1590 2929 1655 tertia,
2978 1591 3265 1660 incipiente
3298 1592 3573 1661 crepusculo
3593 1608 3660 1647 ve-

2165 1680 2431 1749 spertino,
2457 1680 2877 1735 consedentibus
2921 1679 3026 1736 sibi
3074 1680 3147 1736 ad
3174 1681 3495 1737 refectionem
3523 1681 3661 1738 fratri-

2094 1773 2141 1834 B
2168 1772 2289 1837 bus,
2317 1772 2454 1828 dixit
2480 1786 2541 1827 se
2593 1773 2793 1828 ibidem
2819 1790 2947 1829 cum
2972 1775 3052 1830 eis
3108 1774 3264 1831 firtem
3293 1775 3566 1831 refectionis
3583 1791 3661 1830 er-

2166 1873 2420 1935 spectare
2472 1880 2577 1919 non
2605 1880 2785 1935 posse.
2814 1865 2925 1921 Sed
2962 1866 3185 1922 interim
3235 1867 3337 1923 illis
3367 1868 3659 1931 cenantibus,

2167 1956 2223 2010 in
2258 1956 2425 2010 aliam
2452 1955 2702 2011 cellulam
2727 1956 2904 2012 eidem
2934 1957 3148 2013 cellula
3170 1959 3475 2027 contiguam,
3503 1967 3659 2013 tantum

2166 2044 2396 2113 parietis
2423 2045 2584 2099 unius
2610 2045 3024 2114 interpositione
3061 2055 3337 2114 remotam,
3364 2056 3656 2103 stramentum

2166 2133 2348 2189 lectuli
2374 2134 2458 2190 sui
2494 2133 2623 2190 fecit
2646 2133 2829 2189 efferri
2877 2135 2945 2192 de
2977 2136 3101 2193 loco
3127 2139 3464 2194 confessionis
3496 2135 3659 2210 (Fam,

2163 2222 2549 2297 consessionis]
2587 2225 2877 2295 praedictas,
2912 2236 2973 2281 ut
3011 2227 3211 2284 ibidem
3248 2226 3538 2300 quiescendo
3556 2241 3659 2297 pre-

2166 2314 2462 2369 stolarctur
2495 2315 2659 2371 ﬁnem
2694 2331 2884 2371 eorum
2912 2316 3227 2374 refectionis
3256 2328 3311 2374 et
3342 2334 3480 2374 suam
3513 2319 3660 2372 iterum

2168 2405 2560 2475 regressionem
2592 2405 2661 2460 ad
2689 2405 2865 2462 locum
2890 2406 3079 2463 lectuli
3107 2410 3212 2464 sui.

2236 2500 2293 2554 2.
2333 2501 2591 2558 Membris
2639 2517 2770 2575 ergo
2808 2504 2862 2560 in
2920 2504 3126 2562 lectulo
3178 2507 3490 2576 compositis,
3532 2502 3662 2560 oculis

2169 2595 2543 2650 tantummodo
2566 2595 2769 2651 clausis
2794 2604 2848 2651 et
2875 2599 3111 2653 necdum
3147 2600 3200 2654 in
3231 2613 3477 2662 somnum,
3503 2604 3551 2649 ut
3579 2595 3662 2663 ipse

2169 2682 2464 2749 fatebatur,
2503 2685 2776 2750 resolutis,
2813 2688 2962 2741 venit
3017 2689 3285 2759 malignus
3337 2687 3546 2758 spiritus,
3575 2682 3661 2736 elli-

2169 2774 2311 2846 giem
2337 2776 2684 2843 praetendens
2716 2777 2925 2844 clerici,
2955 2778 3013 2834 in
3046 2787 3196 2835 tanta
3229 2777 3534 2833 deformium
3555 2786 3661 2827 caci

2169 2871 2228 2919 et
2255 2864 2543 2920 tenebrosa
2597 2864 2759 2932 facie,
2815 2876 2876 2922 ut
2933 2883 3040 2923 nec
3076 2870 3230 2941 signa
3270 2867 3516 2923 oculorum
3546 2864 3588 2918 in
3614 2874 3662 2914 eo

2169 2962 2529 3024 apparerent;
2573 2953 2752 3011 ferens
2807 2956 2862 3011 in
2893 2958 3149 3013 manibus
3185 2958 3385 3013 diversa
3432 2959 3663 3009 tome

2172 3058 2294 3098 rum
2345 3059 2568 3114 genera,
2623 3046 2676 3099 in
2729 3053 2940 3099 tantum
3002 3046 3262 3103 terribilis
3318 3038 3664 3116 gratulabundus

2098 3110 2143 3173 (ἶ
2174 3110 2370 3191 astans
2387 3134 2556 3205 capiti
2609 3134 2743 3203 ejus,
2779 3137 2931 3205 quasi
2965 3138 3209 3192 crastina
3237 3110 3359 3191 eum
3404 3139 3529 3187 esset
3576 3136 3658 3181 tor-

2173 3234 2349 3280 turus.
2380 3226 2475 3280 lllo
2500 3240 2631 3297 ergo
2660 3226 2824 3281 tantis
2878 3229 3183 3282 tortoribus
3231 3226 3508 3287 minitante,
3531 3218 3662 3276 subito

2172 3316 2421 3387 apparuit
2450 3325 2667 3371 caterva
2709 3315 3002 3384 spirituum
3035 3318 3380 3386 malignorum
3427 3321 3566 3368 totum
3586 3306 3666 3363 cel-

2172 3406 2296 3461 lulae
2324 3407 2492 3476 ipsius
2549 3405 2781 3474 spatium
2837 3405 3094 3475 impleas,
3125 3422 3248 3462 cum
3283 3403 3484 3461 scuttdis
3513 3408 3561 3455 et
3582 3397 3664 3450 lau-

2171 3496 2361 3560 ccolis,
2397 3510 2462 3549 ex
2491 3495 2640 3548 omni
2669 3502 2827 3567 parte
2876 3494 3231 3561 circumfusa,
3266 3494 3519 3550 aedilicium
3543 3485 3665 3557 quod-

2171 3585 2297 3639 dam
2323 3583 2541 3648 facturi,
2570 3584 2623 3638 in
2652 3584 2869 3639 modum
2898 3585 3260 3639 armariorum
3277 3582 3543 3638 Italicorum
3562 3587 3662 3646 pnt-

2172 3674 2458 3744 figuratum
2510 3671 2716 3745 [Codex
2748 3673 2934 3742 Berlii,
2977 3676 3261 3731 armarinli
3296 3673 3373 3728 vel
3409 3672 3539 3726 aliar.
3566 3664 3663 3734 68⁸³⁸

2173 3778 2356 3818 rarum
2387 3762 2642 3836 prmlig.],
2670 3764 2741 3818 ad
2769 3764 3133 3822 inclusionem
3179 3764 3313 3835 ejus.
3347 3764 3398 3818 la
3426 3768 3549 3815 tanta
3569 3767 3663 3822 emo

2173 3855 2405 3909 horrore
2429 3862 2484 3908 et
2519 3862 2628 3908 tam
2684 3853 3013 3909 intolerabili
3054 3866 3263 3910 terrore
3307 3845 3665 3909 circnmvallatus

2172 3942 2342 3998 frater
2377 3944 2684 4013 praedictus,
2742 3944 2875 3998 etin
2917 3954 3132 3999 tantum
3183 3944 3369 4000 anxius
3422 3939 3565 3994 factus
3586 3939 3661 3992 est.

2172 4046 2233 4089 ιιι
2252 4033 2366 4102 lam
2394 4051 2543 4105 spem
2570 4034 2832 4090 evadendi
2867 4034 3026 4105 signa
3060 4037 3250 4092 mortis
3302 4033 3446 4104 hujus
3493 4022 3664 4082 ulterius

2172 4127 2478 4184 nullatenus
2514 4128 2756 4184 haberet.
2800 4126 2909 4184 Sed
2934 4143 3074 4185 ecce
3126 4130 3303 4185 subito
3334 4123 3488 4180 adfuit
3532 4115 3665 4172 divina

2172 4218 2474 4274 miseratio.
2513 4217 2649 4272 Nam
2676 4219 2860 4273 statim
2895 4219 2951 4273 in
2984 4220 3181 4275 eadem
3225 4217 3352 4274 cella
3377 4207 3667 4285 appawmnl

2172 4308 2275 4363 viri
2312 4309 2583 4378 magniﬁci
2609 4317 2665 4363 et
2702 4309 2850 4363 vultu
2884 4309 3235 4365 honorabiles
3284 4308 3379 4363 sub
3403 4302 3558 4360 habitu
3580 4307 3664 4349 tuo.

2173 4401 2383 4456 nastico
2410 4402 2466 4455 in
2497 4402 2734 4457 scamnis
2777 4402 3030 4458 sedentes
3060 4420 3076 4468 ;
3118 4415 3340 4472 quorum
3385 4409 3505 4451 unus
3526 4406 3554 4445 e
3587 4398 3667 4440 Ine-

2176 4490 2266 4545 dio
2292 4505 2481 4546 eorum
2532 4492 2776 4547 residens
2836 4492 2974 4547 dixit
3001 4493 3196 4548 Latine
3248 4488 3437 4546 eisdem
3462 4479 3606 4537 verbis
3624 4480 3665 4526 ιιι

2175 4581 2266 4638 hic
2325 4583 2526 4654 scripta
2585 4574 2751 4650 sunt,
2801 4586 2945 4640 sicut
2999 4587 3116 4656 ipse
3164 4583 3457 4638 fatebatur:
3485 4573 3580 4630 Non
3607 4570 3667 4620 es!

2174 4686 2389 4742 equum
2423 4680 2484 4725 ut
2536 4672 2625 4727 isti
2667 4673 2886 4729 inutiles
2940 4675 3068 4728 talia
3133 4672 3503 4729 faciantznam
3550 4661 3665 4714 Ιιοηιο

2174 4768 2385 4832 pausat.
2440 4760 2575 4815 Istos
2622 4759 2811 4830 jubcte
2864 4763 3134 4819 recedere.
3196 4761 3324 4817 Post
3370 4754 3507 4825 cujus
3526 4754 3665 4804 νοοει

2173 4860 2474 4907 conventus
2502 4852 2861 4924 malignorum
2903 4855 3191 4925 Spirituum
3240 4849 3444 4908 evanuit
3465 4852 3512 4899 et

2174 4944 2265 4998 sit.
2296 4943 2667 5000 lmmensitate
2722 4945 2887 5016 igitur
2916 4946 3052 5000 tanti
3081 4944 3303 5001 terroris
3330 4937 3534 4997 sublata.
3557 4926 3665 4980 ven"

2172 5034 2395 5105 angelus
2452 5035 2754 5091 incredibili
2799 5037 3092 5106 splendens
3142 5028 3531 5105 pulchritudine.
3558 5021 3665 5115 st“

2172 5139 2444 5195 purpurea
2475 5124 2863 5192 circmndatus,
2918 5134 3072 5180 stans
3096 5125 3164 5179 ad
3188 5122 3346 5194 pedes
3368 5117 3490 5187 ejus,
3508 5114 3660 5201 amtor

2168 5215 2264 5271 bili
2325 5229 2450 5269 eum
2510 5231 2643 5271 voce
2695 5215 3050 5286 compellans.
3086 5212 3169 5269 Ad
3222 5222 3294 5277 te,
3325 5207 3500 5276 inquit,
3528 5206 3661 5250 \‘enw.

2167 5304 2517 5360 dilectissimo
2544 5306 2746 5361 anima.
2784 5305 2885 5361 Cui
2919 5305 3064 5361 idem
3098 5303 3266 5359 frater
3289 5297 3465 5355 Latine
3492 5295 3660 5354 κεροπ-

2167 5395 2287 5451 dit:
2325 5394 2384 5451 Si
2414 5397 2674 5453 Dominus
2728 5410 2885 5452 meus
2923 5394 3164 5467 peccatis
3221 5390 3352 5446 meis
3403 5374 3661 5473 ἱειιοεοαξξή

2167 5486 2591 5543 miscricordiam
2642 5495 2864 5557 ageret;
2895 5487 2976 5541 sin
3040 5491 3241 5547 autem,
3298 5478 3351 5531 in
3402 5480 3540 5528 manu
3578 5469 3663 5523 ειυς

563 5618 588 5644 ³
628 5606 910 5685 llctumem
942 5622 1052 5667 tum
1078 5683 1085 5685 ξ
1111 5620 1236 5669 ante
1271 5629 1437 5669 unum
1466 5622 1559 5669 aut
1591 5613 1725 5669 duos
1788 5630 1959 5670 annos
1989 5615 2252 5685 regimine
2309 5616 2540 5671 cessisse
2602 5624 2815 5672 constat
2872 5631 2938 5673 ex
2972 5610 3265 5669 Walafridi
3284 5602 3506 5669 carmine
3534 5599 3580 5646 ει
3621 5597 3667 5636 τι

493 5673 768 5734 Claronico
796 5680 1109 5740 llertnanni.
1144 5708 1147 5709 ν
