3884 6192
253 357 359 410 ἐτδ

1080 351 1210 407 LIB.
1253 351 1341 406 DE
1378 350 1650 408 VlSlONE
1688 350 1776 405 ET
1810 348 2014 407 OBITU
2060 346 2306 406 WETIN!
2343 344 2669 404 MONACHI.

3394 346 3499 403 774

247 486 375 527 sum
403 487 417 523 :
452 467 616 523 faciat
663 466 807 536 quod
834 463 938 520 sibi
1000 464 1239 519 videtur.
1297 463 1432 518 Nam
1484 464 1828 534 patriarchae,
1858 466 1908 526 Α
1933 459 2059 514 liter
2091 458 2302 513 inclusa
2330 458 2632 522 tenebatur,
2658 470 2889 526 quorum
2911 454 3106 512 multos
3133 470 3193 513 se
3219 458 3504 529 agnovisse

248 561 552 633 prepbetae,
584 568 640 613 et
675 556 927 627 apostoli,
983 556 1269 626 omnisque
1324 556 1558 626 dignitas
1587 555 1828 611 caelestis

247 655 370 711 sive
397 650 672 707 terrestris
696 664 794 720 pro
836 663 1032 719 genere
1060 647 1295 701 humano
1344 646 1612 702 laborant.
1642 646 1708 700 Et
1733 660 1831 702 vos

254 743 419 798 modo
446 739 617 811 magis
649 738 897 793 laborare
926 736 1156 800 debetis,
1186 735 1315 805 quia
1352 735 1472 790 istis
1495 735 1831 805 temporibus

252 831 566 902 fragiliores
613 842 820 882 sumus.
852 826 968 881 Tali
1025 825 1478 880 sermocinatione
1536 824 1704 894 ipsius
1730 839 1829 878 an-

253 923 363 993 geli
400 931 458 977 et
483 919 725 991 praedicti
755 917 943 972 fratris
972 916 1122 971 finita
1174 925 1259 972 est
1282 917 1432 986 prior
1455 915 1593 971 visio
1618 933 1631 969 :
1665 930 1827 985 quam

258 1014 397 1083 ipsis
421 1010 603 1080 verbis
661 1008 730 1063 ad
757 1007 988 1061 invicem
1025 1006 1237 1063 collatis
1265 1022 1330 1061 eo
1366 1004 1635 1060 referente
1663 1004 1830 1059 scribi

258 1102 514 1165 fecimus,
550 1098 686 1153 nihil
740 1097 863 1153 inde
912 1098 1188 1152 dementes
1246 1104 1339 1151 aut
1371 1096 1437 1152 de
1485 1106 1670 1150 nostro
1695 1094 1831 1165 adji-

256 1193 490 1255 cientes,
525 1204 626 1244 uos
662 1188 755 1259 qui
783 1188 901 1243 haec
926 1188 1128 1256 scripto
1149 1186 1662 1242 eommendavimus.

331 1284 390 1339 5.
430 1279 851 1351 Expergefactus
881 1279 1022 1335 idem
1051 1279 1219 1333 frater
1244 1278 1446 1333 resedit
1471 1294 1486 1344 ;
1527 1285 1581 1333 et
1608 1277 1833 1332 circum-

257 1373 499 1443 spiciens
534 1370 581 1425 si
603 1370 726 1440 quis
759 1369 811 1424 ei
860 1368 1093 1433 adesset,
1124 1366 1328 1422 invenit
1390 1365 1542 1429 duos,
1574 1365 1832 1436 praaposi-

260 1473 380 1517 tum
418 1460 587 1530 ipsius
614 1457 930 1513 monasterii
958 1466 1011 1512 et
1042 1457 1273 1511 alterum
1306 1455 1553 1520 fratrem,
1596 1454 1663 1509 ad
1688 1453 1831 1509 sola-

260 1553 399 1607 tium
430 1551 547 1621 ejus
575 1546 884 1614 derelictos,
922 1546 1133 1602 caeteris
1156 1553 1277 1617 post
1303 1558 1516 1602 caenam
1545 1545 1614 1600 ad
1646 1560 1834 1615 repau-

252 1642 488 1699 sandum
507 1640 623 1711 jam
673 1637 931 1694 dimissis.
971 1636 1104 1706 lpsis
1127 1651 1257 1706 ergo
1305 1635 1638 1699 convocatis,
1667 1648 1833 1704 expo-

251 1735 368 1789 suit
412 1731 495 1787 eis
517 1730 700 1786 omnia
736 1742 834 1798 per
879 1726 1146 1793 ordinem,
1178 1742 1298 1796 qua:
1349 1726 1403 1780 in
1460 1732 1573 1779 tam
1599 1731 1827 1795 angusto

1931 548 2240 621 fatebatur;
2284 555 2340 601 et
2372 549 2427 602 in
2457 547 2669 602 ueteris
2705 546 2860 611 locis,
2891 545 3190 601 innumeris
3216 549 3503 603 tormentis

1929 638 2130 693 diversi
2160 636 2373 707 generis
2413 635 2683 690 cruciatos
2712 641 2996 704 aspexerat
3028 651 3042 688 :
3080 634 3132 688 in
3159 634 3353 703 quibus
3386 635 3504 704 plu-

1929 729 2098 784 rimos
2129 736 2240 782 tam
2270 726 2497 782 minoris
2533 741 2695 796 quam
2719 724 2940 793 majoris
2965 725 3170 782 ordinis
3193 729 3504 782 sacerdotes

1928 827 2163 883 stantes,
2189 818 2348 872 dorso
2373 814 2649 885 stipitibus
2699 814 3045 879 inhaerentes,
3077 814 3133 868 in
3160 814 3283 885 igne
3315 816 3502 869 stricte

1928 906 2060 961 loris
2087 906 2284 976 ligatos
2331 905 2581 959 viderat:
2615 905 2762 973 ipsas
2816 919 3032 974 quoque
3071 902 3301 959 feminas
3325 904 3394 958 ab
3422 904 3503 959 eis

1929 1003 2226 1066 stupratas,
2250 993 2421 1048 simili
2456 993 2616 1048 modo
2655 994 2980 1049 constrictas
3006 1002 3132 1049 ante
3159 1010 3276 1061 eos,
3323 995 3376 1048 in
3408 1009 3502 1050 eo-

1930 1086 2051 1141 dem
2080 1085 2205 1155 igne
2251 1099 2422 1154 usque
2478 1084 2547 1139 ad
2578 1084 2694 1138 loca
2742 1085 3054 1154 genitalium
3095 1084 3379 1140 dimersas.
3411 1084 3503 1138 Di—

1929 1184 2184 1245 ctumque
2213 1185 2296 1231 est
2329 1175 2379 1230 ei
2405 1176 2474 1230 ab
2505 1175 2715 1246 angelo,
2747 1176 2892 1245 quod
2921 1178 3040 1231 sine
3067 1176 3496 1241 intermissione,

1928 1282 2037 1322 uno
2065 1268 2153 1322 die
2191 1274 2401 1321 tantum
2464 1265 2795 1331 intermisso,
2829 1266 2916 1321 die
2966 1267 3147 1330 tertia,
3198 1283 3414 1338 semper
3442 1266 3497 1321 in

1930 1356 2063 1412 locis
2093 1355 2420 1428 genitalibus
2455 1356 2622 1425 virgis
2673 1356 3028 1410 crederentur.
3067 1356 3258 1412 Plures
3310 1370 3499 1410 eorum

1930 1461 2042 1502 sua:
2070 1446 2334 1518 agnitioni
2365 1453 2521 1501 notos
2542 1447 2772 1501 dicebat.
2802 1445 3174 1513 Sacerdotum,
3205 1446 3380 1517 inquit
3402 1461 3501 1499 an-

1930 1537 2102 1608 gelus,
2129 1537 2363 1591 maxima
2389 1552 2517 1607 pars
2563 1536 2851 1592 mundanis
2900 1537 3066 1593 lucris
3119 1537 3396 1603 inbiando,
3444 1544 3503 1590 et

1931 1626 2184 1697 palatinis
2207 1628 2354 1682 curis
2390 1626 2757 1692 inserviendo,
2788 1626 2936 1681 cultu
2962 1629 3193 1683 vestium
3220 1636 3275 1684 et
3301 1642 3497 1699 pompa
3537 1670 3541 1674 .

1930 1714 2261 1771 ferculorum
2290 1730 2349 1771 se
2390 1715 2725 1782 extollendo,
2774 1725 3037 1786 quaestum
3081 1725 3274 1787 putant
3296 1733 3415 1773 esse
3443 1725 3501 1773 et

254 1820 659 1891 sibi‘mmporis
696 1816 924 1872 articulo
976 1823 1195 1871 ostensa
1248 1813 1480 1876 fuerant,
1504 1812 1657 1883 juxta
1686 1810 1829 1881 quod
1860 1798 1904 1857 Β
1929 1806 2203 1877 pietatem.
2231 1806 2528 1862 Animabus
2561 1806 2833 1861 lucrandis
2868 1822 2973 1861 non
3006 1807 3307 1878 invigilant.
3350 1806 3499 1862 Deli-

254 1917 349 1971 hic
389 1913 591 1983 scripta
625 1916 896 1974 tenentur,
928 1906 982 1961 in
1024 1913 1236 1960 tantum
1261 1903 1374 1973 jam
1396 1902 1723 1974 praescripta:
1752 1901 1833 1955 vi-

254 2002 432 2060 sionis
500 2002 726 2055 horrore
788 1994 1196 2059 tremebundus,
1227 2004 1288 2048 ut
1337 1994 1502 2048 totius
1532 1990 1831 2061 corporalis

254 2091 517 2149 molestiae
543 2087 887 2161 gravedinem
912 2085 1132 2151 oblitus,
1158 2082 1480 2139 intolerabili
1502 2089 1639 2138 testu
1668 2082 1829 2136 timo-

253 2184 335 2237 ris
363 2189 675 2236 vexaretur.
706 2176 766 2232 ln
794 2176 911 2247 ipsa
938 2188 1068 2246 ergo
1102 2172 1465 2228 immensitate
1494 2171 1707 2226 timoris
1735 2186 1831 2225 an-

255 2271 382 2325 xius
410 2268 620 2340 proruit
644 2267 699 2322 in
746 2275 947 2321 terram
982 2279 1164 2321 coram
1218 2263 1492 2334 pnedictis
1544 2262 1827 2331 fratribus,

253 2362 500 2418 distenso
530 2358 679 2414 omni
708 2371 934 2429 corpore
966 2356 1021 2411 in
1057 2356 1237 2411 crucis
1266 2355 1483 2410 modum
1509 2371 1523 2407 :
1554 2361 1609 2408 et
1636 2361 1830 2423 postu—

254 2453 416 2516 lavit,
447 2460 506 2505 ut
564 2450 710 2504 omni
749 2450 949 2503 virtute
1000 2462 1107 2517 qua
1139 2453 1382 2517 possent,
1435 2460 1535 2515 pro
1587 2443 1830 2514 peccatis

251 2542 377 2611 ejus
404 2538 819 2595 intercederent.
843 2536 937 2592 Illo
963 2550 1093 2607 ergo
1119 2535 1198 2590 sic
1221 2542 1515 2605 prostrato,
1544 2540 1830 2603 coeperunt

250 2629 498 2701 prmdicti
538 2626 736 2682 fratres
782 2633 893 2679 tam
944 2632 1150 2694 septem
1200 2622 1532 2695 paenitentiae
1565 2621 1824 2692 psalmos,

251 2732 422 2787 quam
459 2724 685 2770 crateres
738 2721 902 2768 tantae
956 2712 1214 2766 anxietati
1274 2719 1450 2782 aptos,
1507 2710 1599 2781 qui
1628 2710 1731 2766 sibi
1758 2708 1827 2764 ad

254 2808 578 2865 memoriam
611 2811 985 2871 occurrerant,
1023 2818 1124 2874 pro
1152 2818 1217 2859 eo
1243 2804 1553 2859 decantare.

323 2897 383 2951 t.
426 2896 523 2950 llis
550 2895 623 2949 ita
654 2892 820 2948 finitis
873 2892 1132 2958 surrexit,
1185 2875 1241 2947 ei
1271 2893 1470 2947 resedit
1498 2891 1552 2945 in
1604 2889 1824 2956 lectulo,

253 2986 537 3059 postulans
566 2983 849 3055 Dialogum
876 2982 1022 3038 beati
1050 2980 1293 3053 Gregorii
1323 2980 1425 3036 sibi
1471 2980 1595 3051 legi.
1620 2979 1828 3036 Princi-

252 3077 346 3147 pia
380 3090 514 3146 ergo
549 3073 725 3129 ultimi
772 3070 896 3127 libri
930 3071 1174 3144 ejusdem
1225 3069 1435 3142 Dialogi
1480 3070 1732 3125 audiente
1759 3085 1826 3126 eo

1934 1898 2033 1953 eiis
2061 1897 2344 1954 affluentes
2373 1899 2427 1953 in
2458 1906 2636 1953 scorta
2664 1907 2931 1969 proruunt
2955 1914 2970 1964 ;
3026 1907 3083 1954 et
3113 1899 3188 1952 ita
3217 1900 3418 1963 evenit,
3442 1907 3506 1953 ut

1932 2004 2033 2045 nec
2055 1989 2178 2055 sibi,
2212 2005 2312 2045 nec
2334 1990 2454 2045 aliis
2477 1990 2860 2045 intercessores
2886 2004 3006 2045 esse
3031 1990 3257 2060 possint.
3293 1989 3505 2045 Sacequ

1932 2081 2077 2135 enim
2104 2080 2413 2150 pestilentia
2447 2090 2503 2135 et
2525 2081 2668 2135 fame
2686 2080 2952 2135 laboranti
2966 2096 3062 2136 sua
3092 2094 3251 2151 prece
3279 2096 3504 2136 succur-

1933 2187 2055 2228 rere
2088 2172 2407 2242 potuissent,
2440 2173 2483 2228 si
2523 2172 2731 2228 lucrum
2758 2172 2869 2228 Deo
2894 2180 3003 2228 tota
3031 2173 3230 2228 virtute
3256 2172 3504 2229 conferre

1929 2262 2246 2318 voluissent.
2265 2262 2329 2317 Et
2340 2263 2460 2318 ideo
2476 2263 2569 2317 tali
2585 2264 3017 2318 remuneratione
3029 2262 3085 2317 in
3114 2262 3221 2318 fine
3243 2263 3511 2318 damnan-

1932 2365 2040 2422 tur,
2086 2356 2214 2427 quia
2252 2356 2676 2427 praecedentibus
2732 2356 2941 2410 meritis
2996 2355 3122 2409 talia
3166 2355 3468 2426 patiuntur.

1999 2448 2052 2502 5.
2092 2446 2168 2503 lbi
2196 2463 2256 2503 se
2282 2451 2443 2503 etiam
2472 2448 2738 2517 quoddam
2765 2462 2922 2517 opus,
2956 2449 3011 2502 in
3037 2448 3254 2503 modum
3288 2447 3498 2503 castelli

1928 2536 2071 2608 ligno
2108 2548 2163 2593 et
2183 2537 2361 2609 lapide
2397 2538 2556 2593 valde
2578 2538 2882 2593 inordinate
2903 2538 3202 2608 conjectum
3231 2577 3247 2604 ,
3287 2546 3343 2592 et
3379 2537 3506 2591 fuli—

1926 2627 2051 2698 gine
2091 2626 2331 2683 deforme
2373 2628 2574 2682 vidisse
2616 2626 2904 2692 fatebatur,
2948 2625 3096 2681 fumo
3135 2643 3203 2681 ex
3247 2642 3312 2681 eo
3340 2626 3393 2680 in
3422 2626 3503 2679 al-

1930 2724 2042 2769 tum
2067 2723 2383 2785 vaporante.
2416 2714 2511 2770 Cui
2542 2716 2891 2785 interroganti
2923 2715 3051 2786 quid
3084 2722 3248 2781 esset,
3284 2730 3505 2785 respon-

1928 2822 2047 2863 sum
2081 2816 2166 2863 est
2214 2806 2284 2862 ab
2328 2807 2537 2878 angelo,
2586 2807 2973 2862 habitationem
3026 2807 3193 2865 fuisse
3239 2821 3501 2876 quorum-

1926 2902 2052 2956 dam
2106 2899 2494 2955 monachorum
2542 2899 2608 2954 de
2657 2900 2887 2955 diversis
2928 2899 3062 2955 locis
3107 2907 3164 2955 et
3190 2899 3506 2970 regionibus

1927 2997 2376 3064 congregatorum
2418 2988 2487 3043 ad
2521 2990 2897 3060 purgationem
2939 3003 3113 3043 suam.
3155 2986 3259 3055 Qui
3300 2988 3368 3042 de
3409 3002 3507 3041 eo-

1930 3082 2054 3137 dem
2102 3093 2328 3134 numero
2375 3093 2544 3133 unum
2590 3078 2900 3148 specialiter
2954 3077 3298 3142 nominavit,
3343 3090 3507 3146 quem

253 3140 399 3223 lecta
446 3140 578 3220 sunt
628 3179 798 3235 usque
835 3165 903 3219 ad
946 3140 1465 3219 consummationem
1503 3178 1697 3217 novem
1735 3169 1830 3216 aut
1855 3140 1898 3201 (δ
1937 3173 2076 3227 dixi;
2119 3171 2318 3227 ibidem
2349 3170 2405 3224 in
2451 3184 2578 3225 arca
2605 3140 2856 3239 plumbea
2895 3168 3159 3224 inclusum
3193 3140 3511 3238 μνέεῴιπο

251 3259 445 3313 decem
482 3256 753 3312 foliorum.
808 3253 986 3309 Finita
1024 3267 1154 3325 ergo
1188 3252 1440 3318 lectione,
1477 3252 1723 3307 hortatus
1750 3258 1833 3305 est

251 3353 547 3424 praedictos
583 3348 800 3414 fratres,
833 3355 894 3402 ut
915 3346 1290 3402 lassitudinem
1345 3359 1505 3414 quam
1530 3357 1630 3413 pro
1656 3357 1722 3397 eo
1746 3342 1830 3396 vi-

252 3443 475 3514 gilando
506 3448 907 3504 contraxerant,
929 3438 1110 3508 quiete
1130 3449 1415 3506 corporum
1442 3441 1829 3505 temperarent,

253 3534 473 3605 sibique
503 3530 778 3603 paululum
810 3530 986 3585 noctis
1023 3529 1259 3599 spatium
1296 3526 1440 3597 quod
1467 3523 1829 3597 superfuerat,

253 3626 323 3681 ad
357 3622 686 3695 repausandi
711 3621 956 3677 inducias
982 3620 1359 3676 concederent.
1387 3617 1497 3673 lllis
1524 3633 1654 3688 ergo
1682 3630 1839 3673 reee-'

255 3717 534 3780 dentibus,
566 3722 624 3769 et
644 3714 698 3768 in
720 3722 875 3783 parte
904 3710 1047 3767 illius
1077 3710 1225 3766 cellae
1246 3710 1566 3781 corporibus
1591 3709 1659 3764 ad
1684 3709 1833 3778 quie-

258 3822 367 3865 tem
404 3806 710 3872 collocatis,
744 3807 859 3877 ipso
893 3805 1055 3859 etiam
1081 3812 1203 3873 post
1226 3810 1429 3856 tantam
1457 3800 1831 3856 lassitudinem

257 3911 369 3954 tam
407 3899 607 3953 anima:
634 3912 796 3966 quam
819 3893 1065 3964 corporis
1095 3893 1150 3947 in
1176 3906 1424 3947 somnum
1448 3886 1708 3955 resoluto,
1737 3905 1832 3945 ve-

256 3993 335 4046 nit
363 3991 509 4045 idem
536 3987 758 4057 angelus
795 3985 887 4056 qui
917 3985 966 4040 ei
996 3984 1050 4039 in
1106 3983 1273 4054 priori
1306 3983 1515 4039 visione
1571 3984 1639 4037 ad
1670 3983 1832 4053 pedes

256 4094 412 4137 stans
456 4088 789 4152 purpuratus
812 4077 1083 4149 apparuit,
1119 4074 1364 4131 candidis
1418 4076 1649 4130 amictus
1676 4076 1834 4129 indu-

257 4172 459 4228 mentis
483 4172 554 4226 ad
584 4178 747 4239 caput
776 4179 952 4234 stans,
981 4167 1265 4237 splendore
1321 4166 1621 4222 incredibili
1676 4165 1834 4236 fulgi-

259 4264 382 4327 dus,
410 4276 646 4329 eumque
668 4259 878 4314 blandis
903 4258 1181 4326 alloquens
1208 4256 1566 4323 sermonibus,
1596 4254 1834 4310 laudavit

259 4354 573 4424 confugium
602 4351 740 4421 ejus,
771 4351 912 4422 quod
940 4351 1006 4405 ad
1034 4350 1200 4404 Deum
1224 4350 1277 4403 in
1311 4349 1575 4419 angustiis
1603 4351 1829 4418 positus,

262 4458 370 4501 tam
424 4444 607 4500 studio
631 4442 942 4513 psalmodim
962 4457 1126 4512 quam
1150 4440 1395 4495 lectionis
1445 4439 1669 4505 fecerat,
1704 4441 1830 4493 lior-

263 4551 386 4593 tans
409 4551 537 4592 eum
563 4535 630 4589 de
657 4543 853 4589 (κεῖθι-ο
875 4534 992 4587 sine
1021 4532 1235 4587 defectu
1266 4530 1515 4585 similiter
1548 4540 1834 4585 aucturum

260 4626 442 4699 [Leg.,
508 4622 799 4694 acturum].
863 4622 1008 4676 lnter
1068 4629 1294 4675 caeteros
1342 4620 1509 4673 etiam
1566 4620 1833 4689 psalmum

262 4719 624 4772 centesimum
676 4724 925 4769 octavum
980 4712 1268 4776 decimum,
1292 4711 1418 4780 quia
1449 4709 1666 4764 moralis
1695 4710 1748 4763 in
1772 4725 1837 4764 eo

262 4812 600 4868 describitur
628 4810 821 4874 virtus,
850 4821 991 4878 saepe
1017 4804 1367 4877 repetendum
1400 4802 1679 4857 admonuit
1707 4816 1722 4854 :
1755 4818 1838 4856 se-

262 4918 370 4973 que
392 4901 555 4955 valde
588 4900 867 4963 delectari,
893 4914 1016 4953 eum
1042 4896 1274 4966 aliquem
1308 4894 1563 4949 instantia
1593 4892 1841 4948 lectionis

261 5004 320 5049 et
346 4993 635 5047 iteratione
660 4989 968 5060 psalmodiaa
998 4989 1263 5043 intentum
1306 4988 1520 5049 viderit,
1561 4987 1839 5054 Deumque

260 5087 335 5139 ob
370 5087 475 5139 hoc
503 5082 823 5154 placabilem
854 5081 969 5134 fieri
999 5094 1179 5150 posse,
1205 5081 1250 5135 si
1281 5094 1411 5134 usus
1442 5079 1542 5134 iste
1567 5078 1841 5134 veraciter

263 5186 325 5232 et
348 5191 459 5230 non
496 5176 623 5229 ficte
681 5181 950 5227 teneatur.
988 5172 1083 5227 llis
1119 5172 1283 5243 igitur
1314 5172 1492 5235 dictis,
1548 5171 1843 5241 assumpsit

265 5282 392 5321 eum
423 5266 570 5320 idem
599 5265 841 5336 angelus,
899 5274 954 5319 et
982 5264 1135 5319 duxit
1185 5278 1282 5334 per
1334 5263 1479 5317 viam
1508 5262 1840 5317 animnitatis

265 5357 641 5413 immensitate
697 5356 1055 5426 pnrclaram:
1104 5356 1156 5409 in
1194 5370 1299 5424 qua
1352 5355 1478 5409 dum
1533 5360 1838 5425 pergerent,

265 5447 512 5503 ostendit
542 5447 591 5501 ei
618 5455 831 5501 montes
860 5446 1137 5500 immensa:
1172 5443 1474 5499 altitudinis
1522 5453 1578 5497 et
1610 5442 1843 5497 incredi-

268 5540 396 5596 bilis
420 5537 860 5614 pulehritudinis,
888 5538 979 5608 qui
1032 5537 1184 5609 quasi
1213 5544 1396 5592 essent
1443 5534 1733 5589 marmorei
1764 5534 1845 5588 vi-

268 5630 564 5693 debantur,
588 5643 726 5697 quos
759 5627 1078 5682 circumibat
1107 5627 1375 5681 maximus
1411 5625 1603 5679 ﬂuvius
1633 5626 1840 5695 igneus,

269 5721 327 5775 in
363 5737 473 5793 quo
508 5720 914 5776 innumerabilis
949 5720 1231 5775 multitudo
1255 5720 1631 5775 dmnnatorum
1654 5732 1844 5789 poena-

1934 3263 2133 3320 debere
2174 3264 2317 3319 diem
2353 3262 2532 3334 magni
2563 3262 2754 3332 judicii
2798 3272 3019 3332 propter
3044 3276 3180 3331 opus
3210 3260 3506 3330 peculiare,

1934 3357 2076 3426 quod
2107 3354 2161 3409 in
2191 3352 2403 3408 Auania
2446 3361 2501 3415 et
2529 3352 2757 3422 Saphira
2783 3353 2850 3408 ad
2876 3354 3324 3422 corrumpendam
3352 3367 3503 3407 com-

1934 3443 2115 3499 munis
2140 3443 2265 3496 vitaz
2292 3441 2660 3510 integritatem
2695 3449 3066 3510 praecesserat.
3105 3441 3182 3494 De
3207 3456 3314 3509 quo
3338 3439 3509 3494 fratre

1934 3534 2314 3593 damnabiliter
2342 3533 2567 3597 incluso,
2600 3534 2812 3589 cuidam
2841 3533 3123 3605 peregrino
3160 3535 3212 3587 in
3248 3533 3507 3588 extremi—

1934 3637 2046 3694 late
2081 3628 2203 3683 vita:
2231 3642 2328 3698 per
2353 3641 2634 3682 excessum
2664 3635 2819 3696 rapto
2846 3635 2970 3681 ante
3009 3625 3257 3681 decennii
3296 3634 3512 3695 tempus

1932 3719 2208 3774 ostensum
2250 3717 2441 3779 fuerat,
2475 3717 2616 3771 sicut
2662 3726 2790 3772 tunc
2829 3716 2970 3771 fama
2998 3717 3345 3789 vulgaverat,
3375 3715 3515 3785 jam-

1932 3826 2039 3880 que
2093 3810 2183 3864 diu
2240 3809 2586 3865 obliteratum
2640 3809 2907 3864 oblivione
2966 3808 3182 3874 fuerat,
3236 3809 3339 3864 isto
3404 3808 3517 3863 fra-

1934 3912 2017 3956 tre
2058 3901 2173 3956 hmo
2212 3909 2337 3955 ante
2384 3901 2604 3954 minime
2651 3901 2933 3965 audiente,
2988 3907 3042 3954 et
3079 3899 3147 3954 ad
3194 3899 3512 3953 memoriam

1933 3992 2178 4047 eamdem
2209 4005 2425 4047 causam
2456 3990 2619 4044 simili
2654 3991 2858 4044 visione
2889 3998 3196 4045 revocante.
3235 3989 3390 4046 Unde
3418 4006 3518 4061 ap-

1933 4092 2087 4155 paret
2114 4084 2166 4137 in
2215 4098 2322 4138 una
2367 4099 2423 4137 re
2468 4084 2593 4138 bina
2623 4082 2911 4137 iteratione
2953 4082 3183 4152 repetita
3227 4083 3331 4138 hoc
3371 4083 3513 4152 quod

1936 4174 2078 4229 male
2110 4173 2368 4244 pullulat,
2400 4174 2648 4228 crebrius
2689 4172 2895 4228 succidi
2926 4172 3153 4237 debere;
3187 4188 3255 4226 ne
3297 4172 3383 4226 his
3422 4172 3513 4240 qui

1936 4267 2325 4321 monachorum
2352 4265 2574 4319 nomine
2602 4272 2913 4323 censentur,
2955 4277 3092 4331 opus
3111 4262 3387 4331 peculiare
3411 4261 3514 4316 ibi-

1937 4358 2059 4413 dem
2090 4364 2336 4411 vertatur
2362 4355 2413 4409 in
2444 4354 2647 4424 plumbi
2677 4353 3044 4424 gravedinem.

2010 4446 2063 4499 6.
2104 4444 2179 4499 lbi
2211 4446 2373 4497 etiam
2401 4453 2616 4497 ostensa
2647 4451 2731 4497 est
2753 4443 2802 4497 ei
2835 4441 3115 4510 cujusdam
3145 4443 3344 4499 montis
3385 4442 3512 4497 alti-

1941 4537 2089 4591 tudo.
2123 4536 2190 4589 Et
2231 4535 2437 4590 dictum
2484 4542 2569 4589 est
2599 4534 2669 4588 ab
2721 4533 2912 4605 angelo
2958 4533 3025 4590 de
3056 4535 3291 4604 quodam
3320 4535 3514 4590 abbate

1936 4639 2065 4684 ante
2101 4627 2422 4683 decennium
2458 4624 2732 4690 defuncto,
2763 4625 2907 4695 quod
2939 4625 2993 4680 in
3037 4626 3349 4681 summitate
3394 4626 3513 4694 ejus

1936 4727 2082 4775 esset
2104 4719 2171 4773 ad
2196 4717 2572 4788 purgationem
2599 4732 2752 4771 suam
2787 4715 3097 4786 deputatus,
3129 4732 3235 4772 non
3263 4718 3331 4772 ad
3361 4718 3515 4772 dam-

1940 4810 2214 4865 nationem
2240 4816 2588 4877 perpetuam;
2618 4806 2925 4876 ibidemque
2953 4822 3080 4862 eum
3106 4822 3323 4864 omnem
3352 4809 3515 4864 incle-

1941 4899 2201 4954 mentium
2250 4898 2397 4953 aeris
2442 4905 2498 4951 et
2538 4905 2819 4952 ventorum
2870 4897 3366 4955 incommoditatem
3411 4899 3515 4963 im-

1945 4991 2230 5061 briumque
2261 4989 2395 5060 pati.
2447 4986 2814 5060 Adjunxitque
2855 4990 2999 5046 idem
3051 4992 3272 5064 angelus
3308 4993 3373 5048 de
3413 5008 3515 5058 eo,

1944 5082 2086 5151 quod
2117 5081 2335 5151 quidam
2366 5080 2651 5150 episcopus
2680 5095 2852 5151 nuper
2880 5079 3167 5137 defunctus
3197 5082 3301 5152 ipsi
3336 5082 3516 5137 abbati

1945 5174 2140 5230 solatio
2192 5187 2415 5242 precum
2468 5184 2688 5227 suarum
2737 5173 2805 5227 ad
2861 5172 3255 5243 impetrandam
3304 5175 3515 5230 veniam

1946 5264 2233 5322 subvenire
2257 5263 2555 5329 debuisset;
2585 5265 2726 5319 sicut
2748 5264 2797 5318 ei
2829 5264 2884 5319 in
2910 5264 3115 5321 visione
3137 5280 3400 5337 apparens
3422 5280 3518 5335 per

1945 5358 2232 5430 quemdam
2277 5357 2531 5412 clericum
2577 5355 2694 5426 ejus
2744 5356 3117 5413 mandaverat.
3169 5357 3518 5424 Praeseriptns

1942 5463 2073 5504 vero
2093 5448 2377 5519 episcopus
2405 5446 2510 5502 hoc
2537 5446 2871 5518 negligenter
2893 5454 3252 5517 pertractans,
3282 5444 3517 5498 charita-

1944 5540 2015 5596 tis
2045 5540 2241 5595 ardore
2285 5553 2392 5594 non
2425 5537 2737 5601 condoluit,
2769 5546 2830 5592 ut
2858 5538 2908 5592 ei
2936 5535 3236 5592 certamine
3276 5534 3520 5589 adhibito

1946 5639 2304 5685 succurreret.
2335 5629 2401 5683 Et
2428 5629 2632 5684 idcirco
2662 5644 2760 5682 nec
2807 5628 2909 5682 sibi
2931 5627 3067 5695 jam,
3098 5625 3195 5687 ait,
3226 5625 3521 5681 subvenire

1944 5723 2161 5792 poterit.
2190 5720 2255 5774 Et
2283 5720 2373 5773 ubi
2401 5720 2517 5775 est?
2544 5720 2793 5788 inquiens
2821 5717 2926 5772 illc.
2956 5717 3114 5783 Ecce,
3138 5714 3234 5782 ait,
3262 5730 3328 5770 ex
3356 5715 3521 5772 altera
