3884 6192
425 245 530 303 775

1468 224 1818 287 HETTONIS
1853 221 2164 280 EPISCOPI
2200 221 2445 279 BASILE
2453 220 2650 278 ENSIS
3512 233 3591 289 ηδ

423 367 584 433 parte
642 354 812 426 ipsius
843 349 1045 407 montis
1074 361 1184 402 sum
1211 343 1575 405 damnationis
1632 354 1824 411 poenas
1886 336 2001 390 luit.
2034 340 2082 396 A
2111 346 2254 395 rum.
2286 330 2875 433 ίηίιυξξνηριωνθηιῖρικξ
2909 332 3114 397 03303“:
3158 349 3249 433 1³1ξο
3284 340 3499 396 mercede
3530 342 3592 397 ῖιι-

496 451 550 505 7.
566 449 643 503 De
654 447 859 502 visione
871 454 1168 509 veroquam
1183 435 1370 506 paucis
1383 434 1530 505 prasli
1537 432 1874 495 bavimus,ab
1888 431 2003 499 ipso

425 546 521 615 qui
534 544 652 597 hac
663 546 789 593 ante
803 533 1093 590 triennium
1108 528 1479 586 somniaverat
1488 526 1813 615 audivimus.
1844 522 2003 615 Veni,

427 613 624 701 inquit,
642 628 693 681 in
722 624 991 695 quoddam
1020 616 1385 676 habitaculum
1399 615 1606 671 ambitu
1619 614 1888 685 parietum
1912 613 2004 667 de-

425 724 695 784 stitutum,
731 718 784 772 in
812 730 919 785 quo
948 713 1087 768 idem
1115 711 1284 766 abbas
1312 709 1460 766 tibiis
1482 707 1728 762 residens
1757 713 2006 761 cruenta-

426 813 498 867 tis
527 809 740 864 vocavit
770 822 879 861 me.
920 805 1091 869 Vade,
1130 804 1329 874 inquit,
1359 802 1427 857 ad
1456 800 1790 871 episcopum,
1820 809 1875 854 et
1916 798 2007 854 dic

427 901 485 955 ei
504 898 649 968 quod
674 910 913 966 praesens
942 893 1151 948 mansio
1177 892 1309 947 mihi
1345 899 1400 947 et
1421 890 1528 946 alio
1557 890 1682 945 data
1714 889 2007 944 contuber-

426 991 534 1045 nali
565 1004 685 1043 meo
709 996 934 1057 propter
977 988 1082 1043 hoc
1111 987 1344 1050 sorduit,
1371 985 1499 1055 quia
1527 985 1736 1039 duobus
1772 984 1862 1040 hic
1908 998 2004 1039 co-

425 1079 650 1135 mitibus
693 1081 746 1135 iu
781 1081 1005 1134 thermis
1033 1094 1093 1133 se
1120 1078 1431 1134 lavanti-bus
1476 1077 1835 1133 intolerabilis
1864 1074 2007 1131 fetor

428 1169 553 1224 inde
573 1184 926 1238 consurgens,
960 1182 1096 1238 pene
1116 1184 1239 1223 eam
1269 1167 1426 1222 nobis
1449 1166 1857 1221 inhabitabilem
1887 1167 2007 1219 red-

427 1258 580 1313 didit.
614 1260 677 1313 Et
707 1260 827 1313 ideo
855 1273 1073 1327 quoquo
1102 1258 1264 1313 modo
1311 1257 1555 1312 collectis
1585 1257 1825 1325 undique
1857 1271 2006 1311 sum-

425 1347 609 1417 ptibus
641 1349 889 1417 patentia
918 1347 1153 1401 claudat.
1194 1346 1344 1413 Quod
1375 1347 1421 1401 si
1450 1361 1548 1417 per
1575 1361 1633 1401 se
1669 1354 1914 1416 sumptus
1935 1344 2003 1399 ad
2041 1410 2048 1417 .

427 1439 855 1494 concludendum
882 1454 947 1493 ea
978 1454 1083 1493 non
1123 1438 1396 1501 habuerit,
1434 1437 1760 1507 legationem
1804 1436 2004 1504 dirigat

430 1527 498 1581 ad
527 1527 855 1582 monasteria
895 1527 1262 1581 denominata
1309 1525 1437 1580 Inde
1482 1525 1689 1580 solatiis
1728 1533 2004 1594 gratanter

429 1617 844 1681 administratis,
882 1616 1206 1687 supplebunt
1232 1616 1412 1670 omnia
1445 1615 1709 1670 clausura:
1737 1615 1864 1669 huic
1903 1631 1998 1670 ne-

430 1709 691 1765 cessaria.
743 1707 896 1774 Quod
946 1708 1173 1762 audiens
1206 1707 1490 1776 episcopus
1539 1723 1553 1758 :

430 1800 624 1868 inquit,
655 1798 986 1853 somniorum
1017 1811 1122 1851 non
1154 1804 1275 1850 sunt
1307 1795 1652 1849 attendeuda.
1679 1793 1786 1850 Sed
1809 1802 1865 1849 et
1885 1794 2000 1863 ipsa

434 1889 622 1942 eadem
652 1887 881 1958 angelus
906 1887 961 1940 in
994 1884 1253 1954 prmscnti
1294 1884 1502 1939 visione
1531 1884 1821 1949 remonuit,
1856 1884 2002 1954 quod

429 1981 718 2049 episcopus
747 1979 940 2034 solatia
985 1993 1208 2047 precum
1248 1992 1468 2031 suarum
1493 1976 1665 2030 etiam
1699 1992 1730 2029 a
1774 1976 2003 2029 mortuis

436 2077 737 2125 conventus
772 2084 878 2123 non
913 2064 1367 2123 subministravit.
1397 2067 1500 2137 Ipsi
1532 2083 1661 2121 vero
1690 2066 1845 2120 fratri
1865 2066 2003 2143 ,‘qui

380 2186 383 2187 ν
430 2158 547 2213 haec
571 2158 727 2225 quasi
758 2157 826 2213 de
856 2157 1048 2213 inferis
1081 2159 1148 2213 ad
1174 2173 1401 2226 superos
1428 2158 1758 2227 reportabat,
1786 2158 2003 2227 praesci-

431 2255 543 2302 tum
571 2257 701 2303 ante
728 2265 836 2303 non
865 2249 1066 2304 Fuerat.

498 2341 553 2395 8.
593 2339 705 2395 Illic
732 2340 895 2396 etiam
924 2341 1212 2409 quemdam
1238 2341 1537 2410 principem
1562 2353 1612 2405 ει,
1643 2340 1737 2410 qui
1763 2340 1929 2395 Italia:
1950 2349 2005 2394 et

428 2432 608 2502 populi
664 2432 892 2487 Romani
943 2441 1157 2502 sceptra
1204 2434 1476 2502 quondam
1519 2439 1756 2497 rexerat,
1802 2431 2004 2486 vidisse

427 2534 663 2579 stantem
697 2523 932 2588 dixerat,
962 2533 1017 2578 et
1042 2526 1273 2580 verenda
1304 2523 1420 2591 ejus
1448 2522 1731 2591 cujusdam
1754 2521 2005 2577 animalis

429 2624 615 2664 morsu
661 2608 877 2673 laniari,
907 2607 1114 2677 reliquo
1146 2607 1361 2676 corpori
1399 2606 1623 2659 immuni
1666 2607 1734 2662 ab
1770 2607 1875 2661 hac
1914 2605 2005 2659 la:-

429 2699 583 2758 siuue
613 2709 881 2756 manente.
928 2698 1160 2769 Stupore
1198 2699 1362 2770 igitur
1407 2697 1712 2752 vehementi
1741 2697 2005 2753 attonitus

432 2791 805 2847 admirabatur
833 2790 1103 2860 quomodo
1130 2798 1313 2844 tantus
1346 2789 1447 2854 vir,
1474 2787 1567 2857 qui
1597 2787 1653 2843 iu
1689 2785 2005 2841 defensioue

428 2884 715 2939 catholicae
742 2883 864 2937 tidei
887 2891 943 2937 et
970 2882 1234 2951 regimine
1257 2888 1460 2935 sancta:
1477 2880 1728 2935 Ecclesia:
1743 2877 2006 2934 moderno

432 2973 628 3028 saeculo
644 2987 781 3043 pene
807 2971 948 3026 inter
971 2980 1199 3025 caeteros
1210 2970 1501 3038 singularis
1529 2968 1799 3039 apparuit,
1825 2968 2003 3039 puniri

2109 430 2351 473 tororum
2384 419 2515 474 nihil
2543 428 2728 489 agunt.
2763 417 2869 475 Sed
2898 436 3022 476 cum
3066 426 3342 482 mundanas
3365 427 3488 501 leges
3517 449 3596 505 pro

2106 510 2407 564 coercenda
2450 509 2577 562 mali
2609 510 2831 564 audacia
2861 510 3249 572 administrant.
3288 517 3459 575 damna
3480 523 3597 596 lega-
3650 506 3662 523 ’

2104 599 2198 665 lia,
2234 614 2354 669 quze
2395 600 2731 655 debitoribus
2777 599 3041 671 inﬂigunt,
3068 603 3259 674 absque
3285 609 3596 670 misericordia

2104 692 2160 744 et
2210 691 2369 760 quasi
2419 691 2523 747 sibi
2578 692 2779 755 debita,
2820 708 2931 747 suae
2976 696 3208 750 avaritize
3244 710 3495 768 reponunt,
3530 706 3600 763 hic

2106 780 2303 835 iterum
2355 781 2698 835 invenienda.
2739 781 3012 837 Justitiam
3054 798 3178 840 vero
3222 803 3309 857 spe
3351 790 3601 851 futurorum

2106 888 2382 943 nunquam
2411 881 2579 944 agunt
2610 891 2624 927 :
2652 874 2745 929 sed
2773 889 2894 930 cum
2924 891 3043 930 eam
3074 878 3235 948 gratis
3261 879 3433 937 oll‘ene
3457 888 3599 941 omni-

2103 963 2205 1017 bus
2232 978 2331 1033 pro
2360 964 2687 1018 aeternitatis
2717 965 2968 1020 mercede
3006 966 3257 1032 debeant,
3286 984 3474 1040 semper
3495 975 3603 1029 eam

2102 1053 2349 1107 venalem
2368 1093 2382 1118 ,
2425 1052 2569 1107 sicut
2588 1061 2644 1107 et
2671 1053 2907 1107 animam
2941 1070 3114 1119 suam,
3140 1066 3358 1127 portant.
3381 1059 3603 1127 Quosdam

2103 1144 2247 1199 enim
2269 1142 2382 1212 jam
2405 1143 2680 1213 judicatos
2705 1144 3020 1199 nominatim
3051 1147 3275 1212 dixerat,
3304 1149 3429 1204 sicut
3460 1151 3603 1205 Evan-

2103 1234 2305 1305 gelium
2354 1234 2421 1288 de
2470 1233 2765 1289 incredulis
2806 1234 3182 1304 proloquitur:
3214 1235 3312 1301 Qui
3341 1250 3489 1292 autem
3526 1256 3605 1293 non

2104 1327 2287 1392 credit,
2340 1327 2613 1396 inquiens,
2657 1328 2775 1398 jam
2795 1328 3073 1397 judicatus
3120 1338 3193 1383 est
3220 1328 3387 1399 (Joan.
3423 1347 3494 1394 Ill,
3522 1332 3605 1400 l8).

2101 1419 2528 1474 Innumerabiles
2556 1419 2720 1473 etiam
2757 1434 2815 1474 se
2842 1418 3040 1473 vidisse
3085 1420 3282 1486 retulit,
3310 1429 3408 1474 tam
3435 1420 3490 1475 de
3522 1421 3609 1491 plc-

2101 1510 2243 1574 beio,
2281 1526 2443 1579 quam
2474 1510 2539 1564 de
2564 1508 2753 1565 ordine
2777 1509 3101 1564 monachico
3124 1509 3439 1564 diverson
3465 1524 3605 1565 emno-

2100 1602 2315 1656 biorum
2342 1611 2398 1656 et
2424 1602 2727 1670 regionum,
2756 1600 2966 1671 aliquos
2995 1600 3053 1655 in'
3081 1600 3270 1673 gloria,
3296 1602 3524 1672 quosdam
3542 1616 3612 1657 eo-

1607 1705 1997 1772 Delimmenm,
2030 1687 2074 1746 Β
2101 1707 2222 1747 rum
2252 1692 2305 1745 in
2336 1705 2496 1760 poena
2524 1690 2832 1760 depressos.

2174 1780 2261 1833 l0.
2302 1779 2394 1834 llis
2424 1794 2554 1849 ergo
2587 1789 2642 1834 et
2680 1780 2894 1835 caneris
2932 1780 3402 1837 innumerabilibus
3430 1794 3613 1850 conspe-

2101 1869 2207 1925 ctis
2228 1909 2243 1937 ,
2282 1886 2402 1940 qum
2427 1886 2590 1925 causa
2618 1870 2923 1940 compendii
2966 1871 3110 1942 stylo
3148 1883 3389 1928 currente
3423 1870 3610 1926 exclusi-

2101 1975 2248 2025 mus,
2276 1961 2430 2015 duxit
2454 1976 2579 2015 eum
2621 1956 2691 2015 ad
2716 1961 2835 2015 loca
2859 1960 3227 2030 pulcherrima
3263 1961 3477 2016 naturali
3515 1974 3615 2014 con-

2104 2051 2399 2106 structione
2440 2049 2659 2106 {tundata
2686 2090 2701 2117 ,
2751 2060 2875 2106 cum
2918 2052 3160 2107 arcubus
3204 2051 3348 2123 quasi
3389 2049 3542 2104 aureis
3573 2056 3615 2103 et

2103 2141 2398 2211 argenteis,
2447 2156 2611 2211 opere
2647 2138 2899 2212 anaglny
2937 2136 3031 2215 [In
3082 2139 3314 2198 Puteano
3360 2140 3545 2197 additur
3574 2140 3614 2192 in

2103 2231 2378 2300 margine:
2410 2230 2463 2283 id
2506 2233 2610 2295 est,
2645 2229 2856 2303 caelato]
2889 2230 3130 2286 discreta
3178 2248 3191 2285 :
3222 2247 3335 2302 quae
3362 2239 3493 2286 tanta
3526 2243 3614 2282 ma-

2104 2321 2385 2392 gnitudine
2426 2328 2482 2374 et
2514 2319 2801 2375 altitudine
2827 2328 2881 2375 et
2906 2330 3022 2375 tam
3051 2321 3435 2391 pulchritudine
3470 2319 3613 2373 iocre

2105 2411 2258 2466 dibili
2298 2412 2651 2477 claruerant,
2700 2420 2762 2465 ut
2809 2426 2912 2466 nec
2961 2427 2995 2466 a
3042 2420 3220 2467 mente
3272 2409 3496 2480 concipi,
3538 2421 3615 2461 nec

2105 2514 2201 2555 ore
2220 2502 2458 2556 humano
2478 2500 2708 2571 proferri
2740 2502 2872 2556 tanti
2899 2502 3241 2557 immensitas
3262 2501 3429 2588 operis
3451 2505 3614 2572 posset.

2105 2591 2256 2647 Tunc
2291 2595 2552 2662 processit
2590 2593 2702 2649 Rex
2744 2590 2931 2666 regum
2980 2604 3038 2651 et
3085 2592 3337 2650 Dominus
3380 2588 3611 2648 dominan-

2107 2688 2242 2742 tium
2277 2702 2402 2742 cum
2444 2687 2787 2744 multitudine
2830 2696 3171 2753 sanctorum,
3218 2696 3360 2742 tanta
3399 2684 3543 2756 gloria
3578 2690 3622 2735 et

2107 2774 2388 2844 majestate
2418 2774 2672 2846 fulgidus,
2710 2783 2770 2830 ut
2808 2775 2971 2830 homo
3002 2776 3282 2846 corporeis
3317 2773 3470 2829 oculis
3493 2771 3621 2840 jnbar

2107 2864 2240 2918 tanti
2286 2863 2504 2918 luminis
2546 2875 2599 2918 et
2629 2864 2948 2935 dignitatem
2987 2866 3178 2938 gloriae
3213 2873 3513 2927 sanctorum,
3531 2874 3621 2930 qua

2109 2955 2307 3009 ibidem
2321 2955 2589 3024 apparuit,
2609 2954 2833 3011 sufferre
2858 2957 3191 3026 nequiverit.
3210 2956 3354 3013 Tunc
3376 2956 3477 3026 ipse
3498 2967 3622 3027 ange-

436 3027 583 3120 lum
611 3027 959 3120 agt-omum“,
985 3076 1161 3133 ρωηω
1188 3027 1472 3132 mgis“,
1491 3027 1673 3117 ου’ίξιι)
1697 3027 1886 3133 πέεῘο
1909 3061 2007 3117 (ια-
2033 3027 2078 3088 (Ῑ
2112 3047 2225 3111 lus,
2267 3047 2360 3116 qui
2403 3046 2522 3117 ejus
2569 3048 2761 3103 ductor
2806 3055 2861 3101 et
2905 3051 3167 3104 ostensor
3190 3036 3395 3111 iuerat,
3430 3044 3543 3099 dixit
3572 3040 3625 3095 ad

431 3164 581 3211 ctore
593 3169 696 3210 suo
704 3153 952 3223 protinus
968 3159 1406 3221 responsum'est,
1421 3151 1565 3221 quod
1576 3152 1824 3220 quamvis
1838 3150 2005 3207 multa

432 3245 675 3298 miranda
710 3252 765 3297 et
793 3241 1079 3297 laudabilia
1108 3252 1163 3297 et
1189 3242 1299 3297 Deo
1337 3252 1562 3312 accepta
1608 3241 1846 3308 fecisset,
1873 3258 2009 3314 quo-

432 3351 554 3390 rum
615 3335 867 3390 mercede
929 3334 1226 3404 privandus
1272 3350 1377 3388 non
1426 3342 1542 3398 est,
1593 3341 1772 3389 tamen
1832 3334 2007 3404 stupri

433 3423 705 3480 illecebris
727 3424 1012 3487 resolutus,
1052 3439 1178 3479 cum
1208 3425 1422 3481 caeteris
1464 3424 1621 3480 bonis
1663 3424 1774 3479 Deo
1812 3424 2010 3479 oblatis

433 3513 831 3586 longaevitatem
876 3515 1003 3570 vitm
1044 3529 1155 3570 sua:
1207 3514 1261 3568 in
1312 3514 1416 3568 hoc
1462 3514 1756 3570 terminare
1796 3514 2006 3579 voluit,

431 3609 587 3677 quasi
618 3624 784 3678 prava
831 3607 1142 3664 obscenitas
1186 3616 1242 3662 et
1271 3621 1530 3663 concessa
1578 3604 1864 3678 fragilitati
1909 3607 2010 3661 hu-

435 3715 610 3753 mana:
639 3699 863 3754 libertas
884 3700 1026 3755 mole
1052 3707 1326 3754 tantorum
1355 3700 1621 3754 bonorum
1651 3700 1808 3755 obrui
1836 3707 1891 3754 et
1914 3700 2011 3753 ah-

436 3788 579 3846 sumi
609 3788 889 3857 potuisset.
930 3787 1032 3855 Qui
1066 3797 1270 3851 tamen,
1308 3790 1503 3858 inquit,
1535 3790 1590 3844 in
1620 3798 1768 3846 sorte
1802 3791 2006 3846 electo-

439 3894 559 3933 rum
582 3878 652 3933 ad
681 3877 843 3931 vitam
873 3879 1289 3947 praedestinatus
1327 3886 1459 3938 est._

511 3970 563 4026 9.
603 3970 717 4024 lllic
743 3970 906 4025 etiam
934 3970 1075 4024 dona
1101 3970 1500 4041 praemagnitica
1539 3980 1595 4027 et
1638 3962 2008 4028 innumerabi-

440 4060 515 4117 lia
543 4059 849 4130 pompatice
882 4074 913 4112 a
944 4058 1198 4130 malignis
1225 4060 1509 4129 spiritibus
1533 4063 1601 4116 ad
1628 4060 2011 4132 proferendum

438 4152 690 4208 ordinata
710 4153 923 4207 viderat
946 4152 999 4207 in
1023 4152 1204 4223 palliis
1229 4153 1410 4209 aureis
1431 4161 1487 4209 et
1510 4155 1803 4226 argenteis,
1832 4156 2013 4225 equis,

439 4252 497 4297 et
523 4242 892 4298 linteaminum
923 4243 1221 4299 subtilitate
1243 4246 1619 4300 candentibus.
1640 4245 2013 4317 Interrogante

443 4341 627 4387 autem
675 4348 742 4388 eo
769 4330 924 4400 cujus
969 4333 1082 4388 haec
1126 4342 1328 4398 essent,
1358 4342 1415 4389 et
1449 4336 1575 4404 quid
1605 4335 1661 4390 in
1694 4335 2012 4407 ﬁguratione

442 4439 538 4478 sua
565 4425 951 4494 protendereut
978 4443 992 4478 :
1037 4425 1326 4490 Comitum,
1358 4427 1533 4496 inquit
1557 4427 1801 4498 angelus,
1835 4427 2012 4482 diver-

443 4532 623 4572 sarum
656 4516 1055 4586 provinciarum
1079 4516 1203 4587 jura
1247 4520 1549 4587 regentium
1591 4525 1719 4572 sunt
1755 4518 1869 4572 hinc
1910 4536 1922 4572 :
1955 4526 2017 4572 ut

443 4609 549 4660 huc
562 4608 838 4661 venientes
858 4621 920 4661 ea
944 4580 1237 4671 inveniatit,
1254 4616 1309 4661 et
1330 4609 1504 4663 sciant
1526 4609 1651 4677 quia
1677 4609 2012 4674 muneribus,

445 4697 664 4764 rapinis,
695 4704 750 4750 et
775 4696 998 4751 avaritia
1027 4709 1282 4768 congesta
1322 4706 1470 4752 sunt.
1520 4697 1757 4765 Quorum
1804 4698 2015 4768 aliquos

445 4785 764 4838 nominatim
791 4788 1117 4855 exprimens,
1148 4789 1286 4843 dixit
1311 4804 1375 4843 ea
1421 4804 1695 4858 nunquam
1737 4788 2013 4845 defectura

444 4878 540 4924 aut
567 4871 792 4926 delenda
821 4875 971 4943 prius
1012 4892 1172 4945 quam
1210 4877 1310 4946 ipsi
1355 4878 1620 4942 venirent,
1665 4886 1718 4932 et
1755 4894 1819 4932 ea
1858 4878 1913 4933 in
1941 4880 2014 4934 si-

445 4975 577 5015 num
619 4971 773 5014 Suum
822 4963 1144 5032 reciperent.
1189 4966 1362 5032 Quam
1405 4966 1701 5020 terribilem
1734 4982 1863 5022 vero
1889 4983 2012 5022 sen-

449 5052 672 5106 tentiam
712 5052 778 5108 de
824 5056 1233 5111 conversatione
1270 5058 1528 5112 comitum
1564 5058 1848 5124 intulerit,
1893 5059 2018 5129 quis

446 5156 705 5196 enarrare
757 5141 1019 5197 sullieiat?
1058 5160 1179 5200 cum
1224 5147 1482 5215 quosdam
1522 5164 1709 5204 eorum
1754 5165 1861 5205 non
1904 5150 2018 5204 vin-

447 5232 597 5288 dices
632 5232 918 5287 criminum
949 5249 1068 5289 esse
1096 5234 1316 5301 dixerit,
1347 5238 1443 5293 sed
1482 5239 1603 5294 vice
1644 5239 1841 5294 diaboli
1890 5254 2016 5309 pcr-

445 5329 726 5377 secutores
754 5321 1053 5387 hominum,
1075 5321 1252 5391 justus
1278 5327 1605 5392 damnando,
1634 5339 1689 5383 et
1719 5345 1839 5384 reos
1858 5329 2017 5397 justi-

447 5409 681 5478 ﬁcando,
712 5412 919 5467 furibus
949 5422 1002 5468 et
1028 5414 1308 5470 sceleratis
1329 5416 1795 5473 communicando.
1830 5419 2015 5476 Mune-

2042 4376 2089 4435 D

2107 3152 2229 3194 eum
2256 3152 2270 3192 :
2304 3136 2552 3192 Crasdna
2582 3136 2814 3207 migrare
2839 3137 3112 3205 debebas;
3150 3139 3245 3194 sed
3274 3136 3469 3191 interim
3495 3138 3624 3186 certa-

2108 3248 2230 3287 mus
2276 3247 2374 3302 pro
2404 3230 2799 3286 misericordia.
2830 3230 2987 3287 Tune
3034 3218 3311 3304 praeeunte
3338 3227 3508 3299 angelo
3528 3238 3625 3296 per-

2111 3323 2251 3377 rexit
2282 3322 2370 3377 ubi
2411 3336 2700 3377 consessus
2741 3330 3058 3377 sanctorum
3103 3324 3431 3379 sacerdotum
3467 3319 3511 3371 in
3541 3312 3627 3384 glo-

2111 3412 2191 3466 ria
2210 3420 2266 3467 et
2291 3411 2552 3482 dignitate
2578 3411 2939 3465 inaestimabili
2966 3411 3234 3483 fulgebat.
3259 3413 3402 3468 Tunc
3422 3407 3535 3464 dixit
3555 3403 3623 3459 ei:

2109 3503 2201 3558 lsti
2228 3513 2354 3558 sunt
2378 3504 2519 3574 apud
2544 3503 2713 3558 Deum
2737 3502 2949 3559 meritis
2975 3505 3247 3560 bonorum
3275 3516 3477 3574 cperam
3511 3509 3629 3551 coro-

2110 3596 2243 3660 nati,
2274 3595 2467 3665 quibus
2495 3610 2593 3650 vos
2620 3594 2794 3651 cilicia
2820 3595 3202 3653 ecclesiastica
3229 3590 3531 3664 impenditis.
3552 3583 3629 3638 llo-

2110 3702 2299 3758 gemus
2325 3687 2468 3752 illos,
2506 3696 2566 3742 ut
2595 3688 2692 3743 tibi
2726 3689 3169 3747 misericordiam
3198 3687 3336 3758 apud
3374 3686 3518 3740 Deum
3550 3680 3628 3731 im-

2110 3790 2346 3851 petrent.
2377 3780 2473 3834 His
2500 3780 2684 3848 dictis,
2723 3780 3000 3854 supplices
3033 3781 3187 3847 facti,
3216 3780 3437 3836 orabant
3460 3787 3539 3827 eos
3569 3767 3630 3821 in-

2113 3880 2443 3928 tercessores
2468 3872 2610 3929 ﬁeri.
2642 3874 2830 3930 Sancti
2868 3887 3009 3931 vero
3041 3872 3354 3929 sacerdotes
3384 3870 3487 3924 sine
3514 3872 3628 3917 mor1

2112 3973 2396 4035 surgentes
2425 3973 2783 4035 perrexerunt
2800 3966 2867 4019 ad
2892 3966 3190 4034 thronum;
3221 3973 3276 4019 et
3288 3957 3516 4035 prostrati
3536 3958 3631 4006 ante

2115 4058 2387 4124 thronum,
2437 4058 2868 4114 misericordiam
2896 4059 3253 4129 postulabant
3292 4053 3522 4127 prmdicto
3552 4043 3633 4096 [η’

2113 4147 2204 4202 tri.
2237 4148 2331 4204 Ille
2357 4163 2488 4205 vero
2516 4149 2741 4219 angelus
2768 4164 2895 4204 cum
2924 4150 3127 4206 eodem
3160 4149 3345 4212 fratre,
3374 4143 3471 4200 illis
3502 4139 3632 4193 inter-

2113 4244 2457 4303 cedentibus.
2511 4245 2576 4300 de
2606 4245 2766 4315 longe
2797 4245 2853 4299 in
2895 4254 3061 4314 parte
3109 4244 3279 4299 stetit.
3326 4237 3510 4307 Quibus
3539 4235 3634 4282 ante

2116 4334 2371 4389 thronum
2409 4334 2728 4404 suppliciter
2752 4350 2847 4403 pro
2869 4332 3252 4390 misericordia
3279 4320 3632 4402 postulantibus.

2115 4439 2218 4478 vox
2271 4424 2339 4479 de
2369 4424 2565 4479 throno
2607 4426 2790 4479 audita
2819 4435 2905 4480 est
2952 4426 3007 4481 in
3062 4436 3378 4495 responsum
3400 4420 3472 4473 eis
3501 4413 3632 4468 data:

2116 4513 2374 4583 Exempla
2420 4515 2792 4571 :ediiicationis
2838 4516 2961 4569 aliis
2991 4516 3183 4570 facere
3217 4512 3412 4573 debuit,
3442 4503 3524 4561 sed
3555 4509 3634 4552 00“

2115 4605 2281 4661 fecit:
2314 4606 2565 4675 Nihilque
2595 4608 2824 4676 amplius
2854 4608 2907 4662 in
2936 4610 3222 4678 responsis
3249 4604 3476 4660 auditum
3499 4586 3635 4646 est-llI

2118 4695 2209 4751 illo
2235 4711 2365 4768 ergo
2414 4704 2522 4751 tam
2566 4699 2828 4766 prmclaro
2873 4700 3070 4754 ordine
3104 4698 3438 4753 sacerdotum
3466 4688 3635 4741 salitlos

2118 4785 2450 4859 Dionysium,
2502 4787 2813 4854 Martinum,
2861 4791 3200 4852 Annianum,
3232 4786 3566 4847 Hilariumquc
3595 4780 3638 4823 se

2114 4880 2436 4949 cognovisse
2461 4881 2715 4936 asseruit.

2186 4971 2272 5024 Il.
2321 4972 2471 5027 Tunc
2499 4974 2694 5028 iterum
2730 4976 3052 5031 coliortante
3091 4973 3285 5043 angelo
3321 4964 3465 5024 simul
3490 4967 3634 5034 βεγιν

2113 5069 2331 5126 xerunt,
2364 5062 2458 5116 ubi
2485 5064 2766 5119 beatorum
2795 5074 3098 5134 martyrum
3134 5059 3412 5117 multitudo
3440 5057 3634 5110 innume'

2114 5154 2297 5209 rabilis
2336 5155 2695 5212 inaestimabili
2739 5157 2905 5227 gloria
2951 5156 3218 5228 fulgebat.
3268 5153 3357 5209 Isti
3401 5153 3526 5207 sunt.
3565 5136 3635 5228 ξίίν

2113 5260 2248 5315 quos
2276 5246 2541 5316 gloriosus
2571 5226 2885 5302 certaminis
2913 5226 3226 5316 triumphus
3262 5245 3325 5297 ad
3358 5246 3536 5296 tantam
3551 5226 3636 5298 Β¹⁰”

2114 5337 2248 5392 riam
2284 5339 2553 5408 provexit,
2596 5355 2733 5408 quos
2780 5355 2876 5394 vos
2913 5339 2969 5392 in
3010 5337 3256 5393 Ecclesia
3291 5335 3481 5389 honore
3517 5328 3639 5376 exco-

2112 5426 2225 5482 litis
2246 5428 2312 5481 ad
2343 5429 2603 5484 honorem
2629 5438 2684 5484 et
2719 5429 2927 5485 laudem
2952 5429 3076 5494 Dei,
3109 5443 3246 5499 quos
3274 5426 3407 5480 inter
3433 5420 3639 5473 interm?

520 5557 547 5625 ξ
587 5547 788 5625 Nempe
845 5547 1095 5625 _Carolum
1162 5546 1426 5618 Magnum,
1458 5559 1515 5604 ut
1548 5564 1614 5604 ex
1674 5553 1912 5607 carmine
1972 5552 2253 5611 Walafridi
2301 5559 2590 5623 constal‘it,
2642 5558 2732 5612 ubi
2779 5558 2941 5610 etiam
2969 5556 3354 5625 praedictorum
3393 5536 3644 5602 abbatisel

448 5617 683 5685 episcopi
715 5619 930 5673 nomina
957 5617 1287 5687 retegantur.
