3884 6192
203 343 307 398 777

1036 342 1161 399 UB.
1205 345 1292 401 DE
1332 344 1607 402 VISIONE
1639 345 1727 400 ET
1767 343 1975 403 OBITU
2021 343 2278 401 WETINI
2317 343 2642 400 MONACHI.

3369 346 3470 400 778

202 472 359 514 seres
400 469 502 527 pro
536 453 864 525 indulgentia
902 462 1248 524 peccatorum
1284 462 1502 510 tuorum
1542 469 1788 525 quaerere
1812 458 1865 518 Α
1888 455 2125 511 medium
2152 470 2260 511 non
2291 458 2485 520 audeo,
2518 454 2642 524 qnia
2666 460 2888 523 propter
2910 452 3171 508 vilitatem
3193 468 3327 510 meae
3352 470 3479 525 per-

202 547 490 604 debemus.
545 543 691 611 Quos
722 559 847 599 cum
886 544 1049 599 simili
1084 544 1474 614 supplicatione
1502 545 1651 599 humi
1677 558 1799 615 pro-

202 644 412 693 stratos
439 642 749 697 cernerent,
782 633 965 688 statim
994 634 1111 689 sine
1140 634 1247 689 ulla
1274 634 1531 689 dilatione
1551 634 1620 689 ad
1642 636 1795 692 thro-

204 742 339 781 num
369 724 565 780 divinae
592 720 890 789 maiestatis
932 723 1245 788 tendentes,
1281 723 1545 793 prostrati
1582 724 1797 779 veniam

204 821 592 887 poposcerunt.
645 812 854 880 Quibus
896 827 927 866 a
966 813 1163 867 throno
1200 828 1305 867 vos
1345 820 1405 866 ut
1444 821 1570 868 ante
1598 813 1796 869 emissa

202 913 290 961 est
316 904 507 959 dicens
534 921 547 956 :
573 901 631 957 Si
666 916 759 957 eos
786 914 924 971 quos
956 899 1099 954 male
1121 900 1382 967 docendo,
1417 902 1665 973 exemplo
1685 917 1798 959 sua:

207 1000 499 1073 pravitatis
532 998 800 1062 illexerat,
834 1004 891 1052 et
924 1010 957 1049 a
985 994 1073 1049 via
1102 995 1351 1050 veritatis
1377 995 1430 1050 in
1458 996 1604 1051 viam
1645 1010 1797 1053 erro-

208 1093 285 1147 ris
304 1089 650 1160 depravando
671 1102 765 1143 eos
787 1086 1105 1151 deduxerat,
1129 1086 1451 1152 correxerit,
1479 1096 1534 1142 et
1556 1088 1625 1143 ad
1650 1086 1795 1142 viam

206 1184 459 1238 veritatis
506 1180 815 1243 reduxerit,
864 1177 1092 1234 remissa
1132 1185 1275 1231 sunt.
1329 1178 1438 1233 illis
1475 1186 1655 1233 autem
1698 1180 1800 1235 ite-

207 1291 333 1331 rum
371 1272 846 1343 interrogantibus,
888 1269 1157 1341 quomodo
1193 1270 1308 1324 haec
1340 1270 1605 1326 correctio
1637 1271 1705 1326 ab
1731 1284 1799 1327 eo

207 1364 333 1419 fieri
367 1363 669 1434 potuisset,
706 1369 766 1415 ut
802 1362 873 1416 ad
911 1364 1282 1422 remissionem
1317 1362 1640 1434 postulatam
1676 1376 1799 1432 per-

207 1454 399 1510 venire
426 1455 713 1520 potuisset,
753 1451 949 1506 iterum
989 1469 1093 1509 vox
1132 1456 1200 1511 de
1231 1457 1427 1509 throno
1470 1459 1554 1508 est
1594 1452 1661 1507 ad
1703 1467 1799 1507 eos

208 1543 357 1599 facta
383 1562 397 1596 :
421 1542 723 1604 Convocet,
768 1541 967 1611 inquit,
1010 1558 1199 1600 omnes
1235 1559 1372 1615 quos
1413 1558 1511 1599 suo
1553 1542 1799 1612 exemplo

208 1642 306 1687 aut
345 1632 591 1687 doctrina
631 1630 698 1685 ad
748 1630 933 1695 illicita
979 1635 1183 1704 agenda
1225 1634 1630 1705 illaqueaverat,
1674 1647 1800 1702 pro-

210 1730 424 1778 sternat
449 1737 507 1777 se
538 1728 661 1775 ante
692 1736 805 1786 eos,
837 1730 892 1777 et
919 1722 1234 1793 proﬁteatur
1255 1739 1314 1779 se
1338 1722 1479 1779 male
1504 1722 1679 1795 egisse
1706 1729 1800 1777 aut

1896 560 2043 600 sonte
2063 545 2132 600 ad
2158 546 2260 600 hoc
2284 559 2371 600 me
2397 552 2582 614 aptum
2610 558 2718 598 non
2743 543 2940 598 sentio.
2990 542 3089 598 Cui
3114 544 3338 615 angelus
3366 542 3481 599 ma-

1897 650 2000 705 gna
2036 650 2159 690 cum
2194 635 2560 706 indignatione
2591 633 2905 704 respondit:
2934 632 3087 701 Quod
3115 633 3258 690 Deus
3282 634 3400 690 vult
3426 645 3483 689 et

1894 740 1994 795 per
2018 739 2106 781 me
2133 725 2229 781 tibi
2255 723 2430 794 jubet,
2466 733 2523 779 tu
2556 740 2664 779 non
2690 725 2857 780 audes
2881 723 3169 794 proferre?
3201 724 3329 780 Post
3363 726 3482 782 haec

1896 815 2056 883 cmpit
2086 829 2208 870 eum
2246 815 2541 870 admonere
2575 815 2737 870 modo
2772 814 2988 869 diverso
3014 814 3082 870 de
3106 816 3482 873 emendatione

1895 917 2013 959 sua.
2068 902 2200 975 Ego,
2234 903 2411 973 inquit
2439 904 2682 975 angelus,
2710 903 2779 958 ad
2804 904 3108 959 custodiam
3143 906 3220 960 tui
3249 907 3480 977 deputa-

1896 1004 1984 1053 tus
2009 1011 2149 1060 sum,
2176 995 2271 1067 qui
2300 996 2570 1067 quondam
2600 995 2849 1052 Samsoni
2873 996 2951 1052 illi
2973 1012 3133 1068 quem
3159 996 3298 1054 liber
3322 997 3476 1056 Judi-

1897 1095 2021 1144 eum
2046 1087 2324 1152 describit,
2352 1089 2421 1143 ab
2446 1088 2563 1159 ejus
2583 1097 2706 1142 ortu
2730 1102 2767 1142 a
2792 1088 2905 1144 Deo
2928 1103 3049 1143 sum
3072 1089 3353 1145 ordinatus
3375 1130 3391 1156 ,
3424 1102 3481 1147 et

1898 1177 1955 1232 in
2001 1177 2159 1233 omni
2193 1184 2387 1233 conatu
2429 1191 2654 1246 operum
2699 1176 3069 1233 mirandorum
3113 1177 3223 1232 Deo
3266 1178 3482 1234 favente

1897 1276 2219 1339 cooperator
2255 1268 2333 1324 illi
2352 1314 2355 1315 ν
2374 1268 2557 1323 exstiti
2578 1308 2594 1333 ,
2627 1281 2803 1338 usque
2834 1268 2961 1323 dum
2997 1268 3181 1324 carnis
3213 1269 3481 1326 illecebris

1896 1362 2191 1429 emollitos,
2221 1361 2276 1416 in
2306 1360 2477 1416 Dalila
2505 1360 2598 1416 Dei
2628 1360 2887 1415 offensam
2930 1361 3233 1427 incurrens,
3264 1373 3321 1419 et
3351 1378 3481 1418 con-

1899 1444 2263 1507 secratiobem
2298 1465 2452 1506 suam
2488 1460 2670 1507 scorto
2692 1453 2951 1515 vendens,
2979 1466 3009 1505 a
3034 1451 3147 1507 Deo
3174 1461 3259 1509 est
3289 1454 3482 1508 dereli-

1899 1554 2041 1601 ctus.
2080 1547 2233 1601 Tunc
2258 1554 2439 1600 autem
2481 1544 2678 1599 recessi
2710 1544 2779 1599 ab
2809 1558 2894 1598 eo.
2947 1542 3027 1597 Tu
3064 1557 3195 1615 ergo
3222 1543 3277 1598 in
3302 1544 3485 1614 pueri-

1901 1635 1974 1689 tia
1998 1646 2088 1690 tua
2116 1636 2247 1690 mihi
2282 1634 2529 1705 placuisti
2554 1649 2569 1688 :
2593 1649 2735 1690 nunc
2769 1648 2900 1689 vero
2934 1633 2988 1689 in
3029 1648 3266 1689 maerore
3292 1642 3347 1690 et
3367 1649 3483 1706 pos-

1900 1725 2145 1781 nitudine
2174 1725 2354 1781 cordis
2387 1725 2457 1779 ad
2490 1724 2659 1780 Deum
2691 1738 3004 1789 conversus,
3042 1724 3241 1780 iterum
3274 1725 3479 1796 places.

208 1813 463 1870 docuisse
490 1852 504 1877 ,
545 1820 602 1866 et
642 1812 876 1881 postulet
918 1814 1130 1869 veniam
1156 1855 1171 1879 ,
1214 1815 1467 1884 ipsosque
1506 1821 1656 1885 petat
1701 1827 1799 1883 per
1826 1821 1872 1882 B
1970 1816 2060 1872 14.
2108 1817 2165 1872 in
2214 1816 2477 1873 coenobiis
2520 1816 2721 1873 etenim
2763 1817 3150 1873 monachorum
3186 1816 3483 1874 admonen—

209 1903 384 1958 Deum
410 1902 833 1971 omnipotentem
859 1911 913 1957 et
940 1912 1157 1959 sanctos
1177 1919 1385 1969 omnes,
1421 1912 1483 1959 ut
1509 1905 1625 1959 haec
1650 1903 1793 1958 mala

208 1994 443 2049 ulterius
466 2008 565 2048 nec
585 2000 767 2064 agant,
793 2008 893 2048 nec
914 1994 1141 2049 doceant
1165 2013 1177 2049 :
1203 1995 1308 2050 illis
1330 1994 1547 2049 interim
1569 1994 1623 2048 in
1642 2002 1796 2063 parte

209 2084 278 2138 de
317 2082 475 2152 longe
515 2083 805 2148 stantibus,
850 2082 992 2137 sicut
1030 2083 1085 2139 in
1121 2084 1291 2155 priori
1334 2084 1676 2139 sacerdotum
1718 2084 1796 2139 in-

212 2173 569 2229 tercessione.
620 2171 766 2228 inter
790 2187 926 2243 quos
959 2181 1175 2230 sanctos
1206 2173 1586 2231 Sebastianum
1608 2181 1663 2230 et
1684 2174 1794 2230 Va-

210 2266 567 2321 lentinianum
592 2265 878 2335 agnovisse
905 2264 1198 2322 fatebatur.

284 2356 374 2410 i2.
415 2355 541 2410 Inde
567 2368 699 2426 ergo
729 2354 925 2426 angelo
947 2357 1275 2426 perduceute
1308 2357 1587 2414 tendentes
1620 2358 1689 2413 ad
1713 2357 1795 2414 lo-

211 2463 362 2512 cum,
394 2447 450 2501 in
474 2461 581 2516 quo
606 2446 1012 2502 innumerabilis
1036 2447 1322 2503 multitudo
1347 2456 1657 2504 sanctarum
1688 2448 1797 2503 vir-

212 2538 401 2608 ginum
440 2536 769 2601 morabatur,
812 2536 1216 2608 incomparabili
1249 2539 1512 2611 dignitate
1536 2548 1592 2595 et
1620 2539 1798 2610 splen-

214 2629 354 2683 dore
389 2627 599 2683 corusci
626 2626 846 2683 luminis
870 2627 1099 2700 fulgens.
1145 2628 1256 2696 lite,
1290 2630 1485 2700 inquit,
1522 2641 1647 2687 sunt
1674 2647 1798 2687 san-

215 2730 319 2777 cta:
368 2719 602 2785 feminze,
641 2720 837 2791 quibus
877 2736 974 2777 vos
1017 2720 1331 2777 famulatum
1372 2724 1796 2781 ecclesiasticum

216 2813 284 2867 ad
325 2813 586 2868 honorem
617 2812 849 2869 nominis
881 2812 1081 2870 Christi
1112 2815 1440 2886 impenditis.
1491 2815 1601 2873 Has
1630 2818 1696 2873 ad
1724 2818 1800 2873 iu-

219 2910 613 2966 tercessionem
663 2908 804 2979 apud
839 2908 1005 2965 Deum
1042 2925 1143 2980 pro
1173 2910 1481 2983 longiturna
1519 2912 1633 2967 vita
1661 2926 1799 2982 pm

217 3001 438 3056 mittere
458 2999 731 3055 debemus.
794 2999 890 3056 liis
919 3000 1094 3065 dictis,
1128 3009 1190 3056 ut
1212 3009 1358 3067 ante,
1386 3008 1801 3076 prostraverunt

216 3105 279 3146 se
313 3097 443 3144 ante
473 3104 584 3144 eas.
638 3088 746 3146 lllaz
766 3090 952 3145 statim
994 3091 1094 3146 sub
1143 3092 1291 3146 omni
1341 3090 1683 3149 festinatione
1732 3092 1800 3149 ad

1898 1905 2026 1961 dum
2072 1913 2178 1973 est,
2218 1915 2279 1961 ut
2316 1906 2573 1961 vitiorum
2606 1904 2879 1961 radicibus
2910 1905 3185 1972 arefactis,
3221 1907 3480 1963 virtutum

1897 1998 2106 2070 possint
2125 1999 2369 2069 germina
2399 1997 2704 2069 pullulare:
2734 1998 2860 2068 quia
2890 1996 3112 2067 majoris
3141 1998 3354 2053 numeri
3378 1997 3485 2054 fre-

1898 2089 2116 2159 quentia
2147 2089 2419 2160 reperitur
2446 2102 2635 2144 eorum
2659 2130 2674 2155 ,
2705 2089 2797 2160 qui
2826 2088 3115 2144 mundanis
3144 2089 3485 2144 necessitati-

1897 2180 2019 2246 bus,
2046 2195 2211 2250 quam
2235 2180 2327 2250 qui
2358 2179 2562 2250 Spiritu
2584 2179 2680 2235 Dei
2705 2179 2774 2235 ad
2798 2178 2916 2237 haec
2935 2179 3196 2250 spiritalia
3220 2187 3397 2237 castra
3421 2195 3482 2237 se

1898 2270 2196 2328 conferant.
2232 2270 2496 2327 Animalia
2517 2271 2662 2327 enim
2688 2270 2851 2327 homo
2877 2286 2983 2326 non
3011 2269 3243 2342 percipit
3268 2283 3334 2325 ea
3355 2286 3479 2341 quae

1898 2369 2026 2416 sunt
2052 2360 2287 2433 Spiritus
2312 2360 2429 2417 Dei.
2464 2361 2533 2416 Et
2566 2360 2688 2417 ideo
2721 2361 3040 2417 certandum
3068 2368 3154 2417 est
3186 2361 3317 2416 totis
3354 2360 3485 2416 viri-

1897 2451 2021 2518 bus,
2048 2467 2118 2508 ne
2146 2452 2488 2508 multitudine
2520 2452 2818 2509 carnalium
2848 2461 3091 2524 tepescat
3123 2452 3235 2508 vita
3263 2451 3479 2522 spirita-

1897 2540 2064 2607 lium,
2108 2557 2181 2598 ne
2217 2543 2527 2599 abundante
2571 2542 2857 2614 iniquitate
2890 2542 3205 2614 refrigescat
3241 2542 3485 2598 charitas

1898 2632 2210 2688 multorum.
2262 2632 2533 2688 Caveatur
2564 2633 2791 2688 avaritia
2827 2653 2839 2687 :
2878 2648 2983 2702 qua
3027 2632 3338 2687 dominante
3374 2646 3482 2687 non

1899 2722 2246 2779 descenditur
2273 2724 2342 2779 ad
2373 2732 2744 2796 paupertatem
2781 2724 3039 2795 spiritus,
3074 2739 3181 2795 qua
3218 2724 3481 2780 caelorum

1900 2813 2079 2869 aditus
2101 2812 2403 2870 obseratur.
2455 2814 2709 2871 Ciborum
2736 2824 2791 2871 et
2818 2822 2977 2886 potus
3010 2815 3271 2886 ingluvies
3304 2825 3487 2871 verta-

1900 2909 1990 2958 tur
2028 2904 2082 2959 in
2115 2905 2207 2960 vix
2248 2903 2603 2962 suﬁicieutem
2637 2906 2813 2962 victus
2852 2907 3253 2962 necessitatem.
3304 2904 3483 2977 Aqua,

1900 2992 2099 3066 inquit,
2130 2995 2286 3052 valde
2308 2996 2377 3052 ad
2400 2998 2693 3069 potandum
2731 2997 2881 3053 utilis
2914 3004 3021 3063 est,
3062 2996 3188 3067 quia
3222 2996 3486 3051 naturalis

1898 3098 2058 3161 potus
2086 3096 2190 3144 est.
2227 3088 2382 3145 Nitor
2405 3089 2635 3144 vestium
2657 3096 2898 3144 mutetur
2925 3088 2980 3143 in
3002 3087 3365 3145 necessarium
3390 3103 3485 3141 ar-

217 3182 482 3238 thronum
517 3180 816 3246 tendentes,
858 3195 955 3251 pro
990 3180 1297 3253 longiturna
1329 3180 1447 3251 ejus
1477 3184 1587 3238 vita
1612 3192 1799 3255 postu-
1823 3204 1870 3267 ρ
1900 3182 2085 3238 caudae
2114 3180 2373 3236 nuditatis
2397 3188 2452 3235 et
2477 3181 2691 3251 frigoris
2729 3187 3235 3251 temperamentum.
3290 3177 3486 3249 Super-

218 3274 420 3339 lantes,
446 3274 578 3345 ipsis
602 3273 819 3329 interim
848 3281 908 3328 ut
938 3274 1089 3344 prius
1118 3274 1171 3329 in
1201 3284 1355 3345 parte
1379 3276 1665 3333 stantibus.
1691 3277 1801 3332 An-

220 3375 444 3435 tequam
470 3378 600 3420 vero
626 3363 742 3420 solo
778 3363 844 3418 ad
878 3378 1069 3433 preces
1102 3373 1594 3436 prosternerentur,
1635 3380 1801 3437 appa-

220 3458 338 3513 ruit
364 3453 619 3523 majestas
642 3454 857 3510 Domini
893 3454 1126 3510 obviam.
1174 3455 1242 3510 Et
1269 3455 1485 3511 elevans
1510 3470 1603 3510 eas
1623 3495 1639 3523 ,
1665 3456 1804 3511 dixit

199 3548 301 3603 'eis
330 3564 343 3600 :
372 3544 428 3600 Si
464 3546 603 3600 bona
640 3545 852 3610 doceat,
890 3552 945 3601 et
975 3544 1221 3615 exempla
1256 3545 1398 3599 bona
1440 3552 1580 3617 agat,
1622 3552 1679 3600 et
1707 3559 1803 3600 eos

218 3637 422 3708 quibus
448 3634 583 3689 mala
615 3635 845 3705 praebuit
871 3635 1135 3707 corrigat,
1174 3634 1280 3691 erit
1305 3635 1494 3705 petitio
1526 3644 1730 3693 vestra.

292 3727 384 3781 15.
436 3724 564 3781 Post
599 3726 715 3780 haec
753 3725 877 3781 inde
912 3725 1249 3791 recedentes,
1284 3726 1449 3795 carpit
1487 3725 1537 3781 ei
1581 3726 1805 3798 angelus

221 3833 497 3892 exponere
532 3818 585 3873 in
610 3816 827 3889 quantis
854 3817 1107 3873 vitiorum
1137 3816 1388 3873 sordibus
1411 3817 1685 3875 volutatur
1711 3820 1806 3874 hu-

222 3912 480 3967 manitas.
535 3908 689 3965 Licet
725 3908 888 3973 enim,
933 3908 1127 3979 inquit,
1158 3908 1211 3963 iu
1244 3908 1491 3966 diversas
1517 3908 1804 3965 criminum

220 4001 645 4058 numerositates
668 4002 737 4058 ab
764 4009 983 4058 auctore
1022 4017 1121 4057 suo
1147 4003 1366 4058 recedat
1393 4003 1688 4057 humanum
1716 4017 1807 4073 ges

221 4111 347 4161 nus,
384 4093 597 4150 diabolo
627 4110 687 4151 se
720 4094 1107 4164 mancipando,
1158 4094 1211 4148 in
1256 4094 1402 4149 nullo
1442 4102 1623 4149 tamen
1666 4096 1807 4150 Deus

220 4186 398 4256 magis
426 4184 715 4240 offenditur
733 4226 748 4250 ,
780 4200 940 4255 quam
967 4201 1088 4240 cum
1119 4193 1306 4241 contra
1332 4193 1584 4241 naturam
1613 4201 1808 4256 pecca-

222 4285 333 4331 tur.
390 4275 459 4330 Et
479 4275 599 4330 ideo
623 4275 787 4330 multa
813 4275 1091 4346 vigilantia
1121 4278 1435 4332 certandum
1455 4287 1539 4332 est
1555 4278 1807 4334 omnibus

221 4365 385 4429 locis,
412 4380 482 4419 ne
503 4364 703 4420 scelere
741 4364 1058 4421 sodomitico
1098 4365 1193 4420 Dei
1227 4365 1594 4422 habitaculum
1634 4375 1808 4421 verta-

222 4463 315 4510 tur
340 4454 398 4509 in
424 4454 644 4511 delubra
673 4454 996 4511 dmmonum.
1044 4453 1162 4510 Non
1203 4455 1376 4510 solum
1407 4456 1575 4523 enim,
1612 4456 1802 4527 inquit,

1901 3274 2004 3331 bim
2030 3281 2212 3329 tumor
2236 3273 2528 3329 mutandus
2552 3281 2636 3328 est
2661 3273 2715 3327 in
2740 3271 3097 3327 humilitatem
3134 3286 3241 3326 non
3277 3270 3481 3326 ﬁctam.

1900 3362 1960 3418 1n
1990 3362 2310 3433 quibusdam
2353 3363 2495 3417 enim
2530 3362 2744 3417 videtur
2780 3361 3053 3416 cervicum
3099 3358 3336 3423 inﬂexio,
3385 3361 3480 3416 sed

1903 3468 2009 3508 non
2038 3451 2322 3521 deponitur
2347 3451 2403 3505 in
2434 3451 2514 3507 eis
2541 3450 2720 3506 cordis
2743 3451 2966 3506 erectio.
3013 3451 3071 3506 ln
3109 3448 3213 3506 hoc
3249 3465 3485 3522 namque

1902 3544 2140 3600 maxime
2181 3542 2297 3613 ipsa
2347 3542 2460 3597 vita
2501 3542 2783 3612 apostolici
2835 3542 3045 3598 ordinis
3096 3540 3480 3605 confunditur.

1902 3636 2046 3706 quod
2074 3635 2302 3690 virtutes
2319 3633 2465 3690 vitiis
2482 3632 2817 3690 sut'focantur
2837 3631 3039 3707 [Codex
3057 3632 3240 3699 Bestii,
3260 3631 3489 3689 fuscan—

1901 3727 2034 3801 tur].
2073 3727 2141 3783 Et
2167 3728 2296 3783 dum
2327 3726 2485 3799 culpa
2510 3742 2631 3799 qua:
2651 3727 2750 3783 sub
2778 3726 2957 3798 specie
2992 3725 3211 3797 pietatis
3236 3723 3481 3786 intravit,

1902 3819 1960 3876 iu
1987 3836 2088 3877 usu
2119 3820 2414 3887 retinetur,
2445 3819 2559 3890 jam
2601 3819 2754 3891 quasi
2794 3834 2893 3890 pro
2934 3818 3050 3890 lege
3089 3825 3238 3874 recte
3270 3819 3483 3873 vivendi

1904 3911 2235 3969 defenditur.
2299 3911 2534 3983 Ideoque
2552 3911 2608 3968 in
2629 3911 2867 3968 occiduis
2889 3910 3228 3983 regionibus,
3259 3908 3486 3967 Germa-

1904 4002 2010 4058 nia:
2036 4002 2286 4059 videlicet
2319 4009 2374 4059 et
2408 4001 2614 4067 Galliae,
2644 4001 2800 4057 istius
2823 4000 3030 4058 ordinis
3060 4000 3309 4056 homines
3332 4008 3394 4055 ut
3414 4000 3483 4054 ad

1904 4107 2088 4149 veram
2118 4092 2321 4147 Christi
2349 4092 2709 4148 humilitatem
2741 4099 2797 4146 et
2822 4089 3178 4145 voluntariam
3204 4098 3466 4161 pauperta

1905 4193 2015 4241 tem
2037 4184 2396 4241 informentur
2413 4225 2429 4251 ,
2455 4183 2779 4239 admonendi
2813 4191 2958 4247 sunt,
2989 4196 3057 4236 ne
3083 4196 3115 4235 a
3142 4179 3310 4249 janua
3338 4181 3486 4244 vitae,

1907 4278 2018 4334 Deo
2061 4278 2177 4333 haec
2226 4292 2323 4347 per
2366 4292 2453 4333 me
2492 4274 2809 4343 terribiliter
2846 4271 3228 4343 pronuntiante
3250 4312 3266 4336 ,
3312 4270 3459 4341 repel

1907 4369 2110 4424 lantur.

1979 4458 2063 4512 15.
2109 4457 2317 4525 Quanta
2352 4455 2517 4511 etiam
2546 4455 2601 4510 in
2625 4451 3131 4525 congregationibus
3157 4450 3483 4508 feminarum

222 4544 315 4600 hic
344 4545 568 4599 morbus
592 4544 859 4600 virulenta
885 4545 1203 4616 contagione
1226 4545 1472 4615 irrepens
1499 4546 1668 4601 inficit
1689 4548 1805 4601 ani-
1831 4555 1882 4615 ι)
1908 4547 2063 4620 culpa
2089 4546 2411 4610 excreverit,
2442 4552 2499 4600 et
2527 4545 2780 4600 damnum
2810 4543 2919 4597 Deo
2953 4540 3152 4595 factum
3190 4540 3242 4596 in
3276 4538 3485 4595 lucrum

221 4651 366 4701 mas,
412 4635 553 4689 inter
589 4650 649 4691 se
692 4636 978 4690 concubitu
1024 4634 1387 4689 masculorum
1423 4636 1672 4704 pollutas,
1710 4636 1807 4693 sed

219 4727 394 4783 etiam
426 4725 480 4779 in
507 4724 805 4795 conjugatis
842 4724 1121 4794 multiplici
1159 4732 1313 4794 peste
1343 4732 1627 4779 concretus
1664 4726 1812 4782 inve-

223 4816 394 4882 nitur,
421 4813 545 4885 dum
570 4816 623 4870 iu
645 4814 850 4869 rabiem
880 4814 1166 4869 vexatione
1188 4812 1426 4869 libidinis
1456 4813 1616 4877 versi,
1644 4822 1700 4870 et
1725 4815 1810 4869 in-

220 4907 431 4962 stinctu
463 4905 761 4963 daemonum
793 4905 997 4975 agitati,
1030 4915 1238 4960 naturze
1265 4905 1464 4960 bonum
1492 4921 1522 4960 a
1557 4905 1665 4961 Deo
1688 4921 1814 4963 con-

221 5007 447 5051 cessum
483 4992 711 5060 perdunt
736 5008 749 5046 :
774 4994 848 5047 ita
884 5001 944 5048 ut
980 4995 1137 5050 thoro
1168 4994 1509 5050 immaculato
1545 4994 1598 5049 in
1633 4997 1808 5067 stupri

220 5083 500 5141 maculam
532 5099 726 5151 verso,
768 5087 927 5141 ambo
966 5087 1239 5158 prostituti
1279 5088 1612 5144 dmmonibus
1653 5088 1811 5144 fiant.

223 5176 387 5233 Unde
411 5176 665 5247 pmcipio
690 5178 786 5232 tibi
812 5193 879 5232 ex
908 5177 1230 5233 auctoritate
1256 5178 1457 5243 divina,
1484 5188 1543 5233 ut
1569 5179 1684 5235 haec
1712 5195 1811 5249 pu-

221 5268 373 5323 blice
411 5266 712 5337 praedices:
741 5267 907 5322 etiam
957 5275 1216 5336 quantum
1265 5267 1555 5323 discrimen
1590 5267 1645 5322 in
1683 5267 1810 5323 luxu

221 5355 659 5413 concubinarum
700 5358 905 5412 haereat
942 5371 1048 5413 non
1086 5357 1248 5412 celes.
1292 5356 1537 5425 Quandiu
1573 5356 1718 5410 enim
1756 5356 1810 5411 in

223 5447 322 5502 illa
372 5448 710 5503 obscenitate
751 5447 1077 5519 polluuntur,
1121 5448 1273 5521 regni
1313 5448 1572 5505 caelorum
1614 5447 1817 5503 aditum

224 5551 343 5594 non
399 5545 694 5593 merentur.
744 5537 841 5594 Cui
880 5538 957 5592 ait
981 5556 993 5592 :
1017 5534 1240 5593 Domine
1269 5580 1283 5603 ,
1327 5538 1443 5595 haec
1480 5536 1725 5608 proferre
1762 5539 1816 5596 in

304 5661 331 5690 ι
388 5646 446 5721 lu
483 5647 670 5705 codice
702 5649 944 5721 Puteano
975 5650 1179 5721 legitur
1192 5649 1545 5721 demuntur.
1574 5649 1690 5703 Erit
1723 5650 1815 5721 qui

230 5717 524 5791 legendum
565 5728 717 5789 putet
751 5717 1107 5774 dominantur.
1160 5718 1266 5776 Sed
1298 5717 1640 5775 retinendum
1683 5717 1815 5791 puto

645 5810 919 5871 Parant.
968 5809 1092 5871 CV.

1909 4637 2106 4693 diaboli
2155 4634 2444 4707 profecerit
2483 4634 2821 4689 ordinatione
2853 4631 3073 4687 confusa
3098 4671 3114 4696 ,
3154 4646 3259 4687 non
3295 4631 3483 4685 tacuit.

1908 4728 2042 4785 Cum
2085 4728 2253 4793 enim,
2302 4727 2475 4797 inquit
2519 4725 2770 4797 angelus,
2817 4733 3042 4780 mortua:
3089 4722 3301 4779 feminae
3349 4724 3487 4778 vivis

1909 4818 2273 4891 praeferuntur
2320 4816 2485 4889 (quia
2518 4815 2677 4871 vidua
2712 4817 2899 4871 vivens
2940 4815 2997 4870 in
3028 4814 3235 4870 deliciis
3274 4823 3485 4869 mortua

1909 4909 2037 4981 est),
2063 4908 2291 4963 mortuis
2319 4905 2573 4976 operibus
2611 4902 3088 4969 communicando,
3128 4919 3196 4959 ex
3232 4904 3370 4959 vivis
3408 4904 3488 4958 eis

1911 4999 2165 5067 subjecta:
2185 5007 2409 5054 mortuae
2429 4997 2582 5052 fiunt.
2618 4996 2687 5052 Et
2703 4995 2830 5053 dum
2852 4994 3200 5052 srecularibus
3218 4995 3413 5051 dantur
3437 5007 3478 5057 ο,

1911 5088 2304 5159 inexplebiliter
2329 5100 2461 5157 opes
2498 5095 2742 5142 terrenas
2768 5086 3042 5149 sitientes;
3072 5084 3126 5139 in
3155 5092 3401 5139 terrenas
3435 5092 3484 5136 et

1911 5180 2181 5247 perituras
2210 5174 2513 5245 voluptates
2535 5175 2725 5232 ordine
2759 5174 2983 5231 confuso
3018 5180 3301 5229 vertuntur
3333 5187 3485 5241 opes.

1911 5281 2031 5335 qua:
2071 5265 2139 5320 ad
2166 5264 2592 5320 conservandam
2620 5263 2994 5320 castimoniam
3031 5262 3270 5319 caelestis
3300 5263 3423 5314 vitae
3455 5274 3484 5311 a

1911 5354 2159 5409 fidelibus
2182 5361 2450 5425 congesta:
2470 5362 2616 5409 sunt.
2698 5354 2701 5355 ⁷

1987 5447 2073 5501 16.
2121 5447 2188 5501 Et
2212 5446 2324 5513 ubi,
2358 5445 2552 5519 inquit,
2592 5445 2735 5502 illius
2767 5447 2891 5502 vita:
2917 5444 3224 5515 apostolicae
3256 5436 3483 5494 formula

1914 5536 2224 5607 incorrupta
2262 5536 2551 5593 servatur?
2598 5536 2657 5592 In
2687 5533 3078 5598 transmarinis,
3118 5532 3214 5596 ait,
3257 5528 3487 5599 regioni-

1913 5651 2141 5715 dtmtur;
2178 5660 2238 5706 ut
2262 5651 2334 5707 sit
2360 5666 2552 5708 sensus
2578 5669 2589 5703 :
2616 5650 2753 5704 Dum
2782 5645 3123 5703 sa'cularibus
3151 5642 3325 5697 viduis
3351 5641 3486 5696 dats.

1913 5732 2000 5775 tur
2030 5722 2264 5792 regenda!
2289 5719 2728 5779 sanctimoniales,
2754 5728 2856 5773 etc.

3009 5804 3087 5866 25
