3884 6192
484 279 589 339 183

1593 278 1798 335 JESSE
1833 279 2141 339 EPISCOPI
2166 282 2620 343 AMBIANENSIS

3569 305 3648 364 7M

484 397 651 473 deant
681 407 892 458 omnes,
932 392 1115 483 Amen.
1149 388 1226 483 Ita
1256 388 1401 444 dicat
1427 388 1687 483 diaconus
1715 409 1727 445 :
1755 388 1969 462 Signata
1996 392 2057 447 il-
2081 401 2132 458 Α
2157 395 2254 462 cit,
2281 395 2499 468 Signate
2526 398 2647 454 illos
2668 413 2687 451 :
2707 408 2841 455 state
2870 417 2989 455 cum
3030 403 3295 476 disciplina
3330 419 3373 464 et
3401 411 3652 483 silentio,et

484 464 604 563 los,-
661 485 889 540 uccedite
939 483 1009 536 ad
1056 480 1480 548 benedictionem,
1540 490 1597 537 et
1648 482 1865 554 signent
1916 484 2062 555 ipsos

485 578 721 633 infantes
747 575 799 628 in
828 571 1096 627 frontibus
1136 584 1324 625 eorum
1354 578 1698 642 susceptores
1725 572 1830 626 viri
1874 573 1957 628 vel
1984 571 2064 629 fe-

483 672 666 735 minae,
686 668 743 723 id
766 676 852 723 est
874 667 1075 736 patriai
1105 667 1460 725 vel-matriae:
1488 668 1556 725 de
1576 668 1773 740 pollice
1795 668 2057 725 dicendo:

482 757 551 813 In
575 759 783 811 nomine
811 755 1011 821 Patris,
1039 766 1088 811 et
1114 754 1267 825 Filii,
1298 767 1347 811 et
1377 756 1610 828 Spiritus
1643 760 1850 824 sancti;
1878 768 1933 814 et
1960 758 2063 813 im-

479 858 647 922 ponat
672 852 905 922 primum
937 866 1156 906 manum
1187 866 1352 922 super
1379 851 1545 916 viros,
1569 860 1759 923 postea
1789 865 1954 922 super
1982 851 2061 907 fe-

480 943 676 1008 minas,
736 942 872 997 dans
915 943 1221 997 orationem
1260 943 1477 998 excelsa
1524 958 1657 999 voce
1703 944 1790 997 his
1830 943 2056 999 verbis:

479 1034 622 1087 Deus
657 1033 946 1097 Abraham,
977 1043 1033 1088 et
1074 1034 1302 1104 reliqua.
1340 1033 1472 1089 Post
1505 1035 1622 1090 hac
1656 1043 1875 1091 vertens
1904 1051 1965 1092 se
1989 1036 2060 1090 ad

479 1124 710 1179 feminas
742 1122 907 1179 faciat
928 1124 1068 1179 sicut
1097 1139 1258 1195 supra
1290 1133 1344 1179 et
1378 1125 1556 1190 dicat;
1589 1124 1730 1179 Deus
1756 1124 1889 1187 cali,
1916 1124 2059 1178 Deus

476 1227 632 1271 terra:
664 1230 682 1269 :
713 1224 766 1270 et
803 1216 998 1270 iterum
1034 1216 1320 1271 annuntiet
1337 1215 1598 1271 diaconus
1626 1215 1848 1271 dicens:
1874 1212 2054 1281 Orate,

477 1307 650 1373 electi,
685 1316 748 1362 et
795 1305 1025 1376 reliqua.
1056 1305 1123 1359 Et
1162 1306 1377 1377 signent
1414 1313 1755 1377 susceptores
1788 1311 1849 1359 ut
1882 1304 2054 1374 prius,

478 1406 535 1451 et
571 1405 833 1468 sequatur
856 1396 1145 1466 acolythus
1176 1396 1312 1450 alius
1340 1393 1550 1451 faciens
1578 1410 1677 1466 per
1703 1395 1889 1450 omnia
1915 1393 2057 1450 sicut

480 1488 571 1544 ille
602 1490 815 1559 primus
856 1487 1006 1555 fecit,
1035 1496 1090 1544 et
1133 1488 1277 1544 dicat
1301 1501 1317 1542 :
1342 1487 1500 1553 Audi,
1526 1486 1799 1541 maledicte
1828 1484 2051 1551 Satana,

477 1596 643 1650 super
669 1580 814 1635 viros
856 1580 1111 1650 primum,
1151 1578 1347 1634 deinde
1384 1594 1546 1649 super
1571 1577 1801 1633 feminas
1828 1591 2051 1647 separa-

479 1673 599 1737 tim,
629 1681 689 1726 et-
712 1672 906 1726 iterum
937 1671 1082 1725 dicat
1105 1669 1285 1724 :Deus
1309 1670 1594 1735 Abraham,
1627 1679 1673 1724 et
1708 1668 1843 1724 Deus
1870 1668 2049 1735 Isaac,

2164 483 2395 555 legatur,
2426 486 2479 540 in
2504 487 2717 542 aurium
2736 490 3037 558 apertione,
3055 491 3208 548 lectio
3231 495 3368 552 Isaiae
3389 503 3646 572 propheta:

2162 572 2294 628 Herc
2337 576 2464 630 dicit
2490 575 2773 646 Dominus,
2808 579 3002 636 Audite
3044 584 3301 641 audientes
3344 606 3433 657 me,
3460 602 3502 646 et
3541 611 3653 651 cosi-

2159 661 2295 717 edite
2338 663 2555 733 bonum,
2592 682 2787 737 usque,
2830 671 3077 742 quoniam
3102 674 3299 735 multus
3337 688 3404 734 est
3444 682 3504 735 ad
3534 684 3651 754 igno-

2159 754 2425 809 scendum.
2457 756 2717 827 Sequitur
2744 765 3167 831 responsorium,
3204 765 3383 834 Venite,
3409 773 3511 841 ﬁlii.
3547 775 3653 833 Item

2160 842 2264 898 alia
2291 845 2451 902 lectio
2476 849 2545 903 ad
2582 848 2951 922 Colossenses,
2991 853 3226 924 Fratres,
3251 863 3556 934 exspoliantes
3585 885 3652 924 vos

2128 942 2379 1009 ‘veterem
2417 936 2677 993 hominem
2718 956 2839 996 cum
2878 943 3081 1000 actibus
3125 948 3250 1014 suis,
3288 965 3461 1022 usque,
3493 958 3653 1024 gratias

2158 1034 2366 1094 agentes
2411 1027 2520 1082 Deo
2568 1026 2723 1087 Patri
2765 1050 2859 1104 per
2897 1032 3082 1091 Iesum
3123 1037 3370 1095 Christum
3422 1044 3651 1105 Dominum

2159 1125 2414 1205 nostrum.
2455 1118 2714 1190 Sequitur
2753 1129 3177 1197 responsorium,
3215 1129 3369 1187 Beata
3406 1152 3529 1205 gens.
3549 1136 3651 1194 Post

2158 1203 2274 1260 haec
2305 1210 2601 1277 procedant
2644 1222 2879 1284 quatuor
2906 1216 3120 1274 diaconi
3165 1221 3227 1276 de
3271 1203 3532 1282 secretario
3555 1243 3651 1288 cum

2158 1304 2390 1366 quatuor
2416 1299 2570 1357 libris
2595 1303 3030 1377 Evangeliorum,
3054 1318 3456 1381 praecedentibus
3472 1319 3539 1374 eis
3555 1321 3652 1377 duo-

2156 1384 2258 1440 bus
2298 1388 2659 1479 candelabris,
2700 1408 2825 1449 cum
2854 1395 3144 1456 thuribulis
3172 1410 3225 1458 et
3251 1404 3469 1471 incenso,
3509 1416 3555 1461 et
3576 1424 3653 1479 po-

2157 1484 2292 1530 nant
2336 1478 2451 1547 ipsa
2491 1479 2781 1555 Evangelia
2823 1486 2878 1541 in
2906 1498 3144 1559 quatuor
3177 1495 3373 1566 angulis
3412 1478 3589 1565 altaris,
3611 1508 3654 1555 et

2155 1574 2445 1660 antequam
2474 1570 2669 1642 aliquis
2694 1590 2879 1632 eorum
2907 1579 3073 1652 legat,
3115 1592 3301 1641 tractet
3324 1590 3569 1660 presbyter
3590 1592 3655 1647 bis

2152 1655 2335 1748 verbis
2363 1675 2377 1711 :
2407 1659 2673 1730 Aperituri
2705 1665 2868 1733 vobis,
2905 1667 3007 1736 ﬁlii
3037 1655 3349 1739 durissimi,
3396 1655 3653 1748 Evangelia,

482 1770 536 1816 et
586 1762 816 1831 reliqua.
846 1761 979 1815 Item
1021 1761 1167 1815 dicat
1198 1760 1459 1815 diaconus
1494 1769 1553 1814 ut
1586 1769 1746 1816 orent
1789 1760 1968 1826 electi,
1999 1768 2054 1814 et
2083 1745 2129 1807 Β
2157 1746 2211 1801 id
2238 1758 2315 1803 εει
2334 1760 2479 1821 9⁸³⁸⁸
2502 1753 2699 1822 divi":
2735 1758 2884 1828 Ρνίαε
2910 1761 3150 1818 ordinem
3173 1766 3423 1822 ίηείηιιανε
3459 1745 3656 1824 delictum

474 1852 695 1923 signent
735 1866 830 1908 eos
867 1859 1211 1920 susceptores
1246 1858 1308 1905 ut
1348 1851 1520 1922 prius.
1554 1849 1684 1906 Post
1705 1851 1822 1905 haec
1864 1849 2053 1905 tertius

473 1944 757 2016 acolythus
778 1944 951 1999 faciat
994 1945 1135 2000 sicut
1179 1942 1256 1998 illi
1300 1943 1509 2013 priores
1534 1941 1781 1999 fecerunt
1825 1941 2053 1999 dicendo

472 2035 780 2090 orationem
808 2034 947 2088 hanc
967 2051 981 2086 :
1005 2033 1266 2087 Exoreizo
1292 2041 1361 2098 te,
1383 2033 1650 2087 inununde
1676 2034 1915 2105 spiritus,
1942 2032 2053 2102 pri-

476 2141 625 2180 mum
665 2140 828 2195 super
851 2125 1018 2190 viros,
1048 2132 1334 2194 postquam
1360 2139 1526 2195 super
1553 2123 1805 2193 feminas,
1830 2140 1936 2195 qua
1962 2139 2054 2179 ex-

471 2216 639 2288 pleta,
705 2216 902 2271 iterum
953 2216 1241 2270 annuntiet
1283 2216 1559 2280 diaconus,
1618 2224 1679 2271 ut
1727 2223 1888 2271 orent
1942 2212 2052 2271 ele-

473 2308 570 2374 cti,
596 2316 729 2373 etc.,
762 2314 817 2362 et
850 2306 1053 2361 faciant
1088 2306 1231 2362 sicut
1270 2306 1440 2377 prius.
1469 2306 1565 2362 llis
1592 2306 1844 2361 omnibus
1869 2305 2053 2376 exple-

470 2401 564 2466 tis,
617 2400 838 2456 veniens
866 2399 1153 2471 presbyter
1180 2399 1382 2455 faciant
1419 2414 1635 2456 crucem
1683 2399 1737 2454 in
1780 2396 2050 2455 frontibus

472 2496 825 2569 singulorum,
865 2505 1137 2567 ponetque
1170 2512 1393 2552 manum
1430 2511 1605 2566 supra
1642 2494 1821 2565 capita
1859 2507 2045 2550 eorum

470 2590 597 2645 data
636 2589 883 2645 oratione
908 2590 1013 2645 hac
1038 2608 1052 2643 :
1077 2588 1357 2644 zEternam
1400 2604 1462 2642 ac
1489 2587 1843 2658 justissimam
1876 2585 2046 2655 pieta-

470 2691 572 2735 tem
605 2689 770 2748 tuam,
801 2689 857 2735 et
882 2680 1110 2751 reliqua.
1136 2680 1230 2735 His
1252 2694 1382 2735 vero
1410 2678 2045 2743 consummatis,<iterum

469 2771 863 2826 admoneantur
887 2785 918 2825 a
944 2771 1171 2826 diacono
1201 2771 1307 2825 ita:
1327 2769 1511 2837 Orate,
1530 2769 1716 2833 electi;
1742 2768 1935 2838 ﬂectite
1956 2782 2044 2838 ge-

468 2878 598 2927 nua,
626 2868 691 2915 et-
716 2869 839 2932 post
874 2860 1131 2930 pusillum
1171 2861 1353 2917 dicat:
1381 2860 1607 2927 Levate;
1636 2859 1885 2930 complete
1926 2875 2047 2914 ora-

465 2950 660 3005 tionem
680 2961 902 3006 vestrans
923 2951 979 3005 in
1006 2966 1186 3015 unum,
1212 2960 1262 3005 et
1297 2951 1474 3016 dicite,
1506 2951 1691 3005 Amen.
1725 2949 1944 3020 Signate
1978 2948 2044 3003 il-

466 3044 570 3109 los,
598 3052 733 3098 state
757 3059 877 3098 cum
901 3042 1177 3115 disciplina
1200 3054 1246 3098 et
1277 3042 1505 3098 silentio.
1547 3042 1679 3097 Post
1705 3041 1822 3098 haec
1852 3057 2040 3098 rever-

2151 1842 2278 1912 quid
2315 1853 2391 1898 est
2424 1843 2788 1920 Evangelium,
2831 1860 2880 1906 et
2908 1855 3048 1910 unde
3083 1856 3374 1926 descendat,
3401 1870 3445 1915 et
3467 1863 3593 1931 cujus
3614 1863 3656 1917 in

2151 1950 2211 2002 eo
2252 1934 2403 1991 verba
2445 1948 2731 2007 ponantur,
2770 1952 2820 1997 et
2856 1962 3018 2017 quare
3046 1958 3272 2019 quatuor
3304 1961 3415 2005 sunt
3456 1952 3533 2023 qui
3571 1952 3658 2005 hac

2150 2034 2293 2095 gesta
2314 2027 2655 2100 scripserunt,
2677 2031 2756 2086 vel
2774 2035 2864 2104 qui
2887 2046 3032 2105 sunt;
3056 2047 3118 2094 et
3141 2039 3337 2112 reliqua
3364 2041 3423 2095 ad
3446 2042 3543 2097 haec
3563 2056 3658 2112 per-

2152 2116 2398 2172 tinentia.
2448 2117 2600 2176 Tunc
2638 2121 2836 2180 iterum
2864 2126 3008 2181 dicat
3045 2145 3059 2183 :
3091 2128 3223 2186 Ideo
3265 2132 3589 2203 pramisimus,
3611 2148 3660 2186 ne

2149 2210 2261 2263 sine
2294 2210 2451 2281 hujus
2475 2212 2676 2269 ordinis
2718 2218 2921 2274 ratione
2958 2229 3227 2292 stuporem
3265 2226 3497 2280 mentibus
3517 2225 3659 2279 vestris

2151 2304 2557 2375 relinqueremus
2580 2319 2598 2358 :
2620 2317 2667 2362 et
2693 2310 2817 2381 quia
2836 2313 2906 2366 ad
2928 2312 3028 2369 hoc
3052 2316 3285 2385 venistis,
3317 2328 3370 2373 ut
3394 2334 3528 2373 aures
3548 2315 3659 2372 vobis

2149 2406 2473 2467 aperiantur,
2501 2418 2565 2457 ne
2589 2415 2770 2457 sensus
2794 2412 2960 2459 vester
2980 2405 3273 2464 hebetando
3310 2408 3604 2464 obtundatur.

2219 2488 2332 2547 Hoc
2351 2490 2713 2551 factoiterum
2733 2497 3019 2553 annuntiet
3043 2500 3305 2556 diaconus
3326 2501 3492 2558 dicens
3512 2519 3523 2555 :
3546 2498 3660 2555 State

2148 2598 2267 2637 cum
2304 2582 2530 2651 silentio,
2564 2593 2614 2640 et
2642 2586 2913 2643 audientes
2954 2589 3232 2647 intendite.
3261 2590 3400 2647 Tunc
3437 2590 3660 2660 accipiens

2148 2688 2289 2729 unus
2318 2686 2385 2728 ex
2409 2673 2727 2732 diaconibus
2745 2676 2811 2733 de
2832 2678 3021 2750 angelo
3044 2678 3261 2753 [Forte,
3280 2680 3477 2755 angulo]
3496 2679 3658 2745 altaris,

2146 2765 2239 2835 qui
2264 2772 2349 2820 est
2374 2764 2445 2821 ad
2478 2765 2668 2822 laevam
2701 2768 2931 2838 primus,
2956 2770 3162 2829 librum
3190 2773 3468 2845 Evangelii,
3490 2786 3655 2844 praece-

2146 2853 2398 2912 dentibus
2421 2855 2629 2912 duobus
2654 2858 2995 2917 candelabris
3021 2878 3150 2919 cum
3179 2863 3474 2930 thuribulis,
3506 2877 3657 2919 ascen-

2144 2945 2239 3001 dat
2268 2946 2336 3002 ad
2353 2945 2671 3018 legendum,
2693 2956 2753 3005 et
2788 2948 2967 3023 legat:
2992 2952 3220 3009 Initium
3251 2956 3411 3013 sancti
3436 2951 3657 3024 Evangelii

2134 3038 2432 3093 secundum
2450 3038 2782 3107 latthaaum,
2811 3056 3003 3113 usque,
3035 3045 3149 3117 ipse
3176 3047 3311 3101 enim
3332 3046 3510 3101 salvum
3535 3042 3655 3113 faciet

466 3148 614 3223 tatur
636 3139 890 3194 sacerdos
931 3138 999 3193 ad
1028 3137 1215 3194 sedem
1246 3152 1425 3202 suam,
1454 3142 1510 3191 et
1536 3133 1699 3191 lectio
1726 3133 1955 3206 legatur,
1984 3143 2040 3190 et
2067 3122 2112 3187 C
2141 3129 2388 3223 populum
2402 3147 2567 3223 suum
2586 3149 2619 3185 a
2638 3134 2870 3223 peccatis
2897 3150 3103 3191 eorum.
3132 3136 3249 3205 Quo
3284 3136 3415 3192 lecto
3445 3132 3657 3202 suscipiat

464 3231 726 3302 psallatur
754 3229 1015 3302 graduale
1037 3230 1315 3300 pertinens
1347 3226 1416 3283 ad
1446 3227 1624 3298 ipsum
1650 3226 1813 3283 diem.
1847 3225 2042 3282 Postea

463 3340 594 3383 vero
632 3325 816 3381 taliter
847 3340 879 3379 a
929 3324 1155 3380 diacono
1204 3322 1620 3387 admoneamur,
1672 3316 2043 3375 Cateeltumeni

464 3419 725 3474 recedant.
755 3417 815 3474 Si
844 3416 959 3489 quis
993 3416 1391 3471 catechumenus
1438 3422 1535 3480 est,
1581 3412 1808 3467 recedat.
1840 3410 2041 3468 Omnes

467 3508 845 3566 catechumeni
886 3507 1144 3564 recedant
1192 3505 1358 3570 foras,
1400 3514 1456 3561 et
1491 3505 1838 3577 egrediantur
1879 3501 2039 3558 electi

462 3609 844 3672 exspectantes
881 3613 981 3670 pro
1027 3596 1235 3653 foribus
1272 3611 1551 3667 quousque
1577 3594 1839 3663 completa
1875 3591 2041 3649 fuerit

463 3692 651 3747 missa.
700 3689 906 3745 Deinde
947 3688 1163 3757 tegatur
1200 3684 1575 3756 evangelium,
1630 3691 1688 3740 et
1744 3681 2040 3738 oderantur

462 3781 766 3839 oblationes
793 3795 825 3834 a
865 3776 1203 3848 parentibus,
1242 3774 1329 3830 vel
1367 3789 1398 3828 a
1427 3772 1830 3844 suseeptoribus
1860 3770 2039 3827 infan-

462 3881 604 3936 tum,
631 3878 874 3941 etponat
899 3867 1043 3939 ipsas
1079 3866 1330 3923 sacerdos
1354 3881 1520 3935 super
1546 3864 1742 3929 altare,
1787 3863 2038 3933 dicatque

461 3961 763 4016 orationem
784 3958 923 4012 hanc
948 3964 1183 4012 secrete:
1204 3954 1473 4009 Miseratio
1501 3964 1614 4018 tua,
1650 3954 1807 4017 Deus,
1834 3952 1903 4006 ad
1925 3953 2037 4006 Iure

460 4050 793 4123 percipienda
817 4047 1100 4121 mysteria;
1129 4056 1185 4102 et
1206 4046 1430 4116 reliqua.
1460 4044 1529 4100 At
1554 4045 1645 4099 ubi
1674 4044 1893 4109 dixerit,
1917 4042 2034 4097 Me—

459 4155 658 4212 mento,
699 4143 941 4207 Domine,
984 4139 1303 4211 famulorum
1340 4136 1762 4208 famularumque
1801 4144 2033 4200 tuarum,

462 4216 761 4292 recitantur
807 4232 1025 4289 nomina
1053 4232 1292 4287 virorum
1332 4245 1399 4286 ac
1437 4227 1725 4284 mulierum
1753 4227 1845 4298 qui
1891 4226 2035 4297 ipsos

461 4327 697 4383 infantes
740 4323 1041 4395 suscepturi
1086 4331 1230 4379 sunt.
1261 4322 1393 4378 Item
1430 4321 1485 4377 in
1512 4318 1832 4376 fractionem
1856 4317 2033 4392 ,[lnfra

460 4415 776 4487 actionem],
809 4414 960 4468 Hanc
984 4415 1147 4483 igitur
1170 4411 1481 4467 oblationem
1500 4410 1781 4482 expletam,
1810 4409 2036 4467 reciten-

2142 3220 2210 3276 ab
2234 3234 2299 3276 eo
2332 3221 2693 3278 sdbdiaconus
2723 3222 3077 3296 Evangelium
3119 3228 3174 3282 in
3201 3227 3382 3295 linteo,
3409 3234 3459 3281 et
3491 3223 3657 3280 deferat

2142 3312 2196 3367 in
2226 3313 2603 3369 secretarium.
2634 3315 2837 3372 Deinde
2853 3324 3061 3375 tractet
3088 3322 3369 3393 presbyter
3396 3320 3471 3375 his
3489 3317 3656 3373 verbis:

2141 3398 2276 3457 Filii
2297 3402 2615 3471 charissimi,
2638 3421 2702 3459 ne
2733 3406 2991 3461 morulam
3025 3410 3169 3466 vobis
3190 3411 3512 3476 inmatarum,
3534 3421 3657 3477 expo-

2141 3511 2262 3549 nere
2284 3494 2427 3550 vabis
2453 3497 2690 3569 cupimus
2718 3515 2878 3570 quam
2903 3503 3165 3561 rationem
3194 3505 3500 3576 ﬁguramque
3531 3515 3657 3554 unat-

2137 3585 2356 3658 quisque
2385 3586 2701 3658 evangelista
2740 3590 2797 3644 in
2838 3606 2894 3645 se
2918 3594 3213 3650 contineat.
3243 3595 3310 3650 Et
3332 3600 3534 3666 exponat
3571 3589 3657 3646 sin-

2138 3677 2385 3750 gulorum
2422 3678 2875 3751 evangelistarum
2920 3686 3218 3753 rationem,
3248 3695 3303 3742 et
3346 3703 3435 3742 cur
3463 3686 3524 3739 ita
3555 3681 3659 3752 ligu-

2140 3779 2350 3826 rentur.
2375 3769 2601 3843 Expleta
2622 3781 2803 3829 autem
2834 3779 3155 3835 narratione
3182 3779 3482 3843 sacerdotis,
3503 3777 3656 3831 iterum

2138 3861 2421 3918 annuntiet
2440 3862 2698 3920 diaconus
2721 3878 2737 3918 :
2762 3863 2915 3921 State
2951 3884 3075 3924 cum
3099 3870 3328 3937 silentio,
3350 3870 3658 3935 audientesth

2137 3950 2409 4019 intendite,
2438 3961 2494 4008 et
2525 3953 2734 4026 legatur
2760 3956 3110 4029 Evangelium
3136 3962 3416 4017 secundum
3439 3958 3650 4018 Marcum.

2138 4059 2310 4115 usque
2358 4046 2423 4100 ad
2474 4046 2650 4102 locum
2682 4048 2773 4103 ubi
2819 4050 2991 4106 dicit:
3020 4052 3141 4125 Ego
3183 4071 3270 4109 vos
3302 4053 3489 4125 baptisa
3532 4061 3656 4119 σφισι

2137 4134 2226 4190 ille
2248 4153 2368 4191 vero
2391 4137 2673 4210 baptizabit
2703 4155 2787 4195 vos
2813 4140 2869 4195 in
2900 4140 3108 4213 Spiritu
3138 4154 3354 4210 sancto;
3377 4154 3428 4200 et
3454 4139 3657 4199 similiter

2136 4236 2371 4297 exponat
2399 4229 2651 4285 sacerdos
2684 4230 2750 4285 de
2773 4229 2972 4300 Marco,
3008 4236 3155 4292 sicut
3181 4235 3250 4292 de
3276 4235 3527 4291 Matthzeo.
3556 4228 3659 4284 Post

2136 4317 2251 4372 haec
2276 4318 2469 4373 iterum
2492 4320 2774 4375 annuntiet
2792 4320 3054 4381 diaconus
3083 4326 3225 4381 sicut
3262 4340 3437 4397 supra,
3461 4330 3508 4377 et
3526 4319 3655 4389 ιῳι.

2136 4406 2357 4463 Initium
2402 4410 2572 4462 sancti
2612 4407 2883 4481 Evangelii
2921 4415 3214 4469 secundum
3256 4412 3465 4479 Lucam,
3502 4418 3655 4478 usque,

462 4518 552 4562 tur
588 4468 808 4563 nomina
850 4468 1091 4560 uirorum
1137 4503 1459 4568 electorum,
1487 4511 1543 4559 et
1565 4468 1864 4574 postquam
1903 4499 2036 4556 reci»
2062 4468 2111 4529 Β
2138 4512 2328 4567 parare
2363 4495 2589 4551 Domino
2613 4468 2809 4569 plebem
2839 4500 3128 4571 perfectam
3145 4521 3167 4570 ,-
3193 4511 3247 4558 et
3272 4502 3427 4558 faciat
3450 4468 3659 4555 sacerdos

461 4608 571 4654 tata
601 4599 822 4661 fuerint,
847 4595 1136 4659 dicat,.hos
1159 4594 1300 4664 [ante
1327 4593 1654 4665 baptismatis
1686 4591 2029 4656 innovandos,

459 4700 514 4745 et
542 4691 768 4759 reliqua.
816 4688 976 4746 Missa
1006 4685 1158 4744 finita
1187 4684 1588 4741 communicent
1625 4695 1817 4736 omnes
1836 4689 2033 4750 praeter

460 4781 606 4848 ipsos
646 4779 901 4834 infantes.
929 4777 1131 4833 lterum
1173 4776 1457 4832 denuntiet
1480 4774 1784 4844 presbyter,
1818 4780 1878 4826 ut
1915 4772 2031 4843 ipsa

461 4870 817 4932 hebdomade,
846 4868 981 4923 feria
1020 4867 1162 4939 quali
1200 4865 1452 4931 voluerit,
1480 4864 1703 4927 veniant
1738 4876 1927 4919 omnes
1962 4862 2032 4918 ad

462 4960 771 5024 ecclesiam,
803 4959 1015 5029 qualem
1039 4959 1121 5014 eis
1160 4955 1579 5013 denuntiaverit.
1607 4953 1897 5010 Venientes
1930 4970 2031 5011 au-

462 5062 575 5109 tem
602 5052 669 5106 ad
690 5050 987 5107 ecclesiam
1018 5050 1345 5112 condictam,
1377 5047 1577 5102 faciant
1605 5046 1928 5102 scrutinium
1962 5044 2035 5100 al-

462 5153 639 5199 terum
673 5154 775 5212 per
801 5139 1069 5204 ordinem,
1114 5138 1256 5194 sicut
1287 5137 1446 5207 prius
1471 5136 1735 5193 fecerunt.
1770 5136 2034 5193 Similiter

458 5232 767 5291 fatiendum
813 5239 896 5285 est
919 5228 985 5284 de
1018 5228 1280 5284 scrutinio
1296 5228 1484 5293 tertio,
1516 5235 1731 5296 quarto,
1763 5226 1847 5283 vel
1873 5226 2033 5296 quin.

459 5336 518 5384 to
546 5327 603 5383 in
632 5324 742 5381 illis
774 5323 948 5379 tribus
979 5320 1330 5377 hebdomadis
1378 5334 1549 5389 usque
1581 5319 1638 5375 in
1672 5326 1865 5390 quarta
1895 5315 2031 5372 feria

459 5428 589 5474 ante
620 5416 850 5473 Palmas.
885 5412 942 5468 In
972 5411 1163 5469 eadem
1192 5420 1373 5467 autem
1402 5426 1455 5464 tv
1478 5409 1613 5465 feria
1649 5416 1911 5479 sequente
1937 5419 2034 5464 ve-

462 5510 614 5565 niant
653 5509 723 5563 ad
762 5505 1067 5569 ecclesiam,
1105 5501 1532 5575 qualemcunque
1557 5499 1776 5566 dixerit,
1810 5508 1868 5554 et
1902 5506 2032 5555 tunc

462 5591 670 5654 ficium
712 5598 1034 5655 scrutinium
1074 5603 1288 5652 sextum
1337 5608 1434 5664 per
1476 5607 1694 5649 omnem
1736 5592 1981 5648 ordinem
2006 5631 2025 5660 ,

2139 4589 2361 4641 verbum
2389 4587 2455 4642 de
2479 4586 2625 4643 Luca
2665 4589 2807 4645 sicut
2845 4590 2976 4646 fecit
3022 4594 3093 4649 de
3118 4593 3259 4649 aliis.
3287 4592 3477 4649 lterum
3513 4592 3659 4642 autem

2137 4677 2487 4733 annuntietur
2510 4694 2540 4733 a
2591 4679 2837 4747 diacono,
2869 4689 2931 4736 ut
2959 4697 3147 4753 supra,
3191 4693 3247 4741 et
3288 4684 3441 4755 legat,
3480 4679 3656 4734 Initia

2135 4771 2304 4825 sancti
2337 4769 2606 4841 Evangelii
2628 4772 2913 4827 secundum
2950 4772 3237 4840 Joannem,
3275 4788 3455 4847 usque,
3481 4768 3653 4842 ple!!!“

2134 4861 2318 4930 gratia
2342 4870 2392 4914 et
2420 4861 2694 4916 veritatis:
2724 4870 2782 4917 et
2820 4872 3055 4935 exponat
3094 4866 3351 4923 sacerdos
3372 4865 3434 4919 de
3467 4860 3656 4918 ιωηοε.

2135 4950 2274 5006 sicut
2294 4951 2546 5020 exposuit
2573 4952 2638 5008 de
2663 4952 2803 5009 aliis.

2165 5077 2179 5092 .
2201 5040 2329 5097 Post
2352 5043 2494 5098 hanc
2529 5043 2727 5099 iterum
2757 5061 2888 5101 vero
2908 5049 3323 5118 expositionem,
3354 5043 3658 5103 annuatietur

2131 5132 2211 5188 eis
2234 5149 2263 5187 a
2287 5134 2568 5190 sacerdote
2595 5135 2842 5207 praefatio
2864 5140 3097 5210 symboli
3126 5143 3214 5198 his
3233 5141 3432 5207 verbis,
3461 5133 3657 5193 Dilectis-

2128 5225 2249 5278 simi
2289 5224 2460 5290 nobis,
2503 5229 2767 5297 accepturi
2806 5241 3195 5287 sacramentum
3243 5230 3565 5303 baptismatis,
3611 5233 3653 5277 οι

2132 5315 2358 5385 reliqua.
2403 5314 2519 5383 Qua
2552 5317 2762 5387 expleta
2800 5328 2927 5376 tunc
2953 5323 3193 5395 accipiat
3228 5324 3496 5397 acolythus
3519 5328 3651 5375 unum

2130 5422 2197 5463 ex
2239 5410 2369 5480 ipsis
2404 5412 2700 5469 infantibus
2736 5416 3056 5484 masculum,
3100 5427 3291 5475 tenens
3323 5435 3438 5475 eum
3475 5418 3523 5472 in
3552 5411 3652 5470 sini

2129 5509 2243 5555 stro
2288 5501 2536 5568 brachio,
2581 5514 2855 5576 ponalque
2895 5523 3115 5563 manum
3160 5524 3323 5580 super
3354 5514 3503 5581 caput
3538 5502 3650 5572 eius.

2128 5594 2379 5666 dicatque
2407 5600 2710 5670 presbyter,
2736 5598 3012 5656 Annuntia
3048 5602 3208 5670 ﬁdem
3236 5603 3458 5666 illorum,
3492 5608 3653 5667 etqu-

459 5688 605 5744 ﬂcut
628 5686 720 5742 ina
744 5688 981 5759 quinque
1008 5684 1271 5754 fecerunt,
1302 5699 1471 5756 usque
1496 5684 1564 5741 ad
1600 5682 1799 5751 locum,
1823 5681 1916 5740 ubi
1944 5683 2029 5742 (ἰὶ-
2124 5686 2244 5743 liter
2264 5688 2612 5760 confiteantur
2629 5692 2910 5752 Dominum
2937 5694 3139 5755 laesum
3164 5696 3417 5754 Christum
3435 5710 3454 5750 .'
3474 5699 3523 5749 et
3541 5688 3659 5746 dicat
