3884 6192
328 369 444 435 785

1557 364 1896 423 EPISTOLA
1938 363 2027 422 DE
2063 363 2419 421 BAPTISMO.

3509 367 3616 424 786

334 486 645 564 symbolum
679 481 1038 539 decantando.
1070 478 1185 536 Hoc
1212 479 1369 538 ﬁnito
1395 478 1564 537 faciat
1585 480 1725 536 alius
1747 478 1930 551 acolyd
1956 481 2008 542 Α
2033 477 2113 535 sal
2143 480 2372 535 rationis
2393 495 2456 536 ac
2477 479 2821 534 discretionis
2845 478 2961 536 sine
2983 478 3254 536 oblatione
3284 479 3458 536 mellis
3480 496 3619 537 som-

334 580 464 632 thus
505 591 672 647 super
714 588 880 628 unam
929 572 995 627 de
1039 571 1276 628 feminis.
1314 571 1522 628 Deinde
1567 573 1930 642 subsequatur

331 668 631 741 presbyter
668 667 754 722 his
793 665 1018 721 verbis:
1048 663 1180 719 Have
1207 681 1415 720 summa
1446 674 1521 720 est
1547 665 1674 735 [idei
1713 674 1926 730 nostra,

331 760 665 818 dilectissimi
704 759 876 824 nobis,
920 766 977 814 et
1004 757 1233 828 reliqua.
1263 757 1330 813 Et
1356 765 1545 829 postea
1574 758 1930 812 annuntietur

333 869 366 907 a
401 853 652 916 diacono,
689 857 752 905 ut
776 863 974 918 supra;
1005 853 1061 902 et
1086 857 1216 903 tunc
1245 847 1390 903 dicat
1415 849 1699 919 presbyter
1720 846 1926 902 oratio-

331 959 461 1000 nem
488 941 831 999 Dominicam
857 939 934 994 ita
962 955 974 992 :
1002 938 1261 993 Dominus
1287 948 1338 994 et
1375 936 1624 995 Salvator
1649 947 1843 1004 noster,
1873 945 1928 992 et

330 1035 568 1105 reliqua.
604 1032 856 1087 Diximus
885 1037 1067 1085 autem
1097 1029 1348 1100 superius
1377 1045 1498 1100 quae
1530 1029 1613 1085 vel
1646 1037 1781 1100 quot
1806 1043 1930 1100 per-

331 1143 487 1184 sona:
512 1126 581 1182 ad
609 1125 714 1181 hoc
731 1139 869 1196 cpus
887 1123 1157 1194 deputatae
1179 1129 1326 1188 sunt,
1351 1121 1564 1178 scilicet
1584 1122 1924 1192 specialiter:

332 1227 571 1290 quatuor
615 1222 743 1271 sunt
781 1227 1054 1286 personae,
1101 1213 1397 1269 secundum
1438 1227 1726 1268 numerum
1762 1211 1931 1269 libro-

333 1323 461 1364 rum
514 1316 752 1377 quatuor
799 1303 1244 1375 Evangeliorum,
1287 1302 1430 1358 unde
1471 1302 1635 1373 paulo
1679 1302 1929 1372 superius

336 1400 546 1456 mentio
592 1397 736 1453 facta
782 1403 887 1463 est,
917 1395 1163 1466 exceptis
1199 1393 1645 1461 subdiaconibus,
1679 1394 1929 1465 reliquis-

331 1507 446 1561 que
471 1489 756 1554 ministris,
782 1503 850 1544 ac
876 1487 1110 1543 caeteris.
1139 1485 1281 1542 Sunt
1301 1486 1446 1542 enim
1469 1493 1817 1558 suseeptores
1844 1486 1928 1541 in-

332 1581 574 1648 fantum,
617 1579 874 1652 acolythi,
926 1579 1243 1635 subdiaconi
1292 1593 1358 1634 ac
1403 1578 1727 1651 presbyteri.
1768 1577 1930 1634 Cate-

328 1677 645 1737 chumenus
671 1675 819 1731 enim
857 1672 1180 1745 mysterium
1223 1671 1346 1728 ﬁdei
1376 1672 1491 1744 iam
1522 1672 1816 1743 accipiens,
1853 1671 1929 1728 si-

328 1766 624 1839 gnaculum
669 1765 848 1820 crucis
877 1763 932 1820 in
969 1763 1148 1822 fronte
1190 1771 1434 1837 portans,
1471 1764 1527 1820 in
1558 1763 1840 1820 Christum
1865 1777 1929 1819 se

2032 582 2135 638 per
2173 567 2427 623 habeant.
2473 568 2597 624 Ideo
2647 578 2702 624 et
2730 569 2813 625 ori
2855 570 3234 625 catechumeni
3270 570 3350 626 sal
3389 586 3621 640 corpore

2030 673 2169 713 vere
2189 658 2448 714 sacerdos
2477 659 2728 729 imponit,
2767 667 2828 714 ut
2861 658 3132 729 signiﬁcet
3160 659 3274 716 sale
3299 661 3496 716 divina:
3517 662 3619 719 Sa—

2030 749 2248 820 pientiae
2280 749 2421 804 fluxa
2445 765 2511 804 ac
2537 749 2857 820 voluptuosa
2905 750 3023 821 ejus
3053 761 3278 820 peccata
3303 753 3372 807 ab
3395 752 3488 808 illo
3523 755 3620 810 de-

2030 841 2178 912 pelli,
2203 850 2257 897 et
2285 843 2469 896 omnia
2499 842 2617 912 eius
2641 842 2856 913 eloquia
2879 844 3097 899 condita
3122 858 3243 900 esse
3259 860 3337 900 ac
3351 861 3616 917 perorna-

2031 942 2106 999 ta,
2144 933 2312 989 Paulo
2338 942 2651 1001 attestante,
2683 936 2773 1005 qui
2800 936 2915 990 ait:
2949 935 3134 992 Sermo
3162 945 3329 993 vester
3359 939 3413 992 in
3442 941 3619 1010 gratia

2018 1025 2128 1082 Dei
2150 1025 2260 1080 sale
2289 1025 2357 1080 sit
2386 1026 2644 1092 conditus,
2682 1035 2737 1080 ut
2775 1028 2956 1082 sciatis
2976 1029 3239 1099 quomodo
3262 1039 3502 1099 oporteat
3526 1047 3617 1084 ros

2031 1119 2312 1190 unicuique
2335 1119 2666 1189 respondere.
2725 1120 2816 1175 Sal
2849 1136 2977 1193 ergo
3006 1122 3059 1176 in
3089 1123 3212 1194 igne
3232 1124 3416 1179 exsilit
3447 1143 3458 1177 :
3491 1141 3618 1180 nam

2029 1211 2278 1280 quamvis
2321 1211 2391 1265 sit
2423 1210 2477 1264 in
2507 1225 2654 1275 eum,
2707 1211 2886 1281 ignem
2929 1223 3110 1269 tamen
3154 1215 3308 1285 iugit,
3360 1229 3617 1271 naturain

2028 1305 2174 1359 enim
2207 1304 2484 1374 sequitur;
2530 1305 2655 1374 quia
2679 1303 2821 1374 ignis
2844 1313 2898 1360 et
2931 1321 3071 1376 aqua
3098 1306 3316 1362 inimica
3339 1315 3465 1362 sunt
3491 1307 3615 1363 sibi.

2029 1397 2173 1452 Bene
2204 1405 2384 1451 autem
2423 1397 2784 1466 baptizandis,
2833 1405 2888 1452 et
2921 1398 2989 1453 ab
3027 1397 3149 1469 igne
3178 1407 3380 1453 mterno
3416 1399 3616 1469 elapsis

2029 1487 2109 1542 sal
2140 1488 2420 1554 tribuitur,
2453 1497 2513 1542 ut
2543 1488 2730 1543 relicta
2763 1489 3027 1555 vanitate,
3055 1505 3123 1545 ex
3153 1505 3261 1560 qua
3291 1488 3536 1546 inﬁdeles
3557 1491 3618 1546 li-

2029 1579 2192 1635 beros
2234 1595 2361 1635 suos
2390 1594 2489 1649 per
2512 1581 2690 1650 ignem
2722 1579 3014 1636 lustrantes
3057 1582 3392 1638 daemonibus
3433 1581 3621 1638 offere-

2028 1673 2180 1739 bant,
2237 1673 2305 1728 ad
2339 1687 2535 1743 aquam
2591 1674 3016 1745 regenerationis
3061 1676 3306 1743 perducti
3342 1677 3620 1748 oblatique

2029 1761 2142 1818 Deo
2176 1777 2241 1819 ac
2268 1763 2590 1827 consecrati,
2647 1762 2969 1819 inﬁdelitate
3017 1763 3217 1834 reiecta
3245 1806 3260 1831 ,
3313 1765 3620 1822 efﬁciantur

328 1858 562 1914 credere
577 1856 887 1929 proﬁtetur,
909 1857 1007 1913 sed
1030 1858 1272 1914 nondum
1305 1858 1512 1915 lavacri
1537 1859 1680 1915 unda
1703 1873 1928 1930 regene-
1954 1854 2003 1915 B
2031 1853 2127 1909 ﬁlii
2151 1853 2270 1921 Dei,
2309 1863 2366 1910 et
2405 1854 2705 1920 Christum,
2739 1855 2829 1924 qui
2858 1866 2942 1910 est
2969 1872 3074 1926 pax
3110 1871 3261 1922 vera,
3296 1858 3617 1930 suscipiant,

330 1959 510 2013 ratus,
541 1963 741 2020 corpus
770 1957 828 2005 et
853 1949 1174 2020 sanguinem
1210 1949 1427 2007 Domini
1467 1960 1710 2008 meretur
1741 1951 1919 2023 perci-

328 2058 489 2115 pere.
548 2040 703 2098 Unde
743 2041 887 2099 bene
934 2045 1128 2100 beatus
1181 2043 1520 2116 Augustinus
1563 2047 1621 2102 in
1670 2060 1924 2104 sermone

329 2131 653 2203 evangelico
699 2147 767 2188 ex
806 2133 990 2190 verbis
1023 2133 1239 2190 Domini
1284 2138 1354 2192 ad
1407 2137 1762 2194 Nicodemum
1804 2139 1920 2194 ait:

337 2241 363 2273 ε
397 2223 584 2289 Amen,
614 2239 768 2278 amen
806 2223 924 2278 dico
955 2225 1072 2292 tibi,
1114 2225 1217 2280 nisi
1242 2229 1361 2298 quis
1401 2236 1614 2283 renatus
1637 2228 1797 2299 fuerit
1839 2230 1928 2284 de-

309 2329 470 2377 nuo,
505 2329 608 2368 non
637 2323 805 2384 potest
835 2316 1008 2372 cidere
1029 2318 1250 2389 regnum
1276 2319 1392 2376 Dei.
1415 2319 1552 2393 Ipsis
1571 2336 1702 2394 ergo
1728 2337 1787 2378 se
1807 2337 1924 2378 cre-

330 2401 421 2457 dit
446 2400 626 2470 Jesus,
651 2404 746 2476 qui
783 2406 896 2460 nati
922 2406 1124 2463 fuerint
1149 2409 1346 2466 denuo.
1369 2409 1514 2467 Ecce
1537 2411 1614 2467 illi
1635 2412 1730 2484 qui
1752 2413 1926 2470 credi-

331 2493 537 2550 derant
567 2495 620 2550 in
649 2511 795 2563 mm,
829 2506 884 2554 et
921 2497 1082 2556 Jesus
1111 2515 1220 2558 non
1262 2517 1323 2560 se
1349 2503 1608 2561 credebat
1633 2505 1752 2572 eis;
1791 2505 1920 2566 tales

332 2596 466 2642 sunt
485 2602 676 2645 omnes
699 2592 1098 2648 catechumeni.
1123 2594 1226 2666 ipsi
1242 2593 1358 2664 iam
1383 2597 1608 2654 credunt
1630 2597 1684 2653 in
1707 2599 1927 2657 nomine

333 2673 572 2744 Christi,
601 2678 697 2734 sed
725 2676 884 2736 Jesus
908 2696 1017 2738 non
1052 2697 1112 2739 se
1136 2686 1312 2741 credit
1339 2685 1465 2743 illis.
1491 2685 1751 2744 lntendat'
1768 2697 1825 2746 et
1845 2689 1928 2744 in-

337 2766 557 2840 telligat
584 2767 830 2825 eharitas
852 2779 1054 2828 vestra.
1081 2773 1138 2830 Si
1174 2775 1473 2834 dixerimus
1497 2779 1922 2836 eatechumeno:

336 2856 536 2916 Credis
559 2859 614 2914 in
653 2858 969 2918 Christum?
992 2866 1304 2936 respondet,
1330 2866 1526 2936 Credo,
1557 2877 1614 2927 et
1638 2870 1818 2943 signat
1843 2885 1926 2937 se,

329 2947 452 3019 iam
482 2965 703 3008 crucem
739 2951 942 3010 Christi
987 2965 1213 3026 portans
1251 2957 1307 3014 in
1338 2958 1534 3026 fmnte,
1579 2970 1636 3018 et
1663 2979 1772 3019 non
1801 2979 1929 3022 eru-

331 3042 516 3100 bescit
557 3045 625 3101 de
651 3060 817 3102 cruce
851 3047 1064 3105 Domini
1089 3051 1174 3107 sui
1205 3067 1370 3110 :ecce
1403 3054 1579 3111 credit
1608 3055 1664 3112 in
1707 3059 1929 3115 nomine

2027 1947 2240 2003 dicente
2266 1947 2386 2019 ipso
2419 1965 2432 2000 :
2462 1945 2557 2002 Sal
2582 1947 2765 2002 habete
2784 1947 2841 2002 in
2868 1947 3028 2012 vobis,
3065 1947 3118 2003 id
3139 1956 3245 2013 est,
3275 1963 3487 2019 pacem.
3511 1949 3614 2004 Et:

2037 2038 2139 2094 Vos
2179 2040 2302 2094 estis
2328 2039 2409 2094 sal
2433 2049 2610 2095 terror.
2639 2039 2786 2096 Bene
2827 2048 3010 2095 autem
3039 2041 3296 2096 convenit
3330 2042 3476 2113 quod
3524 2058 3616 2098 sa-

2026 2133 2276 2189 cerdotes
2302 2132 2423 2198 Dei,
2455 2133 2547 2204 qui
2573 2142 2700 2189 sunt
2730 2133 3134 2189 condimentum
3173 2133 3378 2206 populi,
3431 2133 3512 2189 sal
3543 2135 3615 2189 ad

2026 2226 2262 2284 cilicium
2290 2225 2719 2286 Christianitatis
2758 2235 3055 2300 apponant,
3109 2235 3169 2281 ut
3194 2226 3348 2283 vitiis.
3381 2225 3619 2281 exclusis

2026 2318 2283 2390 parvulos
2307 2317 2420 2374 sale
2449 2316 2743 2393 Sapientiae
2763 2319 2927 2375 bona:
2945 2317 3197 2374 conditos
3226 2317 3337 2372 Deo
3359 2317 3618 2390 paciﬁcos

2026 2410 2277 2468 oﬁ‘crant.

2244 2500 2621 2568 Exorcisatur,
2651 2501 2759 2558 sive
2793 2500 3155 2556 catechizatur
3180 2500 3380 2571 infans.

2098 2592 2287 2649 luna.
2322 2593 2676 2649 Exoreismus
2704 2591 2860 2664 cuius
2897 2592 3082 2665 lingua
3125 2599 3230 2658 est,
3286 2599 3343 2647 et
3374 2590 3504 2662 quid
3541 2590 3620 2648 ln-

2029 2683 2398 2756 terpretatur?
2425 2691 2483 2740 et
2519 2682 2648 2755 quid
2677 2680 3062 2739 catechisare?

2099 2775 2264 2832 Rssr.
2291 2775 2644 2832 Exorcismus
2675 2773 2889 2841 Graece,
2927 2772 3121 2829 Latine
3151 2771 3458 2842 coniuratio
3503 2771 3622 2830 sive

2031 2868 2334 2939 increpatio
2363 2866 2580 2924 dicitur.
2632 2866 2956 2939 increpatio,
2997 2863 3110 2920 Nec
3135 2874 3184 2920 te
3213 2864 3363 2932 latet,
3390 2864 3618 2930 Satana,

2029 2957 2302 3014 imminere
2329 2958 2421 3013 tibi
2448 2975 2647 3030 pinnas,
2685 2966 2743 3015 et
2762 2957 2994 3029 reliqua.
3043 2955 3360 3027 Coniuratio
3385 2953 3625 3012 simulet

2034 3049 2340 3123 increpatio
2367 3051 2611 3107 damnati
2660 3059 2716 3107 et
2743 3049 3034 3107 damnandi
3067 3067 3081 3104 :
3110 3049 3195 3105 Da
3231 3049 3481 3106 honorem
3508 3047 3623 3104 Deo

333 3131 482 3203 eius.
512 3135 918 3210 interrogemus
939 3155 1064 3196 eum
1090 3159 1104 3196 :
1134 3141 1428 3202 Manducas
1448 3161 1668 3203 carnem
1700 3147 1796 3204 ﬁlii
1829 3150 1929 3207 ho.
2033 3142 2168 3208 vivo,
2210 3143 2279 3195 da
2307 3142 2560 3197 honorem
2584 3139 2718 3196 Iesu
2745 3139 2977 3208 Christo,
3014 3140 3085 3196 da
3109 3139 3359 3196 honorent
3396 3138 3625 3210 Spiritui

333 3227 523 3292 minis,
555 3235 612 3283 et
646 3228 789 3285 bibis
811 3232 1130 3303 sanguinem
1158 3231 1254 3289 ﬁlii
1292 3234 1575 3294 hominis?
1598 3239 1776 3296 nescit
1797 3241 1928 3312 quid
1955 3211 2000 3276 Ο
2031 3245 2236 3301 sancto.
2267 3245 2316 3290 ιε
2342 3235 2522 3290 recede
2552 3233 2616 3288 σὺ
2656 3235 2755 3290 hoc
2798 3244 2848 3289 ει
2871 3233 2936 3290 αὖ
2959 3234 3059 3288 hac
3084 3231 3289 3304 famula
3313 3230 3433 3298 θεῖν
3453 3231 3510 3286 δη
3533 3245 3626 3287 ηοο

332 3315 594 3386 dicimus,
625 3319 753 3392 quia
775 3319 936 3378 Jesus
963 3338 1071 3379 non
1101 3339 1161 3380 se
1181 3313 1357 3382 ere'dit
1379 3327 1479 3384 eis.
1508 3347 1528 3381 ι

905 3414 985 3470 De
1019 3427 1360 3488 competente.

411 3501 600 3559 iri-rea.
639 3504 785 3560 Inter
809 3507 1258 3563 catechumenum
1289 3517 1345 3564 et
1381 3519 1776 3583 competentcm
1809 3530 1930 3584 qua:

335 3598 649 3656 diﬁ'erentia
679 3603 803 3658 est?

415 3691 579 3747 Resp.
618 3692 695 3749 De
735 3696 1149 3764 catechumeno,
1192 3699 1321 3769 quid
1341 3700 1432 3766 sit,
1482 3715 1645 3772 super
1674 3684 1810 3757 satis
1847 3702 1931 3758 di-

338 3789 493 3836 ctum
527 3790 613 3838 est
645 3801 658 3838 :
687 3784 784 3840 sed
811 3784 880 3842 de
908 3795 1268 3859 competente,
1301 3790 1430 3860 quid
1453 3791 1549 3857 sit,
1580 3792 1822 3848 breviter
1845 3799 1932 3849 est

336 3869 654 3928 dicendum.
694 3873 1020 3947 Competens
1066 3887 1151 3935 est
1179 3879 1272 3950 qui
1313 3879 1602 3952 diligenter
1631 3882 1932 3940 instructus

335 3960 412 4017 de
448 3961 575 4029 ﬁde,
597 3972 654 4020 et
680 3973 886 4022 attente
931 3968 997 4024 de
1023 3970 1346 4028 credulitate
1379 3971 1640 4038 imbutus,
1669 3981 1792 4043 post
1820 3981 1933 4030 tra-

336 4053 515 4110 ditam
554 4057 656 4113 sibi
705 4059 1008 4116 doctrinam
1039 4060 1490 4130 Christianitatis,
1519 4072 1575 4119 et
1611 4065 1930 4136 mysterium

340 4143 612 4216 Symboli,
639 4156 694 4203 et
717 4149 1062 4208 traditionem
1085 4153 1348 4210 orationis
1380 4153 1695 4220 Dominicaa,
1711 4157 1848 4228 petit
1877 4166 1933 4214 et

340 4245 504 4308 rogat
536 4247 596 4294 ut
620 4241 792 4311 possit
816 4244 1077 4314 consequi
1104 4245 1424 4318 mysterium
1458 4246 1602 4304 sacri
1631 4247 1931 4320 baptisma-

343 4328 444 4392 tis,
474 4337 529 4384 et
561 4331 794 4401 gratiam
823 4332 1050 4401 Christi,
1083 4344 1139 4392 et
1156 4338 1428 4410 particeps
1451 4339 1570 4396 ﬁeri
1606 4349 1810 4398 sanctae
1833 4341 1928 4397 Dei

341 4418 622 4487 Ecclesiae,
649 4431 705 4478 et
731 4423 786 4480 in
835 4425 1062 4482 servitio
1090 4443 1214 4483 cum
1245 4427 1496 4487 ﬁdelibus
1529 4445 1653 4488 esse
1687 4430 1930 4489 Christi:

339 4512 492 4567 unde
516 4527 546 4568 a
572 4517 806 4586 petendo
837 4527 1154 4590 competens
1181 4532 1428 4578 vocatur.

1027 4612 1104 4669 De
1132 4613 1262 4668 sale.

418 4699 604 4755 larua.
629 4700 741 4757 Cur
765 4703 1191 4760 catechumenus
1219 4704 1416 4774 accipit
1436 4705 1556 4761 sal?

417 4787 580 4846 lisse.
604 4790 910 4848 Adhibetur
941 4810 1071 4867 ergo
1101 4792 1202 4859 sal,
1249 4803 1304 4851 et
1330 4795 1566 4851 mittitur
1591 4813 1644 4851 tn
1665 4811 1763 4852 ora
1788 4806 1934 4854 cate-

338 4881 765 4948 chumenorum,
807 4883 1058 4940 videlicet
1104 4884 1185 4941 sal
1226 4884 1632 4942 condimentum
1679 4887 1932 4944 omnibus

342 4971 486 5027 cibis
515 4975 720 5044 praebet
744 4974 1102 5045 pulmentum,
1152 4975 1458 5034 fatuitatem
1487 4977 1728 5050 expellit,
1764 4980 1935 5037 avidi-

343 5072 627 5136 tatemque
657 5068 880 5134 excitat,
912 5076 967 5124 et
991 5069 1288 5140 appetitum
1321 5070 1376 5125 in
1405 5072 1660 5128 omnibus
1690 5073 1828 5129 cibis
1848 5073 1931 5140 fa-

339 5155 443 5210 cit.
487 5156 563 5210 Ex
596 5157 688 5212 illo
710 5159 858 5214 enim
880 5167 1026 5214 totus
1073 5159 1250 5216 victus
1293 5159 1614 5217 delectatior
1635 5171 1690 5218 et
1714 5165 1934 5221 suavior

341 5243 587 5302 elﬁcitur
623 5257 784 5318 gustu
813 5250 1070 5306 hominis.
1106 5250 1486 5324 Congruenter
1525 5261 1708 5309 autem
1745 5255 1826 5314 sal
1861 5256 1932 5313 ad

344 5337 585 5395 cilicium
615 5339 1046 5399 Christianitatis
1066 5346 1384 5411 assumitur,
1430 5345 1498 5401 de
1527 5346 1758 5403 materia
1785 5348 1934 5403 enim

342 5444 506 5502 aquae
543 5433 846 5500 conﬁcitur,
888 5442 944 5489 et
963 5435 1322 5506 undecunque
1355 5435 1447 5501 sit,
1477 5435 1531 5491 in
1565 5451 1706 5508 aqua
1735 5437 1931 5494 resolvi

340 5532 544 5597 potest.
583 5523 739 5580 Sicut
777 5525 925 5582 enim
956 5527 1010 5582 in
1053 5523 1169 5597 lege
1197 5526 1303 5583 mel
1335 5528 1391 5582 in
1429 5528 1714 5584 sacriﬁciis
1749 5529 1932 5598 prohi-

344 5619 512 5675 betur
539 5618 748 5686 oil'erri,
784 5628 842 5676 et
875 5620 953 5676 sal
973 5635 1071 5691 per
1105 5621 1284 5676 omnia
1317 5618 1573 5689 iubetur;
1609 5621 1685 5676 ita
1723 5621 1932 5676 oblatu-

349 5710 431 5766 ris
457 5708 708 5777 Domino,
740 5719 798 5768 et
815 5711 995 5767 hostia
1024 5710 1299 5768 cﬁ'ccturis
1321 5711 1399 5767 sal
1431 5709 1707 5778 tribuitur,
1737 5719 1804 5766 ut
1823 5727 1934 5772 om-

350 5801 445 5859 nia
486 5818 605 5875 quee
638 5803 713 5863 ad
745 5803 947 5863 Christi
978 5805 1241 5863 honorem
1272 5805 1586 5878 cultumque
1629 5803 1931 5875 oderimus,

2032 3325 2171 3380 mine
2202 3326 2368 3378 nostri
2389 3322 2521 3379 Iesu
2544 3322 2763 3392 Christi,
2794 3332 2849 3380 et
2877 3323 3103 3396 reliqua.
3131 3319 3231 3378 Est
3253 3322 3399 3379 enim
3429 3327 3626 3378 contra

2032 3415 2307 3473 diabolum
2346 3416 2553 3472 dictum
2597 3435 2610 3470 :
2643 3423 2706 3471 ut
2733 3415 2996 3482 discedat,
3047 3422 3106 3471 et
3137 3413 3413 3485 relinquat
3457 3429 3623 3485 quem

2033 3508 2274 3575 tenebat,
2331 3508 2476 3564 sicut
2518 3508 2572 3562 in
2624 3507 2889 3564 Zacharia
2935 3506 3201 3578 propheta
3236 3504 3626 3563 manifestatur

2032 3600 2262 3658 dicendo
2291 3618 2303 3654 :
2338 3597 2581 3655 Ostendit
2620 3598 2806 3655 Iesum
2829 3600 3157 3656 sacerdotem
3194 3605 3421 3654 stantem
3443 3614 3625 3654 coram

2033 3691 2218 3764 angelo
2234 3691 2468 3755 Domini,
2491 3701 2540 3746 et
2570 3691 2804 3747 Satanas
2823 3691 2997 3748 stabat
3017 3709 3051 3746 a
3087 3690 3288 3746 dextris
3311 3690 3449 3762 eius,
3476 3698 3524 3745 et
3544 3688 3625 3746 di-

2032 3783 2111 3836 xit
2129 3781 2388 3836 Dominus
2407 3781 2476 3835 ad
2501 3779 2706 3837 Satan:
2729 3779 2969 3852 Increpat
2983 3777 3242 3836 Dominus
3264 3781 3318 3834 in
3338 3788 3410 3846 te,
3427 3777 3622 3845 Satan,

2032 3874 2123 3945 qui
2147 3872 2300 3944 elegit
2322 3871 2694 3928 Hierusalem:
2717 3873 2822 3929 hoc
2845 3880 2952 3938 est,
2977 3871 3337 3938 exorcismos,
3374 3871 3626 3941 increpa-

2035 3980 2094 4022 re
2113 3973 2170 4033 et
2195 3965 2505 4036 coniurare.
2540 3964 2656 4021 Non
2683 3965 2830 4022 enim
2858 3973 3117 4022 creatura
3155 3963 3254 4022 Dei
3287 3965 3344 4020 in
3376 3963 3502 4031 illis,
3531 3963 3624 4035 qui

2033 4074 2142 4115 non
2171 4064 2318 4123 sunt,
2342 4057 2709 4122 exorcizatur,
2751 4056 2848 4114 sed
2873 4057 3142 4130 malignus
3167 4056 3414 4130 spiritus,
3448 4065 3508 4112 ut
3538 4071 3624 4112 re-

2033 4151 2243 4222 linquat
2276 4149 2376 4207 Dei
2398 4157 2584 4206 crcatu
2593 4164 2729 4204 ram.

2565 4240 2646 4296 De
2667 4241 3048 4311 exsuﬁlatione.

2104 4336 2232 4391 Ideo
2257 4334 2402 4390 enim
2434 4344 2491 4390 ct
2515 4333 2855 4400 exsuﬁlatur,
2894 4349 3001 4390 non
3029 4334 3218 4401 homo,
3254 4335 3347 4390 sed
3374 4334 3476 4391 sub
3514 4350 3624 4404 quo

2035 4435 2164 4483 sunt
2181 4441 2373 4481 omnes
2402 4425 2495 4496 qui
2523 4425 2624 4480 sub
2651 4433 2876 4496 peccato
2907 4434 3228 4492 nascuntur,
3251 4427 3374 4497 quia
3400 4428 3513 4497 ipse
3538 4435 3628 4484 est

2037 4525 2231 4574 auctor
2273 4516 2404 4572 mali
2438 4523 2494 4573 et
2534 4516 2791 4588 princeps
2829 4525 3204 4589 peccatorum.
3266 4517 3439 4575 Recte
3469 4519 3618 4574 cnim

2033 4610 2351 4670 exsuﬁlatur
2378 4619 2434 4668 et
2459 4610 2767 4683 projicitur,
2807 4619 3060 4683 tanquam
3079 4609 3247 4684 pulvis
3278 4630 3309 4666 a
3335 4610 3472 4682 facie
3497 4629 3621 4668 ven-

2034 4705 2096 4772 ti,
2151 4703 2412 4762 conl‘nsus
2440 4703 2494 4758 in
2525 4717 2623 4758 sua
2658 4703 2900 4774 nequitia
2931 4701 3199 4768 diabolus.
3243 4711 3304 4759 ut
3349 4717 3416 4760 eo
3440 4702 3626 4774 fugato

2035 4798 2200 4852 homo
2239 4795 2606 4860 renovandns,
2651 4802 2708 4850 et
2736 4793 3115 4862 viviﬁcandus,
3172 4793 3470 4851 calefactus
3492 4792 3623 4852 ilatu

2035 4887 2221 4945 divino
2248 4889 2578 4960 perducatur
2601 4887 2669 4942 ad
2696 4887 2928 4960 gratiam
2951 4884 3176 4954 Christi,
3203 4894 3260 4942 et
3282 4884 3336 4944 in
3356 4885 3449 4942 illo
3470 4884 3627 4975 Chri;

2036 4989 2144 5046 sto,
2190 4979 2301 5037 Deo
2340 4987 2530 5036 nostro
2569 4979 2763 5053 dignus
2801 4978 3027 5052 pateﬁat
3055 4978 3335 5038 introitus.
3376 4979 3625 5039 Catechi-

2037 5088 2165 5131 zare
2188 5074 2333 5129 enim
2359 5081 2442 5129 est
2466 5073 2682 5141 docere,
2715 5073 2802 5130 vel
2825 5073 3134 5144 castigare,
3151 5074 3297 5131 unde
3317 5082 3374 5131 et
3391 5073 3625 5146 Aposto-

2037 5167 2160 5221 lus:
2214 5165 2580 5221 Communicet
2615 5175 2792 5221 autem
2821 5168 2866 5222 is
2897 5167 2987 5239 qui
3021 5169 3379 5223 catechizatur
3413 5166 3626 5223 verbum

2036 5259 2084 5311 ei
2139 5255 2228 5329 qui
2285 5272 2341 5310 se
2400 5256 2689 5310 catechth
2742 5257 2799 5312 in
2857 5257 3099 5315 omnibus
3152 5257 3322 5315 bonis.
3373 5255 3624 5312 Catechi-

2039 5357 2196 5405 satur
2243 5346 2337 5418 qui
2399 5347 2596 5414 discit,
2649 5347 2956 5404 cateehizat
2997 5348 3090 5420 qui
3140 5348 3318 5404 docet.
3369 5345 3648 5429 Przecipit‘

2035 5438 2181 5495 enim
2233 5448 2295 5493 ut
2339 5438 2547 5494 doctori
2601 5439 2899 5507 adhaereat,
2948 5448 3019 5495 et.
3051 5438 3416 5497 communicet
3457 5437 3623 5494 disci-

2034 5531 2196 5604 pulis.

2105 5624 2291 5681 lsrsa.
2330 5623 2511 5692 Quare
2535 5624 2602 5680 de
2631 5624 2800 5680 saliva
2829 5629 3127 5695 tanguntur
3154 5636 3315 5678 nares
3344 5630 3399 5679 et
3425 5621 3623 5679 aures?

2108 5713 2269 5772 lisse.
2306 5715 2382 5772 De
2430 5715 2598 5770 saliva
2626 5717 2869 5786 tangitur
2911 5723 3038 5770 autc
3065 5713 3395 5784 baptismum
3433 5714 3619 5779 homo,

2039 5815 2096 5863 ut
2118 5816 2305 5881 postea
2328 5808 2395 5864 ad
2420 5806 2744 5879 baptismum
2771 5805 3127 5878 perducatur;
3157 5805 3416 5866 Dominus
3433 5814 3618 5864 autem
