3884 6192
490 344 593 403 787

1593 327 1621 385 J
1628 326 1795 385 ESSE
1832 321 2137 382 EPISCOPI
2173 318 2632 392 AMBIARENSIS

3594 316 3679 374 788

494 454 712 525 quando
749 466 951 507 caecum
980 464 1009 501 ει
1054 444 1335 501 nativitate
1373 440 1718 506 illuminavit,
1763 436 1971 507 exspuit
2011 434 2069 488 in

2189 431 2599 504 nostrikpeetoris
2637 427 2890 489 vitalibus
2945 429 3350 485 committenda.
3401 426 3677 485 Cordeeuim

497 518 716 606 terram,
742 549 790 595 et
823 537 942 609 fecit
976 535 1147 589 lutum
1174 532 1239 587 de
1258 531 1423 587 saliva
1458 547 1579 597 sua,
1633 537 1681 583 et
1712 528 1859 583 unxit
1891 522 2068 579 oculos
2169 522 2389 576 crea’itm
2422 520 2491 575 ad
2507 519 2798 589 justitiam,
2841 534 2930 573 ore
2951 527 3129 573 autem
3150 518 3394 589 confessio
3411 518 3544 586 ﬁtad
3560 518 3670 572 salu-

498 634 650 699 eazci,
691 638 748 686 et
789 627 938 685 misit
963 626 1114 687 illum
1144 624 1212 678 ad
1241 623 1533 694 piscinam,
1562 627 1621 676 et
1662 619 1816 683 lavit,
1837 626 1892 673 et
1912 610 2065 671 vidit.

503 746 524 779 ι
562 721 793 791 Quando
830 704 1065 785 inuasit,
1114 716 1416 788 Augustino
1459 716 1693 780 dicente,
1729 711 2074 768 catechume—

498 834 629 877 num
658 817 817 873 fecit.
849 813 1077 883 Quando
1104 811 1262 876 lavit,
1305 809 1610 878 baptizatus
1635 814 1722 861 est
1753 806 1807 860 in
1833 802 2069 867 Christo.

497 909 757 967 lnunctus
779 912 916 969 erat,
940 911 1120 959 etnon
1149 900 1369 957 videbat
1397 917 1410 953 :
1438 897 1592 961 lavit,
1620 904 1678 951 et
1702 895 1860 949 vidit.
1898 893 2074 960 Quan-

499 1001 571 1055 do
593 998 741 1055 enim
775 995 830 1051 in
848 995 1025 1067 seipse
1050 991 1450 1062 quodammodo
1495 986 1815 1057 baptizavit,
1847 993 1976 1038 tunc
2006 982 2073 1038 il-

499 1087 787 1145 luminavit
838 1104 853 1140 :
882 1092 1100 1155 sputum
1130 1081 1297 1146 enim,
1355 1078 1498 1149 quod
1521 1093 1584 1132 ex
1613 1076 1805 1146 capite.
1837 1088 1936 1131 suo
1986 1072 2078 1127 de-

501 1176 732 1240 scendit,
756 1175 1018 1232 Dominus
1049 1180 1219 1227 terrae,
1236 1168 1598 1235 commiscuit,
1616 1178 1676 1222 ut
1697 1167 1934 1221 divinam
1961 1164 2078 1232 ejus

500 1279 775 1332 naturam,
808 1281 929 1337 quae
976 1280 1044 1319 ex
1090 1264 1195 1319 Deo
1230 1271 1335 1325 est,
1386 1269 1550 1330 atque
1585 1261 1903 1321 humanam,
1957 1272 2078 1327 qua:

501 1375 572 1419 ex
604 1360 915 1418 hominibus
943 1365 1220 1429 assumpta
1269 1364 1373 1418 est,
1435 1352 1699 1425 designet,
1744 1360 1808 1421 ut
1856 1349 2079 1423 Verbum

502 1469 627 1508 caro
649 1451 849 1521 factum
879 1458 954 1502 est
993 1456 1041 1501 et
1063 1445 1311 1500 habitavit
1342 1444 1398 1497 in
1419 1443 1584 1498 nobis.
1631 1463 1648 1493 ι
1860 1492 1867 1495 _

575 1543 893 1614 Tanguntur
932 1546 1111 1594 autem
1143 1550 1300 1591 nares
1328 1542 1385 1589 et
1412 1548 1574 1589 aures
1596 1533 1785 1603 digito,
1840 1540 1902 1586 ut
1933 1531 2073 1593 dona

504 1632 681 1691 sancti
729 1631 985 1703 Spiritus,
1016 1628 1072 1683 hi
1096 1627 1188 1697 qui
1218 1642 1248 1681 a
1278 1626 1366 1680 via
1391 1624 1640 1681 veritatis
1671 1624 2078 1689 aberraverant,

504 1724 765 1788 audiant,
811 1734 868 1776 et
916 1720 1080 1776 corde
1128 1717 1429 1791 perennant
1458 1733 1471 1769 :
1503 1722 1560 1769 ct
1599 1720 1875 1785 percepta,
1920 1726 2080 1782 quam

2171 621 2290 669 tem.
2324 610 2478 669 Unde
2506 618 2561 665 et
2586 609 2849 669 Dominus
2904 608 3077 679 tetigit
3117 608 3350 680 linguam
3381 609 3521 674 muti,
3547 617 3597 664 et
3613 608 3675 663 lo-

2172 704 2355 775 quitur
2395 717 2459 763 ac
2495 702 2785 758 conﬁtetur
2823 710 3025 755 mutus.
3061 700 3314 769 Linguam
3359 698 3539 768 quippe
3566 698 3677 752 muti

2172 794 2431 850 Dominus
2456 793 2647 862 tangit,
2670 807 2797 848 cum
2819 791 2897 845 ad.
2912 788 3303 851 confessionem
3330 788 3444 843 ﬁdei
3462 804 3548 843 ore
3566 797 3682 844 cate-

2173 885 2507 941 chizatorum
2542 882 2782 960 instruit,
2823 882 3033 938 dicente
3059 881 3175 952 ipso
3203 897 3216 933 :
3249 879 3421 933 Dilata
3461 895 3513 933 os
3546 888 3680 943 tuum,

2174 984 2222 1029 et
2243 991 2334 1045 ego
2355 971 2645 1045 adimplebo
2666 971 2825 1027 illud.
2852 970 2964 1026 Hoc
2990 979 3094 1035 est,
3130 970 3298 1027 dilata
3332 968 3623 1033 conﬁtendo,
3644 977 3687 1024 et

2175 1079 2276 1135 ego
2320 1062 2452 1118 illud
2498 1061 2665 1132 ipsius
2709 1060 3049 1117 confessione
3108 1059 3325 1128 replebo
3376 1066 3685 1121 sacramento,

2178 1167 2430 1209 sermone
2453 1150 2680 1223 mystico
2704 1150 2912 1215 ditabo,
2935 1159 2995 1204 ut
3020 1158 3074 1205 et
3102 1158 3158 1204 tu
3189 1148 3501 1219 respondere
3517 1149 3684 1221 possis:

2178 1244 2247 1299 In
2293 1228 2448 1298 corde
2486 1258 2598 1297 meo
2653 1240 2902 1296 abscondi
2946 1240 3154 1312 eloquia
3210 1250 3323 1305 tua,
3364 1248 3415 1292 ut
3473 1255 3563 1293 non
3600 1254 3689 1308 pec-

2180 1353 2288 1391 cem
2324 1334 2442 1390 tibi.

2318 1444 2397 1501 De
2426 1443 2879 1501 abi-enuntiatione
2896 1441 3105 1497 diaboli
3124 1451 3173 1497 et
3197 1442 3393 1512 pompis
3435 1442 3554 1511 ejus.

2251 1539 2542 1596 Prmlibato
2570 1538 2674 1599 hoc
2698 1536 2889 1593 ordine
2908 1534 3107 1601 oillcio,
3138 1534 3448 1605 perdueitur
3473 1532 3695 1589 infansad

2181 1634 2434 1704 baptismi
2456 1639 2876 1696 sacramentum,
2896 1638 2958 1687 et
2986 1630 3356 1698 interrogatur
3371 1626 3434 1683 de
3455 1624 3695 1682 credulita-

2185 1730 2240 1779 te
2277 1722 2503 1787 Christi,
2546 1730 2603 1777 et
2633 1719 3108 1783 abrenuntiations
3138 1715 3366 1782 diaboli;
3396 1730 3598 1786 pompas
3625 1728 3695 1769 au-

507 1817 819 1878 audierunt,
856 1813 910 1867 in
940 1810 1043 1866 fide
1067 1777 1383 1887 perdurent,
1430 1816 1488 1861 ut
1518 1806 1700 1861 dicere
1728 1803 1940 1875 possint
1970 1821 1982 1856 :
2013 1777 2157 1873 Iun
2186 1777 2502 1885 ruﬁ—quas,
2537 1777 2753 1881 diabolo
2778 1812 3067 1871 nuntiante
3094 1777 3169 1867 et-
3197 1777 3467 1872 suadente,
3496 1777 3691 1874 suscepe-

436 1953 441 1959 .
505 1906 693 1963 auditu
739 1906 885 1959 auris
916 1902 1138 1957 obedivit
1170 1899 1321 1964 mihi,
1372 1898 1516 1953 unde
1554 1905 1609 1952 et
1639 1896 1898 1963 Dominus
1930 1911 1942 1947 :
1979 1892 2082 1961 Qui

506 2000 661 2054 habet
701 2014 857 2052 aures
891 1993 1166 2059 audiendi,
1206 1992 1414 2061 audiat,
1460 1990 1514 2045 id
1545 1997 1650 2054 est,
1687 1982 1778 2058 qui
1809 1986 1971 2041 habet
2000 1985 2084 2039 in-

507 2089 781 2145 tellectum
819 2064 1174 2156 intelligendi,
1216 2081 1503 2151 intelligat,
1556 2077 1699 2132 Nam
1741 2087 1787 2131 et
1829 2075 2085 2153 Dominus

507 2178 730 2233 surdum
776 2185 826 2231 et
864 2185 1067 2229 mutum
1108 2170 1503 2243 apprehendens
1542 2169 1606 2222 de
1648 2167 1803 2223 turba
1850 2180 2085 2220 seorsum

507 2269 651 2323 misit
679 2266 869 2338 digitos
909 2281 1031 2319 suos
1059 2263 1115 2318 in
1151 2260 1439 2316 auriculas.
1469 2257 1652 2313 Prima
1686 2254 1877 2337 salutis
1895 2254 2084 2324 junua,

509 2370 594 2419 est
630 2358 927 2423 inﬁrmum,
975 2355 1409 2427 apprehendente
1453 2351 1706 2416 Domino,
1732 2363 1979 2405 seorsum
2021 2346 2089 2403 de

510 2452 670 2509 turba
698 2450 949 2514 educere,
1000 2448 1054 2502 id
1092 2455 1195 2512 est,
1241 2445 1311 2500 de
1338 2442 1750 2499 conversatione
1781 2437 1968 2511 gentili
2020 2437 2088 2492 ad

509 2545 670 2600 tidem
697 2556 1016 2612 provocare.
1048 2537 1255 2610 Digitos
1276 2532 1333 2593 in
1356 2532 1627 2591 auriculas
1661 2534 1848 2600 mittit,
1875 2548 1998 2589 cum
2021 2532 2089 2586 ad

509 2631 855 2703 suscipienda
895 2637 951 2685 et
986 2626 1332 2700 intelligenda
1356 2642 1455 2698 per
1480 2625 1621 2681 dona
1650 2624 1821 2684 sancti
1855 2621 2090 2694 Spiritus

511 2724 677 2779 verba
712 2721 927 2785 salutis,
954 2733 1113 2775 aures
1135 2717 1315 2775 cordis
1348 2717 1538 2788 aperit.
1589 2712 1760 2771 Nares
1785 2714 1949 2770 etiam
1966 2722 2090 2787 tan-

430 2876 439 2881 _
513 2821 734 2886 guntur,
761 2819 823 2866 ut
848 2827 945 2883 per
965 2808 1360 2865 invocationem
1391 2807 1566 2864 sancti
1599 2806 1834 2879 Spiritus
1865 2805 2089 2861 odorem

509 2903 778 2958 honorum
804 2916 1049 2971 operum,
1077 2899 1290 2969 rejectis
1311 2899 1567 2971 operibus
1596 2894 1913 2953 scurrilibus
1938 2904 1992 2950 et
2015 2894 2094 2950 fc-

511 2993 660 3059 titlis,
708 2992 1037 3063 percipiant,
1076 3000 1133 3047 et
1163 2983 1522 3046 delectatione
1558 2987 1751 3042 ﬂorum
1806 2987 2091 3053 virtutum,

512 3083 786 3156 aspirante
807 3078 1057 3149 Domino,
1090 3074 1198 3136 t'rui
1223 3087 1552 3136 mereantur.
1584 3077 1736 3134 Unde
1762 3086 1817 3133 et
1837 3077 2091 3133 catechu-

513 3190 731 3231 menum
754 3172 1075 3253 iaciendum
1106 3187 1299 3253 preces
1340 3169 1640 3226 funduntur
1676 3164 1750 3223 ita
1782 3167 1978 3240 :Aperi
2018 3168 2087 3234 ei,

511 3265 757 3331 Domine,
772 3267 1000 3338 janunm
1020 3264 1395 3320 misericordia:
1416 3272 1541 3331 tum,
1564 3273 1611 3319 et
1632 3264 1780 3335 signo
1817 3261 2090 3334 sapientia:

511 3369 618 3414 tum
637 3357 886 3422 imbutus,
915 3354 1148 3411 omnium
1193 3355 1539 3427 cupiditatum
1587 3352 1842 3425 fetoribus
1884 3362 2085 3420 careat,

512 3460 666 3522 atque
685 3447 753 3503 ad
773 3463 983 3503 suavem
1010 3447 1221 3501 odorem
1261 3457 1639 3517 praeceptorum
1685 3454 1897 3499 tuorum
1937 3442 2090 3498 lectus

513 3540 608 3595 tibi
635 3541 690 3594 in
713 3537 928 3593 ecclesia
971 3545 1062 3591 tua
1097 3534 1375 3591 deserviat.
1423 3534 1491 3590 Et
1515 3533 1743 3601 eﬂectis,
1795 3534 2091 3590 secundum

512 3628 851 3702 Apostolum,
879 3616 1097 3684 Christo
1122 3624 1295 3681 bonus
1330 3625 1466 3681 odor
1497 3620 1740 3681 dicamus
1771 3643 1784 3678 :
1825 3623 1894 3679 In
1933 3624 2091 3679 odore

414 3794 421 3801 η
515 3727 897 3791 unguentorum
919 3727 1128 3772 tuarum
1154 3717 1432 3771 currimus.

664 3822 744 3883 De
766 3829 1008 3884 unctione
1039 3831 1265 3899 pectoris
1285 3838 1331 3885 et
1356 3828 1693 3900 scapularum
1727 3846 1792 3885 ea:
1812 3828 1946 3884 oleo.

588 3914 853 3985 Tangitur
871 3919 1036 3979 etiam
1076 3919 1142 3974 de
1162 3919 1281 3974 oleo
1305 3927 1494 3974 sancto
1521 3927 1729 3988 pectus,
1772 3927 1833 3974 ut
1856 3918 2094 3975 immun-

434 4002 440 4009 “
514 4009 587 4064 do
615 4010 831 4081 spiritui
858 4011 1214 4081 prohibeatur
1242 4012 1514 4069 introitus.
1549 4012 1793 4084 Scapulae
1828 4014 1975 4070 enim
2000 4027 2094 4070 eo-

517 4101 645 4157 dem
696 4102 979 4174 signantur
1021 4103 1160 4169 oleo,
1210 4112 1272 4159 ut
1316 4104 1557 4175 undique
1581 4107 1884 4164 munitione
1914 4109 2094 4167 erucis

515 4193 782 4260 firmetur,
818 4202 871 4248 et
894 4194 962 4249 ad
990 4197 1221 4267 gratiam
1253 4195 1459 4252 Christi
1504 4199 1815 4273 perductus,
1873 4199 2092 4269 partici-

517 4300 651 4357 pare
682 4296 962 4341 mereatur
1012 4296 1069 4343 et
1106 4290 1382 4345 adhaerere
1442 4287 1659 4347 Christo
1696 4289 1945 4357 Domino,
2004 4292 2093 4363 qui

516 4383 709 4430 unctus
751 4385 827 4431 est
858 4375 969 4431 oleo
1015 4376 1212 4434 laetitiae
1248 4396 1358 4452 pra:
1406 4381 1749 4453 participibus
1783 4384 1916 4439 suis.
1950 4381 2097 4439 Inter

2129 1975 2134 1980 .
2183 1916 2271 1969 rat
2302 1908 2485 1975 homo,
2514 1905 2883 1969 abrenuntiat,
2920 1911 2985 1959 ut
3018 1901 3239 1971 rejectis
3273 1900 3464 1958 diaboli
3490 1898 3698 1968 operibus

2184 2009 2237 2055 et
2267 1999 2411 2055 vitiis
2431 1998 2750 2063 veternosis,
2774 1995 3123 2055 renovandus
3143 1992 3483 2065 exspolietur,
3506 1990 3584 2060 qui
3600 2002 3703 2057 pan-

2185 2090 2271 2145 nis
2303 2087 2620 2161 sordidiset
2650 2086 2945 2144 conscissis
2968 2086 3282 2150 mumlatur,
3335 2083 3565 2139 induatur
3593 2078 3698 2135 albis

2185 2188 2241 2235 et
2285 2178 2442 2235 novis
2487 2177 2730 2237 vestibus
2767 2184 2957 2239 currat
2990 2190 3120 2231 cum
3161 2174 3421 2231 desiderio
3456 2172 3516 2227 ad
3544 2172 3697 2226 fontes.

2184 2271 2400 2341 Pompae
2430 2268 2627 2325 diaboli
2646 2276 2775 2323 sunt
2812 2267 2943 2323 vitia
2975 2264 3280 2330 mortifera,
3310 2279 3424 2334 quas
3453 2263 3606 2334 primo
3628 2261 3700 2315 lio-

2186 2362 2342 2427 mini,
2372 2361 2491 2430 ipso
2513 2358 2911 2416 consentiente.
2950 2355 3199 2421 immisit,
3235 2354 3293 2410 id
3331 2362 3428 2416 est,
3479 2349 3698 2421 superbia.

2187 2466 2327 2507 vana
2353 2450 2546 2522 gloria,
2584 2456 2641 2504 et
2662 2456 2883 2517 caetera,
2915 2460 3039 2517 qua:
3060 2445 3132 2501 ad
3158 2458 3346 2499 omnes
3369 2441 3587 2498 homines
3609 2452 3694 2508 pet-

2188 2548 2480 2607 venerunt,
2531 2538 2827 2605 secundum
2890 2536 3216 2607 Apostoluin
3244 2554 3260 2590 ε
3293 2532 3395 2589 Per
3455 2547 3597 2587 unum
3628 2529 3696 2582 lte-

2188 2635 2380 2699 minem
2428 2641 2699 2703 peccatum
2740 2624 3053 2684 intravitin
3112 2628 3392 2692 mundum,
3432 2633 3476 2679 et
3516 2638 3595 2693 per
3610 2634 3693 2692 pu-

2190 2733 2364 2779 catum
2411 2736 2591 2787 mors,
2648 2729 2698 2775 et
2736 2721 2811 2779 ita
2873 2720 2927 2774 in
2980 2734 3166 2789 omnes
3222 2719 3448 2775 homines
3490 2722 3702 2786 μαιωτικ-

2190 2818 2306 2873 ivit.
2398 2870 2403 2874 ,
3286 2854 3291 2857 .

2246 2908 2328 2964 Ad
2351 2891 2640 2979 imaginem
2671 2904 2868 2975 quippe
2897 2903 2993 2961 Dei
3031 2904 3202 2980 homo
3228 2903 3399 2959 factus
3441 2908 3534 2965 est,
3562 2905 3611 2954 et
3637 2896 3694 2951 iu-

2193 3000 2354 3056 dutus
2395 2998 2593 3057 stolam
2621 2996 2990 3060 mortalitatis,
3025 3010 3195 3066 quam
3224 2989 3594 3051 .cnnsentiendo
3614 2986 3695 3042 dil-

2193 3086 2318 3149 bolo
2365 3089 2582 3147 admisit
2615 3103 2799 3155 :nunc
2819 3086 3066 3156 abjiciat,
3115 3085 3399 3157 imaginem
3432 3081 3539 3151 ejus
3561 3078 3699 3134 uths.

2191 3183 2319 3239 beat
2370 3180 2660 3239 mundatus
2687 3177 2984 3239 cmlestem.
3022 3176 3183 3232 Unde
3202 3182 3257 3230 et
3277 3171 3544 3245 Apostolus
3567 3167 3696 3225 dicit:

2194 3274 2346 3331 Sicut
2400 3272 2721 3344 portavimus
2761 3269 3046 3339 imaginem
3089 3266 3321 3332 terreni,
3385 3265 3453 3319 ita
3495 3268 3698 3333 portast

2190 3365 2471 3437 imaginem
2498 3360 2739 3417 ctelestis.
2785 3358 2945 3417 Sicut
2972 3359 3127 3416 enim
3156 3371 3401 3413 nummus
3436 3352 3575 3408 habet
3602 3348 3703 3402 ima-

2190 3457 2368 3531 ginem
2390 3451 2737 3526 imperatoris
2762 3450 2971 3514 mundi,
3000 3450 3087 3506 sic
3122 3449 3215 3519 qui
3245 3447 3376 3503 facit
3401 3458 3543 3516 opera
3569 3446 3702 3531 recte-

2193 3526 2271 3603 ris
2305 3546 2654 3601 tenebrarum
2685 3547 2865 3614 portat
2914 3540 3210 3610 imaginem
3259 3537 3389 3607 ejus,
3435 3547 3574 3607 quam
3608 3526 3697 3595 reji-

2194 3638 2344 3694 ciunt
2372 3648 2561 3690 omnes
2587 3635 2638 3687 in
2666 3631 2883 3687 Christo
2914 3629 3205 3699 baptizati,
3251 3635 3309 3683 ut
3336 3623 3515 3683 Christi
3536 3623 3695 3692 portent

2192 3728 2483 3799 imaginem
2514 3722 2710 3779 vexillo
2744 3720 2947 3777 Christi
2970 3720 3194 3792 signati.
3245 3719 3348 3774 Iste
3375 3724 3451 3772 est
3472 3713 3595 3769 enim
3612 3708 3697 3762 lous

2195 3818 2334 3875 sacri
2362 3814 2724 3888 baptismatis,
2754 3813 2846 3868 ubi
2875 3811 3015 3868 haedi
3046 3810 3377 3871 descendunt
3407 3804 3538 3862 fetidi
3560 3809 3697 3857 etet:-

2195 3912 2335 3979 nosi,
2373 3920 2428 3966 et
2471 3905 2770 3965 ascendunt
2814 3907 2938 3978 agni
2967 3905 3326 3961 immaculati.
3387 3904 3457 3958 De
3481 3900 3566 3953 hoc
3591 3892 3697 3949 enim

2195 4006 2522 4077 baptismate
2589 4000 2879 4072 Apostolus
2935 3998 3182 4067 loquitur
3221 4019 3236 4053 :
3276 3996 3553 4064 Quicunque
3595 3982 3696 4077 eniti!

2197 4073 2447 4169 baptizati
2469 4110 2650 4148 sumus
2672 4093 2727 4145 in
2749 4090 2955 4145 Christo
2981 4087 3016 4143 Ι
3023 4107 3143 4156 esu,
3166 4091 3222 4144 in
3243 4096 3398 4143 morte
3420 4084 3559 4156 ipsius

2197 4160 2303 4243 cati
2348 4201 2550 4249 sumus,
2600 4179 2886 4261 consepulti
2909 4196 3033 4261 cum
3056 4180 3148 4235 illo
3167 4196 3260 4251 per
3280 4176 3575 4249 baptismum.
3600 4160 3697 4261 Mori

2196 4281 2342 4335 enim
2372 4283 2590 4349 oportet
2626 4289 2725 4329 nos
2746 4256 2991 4345 peccato,
3028 4258 3109 4328 Aut
3156 4272 3418 4344 possimus
3446 4253 3698 4349 consepelirl

2198 4386 2321 4427 cum
2348 4342 2610 4429 Christo.
2646 4342 2855 4420 Mortuo
2883 4363 3027 4419 enim
3063 4342 3337 4433 sepultura
3361 4359 3576 4416 debetur.
3623 4342 3697 4414 (Μ

517 4465 764 4535 scapulas
798 4466 1056 4537 tangitur,
1074 4477 1133 4522 ut
1155 4436 1505 4526 coiisecrzitus
1539 4436 1944 4530 bdmerus-cum
1974 4489 2096 4539 sca-
2121 4462 2173 4521 D
2198 4462 2344 4518 enim
2368 4446 2502 4514 vivit
2525 4463 2764 4528 peccato,
2794 4454 3121 4527 consepeliri
3144 4470 3253 4509 non
3277 4459 3443 4523 potest
3460 4460 3563 4504 cum
3585 4436 3690 4497 Cliti

516 4555 656 4623 palis
681 4564 849 4611 totum
875 4572 932 4613 se
957 4555 1207 4633 subjiciat
1227 4560 1483 4631 potestati
1518 4561 1609 4616 Dei
1635 4569 1690 4616 et
1711 4562 2087 4629 dominationi,

516 4643 669 4714 cujus
689 4646 1017 4717 principatus
1047 4657 1094 4701 et
1124 4665 1337 4719 regnum
1352 4666 1507 4721 super
1535 4650 1807 4706 humerum
1837 4667 1957 4707 esse
1979 4652 2092 4721 ejus

518 4735 860 4790 ostenditur:
887 4737 1029 4793 unde
1059 4746 1111 4792 et
1137 4753 1354 4794 crucem
1385 4754 1536 4794 suam
1567 4738 1681 4809 ipse
1710 4740 1961 4809 portavit,
1998 4741 2094 4797 ha-

517 4825 653 4879 bens
682 4841 869 4882 nomen
892 4844 1048 4899 super
1072 4846 1222 4884 omne
1253 4846 1457 4885 nomen.
1515 4829 1759 4900 Namque
1786 4838 1841 4886 et
1873 4848 1972 4887 nos
1996 4834 2095 4889 hu-

521 4928 728 4968 merum
756 4923 811 4971 ct
836 4919 1076 4974 cervices
1098 4917 1441 4985 inclinemus,
1479 4919 1765 4976 credentes
1785 4932 1840 4976 et
1865 4922 2095 4980 adoran-

516 5013 601 5059 tes
632 5002 783 5059 illum
822 5006 908 5060 cui
938 5018 1098 5063 omne
1138 5022 1274 5079 genu
1305 5008 1562 5063 ﬂectitur.
1611 5008 1898 5067 Portcmus
1946 5013 2089 5067 cutim

517 5108 763 5161 erucem,
790 5104 844 5150 et
878 5110 1167 5166 sequamur
1202 5096 1375 5162 illum,
1402 5100 1525 5169 quia
1541 5096 1733 5170 jugum
1754 5100 1871 5174 ejus
1894 5112 1942 5157 et
1967 5120 2098 5158 onus

516 5196 679 5238 suave
719 5191 769 5239 et
818 5183 926 5239 leve
950 5195 1066 5251 est;
1114 5193 1173 5240 ut
1201 5187 1389 5242 audire
1417 5184 1702 5245 credentes
1728 5190 2041 5247 mereamur
2079 5210 2094 5247 :

530 5269 708 5328 Venite
749 5272 824 5329 ad
843 5290 949 5341 me,
987 5288 1162 5329 omnes
1205 5278 1294 5346 qui
1338 5275 1589 5331 laboratis
1629 5288 1675 5332 et
1711 5280 1915 5335 onerati
1947 5280 2092 5336 estis.

515 5363 887 5421 Perducamus
912 5367 980 5421 ad
1018 5368 1319 5423 orationem
1359 5382 1522 5439 Opera
1562 5379 1768 5438 nostra,
1818 5373 1887 5427 ad
1935 5373 2094 5429 ﬁdem

513 5472 642 5514 cum
665 5458 938 5515 desiderio
958 5470 1275 5528 currentes;
1302 5460 1427 5532 quia
1455 5463 1506 5517 in
1532 5465 1758 5519 humero
1780 5472 1835 5518 et
1861 5442 2094 5539 scapulis

513 5564 674 5620 opus,
705 5553 766 5608 in
809 5562 1027 5625 pectore
1053 5553 1190 5608 ratio
1221 5553 1540 5627 intelligitur
1571 5573 1585 5609 :
1618 5554 1753 5611 ﬁdes
1781 5556 1925 5611 enim
1973 5573 2093 5630 qua:

515 5639 731 5708 capitur
775 5644 984 5709 auditu,
1014 5645 1175 5700 corde
1224 5645 1488 5711 creditur,
1524 5642 1619 5701 ore
1665 5632 2002 5718 promittitur
2023 5652 2090 5705 ad

515 5732 766 5804 salutem,
807 5746 1015 5795 secreto
1042 5740 1240 5795 mentis
1264 5748 1346 5795 est
1382 5738 1716 5808 collocati-la,
1750 5751 1804 5797 et
1838 5742 1969 5813 ipsis
2006 5751 2091 5799 est

2199 4564 2303 4612 sto.
2339 4552 2708 4625 Exspoliantes
2755 4564 2897 4619 ergo,
2924 4548 3226 4604 secundum
3252 4542 3562 4617 Apostolum,
3600 4539 3684 4588 rete

2200 4666 2308 4704 rem
2330 4647 2590 4701 hominem
2611 4660 2728 4699 cum
2769 4642 2971 4697 actibus
2992 4641 3129 4712 ejus,
3166 4631 3562 4694 abrenuntiando
3587 4636 3686 4696 pom

2198 4740 2283 4811 pis
2314 4746 2368 4794 et
2398 4737 2653 4809 operibus
2682 4733 2858 4800 malis,
2898 4732 3179 4785 indaamus
3205 4742 3406 4791 novum,
3442 4720 3522 4794 qui

2201 4801 2325 4887 dum
2353 4801 2521 4886 Deum
2561 4837 2766 4883 creatus
2805 4835 2879 4882 est
2902 4823 2954 4879 in
2970 4824 3189 4895 justitia
3210 4831 3257 4877 et
3280 4818 3563 4875 sanctitate;
3605 4801 3700 4895 till“

2201 4919 2358 4977 semel
2392 4929 2533 4974 vetus
2562 4920 2715 4973 homo
2748 4926 2925 4971 noster
2954 4912 3112 4967 simul
3133 4910 3410 4980 cruciﬁxus
3447 4913 3529 4968 est,
3568 4905 3613 4952 ut
3638 4892 3701 4946 ἀο-

2199 5022 2438 5067 struatur
2459 5027 2646 5081 corpus
2667 5009 2888 5080 peccati,
2914 5015 2967 5060 ut
2993 5004 3133 5058 ultra
3158 5021 3262 5057 non
3280 5001 3543 5056 serviamus
3558 5001 3700 5061 μειω-

2200 5116 2275 5160 to.
2310 5104 2573 5160 Dominus
2613 5110 2797 5158 autem
2846 5101 2902 5156 in
2948 5097 3198 5167 sepulcro
3233 5108 3369 5149 novo
3405 5086 3630 5159 sepultus.
3659 5082 3700 5128 εί

2199 5197 2254 5251 in
2282 5195 2507 5251 sindone
2537 5194 2736 5250 munda
2758 5191 3041 5247 obvolutus
3069 5195 3190 5254 est;
3231 5195 3286 5242 et
3319 5182 3701 5255 quicunquecon'

2201 5286 2418 5357 sepeliri
2441 5284 2553 5339 vult
2588 5284 2806 5339 Christo
2856 5296 2954 5352 per
2983 5277 3331 5348 baptismum,
3377 5273 3561 5341 ahjecta
3582 5265 3697 5314 γεω·

2201 5387 2344 5435 state
2391 5386 2447 5432 et
2475 5375 2839 5439 imznunditia,
2878 5370 3168 5427 mundatus
3208 5377 3261 5425 et
3296 5379 3455 5422 novus
3496 5357 3697 5448 induatut

2200 5470 2427 5546 sindone
2461 5484 2621 5534 nova,
2669 5464 2929 5539 Apostolo
2973 5462 3314 5534 praecipiente
3351 5477 3363 5510 :
3406 5449 3693 5546 Beneventi!"

2196 5533 2404 5633 spiritu,
2432 5562 2656 5616 novitate
2698 5562 2884 5617 mentis
2920 5567 3139 5621 vestrm;
3174 5563 3221 5608 εί
3243 5548 3610 5633 “duum?”

2197 5655 2405 5708 minem.
2454 5653 2529 5708 lbi
2560 5653 2724 5709 etiam
2760 5654 3066 5708 nominatur
3092 5643 3286 5709 infans,
3340 5639 3469 5695 sicut
3505 5628 3693 5726 loeti"?

2197 5743 2252 5799 in
2283 5742 2602 5814 Apocalypsi
2634 5743 2786 5811 dicit,
2822 5751 2869 5797 et
2905 5738 3035 5797 dabo
3057 5734 3137 5791 illi
3158 5729 3409 5789 calculum
3436 5737 3520 5778 can
3540 5712 3693 5770 fidum.
