3884 6192
339 293 456 351 789

1564 282 1899 349 EPISTOLA
1932 284 2026 342 DE
2062 285 2425 345 BAPTISMO.

3510 292 3637 350 790‘;

339 410 403 465 id
426 412 533 472 est,
568 416 769 477 corpus
1097 399 1481 465 candidatum,
1506 406 1567 456 st
1596 399 1655 455 in
1684 409 1934 457 ωηε-
1956 401 2158 464 Adam
2188 401 2301 459 Deo
2324 409 2656 473 cooperante
2686 403 2742 459 in
2765 404 3138 476 principioest
3164 412 3413 472 creauit;
3440 414 3498 462 et
3522 416 3616 465 bi.»

338 501 529 557 ctione
560 492 984 567 ineorruptionis
1004 492 1179 562 gloria
1216 490 1514 562 refulgens,
1557 498 1607 546 st
1629 491 1686 546 in
1722 488 1929 547 calculo

342 606 540 648 nomen
578 602 768 644 mum
799 587 1075 655 scriptum,
1100 593 1156 639 ut
1188 583 1289 653 ﬁlii
1317 583 1413 639 Dei
1435 583 1768 638 nominentur
1785 580 1934 639 etd-

342 699 489 736 nm.
526 678 680 736 Unde
710 685 769 734 et
792 676 939 733 idem
964 673 1201 731 Joannes
1225 688 1241 730 :
1264 673 1507 730 Scribam
1526 688 1685 743 super
1704 687 1823 727 cum
1845 688 1936 726 no-

336 787 471 826 men
494 784 703 834 novum,
728 767 832 822 hoc
847 774 1147 825 estnomen
1166 762 1558 829 Christianum,
1576 770 1641 818 ut
1664 760 1943 823 a’Christo

340 861 691 918 Christianus
740 858 997 927 deinceps
1038 862 1265 912 vocetur
1299 874 1312 909 :
1358 861 1414 909 et
1466 860 1711 918 renatus,
1758 852 1934 908 novus

341 956 446 1027 qui
477 953 719 1018 eﬂ‘ectus,
750 951 968 1008 omissis
987 949 1137 1005 vitiis
1164 956 1220 1003 et
1248 948 1464 1019 pompis
1487 946 1708 1012 diaboli,
1735 959 1932 1003 nomen

344 1060 576 1110 novum,
615 1044 671 1099 id
700 1049 806 1110 est,
859 1040 1230 1097 Christianum
1276 1045 1482 1110 portet,
1530 1045 1590 1093 et
1631 1051 1800 1107 opera
1845 1049 1935 1091 se-

344 1144 578 1208 quater.

978 1199 1056 1256 De
1080 1198 1331 1271 symbolo.

425 1298 736 1373 Symbolum
766 1298 949 1367 itaque
980 1294 1187 1359 Grmce,
1234 1288 1431 1349 Latine
1474 1292 1688 1364 signum
1716 1290 1801 1346 vel
1841 1305 1937 1346 ce-

345 1391 526 1464 gnitio
552 1390 959 1459 interpretatur.
997 1383 1297 1447 [BsccsSuri
1321 1382 1548 1455 apostoli
1570 1381 1937 1461 ad‘evangeli-

348 1479 583 1536 tandum
630 1476 918 1548 gentibus,
964 1474 1069 1545 hoc
1116 1472 1220 1527 sibi
1260 1470 1666 1542 praedicationis
1716 1470 1931 1540 signum

347 1570 441 1625 vel
471 1568 731 1625 indicium
752 1571 1072 1637 posuerunt.
1124 1560 1379 1618 Continet
1418 1569 1602 1617 autem
1644 1559 1937 1621 credulita-

342 1668 465 1716 tem
513 1657 815 1722 Trinitatis,
877 1663 933 1711 et
980 1652 1248 1711 unitatem
1300 1650 1586 1717 Ecclesiae,
1640 1666 1706 1707 ac
1758 1651 1938 1707 omnis

2033 505 2106 547 ne
2136 492 2234 563 qui
2260 491 2446 563 lapsus
2478 494 2646 550 estin
2676 502 2910 551 mortua
2934 497 3100 553 tertio
3129 496 3300 566 gradu
3324 495 3532 563 delicti,
3560 499 3615 553 id

2034 591 2122 639 est
2142 595 2435 650 conseruo,
2476 584 2643 640 tertio
2669 600 2701 639 a
2736 585 2954 641 lavacro
2982 594 3237 657 receptus
3264 595 3615 657 recuperetur

2034 673 2105 729 ad
2134 674 2331 730 vitam-
2350 674 2505 742 Quod
2532 686 2715 733 autem
2747 691 2845 749 per
2877 693 3073 749 aquam
3107 678 3408 749 baptisma
3431 681 3619 746 datur,

2035 762 2152 819 huic
2180 765 2360 832 ratio;
2393 765 2566 822 voluit
2599 766 2746 822 enim
2777 769 3044 824 Durnium
3074 776 3136 827 ut
3162 784 3254 825 res
3300 769 3388 825 illa
3421 771 3616 827 invisi-

2034 855 2171 911 bilis
2184 870 2284 925 per
2298 872 2641 928 congruens,
2658 866 2716 915 et
2730 858 2981 929 profecto
3003 858 3414 927 contrectabile,
3446 869 3504 917 et
3538 863 3618 917 vi-

2034 944 2192 1000 sibile
2220 946 2630 1013 impenderetur
2677 948 3027 1015 elementum,
3073 964 3238 1020 super
3261 949 3407 1020 quod
3449 951 3631 1007 etiam.

2035 1034 2097 1090 in
2128 1035 2399 1105 principio
2432 1035 2712 1093 ferebatur
2746 1037 2984 1109 Spiritus
3019 1048 3263 1095 sanctus.
3308 1038 3446 1095 Nam
3474 1041 3621 1096 sicut

2034 1139 2178 1194 aqua
2199 1134 2464 1195 purgatur
2482 1127 2722 1182 exterius
2750 1143 2967 1199 corpus,
3000 1129 3075 1184 ita
3097 1129 3334 1185 latenter
3354 1128 3483 1198 eius
3499 1144 3618 1200 my-

2035 1215 2205 1271 sterio
2232 1230 2333 1286 per
2357 1216 2624 1285 Spiritum
2638 1227 2905 1274 sanctum
2935 1219 3261 1290 puriﬁcatnr
3297 1229 3354 1276 et
3378 1220 3612 1276 animus.

2036 1306 2290 1364 invocato
2335 1308 2480 1362 enim
2510 1308 2622 1363 Deo
2669 1308 2949 1365 descendit
2998 1308 3240 1379 Spiritus
3286 1317 3512 1366 sanctus
3551 1310 3619 1365 dc

2037 1397 2213 1463 cmlis,
2240 1406 2297 1453 et
2320 1398 2605 1454 medicatis
2633 1400 2790 1469 aquis
2815 1399 3122 1456 sanctiﬁcat
3143 1401 3389 1467 easdem,
3412 1417 3479 1457 ex
3499 1401 3638 1472 ipso:

2037 1487 2312 1559 accipiunt
2342 1490 2451 1544 vim
2485 1490 2845 1559 purgationis,
2899 1494 2965 1546 nt
2997 1491 3052 1546 in
3079 1492 3164 1548 eis
3201 1506 3334 1548 caro
3356 1500 3414 1547 et
3439 1492 3619 1547 anima

2036 1578 2264 1636 delictis,
2290 1580 2640 1649 coinquinata
2687 1582 3003 1637 mandetur.
3044 1601 3066 1635 ι
3114 1583 3425 1654 Baptisms
3473 1584 3631 1639 enim

2040 1669 2167 1726 talis
2207 1678 2294 1727 est
2332 1669 2500 1742 (sicut
2525 1670 2862 1743 Augustinus
2886 1672 3039 1745 dicit)
3093 1674 3271 1743 qualis
3300 1673 3389 1729 ille
3428 1682 3536 1741 est,
3565 1674 3621 1729 in

342 1749 647 1806 Christiani
683 1747 950 1819 ἀοεωαιίε
976 1749 1417 1836 εδοτδιηῗίξιυηλξ
1449 1741 1594 1836 (Ιφά
1629 1741 1932 1813 εγιιώοιυω
1961 1756 2009 1818 Β
2038 1762 2196 1833 cuius
2218 1771 2492 1834 potestate
2517 1741 2710 1831 datur;
2754 1779 2860 1820 non
2882 1741 3059 1835 qualis
3079 1741 3170 1820 ille
3199 1774 3307 1833 est,
3342 1778 3440 1835 per
3465 1764 3623 1836 cujus

342 1838 478 1895 ﬁdei
506 1847 561 1895 et
585 1838 699 1910 spei
725 1847 925 1893 nostra:
958 1850 1068 1891 non
1105 1832 1362 1890 scribitur
1394 1832 1447 1886 in
1484 1832 1676 1889 charta
1705 1840 1763 1888 et
1786 1842 1933 1888 atra-

344 1940 561 1996 mento,
596 1929 687 1984 sed
713 1929 770 1988 in
800 1926 995 1982 tabulis
1016 1925 1191 1981 cordis
1232 1922 1555 1978 carnalibus.
1605 1922 1759 1989 Sicut
1786 1939 1935 1979 nam-

345 1998 557 2091 que.in
594 2020 739 2077 bono
765 2017 1072 2091 symbolum
1109 2013 1358 2071 Ecclesia
1408 2014 1574 2079 tradit
1608 2024 1812 2073 nostrai
1846 2030 1935 2072 sa-

344 2116 453 2171 luti
489 2113 851 2185 profuturum,
894 2113 970 2167 ita
1015 2108 1267 2166 inﬁdeles
1296 2106 1354 2161 in
1392 2108 1557 2175 malo,
1616 2114 1848 2165 testante
1877 2108 1934 2164 in

340 2206 672 2278 Apocalypsi
690 2203 907 2260 Joanne
930 2202 1175 2274 apostolo
1202 2221 1216 2258 :
1250 2202 1354 2270 Qui
1376 2201 1528 2256 habet
1551 2200 1932 2265 characterem,

338 2309 445 2354 aut
470 2315 655 2353 nomen
677 2297 872 2362 bestiae,
913 2305 1006 2353 aut
1028 2312 1303 2352 numnum
1323 2294 1548 2350 nominis
1567 2291 1708 2363 ejus,
1752 2292 1806 2347 id
1825 2302 1931 2359 est,

342 2388 657 2459 mysterium
677 2386 997 2457 iniquitatis,
1019 2383 1297 2441 mercandi
1320 2389 1414 2438 aut
1435 2380 1699 2437 vendendi
1726 2380 1784 2435 in
1813 2380 1935 2435 uni-

344 2486 467 2535 tate
500 2476 719 2534 malitize
742 2476 1022 2532 licentiam
1047 2475 1232 2531 habet.
1259 2473 1377 2531 Hoc
1406 2474 1620 2544 signum
1657 2471 1936 2527 Antichri-

344 2570 424 2633 sti
450 2577 553 2638 est,
585 2570 641 2626 in
666 2584 772 2638 quo
799 2576 947 2624 totus
979 2566 1215 2625 Satanas
1237 2566 1583 2625 habitaturus
1614 2575 1703 2620 est
1741 2578 1936 2634 corpo-

341 2663 562 2720 raliter.
616 2660 752 2719 Aliis
783 2661 926 2718 enim
966 2660 1167 2718 dicitur
1204 2674 1321 2716 non
1362 2658 1530 2715 licere
1571 2657 1805 2714 vendere
1842 2664 1937 2713 aut

342 2768 557 2821 emere,
597 2752 705 2809 nisi
727 2752 819 2808 illo
856 2752 1177 2808 charactere
1204 2749 1450 2823 signatis.
1485 2748 1807 2821 Symbolum
1840 2762 1937 2803 att-

342 2853 467 2902 tem
495 2831 821 2905 sacramenti
848 2843 1016 2900 divini
1052 2843 1208 2899 nobis
1234 2841 1613 2906 commissum,
1654 2824 1776 2895 ideo
1826 2855 1934 2895 non

346 2946 442 2994 est
467 2937 916 2995 committendum
942 2935 1169 3005 chartis,
1200 2950 1308 2990 non
1337 2932 1686 2990 scribendum
1712 2931 1943 3000 litteris,

345 3029 484 3103 quia
510 3028 715 3085 chartae
743 3035 800 3084 et
822 3028 1019 3083 littera:
1060 3026 1236 3098 magis
1276 3039 1465 3080 curam
1507 3039 1672 3095 quam
1703 3023 1936 3097 gratiam

2038 1854 2404 1909 ministerium
2448 1855 2617 1910 datur
2647 1874 2659 1909 :
2692 1869 2801 1910 non
2858 1855 3007 1910 enim
3057 1862 3221 1911 nocet
3257 1856 3303 1911 si
3358 1855 3557 1926 aliquis
3588 1871 3622 1910 a

2038 1944 2183 2001 maio
2240 1946 2462 2002 homine
2512 1948 2837 2018 baptizatur,
2882 1949 2928 2004 si
2977 1942 3162 2005 tamen
3223 1956 3373 2006 recte
3432 1950 3618 2019 bapti-

2040 2047 2213 2091 zetur.
2258 2055 2279 2090 ι

2566 2128 2644 2183 De
2671 2131 2916 2185 unctione
2936 2132 3143 2202 capitis.

2110 2217 2394 2288 Baptizato
2420 2228 2603 2275 autem
2634 2220 2763 2277 facit
2791 2224 3079 2295 presbyter
3104 2222 3320 2296 signum
3344 2225 3522 2281 crucis
3556 2225 3627 2282 de
3655 2265 3696 2282 ν

2041 2308 2335 2365 chrismate
2384 2325 2512 2367 cum
2554 2311 2748 2382 pollice
2787 2314 2842 2368 in
2887 2315 3150 2370 verticem
3203 2316 3418 2386 capitis.
3466 2314 3627 2372 Sicut

2038 2402 2185 2457 enim
2233 2401 2288 2457 in
2314 2403 2586 2474 baptismo
2637 2415 2989 2475 peccatorum
3037 2408 3291 2464 remissio
3328 2408 3507 2475 datur,
3548 2409 3623 2464 ita

2038 2505 2139 2560 per
2161 2492 2472 2549 unctionem
2494 2494 2860 2552 sanctiﬁcatio
2888 2496 3127 2568 Spiritus
3149 2497 3455 2554 adhibetur.
3486 2499 3621 2554 Nam

2038 2587 2098 2634 et
2124 2579 2182 2635 in
2210 2580 2392 2637 Veteri
2422 2583 2773 2641 Testamento
2812 2585 3125 2641 sacerdotes
3165 2592 3221 2641 et
3263 2602 3420 2658 reges
3454 2603 3625 2659 unge-

2039 2669 2261 2737 bantur,
2314 2672 2456 2728 sicut
2489 2673 2677 2730 Aaron
2701 2691 2733 2730 a
2768 2674 2953 2747 Moyse
2988 2684 3188 2733 unctus
3210 2687 3314 2745 est,
3355 2688 3413 2734 et
3451 2679 3623 2735 David

2041 2776 2073 2815 a
2104 2759 2375 2817 Samuele.
2420 2762 2480 2817 In
2515 2765 2694 2836 capite
2746 2768 2967 2837 ungitur
3008 2768 3133 2838 quia
3168 2783 3239 2825 ex
3279 2769 3399 2840 ipso
3432 2784 3626 2827 omnes

2041 2865 2235 2908 sensus
2258 2855 2578 2924 procedunt,
2601 2864 2655 2912 et
2690 2858 2807 2928 ipse
2837 2872 3031 2914 sensus
3070 2859 3238 2930 capit.
3269 2859 3404 2914 Nam
3426 2859 3626 2917 mulier

2041 2957 2207 3015 super
2239 2952 2404 3014 caput
2438 2943 2569 3001 lesu
2601 2955 2939 3019 unguentum
2968 2948 3107 3004 fudit
3138 2949 3291 3004 nardi
3326 2948 3529 3019 pistici,
3565 2959 3627 3006 ut

2042 3032 2206 3090 ﬁdem
2255 3034 2514 3092 Ecclesiae
2563 3046 2620 3094 et
2662 3040 2906 3110 gentium
2937 3039 3253 3096 ostenderet
3302 3056 3401 3112 per
3433 3049 3630 3099 unctos

338 3122 769 3197 proloqnuntur.
806 3122 911 3179 Ubi
931 3137 1064 3178 vero
1084 3121 1181 3177 Dei
1230 3122 1431 3190 gratia,
1476 3120 1701 3178 donatio
1750 3120 1934 3176 divina
1962 3120 2011 3189 Ο
2038 3127 2337 3184 chrismate
2379 3130 2590 3186 salutis.

246 3225 269 3237 °
338 3214 604 3275 consistit
631 3215 700 3271 ad
732 3222 970 3285 pactum,
1005 3213 1141 3269 fides
1172 3221 1229 3270 et
1262 3212 1491 3269 altitudo
1522 3211 1709 3269 cordis
1732 3211 1938 3270 sufficit

342 3306 422 3363 ad
449 3313 749 3373 secretim,
792 3313 856 3361 ut
901 3306 1008 3362 hoc
1043 3304 1236 3360 salutis
1279 3303 1607 3377 symbolum,
1643 3304 1751 3362 hoc
1792 3306 1851 3360 in
1882 3312 1945 3362 te

349 3412 569 3468 semper
586 3404 802 3468 pactum
826 3396 983 3452 testis
1005 3395 1170 3452 falsus
1194 3396 1423 3466 ignoret.
1446 3394 1762 3466 Symbolum
1790 3396 1947 3452 enim

350 3491 501 3545 inter
531 3490 668 3546 duos
697 3488 880 3544 ﬁrmat
921 3503 1135 3558 semper
1179 3489 1454 3560 geminata
1488 3489 1840 3559 conscriptio,
1882 3497 1940 3546 et

349 3578 410 3634 in
450 3578 893 3651 stipulationibus
937 3586 1156 3634 cautum
1208 3578 1383 3634 reddit
1420 3578 1657 3634 humana
1698 3577 1933 3645 cautela,

350 3685 425 3726 ne
456 3670 512 3724 vi
537 3670 814 3740 subrepat,
845 3684 1022 3740 neque
1053 3668 1290 3739 decipiat
1315 3667 1539 3739 perﬁdia
1562 3667 1936 3725 contractibus

352 3776 569 3832 semper
600 3761 840 3827 inimica,
879 3762 973 3817 sed
997 3761 1104 3817 hoc
1147 3761 1291 3817 inter
1327 3760 1578 3817 homines
1612 3761 1754 3819 inter
1798 3774 1940 3830 quos

352 3851 510 3906 fraus
546 3860 640 3906 aut
680 3866 711 3906 a
748 3867 857 3922 quo
882 3851 1027 3909 facta
1071 3859 1157 3907 est
1184 3850 1376 3907 laedit:
1414 3853 1557 3907 inter
1580 3848 1757 3909 Deum
1801 3866 1935 3909 vero

351 3948 410 3995 et
437 3941 688 3998 homines
717 3942 1021 4013 symbolum
1067 3940 1189 3998 ﬁdei
1225 3941 1341 3997 sola
1370 3941 1476 4009 ﬁde
1501 3942 1750 3997 firmatur
1781 3959 1796 3996 :
1831 3956 1939 3997 non

350 4031 573 4097 litterze,
606 4032 700 4087 sed
724 4032 933 4102 spiritui
959 4031 1214 4097 creditur,
1253 4035 1380 4102 quia
1405 4032 1649 4088 divinum
1672 4032 1938 4088 creditum

353 4122 650 4177 humanam
677 4137 786 4178 non
823 4122 1033 4193 indiget
1064 4122 1392 4181 cautionem.
1427 4123 1571 4179 Deus
1594 4138 1724 4177 vero
1755 4120 1938 4178 facere

354 4213 605 4269 fraudem
638 4215 835 4282 nescit,
871 4213 985 4286 pati
1009 4229 1118 4269 non
1146 4222 1346 4285 potest.
1408 4214 1517 4270 Sed
1544 4213 1684 4269 forte
1717 4213 1937 4281 dicitur,

355 4306 453 4377 qui
482 4304 592 4362 falli
621 4323 729 4362 non
753 4315 933 4378 potest
964 4323 1062 4363 cur
1089 4308 1257 4380 exigit
1285 4308 1587 4379 placitum?
1620 4307 1752 4379 quid
1789 4322 1945 4377 sym-

357 4397 585 4455 bolum?
630 4397 839 4465 Quaerit
877 4400 1010 4457 illud
1045 4409 1267 4472 propter
1301 4409 1376 4466 te,
1420 4415 1525 4456 non
1570 4407 1795 4471 propter
1836 4414 1935 4454 se:

354 4503 469 4543 non
507 4488 632 4560 quia
672 4488 761 4547 ille
803 4490 1044 4557 dubitat,
1095 4491 1188 4546 sed
1238 4498 1298 4544 ut
1346 4498 1404 4545 tu
1462 4490 1675 4546 credas.
1726 4488 1940 4557 Quaerit
1965 4479 2017 4541 D

356 4579 700 4657 symbolum,
749 4582 876 4652 quia
923 4588 976 4636 te
1019 4581 1181 4636 modo
1228 4595 1339 4635 non
1391 4580 1460 4634 ad
1506 4596 1623 4635 rem
1654 4586 1939 4646 convocat,

357 4670 459 4727 sed
512 4672 581 4727 ad
610 4670 807 4738 ﬁdem;
864 4680 921 4729 et
958 4686 1060 4743 per
1100 4684 1345 4741 praesens
1373 4669 1659 4740 placitum,
1698 4669 1942 4726 futurum

357 4764 630 4835 pertrahit
655 4763 723 4820 ad
748 4765 982 4834 lucrum,
1013 4780 1082 4823 ex
1111 4763 1218 4820 ﬁde
1248 4764 1303 4820 in
1339 4763 1528 4820 ﬁdem.

890 4878 968 4934 De
992 4879 1135 4935 trina
1159 4879 1442 4934 mersionc.

430 4970 850 5028 Abrenuntiatis
879 4971 1135 5042 operibus
1174 4970 1396 5036 diaboli,
1430 4979 1486 5026 et
1519 4968 1786 5042 mysterio
1814 4982 1937 5024 cre-

359 5061 607 5117 dulitatis
633 5071 880 5131 accepto,
902 5061 1169 5132 mergitur
1191 5061 1370 5117 infans
1400 5062 1456 5117 in
1489 5077 1653 5132 aqua,
1676 5069 1740 5117 et
1767 5060 1946 5132 baptio

360 5163 544 5209 satur.
584 5154 893 5225 Baptismus
925 5153 1137 5220 Griece,
1165 5153 1359 5209 Latine
1390 5154 1579 5210 tinctio
1610 5156 1944 5224 interpreta-

362 5253 488 5310 tur;
514 5244 615 5301 sub
640 5245 925 5301 Trinitatis
944 5245 1091 5300 enim
1112 5245 1485 5317 designatione
1515 5245 1597 5310 ﬁt,
1632 5245 1687 5299 id
1707 5251 1813 5309 est,
1841 5243 1948 5297 Pa—

363 5339 490 5404 tris,
522 5346 583 5394 et
604 5338 748 5401 Filii,
779 5346 837 5396 et
861 5322 1099 5408 Spiritus
1122 5340 1320 5405 sancti,
1370 5338 1586 5394 dicente
1610 5337 1846 5393 Domino
1872 5337 1940 5391 ad

361 5430 658 5502 apostolos.
690 5418 807 5495 Ite,
840 5430 1020 5486 docete
1048 5446 1225 5487 omnes
1246 5440 1442 5503 gentes,
1499 5431 1829 5501 baptizantes
1859 5446 1946 5485 eos

366 5523 424 5576 in
462 5521 675 5576 nomine
704 5520 909 5586 Patris,
929 5530 977 5575 st
1000 5520 1155 5587 Filii,
1182 5530 1231 5575 et
1259 5521 1495 5593 Spiritus
1520 5521 1711 5575 sancti.
1738 5518 1951 5575 Conve-

366 5612 543 5668 nicnti
564 5627 700 5683 ergo
732 5614 789 5667 in
820 5613 1031 5669 ratione
1077 5613 1179 5668 sub
1204 5613 1348 5668 trina
1372 5612 1647 5668 mersione
1688 5611 1851 5666 homo
1880 5612 1949 5666 ad

369 5706 668 5779 imaginem
700 5715 989 5763 revocatur
1013 5715 1216 5762 sancta:
1244 5705 1554 5772 Trinitatis,
1581 5704 1671 5773 qui
1703 5705 1770 5760 ad
1803 5717 1950 5758 eam-

2532 3240 2610 3295 De
2637 3240 2893 3296 uelamine
2915 3242 3122 3314 capitis.

2107 3328 2325 3387 Pennus
2338 3341 2563 3388 ornatus
2590 3347 2755 3404 super
2777 3341 2942 3402 caput
2967 3332 3228 3403 haptizati
3247 3334 3487 3403 ponitur.
3519 3333 3629 3389 Sm-

2035 3440 2104 3496 pe
2134 3427 2279 3481 enim
2325 3427 2545 3482 nomine
2576 3426 2770 3497 capitis
2816 3441 2969 3481 mens
3015 3426 3155 3481 solet
3186 3426 3435 3498 intelligi.
3473 3425 3627 3483 Unde

2037 3524 2095 3573 et
2126 3516 2179 3572 in
2217 3517 2564 3591 Apocalypsi,
2600 3516 2995 3573 circumamicti
3024 3515 3362 3589 vestimentis
3400 3516 3538 3571 albis
3570 3516 3623 3571 in

2038 3607 2307 3680 capitibus
2340 3609 2456 3664 suis
2481 3625 2739 3666 .coronas
2773 3624 2970 3664 aureas
2997 3606 3202 3662 habere
3250 3607 3530 3674 dicuntur,
3571 3607 3624 3662 id

2038 3707 2122 3757 est
2153 3718 2166 3754 :
2200 3700 2361 3756 bonis
2386 3701 2642 3772 operibus
2668 3700 2841 3756 induti
2870 3700 3094 3772 perenni
3128 3699 3388 3753 memoria
3425 3698 3628 3753 mentis

2039 3790 2233 3863 gaudia
2288 3807 2521 3862 superna
2569 3801 2834 3864 quaerant.
2880 3790 3000 3847 Jam
3049 3801 3177 3848 tunc
3243 3806 3420 3862 equus
3471 3791 3626 3846 albus

2039 3881 2285 3948 eil‘ectus,
2333 3892 2388 3938 et
2418 3898 2604 3939 sessor
2651 3899 2817 3954 super
2870 3883 3020 3938 illum
3067 3882 3272 3938 habens
3319 3896 3531 3947 arcum,
3572 3881 3625 3936 id

2038 3983 2142 4041 est,
2199 3976 2476 4041 Ecclesim,
2533 3992 2656 4048 qua:
2709 3992 2873 4049 super
2924 3977 3103 4032 nivem
3145 3976 3319 4049 gratia
3369 3974 3625 4046 baptismi

2040 4064 2291 4121 dealbata
2350 4074 2454 4132 est,
2513 4065 2775 4122 Dominus
2820 4066 3095 4136 prmsidct,
3139 4066 3396 4121 vexillum
3452 4064 3629 4122 crucis

2038 4154 2269 4212 habens.

2457 4247 2532 4301 De
2552 4248 2950 4317 conﬁrmatione
2980 4247 3226 4318 episcopi.
3400 4314 3405 4317 _

2112 4330 2244 4396 Post
2292 4341 2408 4396 haec
2438 4339 2724 4396 confirmet
2763 4357 2888 4397 eum
2920 4341 3207 4411 episcopus
3239 4339 3291 4394 in
3337 4338 3524 4395 fronte
3548 4337 3615 4394 de
3644 4362 3698 4378 -

2042 4430 2361 4486 chrismate.
2391 4429 2623 4501 ideoque
2669 4446 2862 4486 manus
2898 4429 3171 4502 impositio
3201 4428 3296 4494 ﬁt,
3329 4437 3390 4484 ut
3417 4442 3515 4501 per
3537 4426 3631 4483 be-

2045 4519 2406 4575 nedictionem
2430 4519 2722 4576 advocatus
2750 4518 3008 4576 invitetur
3029 4520 3265 4591 Spiritus
3294 4526 3515 4575 sanctus
3539 4530 3631 4573 su-

2047 4625 2146 4681 per
2180 4625 2275 4666 eos
2318 4608 2632 4676 descendat,
2673 4611 2829 4684 juxta
2857 4610 3163 4681 exemplum
3217 4608 3627 4681 apostolorum;

2049 4701 2181 4758 Cum
2205 4702 2550 4768 audivissent,
2600 4703 2796 4773 inquit,
2821 4702 3089 4771 discipuli,
3129 4702 3221 4775 qui
3248 4698 3629 4772 Hierosolymis

2047 4801 2222 4859 erant,
2242 4792 2370 4863 quia
2394 4793 2664 4864 recepisset
2703 4792 2950 4848 Samaria
2995 4791 3202 4849 uerbum
3223 4790 3343 4858 Dei,
3375 4791 3630 4845 miserunt

2049 4880 2121 4935 ad
2143 4880 2262 4936 illos
2296 4880 2513 4936 Petrum
2537 4892 2585 4936 et
2605 4882 2888 4949 Joannem,
2917 4882 3008 4953 qui
3050 4899 3166 4937 cum
3201 4882 3479 4947 venissent,
3507 4897 3633 4936 ora—

2046 4980 2233 5027 uerunt
2265 4988 2362 5043 pro
2412 4971 2558 5041 ipsis,
2611 4980 2667 5024 ut
2711 4973 3007 5041 acciperent
3038 4969 3296 5043 Spiritum
3342 4979 3629 5034 sanctum;

2047 5079 2141 5118 nec
2180 5063 2306 5117 dum
2345 5064 2482 5117 enim
2525 5062 2579 5116 in
2612 5078 2925 5134 quamquam
2973 5060 3185 5116 illorum
3217 5068 3627 5134 supervenerat;

2048 5156 2144 5210 sed.
2192 5155 2444 5226 baptizati
2485 5164 2689 5209 tantum
2729 5164 2879 5209 erant
2938 5156 2994 5208 in
3036 5155 3246 5210 nomine
3288 5151 3500 5208 Domini
3539 5166 3634 5203 nov

2051 5247 2147 5302 atri
2197 5244 2328 5299 Iesu
2380 5244 2599 5305 Christi.
2662 5245 2808 5300 Tunc
2853 5244 3185 5317 imponebant
3231 5259 3418 5300 manus
3465 5254 3626 5309 super

2051 5354 2163 5404 eos,
2208 5346 2257 5392 et
2317 5336 2636 5407 accipiebant
2697 5335 2959 5408 Spiritum
3024 5346 3286 5390 sanctum.
3332 5328 3625 5388 Sciendum

2052 5437 2138 5483 est
2208 5428 2352 5498 quod
2412 5427 2735 5498 Philippus,
2795 5426 2886 5496 qui
2959 5426 3220 5482 Samaria:
3287 5417 3628 5491 evangeliza-

2050 5521 2164 5585 bat,
2229 5534 2369 5574 unus
2427 5518 2491 5573 de
2548 5524 2754 5589 septem
2798 5518 2966 5571 fuerit
3006 5532 3021 5569 :
3055 5516 3100 5569 si
3156 5511 3302 5568 enim
3356 5507 3632 5580 apostolus

2053 5619 2219 5676 esset,
2256 5610 2369 5679 ipse
2401 5622 2619 5663 manum
2668 5607 2946 5677 imponere
2993 5602 3278 5674 potuisset,
3324 5609 3384 5656 ut
3412 5598 3623 5668 accipe-

2052 5710 2173 5757 rent
2202 5700 2463 5772 Spiritum
2499 5707 2743 5753 sanctum
2774 5715 2785 5749 :
2820 5697 2922 5749 hoc
2961 5693 3107 5748 enim
3154 5689 3326 5747 solum
3359 5687 3628 5764 pontiﬁci-
