3884 6192
405 272 503 330 791

1504 258 1706 317 ιεεεε
1744 255 2049 316 EPISCOPI
2083 251 2538 316 AllBlANENSis

3547 256 3664 316 792

406 372 506 452 bus
531 391 778 448 debetur.
805 385 941 442 Nam
977 382 1168 454 presby
1179 379 1276 436 teri
1315 391 1438 434 cum
1479 375 1778 446 baptizant,
1810 373 1982 430 chris-
2007 376 2061 438 Α
2081 382 2139 432 ει
2159 373 2399 444 undique
2421 372 2739 429 muniuntur
2763 385 2780 427 ε
2811 367 2940 427 item
2964 369 3032 442 fin
3061 373 3296 444 pectoris
3334 382 3392 432 et
3429 377 3666 448 scopula

405 491 550 538 iuste
590 477 893 550 baptizatos
938 484 1144 543 ungere
1194 469 1350 534 licet;
1391 465 1488 522 sed
1524 465 1573 521 si
1618 464 1689 521 ab
1731 463 1984 540 episcopo

301 578 354 616 κ
405 572 572 628 fuerit
608 570 1004 628 consecratum,
1034 575 1142 616 non
1184 567 1368 614 tamen
1403 556 1638 613 frontem
1685 570 1753 612 ex
1793 555 1984 611 eodem

401 662 524 717 oleo
560 659 796 729 signare,
826 653 970 724 quod
1000 650 1130 708 solis
1159 649 1427 721 episcopis
1462 647 1708 713 debetur,
1737 661 1844 716 quo
1872 653 1986 700 tra-

402 753 537 807 dant
555 748 816 818 Spiritum
841 743 1164 815 paraclitum
1185 739 1477 811 baptizatis
1500 756 1513 793 :
1545 738 1826 810 Postquam
1845 738 1986 791 enim

400 840 631 896 ascendit
680 837 936 892 Dominus
982 833 1049 890 de
1098 849 1256 904 aqua,
1301 831 1428 887 uidit
1474 829 1629 886 celos
1671 836 1898 900 apertos,
1931 837 1982 882 et

401 932 632 1002 Spiritus
675 938 889 983 sanctus
934 935 1185 998 tanquam
1231 921 1471 978 columba
1520 921 1784 976 descendit
1829 936 1986 988 super

397 1038 538 1076 eum.
587 1019 703 1075 Hoc
752 1016 1012 1090 mysterio
1067 1014 1323 1085 expleto,
1379 1012 1426 1068 si
1475 1011 1772 1068 servaverit
1822 1010 1983 1066 ﬁdem

397 1112 764 1177 Christianus,
794 1108 1041 1181 profecto
1063 1107 1252 1162 beatus
1282 1105 1407 1161 erit.
1447 1103 1663 1168 Beatus,
1695 1103 1750 1158 in
1773 1101 1985 1172 Apoca-

399 1203 565 1275 lypsi,
596 1203 687 1274 qui
715 1200 867 1255 habet
892 1208 1091 1268 partem
1119 1197 1173 1250 in
1200 1194 1576 1250 resurrectione
1599 1193 1768 1263 prima
1797 1192 1979 1263 (Apoc.

395 1308 492 1358 xx,
524 1293 600 1364 6).
642 1289 989 1346 Resurrectio
1029 1287 1202 1356 prima
1229 1293 1313 1340 est
1339 1285 1394 1339 in
1427 1283 1719 1352 baptismo,
1751 1289 1810 1335 ut
1838 1282 1984 1352 Apo-

397 1383 567 1439 stolus
594 1380 724 1436 dicit
755 1393 769 1434 :
809 1378 868 1434 Si
893 1374 1293 1432 consurrexistis
1328 1389 1444 1427 cum
1469 1371 1700 1435 Christo,
1727 1385 1843 1440 qua:
1864 1386 1984 1424 sur-

395 1489 514 1528 sum
567 1480 688 1526 sunt
732 1469 970 1541 querito.
1019 1465 1135 1520 Non
1184 1473 1366 1519 autem
1419 1462 1593 1518 solum
1629 1461 1897 1532 episcopis
1929 1471 1985 1518 et

345 1604 348 1608 η
399 1558 738 1632 presbyteris
763 1557 967 1614 dictum
1005 1563 1108 1620 εει,
1142 1553 1237 1608 sed
1263 1566 1452 1608 omnes
1491 1551 1583 1622 qui
1620 1551 1980 1617 servaverint,

400 1665 510 1720 quo
539 1648 712 1704 renati
739 1654 888 1711 sunt,
917 1643 1104 1700 christi
1145 1643 1414 1707 dicuntur,
1444 1649 1666 1711 propter
1693 1641 1989 1712 mysticum

399 1713 656 1802 chrisma,
704 1743 759 1791 et
795 1733 1103 1789 sacerdotes
1149 1731 1515 1795 nominantur,
1565 1730 1691 1800 quia
1736 1731 1978 1786 membra
2007 1713 2054 1774 Β

397 1835 523 1882 sunt
551 1825 773 1890 Christi,
812 1825 1018 1895 quiest
1060 1822 1315 1878 sacerdos
1357 1837 1601 1877 summus
1635 1830 1692 1878 et
1734 1829 1976 1878 sanctus.

399 1918 475 1972 De
503 1916 608 1970 illis
637 1915 714 1969 ait
739 1913 934 1968 Petrus
961 1929 974 1966 :
1005 1911 1142 1965 Gens
1170 1920 1375 1974 sancta,
1408 1909 1580 1980 regale
1606 1909 1976 1965 sacerdotium.

397 2008 596 2063 Fidelis
624 2021 753 2061 vero
780 2004 1120 2060 Christianus
1149 2017 1179 2056 a
1209 2001 1427 2057 Christo
1456 2001 1676 2066 dicitur,
1706 2000 1752 2056 si
1781 2013 1980 2056 nomen

398 2101 556 2156 factis
583 2106 881 2168 sequatur:
925 2094 1101 2151 ﬁdelis
1128 2103 1212 2149 est
1260 2093 1352 2164 qui
1393 2093 1664 2148 veraciter
1707 2092 1883 2148 credit
1924 2091 1980 2146 id

396 2191 540 2262 quod
571 2205 676 2244 non
708 2188 853 2243 videt
879 2205 891 2240 :
924 2194 980 2242 ει
1022 2185 1146 2240 inde
1181 2185 1321 2240 dicta
1345 2192 1432 2239 est
1455 2184 1588 2240 ﬁdes
1629 2183 1674 2239 si
1717 2183 1812 2238 ﬁat
1835 2183 1980 2253 quod

397 2284 604 2337 dictum
647 2289 732 2336 est
781 2287 874 2334 aut
919 2278 1243 2349 promissum
1289 2277 1430 2330 inter
1479 2275 1631 2331 duos.
1665 2274 1808 2330 Inter
1844 2275 1980 2329 duos

398 2376 542 2432 enim
564 2372 820 2443 placitum
845 2371 1066 2438 factum,
1103 2379 1158 2425 et
1185 2385 1250 2425 ea
1272 2383 1390 2438 quae
1418 2377 1545 2424 sunt
1573 2368 1712 2423 inter
1735 2367 1901 2422 Deum
1922 2374 1980 2422 et

399 2464 694 2529 hominem,
722 2477 864 2518 vera:
892 2461 1014 2517 ﬁdei
1041 2467 1185 2526 sunt,
1219 2459 1339 2516 ideo
1360 2459 1502 2530 quod
1539 2458 1787 2529 promisit
1815 2459 1977 2514 homo

396 2569 615 2610 servare
641 2553 802 2609 debet
830 2571 842 2606 :
873 2552 1001 2622 quia
1037 2559 1092 2607 et
1121 2550 1263 2606 Deus
1291 2549 1432 2620 quod
1458 2549 1708 2620 promisit
1749 2548 1974 2616 homini,

394 2645 443 2705 si
470 2642 781 2717 promiserit
809 2655 1048 2708 servare,
1075 2657 1183 2696 non
1213 2639 1502 2696 traudabit.

499 2734 581 2790 De
601 2735 997 2804 confirmatione
1025 2733 1255 2804 corporis
1281 2741 1331 2788 et
1354 2732 1626 2804 sanguinis
1651 2730 1866 2786 Christi.

464 2824 768 2882 Novissime
793 2833 976 2880 autem
1002 2839 1228 2894 corpore
1250 2833 1307 2879 et
1339 2823 1602 2895 sanguine
1629 2822 1828 2878 Christi
1851 2837 1978 2879 con-

400 2917 647 2973 ﬁrmatur
677 2915 875 2981 infans,
925 2924 986 2970 ut
1015 2914 1132 2985 ejus
1158 2915 1330 2986 possit
1357 2930 1478 2971 esse
1520 2913 1841 2980 membrum,
1879 2913 1974 2984 qui

399 3024 497 3081 pro
523 3023 590 3064 eo
610 3022 802 3079 passus
842 3015 924 3063 est
976 3015 1032 3063 et
1073 3007 1389 3072 resurrexit,
1426 3007 1542 3077 ipso
1578 3007 1807 3062 Domino
1835 3015 1973 3063 atte-

396 3109 594 3165 staute,
623 3099 714 3169 qui
757 3098 892 3154 dixit
927 3116 940 3153 :
984 3097 1088 3164 Qui
1134 3097 1417 3152 manducet
1452 3114 1663 3152 carnem
1707 3114 1894 3164 meam,
1921 3109 1972 3154 et

398 3190 522 3244 bibit
549 3189 854 3260 sanguinem
888 3203 1083 3254 meum,
1128 3187 1183 3244 in
1224 3202 1306 3242 me
1338 3196 1534 3252 manet,
1575 3196 1622 3241 et
1661 3204 1754 3258 ego
1781 3188 1834 3242 in
1868 3205 1928 3243 eo
1951 3203 1970 3241 :

396 3280 521 3352 quia
544 3292 668 3334 caro
687 3293 802 3335 mea
827 3293 941 3332 vere
965 3285 1039 3332 est
1065 3276 1234 3343 cibus,
1260 3285 1310 3331 et
1336 3277 1552 3347 sanguis
1591 3293 1734 3331 meus
1762 3293 1874 3331 vere
1898 3287 1975 3332 est

395 3379 569 3440 potus.
598 3367 751 3425 Unde
777 3375 833 3422 et
852 3366 1225 3438 Augustinus:
1269 3384 1289 3417 ι
1335 3364 1417 3432 Si,
1445 3366 1639 3437 inquit,
1680 3367 1733 3422 in
1773 3367 1974 3424 Christi

398 3471 624 3526 corpore
676 3455 838 3518 homo
904 3454 1095 3519 tuerit,
1141 3455 1371 3526 accipiat
1426 3454 1628 3511 Christi
1689 3455 1971 3527 Spiritum.

399 3548 552 3603 Sicut
575 3555 754 3603 autem
789 3561 986 3620 corpus
1011 3555 1254 3603 nostrum
1287 3547 1404 3602 sine
1432 3548 1625 3618 spiritu
1653 3548 1834 3603 vivere
1867 3563 1974 3604 non

398 3645 595 3708 potest,
629 3638 710 3693 sic
732 3653 838 3693 non
863 3638 1026 3693 habet
1052 3637 1300 3710 spiritum
1324 3637 1467 3704 vitae,
1494 3637 1597 3693 nisi
1624 3639 1716 3709 qui
1743 3639 1798 3694 in
1827 3637 1980 3696 Chri-

397 3731 467 3784 sti
499 3743 727 3802 corpore
753 3729 916 3784 fuerit
942 3728 1180 3783 munitus
1207 3746 1220 3783 :
1255 3727 1484 3799 ideoque
1514 3727 1605 3798 qui
1636 3729 1751 3784 vult
1789 3730 1976 3788 venire

398 3819 652 3882 accedat,
693 3819 915 3880 credat.
943 3819 1089 3875 vivat
1130 3819 1241 3874 Deo
1279 3820 1434 3876 :Deo
1476 3819 1866 3890 incorporetur,
1915 3831 1976 3879 ut

400 3905 721 3963 viriﬁcetur.
763 3924 782 3958 ι

829 3992 963 4049 Item
992 3995 1206 4050 traditio
1247 3997 1550 4066 baptisterii.

469 4084 654 4140 Primo
687 4099 948 4156 paganus,
992 4094 1178 4157 postea
1225 4086 1645 4144 catechumenus
1687 4087 1765 4143 ﬁt.
1808 4091 1977 4148 Acce-

397 4176 532 4232 dens
584 4175 654 4231 ad
696 4175 1022 4247 baptismum
1067 4177 1341 4234 renuntiat
1377 4178 1612 4251 maligno
1658 4181 1872 4250 spiritui
1921 4193 1980 4241 et

396 4266 648 4322 omnibus
691 4265 965 4322 damnosis
1005 4265 1121 4336 ejus
1166 4269 1395 4340 pompis.
1438 4269 1764 4326 Exsuﬂlatur
1809 4273 1976 4329 etiam

398 4363 477 4422 ut,
532 4355 714 4425 iugata
757 4354 992 4422 diabolo,

401 4455 509 4511 tur,
541 4445 594 4500 id
629 4453 734 4512 est,
771 4443 1084 4514 conjuratur
1121 4448 1387 4520 malignus
1429 4450 1670 4521 spiritus,
1707 4460 1765 4508 ut
1794 4464 1972 4522 exeat,

397 4544 452 4590 et
474 4535 721 4603 excedat,
759 4535 894 4592 dans
932 4536 1108 4592 locum
1135 4538 1245 4595 Deo
1283 4555 1430 4595 vero.
1473 4541 1683 4613 Accipit
1721 4547 1974 4602 catechu-

399 4641 589 4685 menus
616 4629 807 4697 salem,
848 4638 908 4684 ut
935 4632 1153 4701 putrida
1192 4643 1251 4689 et
1290 4632 1430 4690 ﬂuxa
1477 4635 1594 4705 ejus
1629 4648 1850 4707 peccata
1887 4654 1974 4694 sa-

401 4718 616 4788 pientiae
662 4720 796 4786 sale,
847 4720 1030 4776 divino
1071 4738 1327 4790 munere,
1379 4727 1726 4782 mundentur.
1769 4728 1976 4786 Deinde

399 4809 627 4877 symboli
654 4810 931 4881 apostolici
963 4813 1195 4869 traditur
1223 4815 1272 4870 ei
1297 4815 1450 4882 ﬁdes,
1477 4825 1537 4870 ut
1564 4833 1731 4873 vacua
1761 4819 1972 4889 domus,

397 4903 455 4951 et
485 4909 517 4949 a
559 4897 740 4966 prisco
779 4899 1082 4958 habitatore
1134 4904 1413 4972 derelicta,
1470 4905 1574 4961 ﬁde
1627 4918 1872 4976 ornetur,
1919 4920 1976 4968 et

399 4997 734 5062 praeparetur
778 4991 1042 5050 habitatio
1083 4996 1197 5050 Dei.
1229 4997 1380 5052 Tunc
1422 4996 1556 5054 ﬁunt
1598 5001 1884 5068 scrutinia,
1914 5013 1976 5059 ut

400 5081 710 5153 experiatur
732 5085 926 5157 saepius
945 5101 1104 5158 quiam
1131 5088 1360 5145 ﬁrmiter
1378 5101 1499 5163 post
1520 5094 1973 5152 reuuutiationem

402 5175 634 5238 Satanae,
685 5189 838 5230 sacra
876 5178 1036 5233 verba
1073 5179 1196 5235 data
1235 5179 1356 5238 ﬁdei
1398 5182 1654 5240 radicitus
1696 5187 1858 5243 corde
1883 5186 1974 5244 de-

401 5262 596 5317 ﬁxerit.
623 5261 940 5334 Tanguntur
962 5276 1016 5322 et
1044 5284 1224 5336 nares,
1257 5280 1315 5326 ut
1345 5274 1578 5343 quandiu
1604 5276 1852 5346 spiritum
1881 5293 1976 5334 na-

401 5353 549 5408 ribus
579 5353 757 5409 trahat
784 5353 837 5409 in
861 5356 965 5412 ﬁde
992 5367 1210 5431 accepta
1238 5363 1512 5430 perduret.
1543 5364 1737 5422 Pectus
1759 5381 1975 5438 quoque

397 5442 586 5498 eodem
616 5445 931 5518 perungitur
973 5448 1092 5504 oleo
1141 5451 1194 5506 in
1234 5464 1436 5510 sancte
1473 5456 1650 5512 crucis
1696 5458 1870 5528 signo,
1914 5470 1977 5516 ut

399 5533 611 5588 diabolo
650 5537 932 5593 claudatur
975 5539 1266 5612 ingressus.
1314 5544 1610 5620 signantur
1639 5557 1693 5603 et
1719 5549 1972 5619 scapulae,

472 5654 496 5684 ι
523 5644 579 5699 S.
610 5649 744 5721 Aug.
775 5651 840 5708 de
865 5651 1014 5710 Trin.
1045 5671 1116 5724 tv,
1141 5656 1193 5711 6.

2081 467 2338 524 unctione
2361 468 2609 538 signatur
2633 463 2757 521 ﬁdei
2786 461 3035 533 ﬁrmitas,
3067 474 3123 522 et
3143 482 3368 539 operum
3395 469 3664 528 bonon

2079 558 2516 631 perseverantia;
2545 566 2600 613 et
2634 556 2690 612 in
2727 557 2945 613 nomine
2975 568 3175 614 sanctae
3204 559 3485 617 Trinitatis
3514 564 3666 620 trina
3712 562 3721 574 '

2081 649 2456 706 submersione
2481 647 2818 718 baptizatus:
2843 656 2904 704 ut
2931 657 3087 706 recte
3118 651 3300 717 homo,
3329 653 3420 722 qui
3442 654 3510 708 ad
3530 654 3673 709 ima-

2079 737 2260 810 ginem
2287 747 2487 794 sancue
2511 737 2794 792 Trinitatis
2820 738 3086 804 conditus,
3126 751 3227 810 per
3266 741 3671 799 invocationem

2080 827 2321 900 ejusdem
2372 836 2574 885 sanetae
2616 827 2916 894 Trinitatis,
2967 829 3036 884 ad
3081 831 3325 886 eamdem
3372 843 3670 888 renovetur

2080 921 2392 992 imaginem,
2425 914 2481 975 et
2506 920 2599 990 qui
2635 921 2796 975 tertio
2819 920 3026 990 peccati
3051 921 3241 992 gradu,
3275 922 3329 977 id
3353 932 3437 979 est
3468 940 3672 994 opera-

2081 1011 2251 1076 tione,
2273 1010 2468 1065 eecidit
2497 1009 2550 1064 in
2581 1018 2808 1064 mortem
2839 1007 3057 1081 (cecidit
3083 1009 3245 1066 homo
3264 1025 3361 1081 per
3383 1012 3672 1083 cogitatio-

2081 1116 2226 1166 nem,
2259 1100 2668 1156 delectationem
2699 1108 2754 1155 et
2779 1101 3171 1172 operationem)
3216 1102 3378 1156 tertio
3418 1102 3671 1158 elevatus

2081 1191 2321 1252 de'fonte
2355 1207 2454 1263 per
2491 1193 2718 1264 gratiam
2750 1199 2995 1263 resurgat
3018 1191 3085 1246 ad
3113 1193 3303 1248 vitam.
3333 1193 3490 1248 Tunc
3529 1193 3670 1250 albis

2082 1285 2320 1340 induitur
2345 1284 2700 1349 vestimentis,
2743 1293 2966 1355 propter
3005 1285 3258 1355 gaudium
3291 1285 3671 1356 regeneratio-

2081 1375 2186 1442 nis,
2215 1376 2517 1432 castitatem
2547 1376 2670 1431 vita:
2693 1381 2748 1431 et
2775 1374 3002 1446 angelici
3041 1374 3340 1445 splendoris
3383 1376 3672 1431 decorem.

2081 1464 2233 1521 Tunc
2253 1479 2408 1521 sacro
2441 1465 2733 1520 chrismate
2757 1472 2919 1534 caput
2953 1463 3290 1534 perungitur,
3327 1472 3382 1519 et
3429 1465 3674 1535 mystico

2083 1554 2282 1626 tegitur
2305 1553 2592 1618 velamine,
2619 1560 2682 1608 ut
2707 1551 2968 1624 intelligat
2994 1552 3235 1608 diadema
3273 1554 3450 1625 regni,
3493 1563 3551 1611 et
3579 1570 3670 1609 sa-

2083 1645 2308 1702 cerdotii
2350 1643 2668 1716 dignitatem
2693 1650 2934 1715 portare,
2967 1641 3120 1712 juxta
3156 1643 3475 1713 Apostolum
3510 1665 3524 1677 ο
3570 1645 3673 1701 Vos

2081 1735 2204 1789 estis
2251 1749 2412 1806 genus
2453 1733 2647 1804 regale,
2693 1733 2962 1802 oﬂ‘erentes
2997 1735 3328 1803 vosmetipsos
3371 1733 3488 1788 Deo
3533 1736 3667 1800 riro,

2079 1825 2303 1880 hostiam
2327 1833 2564 1879 sanctam
2611 1833 2661 1878 et
2709 1823 2820 1878 Deo
2860 1821 3168 1894 placentem.
3213 1823 3310 1880 Sic
3342 1839 3583 1895 corpore
3615 1835 3673 1882 et

2080 1914 2341 1984 sanguine
2365 1912 2645 1968 Dominico
2675 1911 3045 1978 continuatur,
3089 1922 3150 1968 ut
3196 1913 3338 1969 illius
3366 1913 3441 1968 sit
3486 1930 3670 1970 mem-

2078 2004 2258 2070 brum,
2287 2006 2379 2077 qui
2425 2019 2525 2077 pro
2553 2021 2620 2062 eo
2653 2020 2847 2076 passus
2881 2015 2986 2072 εει,
3027 2015 3081 2061 ει
3108 2007 3427 2062 resurrexit.
3473 2007 3672 2064 Novis-

2079 2093 2215 2152 sime
2251 2111 2352 2167 per
2391 2097 2786 2167 impositionem
2826 2111 3018 2152 manus
3048 2113 3077 2150 a
3118 2112 3330 2152 summo
3374 2099 3672 2155 sacerdote

2079 2183 2409 2256 septiformis
2430 2185 2615 2256 gratiae
2639 2184 2899 2256 Spiritum
2914 2185 3143 2256 accepit,
3165 2193 3226 2241 ut
3250 2187 3552 2242 roboretnr
3574 2202 3674 2258 per

2079 2274 2341 2347 Spiritum
2369 2283 2615 2332 sanctum
2645 2275 2712 2330 ad
2739 2275 3136 2346 praedicandum
3165 2275 3303 2343 aliis,
3333 2277 3428 2348 qui
3474 2276 3583 2332 fuit
3617 2278 3670 2332 in

2077 2367 2348 2438 baptismo
2374 2381 2471 2438 per
2496 2368 2724 2439 gratiam
2763 2369 2889 2424 vitae
2927 2369 3156 2424 donatus
3182 2376 3420 2425 aeternas.
3452 2369 3670 2427 Videtis

2075 2477 2239 2533 quam
2268 2461 2501 2518 ﬁdeliter
2533 2477 2628 2518 seu
2673 2461 3068 2519 rationabiliter
3106 2471 3161 2517 et
3207 2463 3515 2534 prudenter
3556 2465 3673 2522 haec

2075 2552 2257 2607 omnia
2286 2550 2441 2608 nobis
2471 2552 2666 2607 tradita
2695 2561 2820 2608 sunt
2847 2553 3197 2608 observanda.
3235 2571 3254 2605 ι
3289 2565 3316 2594 ι
3352 2552 3537 2610 Nemo
3579 2569 3671 2612 ca-

2075 2642 2308 2699 tholicus
2325 2651 2515 2699 contra
2544 2643 2798 2700 Ecclesiae
2825 2644 3232 2710 auctoritatem;
3255 2659 3420 2700 nemo
3445 2647 3672 2702 sobrius

2073 2743 2267 2791 contra
2297 2734 2615 2791 rationalem
2643 2735 3118 2802 consuetudinem;
3146 2737 3518 2794 nemo-ﬁdelis
3542 2754 3672 2796 con-

2075 2836 2158 2885 tra
2208 2830 2428 2901 pietatis
2476 2829 2882 2901 intelligentiam
2933 2838 3142 2887 certare
3187 2831 3370 2896 audet,
3424 2851 3444 2884 ι
3498 2841 3562 2888 ει
3606 2847 3674 2890 ne

2073 2920 2452 2978 schismaticus
2467 2920 2796 2986 inveniatur,
2811 2929 2868 2976 et
2885 2935 2992 2976 non
3011 2919 3331 2976 catholicus.
3354 2919 3676 2990 Seqnamur

2073 3025 2174 3082 pro
2198 3011 2523 3082 baptismate
2551 3020 2751 3066 saneta:
2795 3011 3052 3066 Romanae
3085 3010 3340 3066 Ecclesiae
3367 3012 3675 3068 auctorita-

2079 3111 2208 3167 tem,
2243 3109 2304 3157 ut.
2329 3101 2471 3156 unde
2507 3101 2788 3157 catholica:
2829 3100 2952 3156 ﬁdei
2983 3101 3134 3156 initia
3174 3102 3516 3171 accepimus,
3551 3102 3675 3159 inde

2074 3191 2401 3263 exemplaria
2455 3190 2646 3248 salutis
2708 3199 2910 3247 nostra:
2965 3207 3181 3263 semper
3229 3191 3554 3259 valeamus;
3603 3207 3673 3249 ne

2075 3285 2320 3342 membra
2353 3297 2384 3338 a
2420 3283 2597 3353 capite
2625 3291 2942 3354 separentur
2976 3298 3098 3350 suo,
3138 3297 3208 3338 ne
3243 3281 3486 3354 claviger
3519 3281 3673 3355 regni

2074 3375 2314 3432 celestis
2353 3373 2573 3446 abjiciat
2619 3388 2756 3446 quos
2794 3389 2824 3428 a
2864 3374 2979 3430 suis
3005 3374 3250 3430 diversos
3279 3373 3548 3446 intelligit
3580 3376 3672 3430 do-

2074 3466 2285 3523 ctrinis.

2075 3576 2212 3635 Item
2240 3581 2305 3634 de
2330 3578 2584 3652 baptisnw
2613 3579 2876 3652 oﬁicioque
2907 3578 3064 3652 eju_s,_
3087 3578 3392 3652 auctoribus
3424 3582 3673 3636 nornina—

2481 3651 2574 3705 tim
2597 3647 2913 3705 uenientium
2930 3647 3007 3703 ad
3027 3647 3228 3719 fidem.’

2148 3749 2353 3816 Oratio,
2384 3749 2540 3820 quasi
2566 3749 2677 3806 oris
2702 3750 2862 3816 ratio,
2890 3763 2957 3804 eo
2983 3748 3125 3819 quod
3146 3764 3212 3804 ex
3233 3762 3330 3804 ore
3355 3756 3415 3805 et
3453 3751 3672 3806 ratione

2074 3839 2353 3909 procedat,
2401 3857 2560 3911 super
2604 3841 2815 3905 electos,
2859 3840 2910 3895 id
2952 3847 3054 3903 est,
3098 3839 3413 3907 advocatos,
3460 3843 3559 3911 qui
3607 3843 3670 3898 de

2076 3930 2382 4001 gentilitate
2419 3931 2487 3987 ad
2527 3931 2728 3988 Christi
2763 3931 2922 3988 ﬁdem
2962 3931 3204 3988 veniunt.
3244 3930 3670 3990 Cathecarnenus

2075 4022 2324 4078 Grzecum
2378 4031 2491 4088 est,
2546 4023 2772 4078 audiens
2833 4023 3217 4094 interpretatur
3276 4023 3396 4080 sive
3466 4025 3670 4082 docens

2079 4111 2290 4185 |Forte,
2326 4112 2586 4186 discens].
2619 4112 2977 4184 Omnipotens,
3009 4115 3134 4186 quia
3173 4115 3354 4170 omnia
3381 4125 3590 4186 potest,
3619 4124 3672 4171 et

2077 4203 2260 4260 omnia
2293 4205 2498 4261 creavit
2524 4205 2729 4274 absque
2764 4203 2906 4259 malo
2939 4213 2994 4259 et
3019 4204 3320 4268 mendacio,
3353 4207 3671 4275 sempiterno

2079 4295 2242 4362 Deus,
2272 4296 2326 4352 id
2354 4296 2458 4363 es't,
2487 4295 2614 4367 quia
2651 4295 3013 4366 sempiternus
3043 4303 3150 4361 est,
3177 4310 3278 4352 nec
3320 4295 3546 4352 initium
3574 4297 3670 4352 ba-

1029 4355 1255 4462 Dominf
1288 4371 1636 4462 9mm???"
1686 4361 1976 4462 Eiomiza’
2001 4395 2053 4456 D
2077 4390 2194 4458 bet,
2224 4405 2327 4446 nec
2366 4355 2558 4458 ﬁnem;
2601 4355 2853 4462 respicere
2879 4391 3120 4462 dignare,
3144 4391 3196 4446 id
3221 4399 3326 4456 est,
3351 4399 3668 4460 respectum

2079 4479 2466 4537 misericordia:
2497 4481 2727 4548 habere;
2757 4499 2914 4553 super
2937 4482 3074 4536 hunc
3099 4480 3378 4550 famulum,
3402 4497 3564 4552 quem
3599 4479 3667 4535 ad

2079 4571 2399 4637 rudimenta,
2430 4572 2483 4628 id
2511 4579 2613 4637 est,
2645 4571 2712 4628 ad
2748 4571 3062 4638 novitatem,
3089 4571 3216 4640 ﬁdei
3238 4587 3446 4637 vocare,
3475 4571 3539 4628 id
3562 4579 3667 4638 est.

2079 4660 2372 4733 appellare,
2403 4663 2672 4734 dignatus,
2702 4664 3008 4728 siccitatem,
3047 4662 3100 4717 id
3127 4669 3229 4724 est,
3271 4662 3667 4720 obsutritatem

2079 4753 2166 4809 vel
2209 4755 2590 4822 tenebrosum;
2622 4744 2796 4810 cordis
2837 4753 3053 4824 expelle,
3099 4752 3324 4825 projiee,
3371 4755 3664 4825 dismmpe,

2081 4842 2290 4912 frange,
2320 4843 2551 4916 laqueos,
2583 4843 2636 4900 id
2668 4854 2772 4911 est,
2814 4844 3092 4915 captiones
3141 4845 3226 4901 vel
3266 4845 3664 4914 muscipulam;

2081 4931 2317 5002 Satanae,
2339 4935 2584 4991 Graecum
2602 4945 2709 5003 est,
2728 4936 2871 5007 quod
2893 4936 3277 5007 interpretatur
3294 4936 3662 5003 adversarius,

2079 5024 2204 5096 quia
2233 5040 2445 5098 semper
2467 5035 2554 5083 est
2575 5031 2863 5084 adversum
2890 5043 2989 5083 nos
3007 5026 3305 5097 colligatus,
3333 5026 3384 5081 id
3409 5036 3495 5083 est
3536 5043 3665 5084 etm-

2080 5115 2330 5181 strictus;
2360 5119 2503 5187 aperi
2543 5118 2611 5184 ei,
2662 5116 2904 5183 Domine,
2925 5117 3152 5188 jamtam
3197 5118 3406 5190 pietatis
3443 5127 3579 5184 tne,
3610 5117 3662 5174 id

2079 5214 2184 5272 est,
2215 5209 2410 5264 ostium
2435 5208 2576 5275 ﬁdei,
2605 5211 2746 5266 sicut
2767 5210 2979 5266 Veritas
3004 5209 3061 5264 in
3083 5208 3370 5281 Evangelia
3394 5209 3510 5265 ait:
3545 5211 3659 5280 Ego

2076 5313 2194 5353 sum
2226 5299 2439 5364 ostium,
2465 5301 2514 5354 si
2544 5301 2660 5370 quis
2695 5317 2789 5370 per
2827 5316 2908 5354 me
2948 5299 3230 5365 introierit,
3264 5298 3577 5364 ulmeis",
3607 5308 3656 5354 at

2076 5387 2416 5458 ingredietur,
2437 5400 2486 5445 et
2517 5391 2829 5461 egredietur,
2853 5400 2900 5446 et
2928 5406 3124 5462 pascua
3145 5390 3385 5456 inueniet,
3413 5399 3470 5446 at
3505 5391 3655 5460 signa

2075 5481 2344 5549 sapientia:
2367 5491 2495 5547 tute,
2518 5482 2571 5537 id
2601 5491 2706 5549 est,
2736 5493 2796 5538 ut
2825 5484 3035 5554 signum
3070 5481 3270 5538 Christi
3294 5483 3468 5551 possit
3491 5480 3652 5538 intol-

2076 5565 2261 5638 ligcre,
2303 5565 2572 5640 quomodo
2616 5571 2948 5637 incarnatus,
2995 5570 3267 5641 quomodo
3300 5580 3482 5640 natus,
3517 5586 3652 5643 quo-
