  <div class='ocr_page' id='page_1' title='image "/cluster/home/n/w/nwhite01/storage/ocr_20150623/105/hvd.32044054759709/402.png"; bbox 0 0 3884 6192; ppageno 0'>
   <div class='ocr_carea' id='block_1_1' title="bbox 281 266 395 329">
    <p class='ocr_par' dir='ltr' id='par_1_1' title="bbox 281 266 395 329">
     <span class='ocr_line' id='line_1_1' title="bbox 281 266 395 329; baseline 0 -7"><span class='ocrx_word' id='word_1_1' title='bbox 281 266 395 329; x_wconf 69' lang='lat'><strong>793</strong></span> 
     </span>
    </p>
   </div>
   <div class='ocr_carea' id='block_1_2' title="bbox 278 390 1870 474">
    <p class='ocr_par' dir='ltr' id='par_1_2' title="bbox 278 390 1870 474">
     <span class='ocr_line' id='line_1_2' title="bbox 278 390 1870 474; baseline 0.008 -28"><span class='ocrx_word' id='word_1_2' title='bbox 278 391 452 447; x_wconf 85' lang='lat' dir='ltr'><strong>modo</strong></span> <span class='ocrx_word' id='word_1_3' title='bbox 491 404 707 460; x_wconf 84' lang='lat' dir='ltr'><strong>passus,</strong></span> <span class='ocrx_word' id='word_1_4' title='bbox 757 390 1027 474; x_wconf 82' lang='lat' dir='ltr'><strong>quomodo</strong></span> <span class='ocrx_word' id='word_1_5' title='bbox 1070 397 1386 465; x_wconf 81' lang='lat' dir='ltr'><strong>cruciﬁxus,</strong></span> <span class='ocrx_word' id='word_1_6' title='bbox 1423 403 1693 468; x_wconf 87' lang='lat' dir='ltr'><strong>quomodo</strong></span> <span class='ocrx_word' id='word_1_7' title='bbox 1722 417 1870 458; x_wconf 90' lang='lat' dir='ltr'><strong>mor-</strong></span> 
     </span>
    </p>
   </div>
   <div class='ocr_carea' id='block_1_3' title="bbox 279 484 1875 562">
    <p class='ocr_par' dir='ltr' id='par_1_3' title="bbox 279 484 1875 562">
     <span class='ocr_line' id='line_1_3' title="bbox 279 484 1875 562; baseline 0.008 -23"><span class='ocrx_word' id='word_1_8' title='bbox 279 492 435 551; x_wconf 84' lang='lat' dir='ltr'><strong>tuus,</strong></span> <span class='ocrx_word' id='word_1_9' title='bbox 476 484 749 555; x_wconf 83' lang='lat' dir='ltr'><strong>quoodo</strong></span> <span class='ocrx_word' id='word_1_10' title='bbox 787 486 1064 544; x_wconf 86' lang='lat' dir='ltr'><strong>descendit</strong></span> <span class='ocrx_word' id='word_1_11' title='bbox 1090 491 1159 545; x_wconf 87' lang='lat' dir='ltr'><strong>ad</strong></span> <span class='ocrx_word' id='word_1_12' title='bbox 1196 490 1426 558; x_wconf 86' lang='lat' dir='ltr'><strong>interna,</strong></span> <span class='ocrx_word' id='word_1_13' title='bbox 1453 494 1724 562; x_wconf 89' lang='lat' dir='ltr'><strong>quomodo</strong></span> <span class='ocrx_word' id='word_1_14' title='bbox 1751 510 1875 550; x_wconf 88' lang='lat' dir='ltr'><strong>sur-</strong></span> 
     </span>
    </p>
   </div>
   <div class='ocr_carea' id='block_1_4' title="bbox 279 575 1871 654">
    <p class='ocr_par' dir='ltr' id='par_1_4' title="bbox 279 575 1871 654">
     <span class='ocr_line' id='line_1_4' title="bbox 279 575 1871 654; baseline 0.008 -26"><span class='ocrx_word' id='word_1_15' title='bbox 279 575 452 640; x_wconf 77' lang='lat' dir='ltr'><strong>rexit,</strong></span> <span class='ocrx_word' id='word_1_16' title='bbox 485 579 756 646; x_wconf 88' lang='lat' dir='ltr'><strong>quomodo</strong></span> <span class='ocrx_word' id='word_1_17' title='bbox 789 579 846 634; x_wconf 90' lang='lat' dir='ltr'><strong>in</strong></span> <span class='ocrx_word' id='word_1_18' title='bbox 875 581 1076 636; x_wconf 66' lang='lat' dir='ltr'><strong>caelum</strong></span> <span class='ocrx_word' id='word_1_19' title='bbox 1108 583 1374 650; x_wconf 76' lang='lat' dir='ltr'><strong>ascendit,</strong></span> <span class='ocrx_word' id='word_1_20' title='bbox 1401 585 1653 650; x_wconf 78' lang='lat' dir='ltr'><strong>imbutus,</strong></span> <span class='ocrx_word' id='word_1_21' title='bbox 1681 585 1734 640; x_wconf 92' lang='lat' dir='ltr'><strong>id</strong></span> <span class='ocrx_word' id='word_1_22' title='bbox 1763 595 1871 654; x_wconf 89' lang='lat' dir='ltr'><strong>est,</strong></span> 
     </span>
    </p>
   </div>
   <div class='ocr_carea' id='block_1_5' title="bbox 277 667 1871 746">
    <p class='ocr_par' dir='ltr' id='par_1_5' title="bbox 277 667 1871 746">
     <span class='ocr_line' id='line_1_5' title="bbox 277 667 1871 746; baseline 0.008 -25"><span class='ocrx_word' id='word_1_23' title='bbox 277 667 584 724; x_wconf 83' lang='lat' dir='ltr'><strong>instructus</strong></span> <span class='ocrx_word' id='word_1_24' title='bbox 619 669 706 725; x_wconf 90' lang='lat' dir='ltr'><strong>vel</strong></span> <span class='ocrx_word' id='word_1_25' title='bbox 747 670 959 737; x_wconf 88' lang='lat' dir='ltr'><strong>doctus,</strong></span> <span class='ocrx_word' id='word_1_26' title='bbox 989 672 1259 742; x_wconf 74' lang='lat' dir='ltr'><strong>fetoribus,</strong></span> <span class='ocrx_word' id='word_1_27' title='bbox 1297 675 1351 730; x_wconf 89' lang='lat' dir='ltr'><strong>id</strong></span> <span class='ocrx_word' id='word_1_28' title='bbox 1379 683 1484 742; x_wconf 89' lang='lat' dir='ltr'><strong>est,</strong></span> <span class='ocrx_word' id='word_1_29' title='bbox 1512 676 1566 731; x_wconf 89' lang='lat' dir='ltr'><strong>in</strong></span> <span class='ocrx_word' id='word_1_30' title='bbox 1595 678 1871 746; x_wconf 88' lang='lat' dir='ltr'><strong>spurcitiis</strong></span> 
     </span>
    </p>
   </div>
   <div class='ocr_carea' id='block_1_6' title="bbox 275 761 1872 840">
    <p class='ocr_par' dir='ltr' id='par_1_6' title="bbox 275 761 1872 840">
     <span class='ocr_line' id='line_1_6' title="bbox 275 761 1872 840; baseline 0.007 -25"><span class='ocrx_word' id='word_1_31' title='bbox 275 761 370 816; x_wconf 65' lang='lat' dir='ltr'><strong>vel</strong></span> <span class='ocrx_word' id='word_1_32' title='bbox 403 761 849 832; x_wconf 76' lang='lat' dir='ltr'><strong>inquinamentis,</strong></span> <span class='ocrx_word' id='word_1_33' title='bbox 879 780 1000 835; x_wconf 68' lang='lat' dir='ltr'><strong>quae</strong></span> <span class='ocrx_word' id='word_1_34' title='bbox 1035 767 1104 821; x_wconf 88' lang='lat' dir='ltr'><strong>ad</strong></span> <span class='ocrx_word' id='word_1_35' title='bbox 1147 767 1496 838; x_wconf 84' lang='lat' dir='ltr'><strong>cupiditatem</strong></span> <span class='ocrx_word' id='word_1_36' title='bbox 1528 769 1707 825; x_wconf 68' lang='lat' dir='ltr'><strong>saeculi</strong></span> <span class='ocrx_word' id='word_1_37' title='bbox 1749 785 1872 840; x_wconf 88' lang='lat' dir='ltr'><strong>per-</strong></span> 
     </span>
    </p>
   </div>
   <div class='ocr_carea' id='block_1_7' title="bbox 275 853 1868 931">
    <p class='ocr_par' dir='ltr' id='par_1_7' title="bbox 275 853 1868 931">
     <span class='ocr_line' id='line_1_7' title="bbox 275 853 1868 931; baseline 0.004 -23"><span class='ocrx_word' id='word_1_38' title='bbox 275 853 478 920; x_wconf 85' lang='lat' dir='ltr'><strong>tinent,</strong></span> <span class='ocrx_word' id='word_1_39' title='bbox 527 863 730 920; x_wconf 88' lang='lat' dir='ltr'><strong>careat,</strong></span> <span class='ocrx_word' id='word_1_40' title='bbox 779 855 980 911; x_wconf 89' lang='lat' dir='ltr'><strong>habere</strong></span> <span class='ocrx_word' id='word_1_41' title='bbox 1011 872 1118 912; x_wconf 88' lang='lat' dir='ltr'><strong>non</strong></span> <span class='ocrx_word' id='word_1_42' title='bbox 1157 859 1315 924; x_wconf 88' lang='lat' dir='ltr'><strong>velit;</strong></span> <span class='ocrx_word' id='word_1_43' title='bbox 1362 869 1760 931; x_wconf 64' lang='lat' dir='ltr'><strong>praceptorum,</strong></span> <span class='ocrx_word' id='word_1_44' title='bbox 1813 861 1868 916; x_wconf 93' lang='lat' dir='ltr'><strong>id</strong></span> 
     </span>
    </p>
   </div>
   <div class='ocr_carea' id='block_1_8' title="bbox 272 949 1866 1019">
    <p class='ocr_par' dir='ltr' id='par_1_8' title="bbox 272 949 1866 1019">
     <span class='ocr_line' id='line_1_8' title="bbox 272 949 1866 1019; baseline 0.004 -14"><span class='ocrx_word' id='word_1_45' title='bbox 272 958 386 1016; x_wconf 85' lang='lat' dir='ltr'><strong>est,</strong></span> <span class='ocrx_word' id='word_1_46' title='bbox 418 949 820 1014; x_wconf 84' lang='lat' dir='ltr'><strong>mandatorum,</strong></span> <span class='ocrx_word' id='word_1_47' title='bbox 862 949 1034 1016; x_wconf 78' lang='lat' dir='ltr'><strong>latus,</strong></span> <span class='ocrx_word' id='word_1_48' title='bbox 1081 952 1135 1007; x_wconf 89' lang='lat' dir='ltr'><strong>id</strong></span> <span class='ocrx_word' id='word_1_49' title='bbox 1177 962 1282 1019; x_wconf 86' lang='lat' dir='ltr'><strong>est,</strong></span> <span class='ocrx_word' id='word_1_50' title='bbox 1320 954 1529 1019; x_wconf 80' lang='lat' dir='ltr'><strong>hilaris,</strong></span> <span class='ocrx_word' id='word_1_51' title='bbox 1568 956 1748 1011; x_wconf 86' lang='lat' dir='ltr'><strong>clarus</strong></span> <span class='ocrx_word' id='word_1_52' title='bbox 1781 957 1866 1012; x_wconf 92' lang='lat' dir='ltr'><strong>vel</strong></span> 
     </span>
    </p>
   </div>
   <div class='ocr_carea' id='block_1_9' title="bbox 272 1039 1864 1107">
    <p class='ocr_par' dir='ltr' id='par_1_9' title="bbox 272 1039 1864 1107">
     <span class='ocr_line' id='line_1_9' title="bbox 272 1039 1864 1107; baseline 0.006 -14"><span class='ocrx_word' id='word_1_53' title='bbox 272 1039 639 1107; x_wconf 70' lang='lat' dir='ltr'><strong>lintabundus,</strong></span> <span class='ocrx_word' id='word_1_54' title='bbox 666 1042 760 1096; x_wconf 74' lang='lat' dir='ltr'><strong>tibi</strong></span> <span class='ocrx_word' id='word_1_55' title='bbox 782 1041 837 1096; x_wconf 82' lang='lat' dir='ltr'><strong>in</strong></span> <span class='ocrx_word' id='word_1_56' title='bbox 866 1041 1104 1097; x_wconf 77' lang='lat' dir='ltr'><strong>Ecclesia</strong></span> <span class='ocrx_word' id='word_1_57' title='bbox 1130 1053 1224 1098; x_wconf 82' lang='lat' dir='ltr'><strong>tua</strong></span> <span class='ocrx_word' id='word_1_58' title='bbox 1251 1045 1528 1100; x_wconf 79' lang='lat' dir='ltr'><strong>deserciat.</strong></span> <span class='ocrx_word' id='word_1_59' title='bbox 1557 1046 1654 1102; x_wconf 84' lang='lat' dir='ltr'><strong>Est</strong></span> <span class='ocrx_word' id='word_1_60' title='bbox 1677 1055 1731 1103; x_wconf 87' lang='lat' dir='ltr'><strong>et</strong></span> <span class='ocrx_word' id='word_1_61' title='bbox 1759 1046 1864 1102; x_wconf 86' lang='lat' dir='ltr'><strong>alia</strong></span> 
     </span>
    </p>
   </div>
   <div class='ocr_carea' id='block_1_10' title="bbox 270 1132 1864 1204">
    <p class='ocr_par' dir='ltr' id='par_1_10' title="bbox 270 1132 1864 1204">
     <span class='ocr_line' id='line_1_10' title="bbox 270 1132 1864 1204; baseline 0.006 -19"><span class='ocrx_word' id='word_1_62' title='bbox 270 1132 510 1188; x_wconf 78' lang='lat' dir='ltr'><strong>ecclesia</strong></span> <span class='ocrx_word' id='word_1_63' title='bbox 556 1133 956 1200; x_wconf 81' lang='lat' dir='ltr'><strong>haereticorum,</strong></span> <span class='ocrx_word' id='word_1_64' title='bbox 996 1135 1125 1204; x_wconf 84' lang='lat' dir='ltr'><strong>quia</strong></span> <span class='ocrx_word' id='word_1_65' title='bbox 1171 1150 1279 1191; x_wconf 89' lang='lat' dir='ltr'><strong>non</strong></span> <span class='ocrx_word' id='word_1_66' title='bbox 1327 1137 1490 1192; x_wconf 89' lang='lat' dir='ltr'><strong>debet</strong></span> <span class='ocrx_word' id='word_1_67' title='bbox 1535 1138 1758 1195; x_wconf 90' lang='lat' dir='ltr'><strong>credere</strong></span> <span class='ocrx_word' id='word_1_68' title='bbox 1807 1140 1864 1194; x_wconf 91' lang='lat' dir='ltr'><strong>in</strong></span> 
     </span>
    </p>
   </div>
   <div class='ocr_carea' id='block_1_11' title="bbox 269 1221 1859 1290">
    <p class='ocr_par' dir='ltr' id='par_1_11' title="bbox 269 1221 1859 1290">
     <span class='ocr_line' id='line_1_11' title="bbox 269 1221 1859 1290; baseline 0.006 -14"><span class='ocrx_word' id='word_1_69' title='bbox 269 1221 505 1277; x_wconf 79' lang='lat' dir='ltr'><strong>ecclesia</strong></span> <span class='ocrx_word' id='word_1_70' title='bbox 528 1221 932 1290; x_wconf 82' lang='lat' dir='ltr'><strong>haereticorum,</strong></span> <span class='ocrx_word' id='word_1_71' title='bbox 953 1225 1050 1280; x_wconf 88' lang='lat' dir='ltr'><strong>sed</strong></span> <span class='ocrx_word' id='word_1_72' title='bbox 1089 1225 1142 1280; x_wconf 90' lang='lat' dir='ltr'><strong>in</strong></span> <span class='ocrx_word' id='word_1_73' title='bbox 1182 1225 1424 1282; x_wconf 84' lang='lat' dir='ltr'><strong>Ecclesia</strong></span> <span class='ocrx_word' id='word_1_74' title='bbox 1449 1229 1859 1285; x_wconf 87' lang='lat' dir='ltr'><strong>catholicorum.</strong></span> 
     </span>
    </p>
   </div>
   <div class='ocr_carea' id='block_1_12' title="bbox 268 1310 1857 1390">
    <p class='ocr_par' dir='ltr' id='par_1_12' title="bbox 268 1310 1857 1390">
     <span class='ocr_line' id='line_1_12' title="bbox 268 1310 1857 1390; baseline 0.005 -24"><span class='ocrx_word' id='word_1_75' title='bbox 268 1310 570 1382; x_wconf 80' lang='lat' dir='ltr'><strong>Propterea</strong></span> <span class='ocrx_word' id='word_1_76' title='bbox 595 1313 729 1378; x_wconf 78' lang='lat' dir='ltr'><strong>dixi,</strong></span> <span class='ocrx_word' id='word_1_77' title='bbox 764 1312 831 1368; x_wconf 85' lang='lat' dir='ltr'><strong>In</strong></span> <span class='ocrx_word' id='word_1_78' title='bbox 853 1312 1091 1369; x_wconf 77' lang='lat' dir='ltr'><strong>Ecclesia</strong></span> <span class='ocrx_word' id='word_1_79' title='bbox 1117 1325 1206 1369; x_wconf 84' lang='lat' dir='ltr'><strong>tua</strong></span> <span class='ocrx_word' id='word_1_80' title='bbox 1238 1316 1492 1373; x_wconf 73' lang='lat' dir='ltr'><strong>deserviat</strong></span> <span class='ocrx_word' id='word_1_81' title='bbox 1522 1328 1570 1373; x_wconf 87' lang='lat' dir='ltr'><strong>et</strong></span> <span class='ocrx_word' id='word_1_82' title='bbox 1599 1320 1857 1390; x_wconf 74' lang='lat' dir='ltr'><strong>proﬁciat,</strong></span> 
     </span>
    </p>
   </div>
   <div class='ocr_carea' id='block_1_13' title="bbox 269 1400 1861 1476">
    <p class='ocr_par' dir='ltr' id='par_1_13' title="bbox 269 1400 1861 1476">
     <span class='ocr_line' id='line_1_13' title="bbox 269 1400 1861 1476; baseline 0.004 -20"><span class='ocrx_word' id='word_1_83' title='bbox 269 1400 391 1456; x_wconf 89' lang='lat' dir='ltr'><strong>sive</strong></span> <span class='ocrx_word' id='word_1_84' title='bbox 421 1409 651 1468; x_wconf 62' lang='lat' dir='ltr'><strong>crescat,</strong></span> <span class='ocrx_word' id='word_1_85' title='bbox 681 1403 735 1457; x_wconf 87' lang='lat' dir='ltr'><strong>in</strong></span> <span class='ocrx_word' id='word_1_86' title='bbox 774 1402 902 1471; x_wconf 80' lang='lat' dir='ltr'><strong>ﬁde,</strong></span> <span class='ocrx_word' id='word_1_87' title='bbox 932 1403 1017 1459; x_wconf 91' lang='lat' dir='ltr'><strong>vel</strong></span> <span class='ocrx_word' id='word_1_88' title='bbox 1045 1405 1447 1476; x_wconf 88' lang='lat' dir='ltr'><strong>inaugmentum</strong></span> <span class='ocrx_word' id='word_1_89' title='bbox 1479 1406 1659 1474; x_wconf 78' lang='lat' dir='ltr'><strong>faciat,</strong></span> <span class='ocrx_word' id='word_1_90' title='bbox 1687 1409 1752 1463; x_wconf 85' lang='lat' dir='ltr'><strong>de</strong></span> <span class='ocrx_word' id='word_1_91' title='bbox 1776 1409 1861 1464; x_wconf 83' lang='lat' dir='ltr'><strong>die</strong></span> 
     </span>
    </p>
   </div>
   <div class='ocr_carea' id='block_1_14' title="bbox 268 1492 1856 1566">
    <p class='ocr_par' dir='ltr' id='par_1_14' title="bbox 268 1492 1856 1566">
     <span class='ocr_line' id='line_1_14' title="bbox 268 1492 1856 1566; baseline 0.004 -20"><span class='ocrx_word' id='word_1_92' title='bbox 268 1500 329 1546; x_wconf 79' lang='lat' dir='ltr'><strong>tn</strong></span> <span class='ocrx_word' id='word_1_93' title='bbox 366 1492 526 1560; x_wconf 79' lang='lat' dir='ltr'><strong>diem,</strong></span> <span class='ocrx_word' id='word_1_94' title='bbox 567 1494 713 1548; x_wconf 87' lang='lat' dir='ltr'><strong>onmi</strong></span> <span class='ocrx_word' id='word_1_95' title='bbox 753 1501 993 1564; x_wconf 88' lang='lat' dir='ltr'><strong>tempore</strong></span> <span class='ocrx_word' id='word_1_96' title='bbox 1035 1496 1160 1551; x_wconf 72' lang='lat' dir='ltr'><strong>vita:</strong></span> <span class='ocrx_word' id='word_1_97' title='bbox 1194 1497 1497 1566; x_wconf 62' lang='lat' dir='ltr'><strong>praesentis,</strong></span> <span class='ocrx_word' id='word_1_98' title='bbox 1533 1509 1586 1551; x_wconf 82' lang='lat' dir='ltr'><strong>ut</strong></span> <span class='ocrx_word' id='word_1_99' title='bbox 1616 1498 1856 1566; x_wconf 82' lang='lat' dir='ltr'><strong>idoneus,</strong></span> 
     </span>
    </p>
   </div>
   <div class='ocr_carea' id='block_1_15' title="bbox 267 1582 1854 1659">
    <p class='ocr_par' dir='ltr' id='par_1_15' title="bbox 267 1582 1854 1659">
     <span class='ocr_line' id='line_1_15' title="bbox 267 1582 1854 1659; baseline 0.004 -22"><span class='ocrx_word' id='word_1_100' title='bbox 267 1582 326 1637; x_wconf 93' lang='lat' dir='ltr'><strong>id</strong></span> <span class='ocrx_word' id='word_1_101' title='bbox 361 1592 471 1650; x_wconf 89' lang='grc' dir='ltr'><em>εει,</em></span> <span class='ocrx_word' id='word_1_102' title='bbox 519 1583 714 1655; x_wconf 88' lang='lat' dir='ltr'><strong>dignus</strong></span> <span class='ocrx_word' id='word_1_103' title='bbox 746 1585 830 1641; x_wconf 91' lang='lat' dir='ltr'><strong>vel</strong></span> <span class='ocrx_word' id='word_1_104' title='bbox 876 1584 1166 1653; x_wconf 84' lang='lat' dir='ltr'><strong>sulﬁciens,</strong></span> <span class='ocrx_word' id='word_1_105' title='bbox 1206 1588 1322 1642; x_wconf 87' lang='lat' dir='ltr'><strong>sive</strong></span> <span class='ocrx_word' id='word_1_106' title='bbox 1358 1603 1547 1658; x_wconf 89' lang='lat' dir='ltr'><strong>purus,</strong></span> <span class='ocrx_word' id='word_1_107' title='bbox 1584 1590 1854 1659; x_wconf 57' lang='lat' dir='ltr'><strong>efﬁciatur,</strong></span> 
     </span>
    </p>
   </div>
   <div class='ocr_carea' id='block_1_16' title="bbox 264 1671 1857 1751">
    <p class='ocr_par' dir='ltr' id='par_1_16' title="bbox 264 1671 1857 1751">
     <span class='ocr_line' id='line_1_16' title="bbox 264 1671 1857 1751; baseline 0.006 -25"><span class='ocrx_word' id='word_1_108' title='bbox 264 1671 324 1727; x_wconf 87' lang='lat' dir='ltr'><strong>id</strong></span> <span class='ocrx_word' id='word_1_109' title='bbox 363 1682 470 1739; x_wconf 85' lang='lat' dir='ltr'><strong>est,</strong></span> <span class='ocrx_word' id='word_1_110' title='bbox 504 1675 678 1743; x_wconf 86' lang='lat' dir='ltr'><strong>possit</strong></span> <span class='ocrx_word' id='word_1_111' title='bbox 712 1675 990 1741; x_wconf 83' lang='lat' dir='ltr'><strong>accedere,</strong></span> <span class='ocrx_word' id='word_1_112' title='bbox 1020 1677 1074 1733; x_wconf 94' lang='lat' dir='ltr'><strong>id</strong></span> <span class='ocrx_word' id='word_1_113' title='bbox 1104 1685 1208 1744; x_wconf 89' lang='lat' dir='ltr'><strong>est,</strong></span> <span class='ocrx_word' id='word_1_114' title='bbox 1254 1679 1706 1750; x_wconf 72' lang='lat' dir='ltr'><strong>appropinquare,</strong></span> <span class='ocrx_word' id='word_1_115' title='bbox 1743 1697 1857 1751; x_wconf 83' lang='lat' dir='ltr'><strong>per-</strong></span> 
     </span>
    </p>
   </div>
   <div class='ocr_carea' id='block_1_17' title="bbox 1481 285 2336 352">
    <p class='ocr_par' dir='ltr' id='par_1_17' title="bbox 1481 285 2336 352">
     <span class='ocr_line' id='line_1_17' title="bbox 1481 285 2336 352; baseline 0.012 -10"><span class='ocrx_word' id='word_1_116' title='bbox 1481 285 1814 346; x_wconf 80' lang='lat' dir='ltr'><strong>EPISTOLA</strong></span> <span class='ocrx_word' id='word_1_117' title='bbox 1850 289 1942 345; x_wconf 80' lang='lat' dir='ltr'><strong>DE</strong></span> <span class='ocrx_word' id='word_1_118' title='bbox 1979 289 2336 352; x_wconf 73' lang='lat' dir='ltr'><strong>BAPTISMO.</strong></span> 
     </span>
    </p>
   </div>
   <div class='ocr_carea' id='block_1_18' title="bbox 3440 319 3546 376">
    <p class='ocr_par' dir='ltr' id='par_1_18' title="bbox 3440 319 3546 376">
     <span class='ocr_line' id='line_1_18' title="bbox 3440 319 3546 376; baseline 0.009 -1"><span class='ocrx_word' id='word_1_119' title='bbox 3440 319 3546 376; x_wconf 58' lang='lat' dir='ltr'><strong>79d</strong></span> 
     </span>
    </p>
   </div>
   <div class='ocr_carea' id='block_1_19' title="bbox 1898 403 3549 502">
    <p class='ocr_par' dir='ltr' id='par_1_19' title="bbox 1898 403 3549 502">
     <span class='ocr_line' id='line_1_19' title="bbox 1898 403 3549 502; baseline 0.022 -47"><span class='ocrx_word' id='word_1_120' title='bbox 1898 412 1946 473; x_wconf 76' lang='grc' dir='ltr'><strong>Α</strong></span> <span class='ocrx_word' id='word_1_121' title='bbox 1975 405 2112 502; x_wconf 68' lang='lat' dir='ltr'><strong>quis</strong></span> <span class='ocrx_word' id='word_1_122' title='bbox 2130 403 2344 476; x_wconf 77' lang='lat' dir='ltr'><strong>debeat,</strong></span> <span class='ocrx_word' id='word_1_123' title='bbox 2391 410 2474 467; x_wconf 87' lang='lat' dir='ltr'><strong>vel</strong></span> <span class='ocrx_word' id='word_1_124' title='bbox 2507 413 2598 482; x_wconf 87' lang='lat' dir='ltr'><strong>qui</strong></span> <span class='ocrx_word' id='word_1_125' title='bbox 2637 417 2866 477; x_wconf 83' lang='lat' dir='ltr'><strong>declinat</strong></span> <span class='ocrx_word' id='word_1_126' title='bbox 2909 439 2942 479; x_wconf 92' lang='lat' dir='ltr'><strong>a</strong></span> <span class='ocrx_word' id='word_1_127' title='bbox 2983 425 3068 481; x_wconf 85' lang='lat' dir='ltr'><strong>via</strong></span> <span class='ocrx_word' id='word_1_128' title='bbox 3116 437 3262 485; x_wconf 88' lang='lat' dir='ltr'><strong>recta</strong></span> <span class='ocrx_word' id='word_1_129' title='bbox 3314 435 3549 502; x_wconf 88' lang='lat' dir='ltr'><strong>qualiter</strong></span> 
     </span>
    </p>
   </div>
   <div class='ocr_carea' id='block_1_20' title="bbox 1970 498 3541 598">
    <p class='ocr_par' dir='ltr' id='par_1_20' title="bbox 1970 498 3541 598">
     <span class='ocr_line' id='line_1_20' title="bbox 1970 498 3541 598; baseline 0.021 -47"><span class='ocrx_word' id='word_1_130' title='bbox 1970 498 2324 570; x_wconf 89' lang='lat' dir='ltr'><strong>corrigendus</strong></span> <span class='ocrx_word' id='word_1_131' title='bbox 2351 503 2439 557; x_wconf 88' lang='lat' dir='ltr'><strong>sit.</strong></span> <span class='ocrx_word' id='word_1_132' title='bbox 2481 504 2571 561; x_wconf 87' lang='lat' dir='ltr'><strong>Est</strong></span> <span class='ocrx_word' id='word_1_133' title='bbox 2609 510 2751 565; x_wconf 88' lang='lat' dir='ltr'><strong>enim</strong></span> <span class='ocrx_word' id='word_1_134' title='bbox 2780 514 3174 582; x_wconf 88' lang='lat' dir='ltr'><strong>quodammodo</strong></span> <span class='ocrx_word' id='word_1_135' title='bbox 3217 522 3302 577; x_wconf 80' lang='lat' dir='ltr'><strong>les</strong></span> <span class='ocrx_word' id='word_1_136' title='bbox 3331 498 3541 598; x_wconf 80' lang='lat' dir='ltr'><strong>legum,</strong></span> 
     </span>
    </p>
   </div>
   <div class='ocr_carea' id='block_1_21' title="bbox 1969 592 3546 686">
    <p class='ocr_par' dir='ltr' id='par_1_21' title="bbox 1969 592 3546 686">
     <span class='ocr_line' id='line_1_21' title="bbox 1969 592 3546 686; baseline 0.025 -41"><span class='ocrx_word' id='word_1_137' title='bbox 1969 592 2094 662; x_wconf 88' lang='lat' dir='ltr'><strong>quia</strong></span> <span class='ocrx_word' id='word_1_138' title='bbox 2122 609 2312 653; x_wconf 87' lang='lat' dir='ltr'><strong>omnes</strong></span> <span class='ocrx_word' id='word_1_139' title='bbox 2341 602 2654 668; x_wconf 83' lang='lat' dir='ltr'><strong>praeeminet</strong></span> <span class='ocrx_word' id='word_1_140' title='bbox 2691 606 2836 679; x_wconf 81' lang='lat' dir='ltr'><strong>leges</strong></span> <span class='ocrx_word' id='word_1_141' title='bbox 2876 625 2997 681; x_wconf 73' lang='lat' dir='ltr'><strong>qua:</strong></span> <span class='ocrx_word' id='word_1_142' title='bbox 3041 615 3279 676; x_wconf 90' lang='lat' dir='ltr'><strong>humano</strong></span> <span class='ocrx_word' id='word_1_143' title='bbox 3319 592 3546 686; x_wconf 73' lang='lat' dir='ltr'><strong>arbitrio</strong></span> 
     </span>
    </p>
   </div>
   <div class='ocr_carea' id='block_1_22' title="bbox 1970 686 2450 754">
    <p class='ocr_par' dir='ltr' id='par_1_22' title="bbox 1970 686 2450 754">
     <span class='ocr_line' id='line_1_22' title="bbox 1970 686 2450 754; baseline 0.017 -18"><span class='ocrx_word' id='word_1_144' title='bbox 1970 686 2281 754; x_wconf 68' lang='lat' dir='ltr'><strong>compositae</strong></span> <span class='ocrx_word' id='word_1_145' title='bbox 2307 698 2450 744; x_wconf 89' lang='lat' dir='ltr'><strong>sunt.</strong></span> 
     </span>
    </p>
   </div>
   <div class='ocr_carea' id='block_1_23' title="bbox 2038 769 3545 862">
    <p class='ocr_par' dir='ltr' id='par_1_23' title="bbox 2038 769 3545 862">
     <span class='ocr_line' id='line_1_23' title="bbox 2038 769 3545 862; baseline 0.024 -37"><span class='ocrx_word' id='word_1_146' title='bbox 2038 769 2167 828; x_wconf 87' lang='lat' dir='ltr'><strong>Post</strong></span> <span class='ocrx_word' id='word_1_147' title='bbox 2190 777 2549 846; x_wconf 77' lang='lat' dir='ltr'><strong>cognitionem</strong></span> <span class='ocrx_word' id='word_1_148' title='bbox 2584 783 2707 839; x_wconf 83' lang='lat' dir='ltr'><strong>ﬁdei</strong></span> <span class='ocrx_word' id='word_1_149' title='bbox 2731 789 3026 857; x_wconf 69' lang='lat' dir='ltr'><strong>canonicaa,</strong></span> <span class='ocrx_word' id='word_1_150' title='bbox 3055 794 3418 856; x_wconf 85' lang='lat' dir='ltr'><strong>adnotandum</strong></span> <span class='ocrx_word' id='word_1_151' title='bbox 3460 815 3545 862; x_wconf 90' lang='lat' dir='ltr'><strong>est</strong></span> 
     </span>
    </p>
   </div>
   <div class='ocr_carea' id='block_1_24' title="bbox 1967 863 3542 952">
    <p class='ocr_par' dir='ltr' id='par_1_24' title="bbox 1967 863 3542 952">
     <span class='ocr_line' id='line_1_24' title="bbox 1967 863 3542 952; baseline 0.023 -36"><span class='ocrx_word' id='word_1_152' title='bbox 1967 863 2200 932; x_wconf 86' lang='lat' dir='ltr'><strong>qualiter</strong></span> <span class='ocrx_word' id='word_1_153' title='bbox 2226 867 2359 924; x_wconf 90' lang='lat' dir='ltr'><strong>ﬁdes</strong></span> <span class='ocrx_word' id='word_1_154' title='bbox 2387 872 2648 928; x_wconf 89' lang='lat' dir='ltr'><strong>catholica</strong></span> <span class='ocrx_word' id='word_1_155' title='bbox 2681 886 2736 931; x_wconf 89' lang='lat' dir='ltr'><strong>et</strong></span> <span class='ocrx_word' id='word_1_156' title='bbox 2763 880 3016 937; x_wconf 85' lang='lat' dir='ltr'><strong>credatur</strong></span> <span class='ocrx_word' id='word_1_157' title='bbox 3043 893 3098 939; x_wconf 87' lang='lat' dir='ltr'><strong>et</strong></span> <span class='ocrx_word' id='word_1_158' title='bbox 3125 888 3440 947; x_wconf 89' lang='lat' dir='ltr'><strong>observetur</strong></span> <span class='ocrx_word' id='word_1_159' title='bbox 3473 896 3542 952; x_wconf 90' lang='lat' dir='ltr'><strong>ab</strong></span> 
     </span>
    </p>
   </div>
   <div class='ocr_carea' id='block_1_25' title="bbox 1965 958 3540 1054">
    <p class='ocr_par' dir='ltr' id='par_1_25' title="bbox 1965 958 3540 1054">
     <span class='ocr_line' id='line_1_25' title="bbox 1965 958 3540 1054; baseline 0.022 -46"><span class='ocrx_word' id='word_1_160' title='bbox 1965 958 2235 1024; x_wconf 84' lang='lat' dir='ltr'><strong>omnibus,</strong></span> <span class='ocrx_word' id='word_1_161' title='bbox 2281 960 2334 1014; x_wconf 92' lang='lat' dir='ltr'><strong>id</strong></span> <span class='ocrx_word' id='word_1_162' title='bbox 2376 971 2480 1028; x_wconf 88' lang='lat' dir='ltr'><strong>est,</strong></span> <span class='ocrx_word' id='word_1_163' title='bbox 2531 964 2768 1034; x_wconf 84' lang='lat' dir='ltr'><strong>Patrem,</strong></span> <span class='ocrx_word' id='word_1_164' title='bbox 2812 980 2868 1026; x_wconf 92' lang='lat' dir='ltr'><strong>et</strong></span> <span class='ocrx_word' id='word_1_165' title='bbox 2915 973 3131 1044; x_wconf 87' lang='lat' dir='ltr'><strong>Filium,</strong></span> <span class='ocrx_word' id='word_1_166' title='bbox 3174 988 3230 1034; x_wconf 89' lang='lat' dir='ltr'><strong>et</strong></span> <span class='ocrx_word' id='word_1_167' title='bbox 3279 981 3540 1054; x_wconf 88' lang='lat' dir='ltr'><strong>Spiritum</strong></span> 
     </span>
    </p>
   </div>
   <div class='ocr_carea' id='block_1_26' title="bbox 1964 1057 3545 1134">
    <p class='ocr_par' dir='ltr' id='par_1_26' title="bbox 1964 1057 3545 1134">
     <span class='ocr_line' id='line_1_26' title="bbox 1964 1057 3545 1134; baseline 0.022 -34"><span class='ocrx_word' id='word_1_168' title='bbox 1964 1057 2212 1104; x_wconf 87' lang='lat' dir='ltr'><strong>sanctum</strong></span> <span class='ocrx_word' id='word_1_169' title='bbox 2273 1059 2381 1108; x_wconf 91' lang='lat' dir='ltr'><strong>tres</strong></span> <span class='ocrx_word' id='word_1_170' title='bbox 2422 1071 2681 1124; x_wconf 89' lang='lat' dir='ltr'><strong>personas</strong></span> <span class='ocrx_word' id='word_1_171' title='bbox 2725 1063 3002 1132; x_wconf 73' lang='lat' dir='ltr'><strong>conﬁteri;</strong></span> <span class='ocrx_word' id='word_1_172' title='bbox 3037 1070 3132 1124; x_wconf 88' lang='lat' dir='ltr'><strong>sed</strong></span> <span class='ocrx_word' id='word_1_173' title='bbox 3179 1071 3414 1132; x_wconf 83' lang='lat' dir='ltr'><strong>Trinitas</strong></span> <span class='ocrx_word' id='word_1_174' title='bbox 3459 1087 3545 1134; x_wconf 89' lang='lat' dir='ltr'><strong>est</strong></span> 
     </span>
    </p>
   </div>
   <div class='ocr_carea' id='block_1_27' title="bbox 1963 1135 3543 1235">
    <p class='ocr_par' dir='ltr' id='par_1_27' title="bbox 1963 1135 3543 1235">
     <span class='ocr_line' id='line_1_27' title="bbox 1963 1135 3543 1235; baseline 0.023 -46"><span class='ocrx_word' id='word_1_175' title='bbox 1963 1135 2018 1190; x_wconf 89' lang='lat' dir='ltr'><strong>in</strong></span> <span class='ocrx_word' id='word_1_176' title='bbox 2041 1137 2315 1196; x_wconf 81' lang='lat' dir='ltr'><strong>vocabulis</strong></span> <span class='ocrx_word' id='word_1_177' title='bbox 2356 1157 2712 1212; x_wconf 88' lang='lat' dir='ltr'><strong>personarum</strong></span> <span class='ocrx_word' id='word_1_178' title='bbox 2736 1167 2750 1215; x_wconf 92' lang='lat'><strong>;</strong></span> <span class='ocrx_word' id='word_1_179' title='bbox 2799 1154 2978 1210; x_wconf 88' lang='lat' dir='ltr'><strong>unitas</strong></span> <span class='ocrx_word' id='word_1_180' title='bbox 3005 1173 3136 1215; x_wconf 87' lang='lat' dir='ltr'><strong>vero</strong></span> <span class='ocrx_word' id='word_1_181' title='bbox 3161 1176 3436 1235; x_wconf 85' lang='lat' dir='ltr'><strong>nunquam</strong></span> <span class='ocrx_word' id='word_1_182' title='bbox 3459 1184 3543 1225; x_wconf 80' lang='lat' dir='ltr'><strong>se-</strong></span> 
     </span>
    </p>
   </div>
   <div class='ocr_carea' id='block_1_28' title="bbox 1960 1232 3540 1327">
    <p class='ocr_par' dir='ltr' id='par_1_28' title="bbox 1960 1232 3540 1327">
     <span class='ocr_line' id='line_1_28' title="bbox 1960 1232 3540 1327; baseline 0.022 -46"><span class='ocrx_word' id='word_1_183' title='bbox 1960 1239 2184 1297; x_wconf 87' lang='lat' dir='ltr'><strong>paretur</strong></span> <span class='ocrx_word' id='word_1_184' title='bbox 2223 1247 2257 1286; x_wconf 54' lang='lat' dir='ltr'><strong>a.</strong></span> <span class='ocrx_word' id='word_1_185' title='bbox 2299 1232 2601 1304; x_wconf 86' lang='lat' dir='ltr'><strong>majestate,</strong></span> <span class='ocrx_word' id='word_1_186' title='bbox 2641 1239 2708 1294; x_wconf 91' lang='lat' dir='ltr'><strong>ab</strong></span> <span class='ocrx_word' id='word_1_187' title='bbox 2754 1247 2990 1300; x_wconf 87' lang='lat' dir='ltr'><strong>essentia</strong></span> <span class='ocrx_word' id='word_1_188' title='bbox 3019 1255 3075 1304; x_wconf 90' lang='lat' dir='ltr'><strong>et</strong></span> <span class='ocrx_word' id='word_1_189' title='bbox 3120 1250 3187 1306; x_wconf 91' lang='lat' dir='ltr'><strong>ab</strong></span> <span class='ocrx_word' id='word_1_190' title='bbox 3216 1232 3540 1327; x_wconf 80' lang='lat' dir='ltr'><strong>aeternitate,</strong></span> 
     </span>
    </p>
   </div>
   <div class='ocr_carea' id='block_1_29' title="bbox 1962 1319 3567 1441">
    <p class='ocr_par' dir='ltr' id='par_1_29' title="bbox 1962 1319 3567 1441">
     <span class='ocr_line' id='line_1_29' title="bbox 1962 1319 3567 1441; baseline 0.024 -68"><span class='ocrx_word' id='word_1_191' title='bbox 1962 1319 2228 1441; x_wconf 32' lang='lat' dir='ltr'><strong>itacutos&#39;it</strong></span> <span class='ocrx_word' id='word_1_192' title='bbox 2255 1327 2733 1388; x_wconf 88' lang='lat' dir='ltr'><strong>consubstantialis</strong></span> <span class='ocrx_word' id='word_1_193' title='bbox 2761 1334 2924 1391; x_wconf 82' lang='lat' dir='ltr'><strong>Pater</strong></span> <span class='ocrx_word' id='word_1_194' title='bbox 2949 1340 3214 1412; x_wconf 85' lang='lat' dir='ltr'><strong>videlicet,</strong></span> <span class='ocrx_word' id='word_1_195' title='bbox 3259 1358 3314 1403; x_wconf 90' lang='lat' dir='ltr'><strong>et</strong></span> <span class='ocrx_word' id='word_1_196' title='bbox 3350 1319 3567 1441; x_wconf 49' lang='lat' dir='ltr'><strong>Filium!</strong></span> 
     </span>
    </p>
   </div>
   <div class='ocr_carea' id='block_1_30' title="bbox 1960 1413 3533 1508">
    <p class='ocr_par' dir='ltr' id='par_1_30' title="bbox 1960 1413 3533 1508">
     <span class='ocr_line' id='line_1_30' title="bbox 1960 1413 3533 1508; baseline 0.022 -40"><span class='ocrx_word' id='word_1_197' title='bbox 1960 1421 2016 1468; x_wconf 91' lang='lat' dir='ltr'><strong>et</strong></span> <span class='ocrx_word' id='word_1_198' title='bbox 2047 1413 2279 1485; x_wconf 87' lang='lat' dir='ltr'><strong>Spiritus</strong></span> <span class='ocrx_word' id='word_1_199' title='bbox 2303 1428 2526 1476; x_wconf 87' lang='lat' dir='ltr'><strong>sanctus</strong></span> <span class='ocrx_word' id='word_1_200' title='bbox 2565 1431 2621 1478; x_wconf 89' lang='lat' dir='ltr'><strong>et</strong></span> <span class='ocrx_word' id='word_1_201' title='bbox 2667 1436 2991 1497; x_wconf 73' lang='lat' dir='ltr'><strong>comternus,</strong></span> <span class='ocrx_word' id='word_1_202' title='bbox 3029 1442 3084 1488; x_wconf 90' lang='lat' dir='ltr'><strong>et</strong></span> <span class='ocrx_word' id='word_1_203' title='bbox 3117 1450 3435 1508; x_wconf 85' lang='lat' dir='ltr'><strong>cooperator</strong></span> 
     </span>
    </p>
   </div>
   <div class='ocr_carea' id='block_1_31' title="bbox 1960 1506 3537 1604">
    <p class='ocr_par' dir='ltr' id='par_1_31' title="bbox 1960 1506 3537 1604">
     <span class='ocr_line' id='line_1_31' title="bbox 1960 1506 3537 1604; baseline 0.023 -47"><span class='ocrx_word' id='word_1_204' title='bbox 1960 1506 2192 1560; x_wconf 88' lang='lat' dir='ltr'><strong>eundum</strong></span> <span class='ocrx_word' id='word_1_205' title='bbox 2221 1508 2383 1604; x_wconf 83' lang='lat' dir='ltr'><strong>ﬁdem</strong></span> <span class='ocrx_word' id='word_1_206' title='bbox 2409 1527 2528 1604; x_wconf 69' lang='lat' dir='ltr'><strong>quae</strong></span> <span class='ocrx_word' id='word_1_207' title='bbox 2549 1517 2791 1585; x_wconf 82' lang='lat' dir='ltr'><strong>exposita</strong></span> <span class='ocrx_word' id='word_1_208' title='bbox 2825 1529 2909 1575; x_wconf 90' lang='lat' dir='ltr'><strong>est</strong></span> <span class='ocrx_word' id='word_1_209' title='bbox 2951 1523 3005 1577; x_wconf 88' lang='lat' dir='ltr'><strong>in</strong></span> <span class='ocrx_word' id='word_1_210' title='bbox 3035 1506 3253 1585; x_wconf 63' lang='lat' dir='ltr'><strong>Nicaeus</strong></span> <span class='ocrx_word' id='word_1_211' title='bbox 3282 1537 3489 1604; x_wconf 83' lang='lat' dir='ltr'><strong>synodo</strong></span> <span class='ocrx_word' id='word_1_212' title='bbox 3511 1555 3537 1594; x_wconf 87' lang='lat' dir='ltr'><strong>a</strong></span> 
     </span>
    </p>
   </div>
   <div class='ocr_carea' id='block_1_32' title="bbox 1957 1599 3542 1682">
    <p class='ocr_par' dir='ltr' id='par_1_32' title="bbox 1957 1599 3542 1682">
     <span class='ocr_line' id='line_1_32' title="bbox 1957 1599 3542 1682; baseline 0.021 -34"><span class='ocrx_word' id='word_1_213' title='bbox 1957 1609 2187 1650; x_wconf 80' lang='lat' dir='ltr'><strong>cccxvnt</strong></span> <span class='ocrx_word' id='word_1_214' title='bbox 2238 1599 2507 1671; x_wconf 84' lang='lat' dir='ltr'><strong>episcOpis</strong></span> <span class='ocrx_word' id='word_1_215' title='bbox 2554 1607 2892 1664; x_wconf 84' lang='lat' dir='ltr'><strong>constituens</strong></span> <span class='ocrx_word' id='word_1_216' title='bbox 2937 1611 3081 1670; x_wconf 88' lang='lat' dir='ltr'><strong>hunc</strong></span> <span class='ocrx_word' id='word_1_217' title='bbox 3128 1599 3346 1676; x_wconf 83' lang='lat' dir='ltr'><strong>modum</strong></span> <span class='ocrx_word' id='word_1_218' title='bbox 3373 1642 3386 1678; x_wconf 89' lang='lat'><strong>:</strong></span> <span class='ocrx_word' id='word_1_219' title='bbox 3417 1624 3542 1682; x_wconf 82' lang='lat' dir='ltr'><strong>Cre-</strong></span> 
     </span>
    </p>
   </div>
   <div class='ocr_carea' id='block_1_33' title="bbox 1958 1686 3538 1776">
    <p class='ocr_par' dir='ltr' id='par_1_33' title="bbox 1958 1686 3538 1776">
     <span class='ocr_line' id='line_1_33' title="bbox 1958 1686 3538 1776; baseline 0.022 -38"><span class='ocrx_word' id='word_1_220' title='bbox 1958 1686 2132 1741; x_wconf 79' lang='lat' dir='ltr'><strong>dimus</strong></span> <span class='ocrx_word' id='word_1_221' title='bbox 2156 1689 2210 1742; x_wconf 87' lang='lat' dir='ltr'><strong>in</strong></span> <span class='ocrx_word' id='word_1_222' title='bbox 2240 1707 2405 1744; x_wconf 81' lang='lat' dir='ltr'><strong>unum</strong></span> <span class='ocrx_word' id='word_1_223' title='bbox 2428 1692 2596 1748; x_wconf 83' lang='lat' dir='ltr'><strong>Deum</strong></span> <span class='ocrx_word' id='word_1_224' title='bbox 2622 1693 2835 1752; x_wconf 88' lang='lat' dir='ltr'><strong>Patrem</strong></span> <span class='ocrx_word' id='word_1_225' title='bbox 2861 1703 3284 1776; x_wconf 80' lang='lat' dir='ltr'><strong>omnipotentem,</strong></span> <span class='ocrx_word' id='word_1_226' title='bbox 3309 1715 3538 1772; x_wconf 77' lang='lat' dir='ltr'><strong>omnium</strong></span> 
     </span>
    </p>
   </div>
   <div class='ocr_carea' id='block_1_34' title="bbox 261 1763 3541 1872">
    <p class='ocr_par' dir='ltr' id='par_1_34' title="bbox 261 1763 3541 1872">
     <span class='ocr_line' id='line_1_34' title="bbox 261 1763 3541 1872; baseline 0.015 -59"><span class='ocrx_word' id='word_1_227' title='bbox 261 1772 452 1872; x_wconf 49' lang='lat' dir='ltr'><strong>cipue,</strong></span> <span class='ocrx_word' id='word_1_228' title='bbox 497 1763 549 1818; x_wconf 90' lang='lat' dir='ltr'><strong>id</strong></span> <span class='ocrx_word' id='word_1_229' title='bbox 586 1772 694 1831; x_wconf 89' lang='grc' dir='ltr'><em>εει,</em></span> <span class='ocrx_word' id='word_1_230' title='bbox 723 1776 978 1836; x_wconf 66' lang='lat' dir='ltr'><strong>receptae,</strong></span> <span class='ocrx_word' id='word_1_231' title='bbox 1022 1768 1316 1834; x_wconf 80' lang='lat' dir='ltr'><strong>medicinte,</strong></span> <span class='ocrx_word' id='word_1_232' title='bbox 1364 1769 1419 1824; x_wconf 89' lang='lat' dir='ltr'><strong>id</strong></span> <span class='ocrx_word' id='word_1_233' title='bbox 1463 1778 1566 1835; x_wconf 84' lang='grc' dir='ltr'><em>εει,</em></span> <span class='ocrx_word' id='word_1_234' title='bbox 1613 1771 1854 1826; x_wconf 82' lang='lat' dir='ltr'><strong>sanitati.</strong></span> <span class='ocrx_word' id='word_1_235' title='bbox 1884 1770 1933 1830; x_wconf 88' lang='lat' dir='ltr'><strong>B</strong></span> <span class='ocrx_word' id='word_1_236' title='bbox 1961 1779 2240 1836; x_wconf 72' lang='lat' dir='ltr'><strong>visibilium</strong></span> <span class='ocrx_word' id='word_1_237' title='bbox 2277 1793 2325 1838; x_wconf 85' lang='lat' dir='ltr'><strong>et</strong></span> <span class='ocrx_word' id='word_1_238' title='bbox 2366 1785 2724 1857; x_wconf 82' lang='lat' dir='ltr'><strong>invisibilium,</strong></span> <span class='ocrx_word' id='word_1_239' title='bbox 2760 1763 3014 1850; x_wconf 49' lang='lat' dir='ltr'><strong>’actorem&#39;</strong></span> <span class='ocrx_word' id='word_1_240' title='bbox 3039 1799 3157 1853; x_wconf 72' lang='lat' dir='ltr'><strong>caeli</strong></span> 
     </span>
    </p>
   </div>
   <div class='ocr_carea' id='block_1_35' title="bbox 260 1851 1856 1930">
    <p class='ocr_par' dir='ltr' id='par_1_35' title="bbox 260 1851 1856 1930">
     <span class='ocr_line' id='line_1_35' title="bbox 260 1851 1856 1930; baseline 0.006 -24"><span class='ocrx_word' id='word_1_241' title='bbox 260 1851 534 1908; x_wconf 73' lang='lat' dir='ltr'><strong>Exorciso</strong></span> <span class='ocrx_word' id='word_1_242' title='bbox 563 1864 636 1919; x_wconf 88' lang='lat' dir='ltr'><strong>te,</strong></span> <span class='ocrx_word' id='word_1_243' title='bbox 657 1856 711 1912; x_wconf 92' lang='lat' dir='ltr'><strong>id</strong></span> <span class='ocrx_word' id='word_1_244' title='bbox 748 1866 854 1924; x_wconf 91' lang='lat' dir='ltr'><strong>est,</strong></span> <span class='ocrx_word' id='word_1_245' title='bbox 897 1859 1120 1930; x_wconf 90' lang='lat' dir='ltr'><strong>increpo</strong></span> <span class='ocrx_word' id='word_1_246' title='bbox 1162 1867 1238 1926; x_wconf 88' lang='lat' dir='ltr'><strong>te,</strong></span> <span class='ocrx_word' id='word_1_247' title='bbox 1281 1859 1367 1915; x_wconf 89' lang='lat' dir='ltr'><strong>vel</strong></span> <span class='ocrx_word' id='word_1_248' title='bbox 1403 1860 1626 1930; x_wconf 88' lang='lat' dir='ltr'><strong>conjuro</strong></span> <span class='ocrx_word' id='word_1_249' title='bbox 1670 1869 1741 1926; x_wconf 90' lang='lat' dir='ltr'><strong>te,</strong></span> <span class='ocrx_word' id='word_1_250' title='bbox 1785 1862 1856 1916; x_wconf 86' lang='lat' dir='ltr'><strong>ad</strong></span> 
     </span>
    </p>
   </div>
   <div class='ocr_carea' id='block_1_36' title="bbox 260 1945 1850 2015">
    <p class='ocr_par' dir='ltr' id='par_1_36' title="bbox 260 1945 1850 2015">
     <span class='ocr_line' id='line_1_36' title="bbox 260 1945 1850 2015; baseline 0.006 -17"><span class='ocrx_word' id='word_1_251' title='bbox 260 1945 509 2012; x_wconf 76' lang='lat' dir='ltr'><strong>tutelam,</strong></span> <span class='ocrx_word' id='word_1_252' title='bbox 554 1947 609 2002; x_wconf 90' lang='lat' dir='ltr'><strong>id</strong></span> <span class='ocrx_word' id='word_1_253' title='bbox 647 1957 750 2015; x_wconf 89' lang='lat' dir='ltr'><strong>est,</strong></span> <span class='ocrx_word' id='word_1_254' title='bbox 794 1949 863 2004; x_wconf 90' lang='lat' dir='ltr'><strong>ad</strong></span> <span class='ocrx_word' id='word_1_255' title='bbox 906 1950 1275 2007; x_wconf 79' lang='lat' dir='ltr'><strong>defensionem</strong></span> <span class='ocrx_word' id='word_1_256' title='bbox 1307 1951 1392 2007; x_wconf 91' lang='lat' dir='ltr'><strong>vel</strong></span> <span class='ocrx_word' id='word_1_257' title='bbox 1431 1953 1497 2009; x_wconf 90' lang='lat' dir='ltr'><strong>ad</strong></span> <span class='ocrx_word' id='word_1_258' title='bbox 1543 1953 1850 2010; x_wconf 88' lang='lat' dir='ltr'><strong>sanitatem.</strong></span> 
     </span>
    </p>
   </div>
   <div class='ocr_carea' id='block_1_37' title="bbox 260 2032 1848 2111">
    <p class='ocr_par' dir='ltr' id='par_1_37' title="bbox 260 2032 1848 2111">
     <span class='ocr_line' id='line_1_37' title="bbox 260 2032 1848 2111; baseline 0.006 -24"><span class='ocrx_word' id='word_1_259' title='bbox 260 2032 362 2088; x_wconf 86' lang='lat' dir='ltr'><strong>Sal</strong></span> <span class='ocrx_word' id='word_1_260' title='bbox 398 2033 720 2092; x_wconf 86' lang='lat' dir='ltr'><strong>elementum</strong></span> <span class='ocrx_word' id='word_1_261' title='bbox 750 2047 855 2104; x_wconf 87' lang='lat' dir='ltr'><strong>est,</strong></span> <span class='ocrx_word' id='word_1_262' title='bbox 895 2045 950 2095; x_wconf 88' lang='lat' dir='ltr'><strong>et</strong></span> <span class='ocrx_word' id='word_1_263' title='bbox 989 2048 1276 2111; x_wconf 87' lang='lat' dir='ltr'><strong>postquam</strong></span> <span class='ocrx_word' id='word_1_264' title='bbox 1311 2040 1706 2097; x_wconf 86' lang='lat' dir='ltr'><strong>sanctiﬁcatum</strong></span> <span class='ocrx_word' id='word_1_265' title='bbox 1747 2050 1848 2110; x_wconf 89' lang='grc' dir='ltr'><em>εει,</em></span> 
     </span>
    </p>
   </div>
   <div class='ocr_carea' id='block_1_38' title="bbox 255 2125 1850 2204">
    <p class='ocr_par' dir='ltr' id='par_1_38' title="bbox 255 2125 1850 2204">
     <span class='ocr_line' id='line_1_38' title="bbox 255 2125 1850 2204; baseline 0.006 -23"><span class='ocrx_word' id='word_1_266' title='bbox 255 2125 333 2182; x_wconf 80' lang='lat' dir='ltr'><strong>ﬁt</strong></span> <span class='ocrx_word' id='word_1_267' title='bbox 355 2139 776 2197; x_wconf 86' lang='lat' dir='ltr'><strong>sacramentum,</strong></span> <span class='ocrx_word' id='word_1_268' title='bbox 803 2133 859 2187; x_wconf 86' lang='lat' dir='ltr'><strong>in</strong></span> <span class='ocrx_word' id='word_1_269' title='bbox 892 2133 1102 2187; x_wconf 77' lang='lat' dir='ltr'><strong>nomine</strong></span> <span class='ocrx_word' id='word_1_270' title='bbox 1131 2133 1229 2188; x_wconf 88' lang='lat' dir='ltr'><strong>Dei</strong></span> <span class='ocrx_word' id='word_1_271' title='bbox 1253 2132 1434 2188; x_wconf 82' lang='lat' dir='ltr'><strong>Patris</strong></span> <span class='ocrx_word' id='word_1_272' title='bbox 1460 2135 1850 2204; x_wconf 68' lang='lat' dir='ltr'><strong>omnipotentis,</strong></span> 
     </span>
    </p>
   </div>
   <div class='ocr_carea' id='block_1_39' title="bbox 254 2216 1850 2288">
    <p class='ocr_par' dir='ltr' id='par_1_39' title="bbox 254 2216 1850 2288">
     <span class='ocr_line' id='line_1_39' title="bbox 254 2216 1850 2288; baseline 0.005 -18"><span class='ocrx_word' id='word_1_273' title='bbox 254 2216 320 2270; x_wconf 81' lang='lat' dir='ltr'><strong>id</strong></span> <span class='ocrx_word' id='word_1_274' title='bbox 350 2225 454 2283; x_wconf 90' lang='lat' dir='ltr'><strong>est,</strong></span> <span class='ocrx_word' id='word_1_275' title='bbox 475 2234 574 2288; x_wconf 88' lang='lat' dir='ltr'><strong>per</strong></span> <span class='ocrx_word' id='word_1_276' title='bbox 595 2218 834 2286; x_wconf 86' lang='lat' dir='ltr'><strong>Patrem,</strong></span> <span class='ocrx_word' id='word_1_277' title='bbox 861 2231 910 2275; x_wconf 86' lang='lat' dir='ltr'><strong>et</strong></span> <span class='ocrx_word' id='word_1_278' title='bbox 931 2221 988 2277; x_wconf 84' lang='lat' dir='ltr'><strong>in</strong></span> <span class='ocrx_word' id='word_1_279' title='bbox 1013 2222 1270 2277; x_wconf 76' lang='lat' dir='ltr'><strong>charitate</strong></span> <span class='ocrx_word' id='word_1_280' title='bbox 1293 2221 1506 2277; x_wconf 80' lang='lat' dir='ltr'><strong>Domini</strong></span> <span class='ocrx_word' id='word_1_281' title='bbox 1532 2224 1700 2277; x_wconf 89' lang='lat' dir='ltr'><strong>nostri</strong></span> <span class='ocrx_word' id='word_1_282' title='bbox 1720 2223 1850 2278; x_wconf 82' lang='lat' dir='ltr'><strong>Jestt</strong></span> 
     </span>
    </p>
   </div>
   <div class='ocr_carea' id='block_1_40' title="bbox 252 2305 1846 2384">
    <p class='ocr_par' dir='ltr' id='par_1_40' title="bbox 252 2305 1846 2384">
     <span class='ocr_line' id='line_1_40' title="bbox 252 2305 1846 2384; baseline 0.004 -24"><span class='ocrx_word' id='word_1_283' title='bbox 252 2305 478 2374; x_wconf 82' lang='lat' dir='ltr'><strong>Christi,</strong></span> <span class='ocrx_word' id='word_1_284' title='bbox 507 2309 679 2376; x_wconf 89' lang='lat' dir='ltr'><strong>idest,</strong></span> <span class='ocrx_word' id='word_1_285' title='bbox 696 2324 794 2382; x_wconf 89' lang='lat' dir='ltr'><strong>per</strong></span> <span class='ocrx_word' id='word_1_286' title='bbox 809 2311 1023 2379; x_wconf 84' lang='lat' dir='ltr'><strong>Filium,</strong></span> <span class='ocrx_word' id='word_1_287' title='bbox 1041 2322 1090 2367; x_wconf 86' lang='lat' dir='ltr'><strong>et</strong></span> <span class='ocrx_word' id='word_1_288' title='bbox 1110 2313 1166 2366; x_wconf 87' lang='lat' dir='ltr'><strong>in</strong></span> <span class='ocrx_word' id='word_1_289' title='bbox 1189 2313 1376 2368; x_wconf 77' lang='lat' dir='ltr'><strong>uirtute</strong></span> <span class='ocrx_word' id='word_1_290' title='bbox 1401 2310 1630 2384; x_wconf 82' lang='lat' dir='ltr'><strong>Spiritus</strong></span> <span class='ocrx_word' id='word_1_291' title='bbox 1656 2314 1846 2380; x_wconf 79' lang='lat' dir='ltr'><strong>sancti,</strong></span> 
     </span>
    </p>
   </div>
   <div class='ocr_carea' id='block_1_41' title="bbox 251 2398 1849 2474">
    <p class='ocr_par' dir='ltr' id='par_1_41' title="bbox 251 2398 1849 2474">
     <span class='ocr_line' id='line_1_41' title="bbox 251 2398 1849 2474; baseline 0.003 -22"><span class='ocrx_word' id='word_1_292' title='bbox 251 2398 314 2452; x_wconf 79' lang='lat' dir='ltr'><strong>id</strong></span> <span class='ocrx_word' id='word_1_293' title='bbox 333 2408 436 2464; x_wconf 88' lang='lat' dir='ltr'><strong>est,</strong></span> <span class='ocrx_word' id='word_1_294' title='bbox 456 2399 525 2454; x_wconf 91' lang='lat' dir='ltr'><strong>ad</strong></span> <span class='ocrx_word' id='word_1_295' title='bbox 545 2401 1006 2472; x_wconf 86' lang='lat' dir='ltr'><strong>comparationem</strong></span> <span class='ocrx_word' id='word_1_296' title='bbox 1030 2401 1254 2457; x_wconf 90' lang='lat' dir='ltr'><strong>deorum</strong></span> <span class='ocrx_word' id='word_1_297' title='bbox 1280 2411 1614 2458; x_wconf 90' lang='lat' dir='ltr'><strong>mortuorum</strong></span> <span class='ocrx_word' id='word_1_298' title='bbox 1640 2419 1655 2469; x_wconf 92' lang='lat'><strong>;</strong></span> <span class='ocrx_word' id='word_1_299' title='bbox 1687 2413 1734 2457; x_wconf 82' lang='lat' dir='ltr'><strong>et</strong></span> <span class='ocrx_word' id='word_1_300' title='bbox 1755 2419 1849 2474; x_wconf 86' lang='lat' dir='ltr'><strong>per</strong></span> 
     </span>
    </p>
   </div>
   <div class='ocr_carea' id='block_1_42' title="bbox 248 2492 1734 2567">
    <p class='ocr_par' dir='ltr' id='par_1_42' title="bbox 248 2492 1734 2567">
     <span class='ocr_line' id='line_1_42' title="bbox 248 2492 1734 2567; baseline 0.003 -21"><span class='ocrx_word' id='word_1_301' title='bbox 248 2492 430 2547; x_wconf 75' lang='lat' dir='ltr'><strong>Deum</strong></span> <span class='ocrx_word' id='word_1_302' title='bbox 453 2511 650 2562; x_wconf 78' lang='lat' dir='ltr'><strong>verum,</strong></span> <span class='ocrx_word' id='word_1_303' title='bbox 675 2495 729 2552; x_wconf 94' lang='lat' dir='ltr'><strong>id</strong></span> <span class='ocrx_word' id='word_1_304' title='bbox 747 2503 853 2562; x_wconf 88' lang='lat' dir='ltr'><strong>est,</strong></span> <span class='ocrx_word' id='word_1_305' title='bbox 877 2496 944 2552; x_wconf 91' lang='lat' dir='ltr'><strong>ad</strong></span> <span class='ocrx_word' id='word_1_306' title='bbox 976 2495 1432 2567; x_wconf 86' lang='lat' dir='ltr'><strong>comparationem</strong></span> <span class='ocrx_word' id='word_1_307' title='bbox 1455 2495 1734 2553; x_wconf 83' lang='lat' dir='ltr'><strong>falsorum.</strong></span> 
     </span>
    </p>
   </div>
   <div class='ocr_carea' id='block_1_43' title="bbox 333 2586 1845 2659">
    <p class='ocr_par' dir='ltr' id='par_1_43' title="bbox 333 2586 1845 2659">
     <span class='ocr_line' id='line_1_43' title="bbox 333 2586 1845 2659; baseline 0.003 -18"><span class='ocrx_word' id='word_1_308' title='bbox 333 2599 360 2627; x_wconf 73' lang='grc' dir='ltr'>ι</span> <span class='ocrx_word' id='word_1_309' title='bbox 404 2586 587 2643; x_wconf 89' lang='lat' dir='ltr'><strong>Prima</strong></span> <span class='ocrx_word' id='word_1_310' title='bbox 639 2589 784 2646; x_wconf 90' lang='lat' dir='ltr'><strong>enim</strong></span> <span class='ocrx_word' id='word_1_311' title='bbox 836 2588 1185 2645; x_wconf 89' lang='lat' dir='ltr'><strong>adnotatione</strong></span> <span class='ocrx_word' id='word_1_312' title='bbox 1228 2599 1585 2659; x_wconf 89' lang='lat' dir='ltr'><strong>percunctare</strong></span> <span class='ocrx_word' id='word_1_313' title='bbox 1629 2589 1845 2646; x_wconf 87' lang='lat' dir='ltr'><strong>curavi-</strong></span> 
     </span>
    </p>
   </div>
   <div class='ocr_carea' id='block_1_44' title="bbox 248 2681 1846 2753">
    <p class='ocr_par' dir='ltr' id='par_1_44' title="bbox 248 2681 1846 2753">
     <span class='ocr_line' id='line_1_44' title="bbox 248 2681 1846 2753; baseline 0.003 -17"><span class='ocrx_word' id='word_1_314' title='bbox 248 2695 413 2746; x_wconf 87' lang='lat' dir='ltr'><strong>mus,</strong></span> <span class='ocrx_word' id='word_1_315' title='bbox 449 2681 578 2751; x_wconf 87' lang='lat' dir='ltr'><strong>quid</strong></span> <span class='ocrx_word' id='word_1_316' title='bbox 627 2681 699 2736; x_wconf 89' lang='lat' dir='ltr'><strong>sit</strong></span> <span class='ocrx_word' id='word_1_317' title='bbox 735 2697 928 2746; x_wconf 89' lang='lat' dir='ltr'><strong>canon,</strong></span> <span class='ocrx_word' id='word_1_318' title='bbox 961 2681 1049 2738; x_wconf 89' lang='lat' dir='ltr'><strong>vel</strong></span> <span class='ocrx_word' id='word_1_319' title='bbox 1096 2683 1226 2753; x_wconf 90' lang='lat' dir='ltr'><strong>quid</strong></span> <span class='ocrx_word' id='word_1_320' title='bbox 1272 2685 1616 2739; x_wconf 85' lang='lat' dir='ltr'><strong>contineatur</strong></span> <span class='ocrx_word' id='word_1_321' title='bbox 1662 2683 1718 2739; x_wconf 89' lang='lat' dir='ltr'><strong>in</strong></span> <span class='ocrx_word' id='word_1_322' title='bbox 1759 2699 1846 2739; x_wconf 87' lang='lat' dir='ltr'><strong>ca-</strong></span> 
     </span>
    </p>
   </div>
   <div class='ocr_carea' id='block_1_45' title="bbox 246 2771 1842 2845">
    <p class='ocr_par' dir='ltr' id='par_1_45' title="bbox 246 2771 1842 2845">
     <span class='ocr_line' id='line_1_45' title="bbox 246 2771 1842 2845; baseline 0.002 -20"><span class='ocrx_word' id='word_1_323' title='bbox 246 2772 434 2826; x_wconf 81' lang='lat' dir='ltr'><strong>none?</strong></span> <span class='ocrx_word' id='word_1_324' title='bbox 479 2771 665 2827; x_wconf 73' lang='lat' dir='ltr'><strong>Cantia</strong></span> <span class='ocrx_word' id='word_1_325' title='bbox 714 2780 897 2828; x_wconf 87' lang='lat' dir='ltr'><strong>autem</strong></span> <span class='ocrx_word' id='word_1_326' title='bbox 941 2771 1147 2837; x_wconf 55' lang='lat' dir='ltr'><strong>Graece,</strong></span> <span class='ocrx_word' id='word_1_327' title='bbox 1181 2771 1370 2829; x_wconf 85' lang='lat' dir='ltr'><strong>Latine</strong></span> <span class='ocrx_word' id='word_1_328' title='bbox 1418 2773 1602 2845; x_wconf 83' lang='lat' dir='ltr'><strong>regula</strong></span> <span class='ocrx_word' id='word_1_329' title='bbox 1637 2790 1842 2830; x_wconf 87' lang='lat' dir='ltr'><strong>nuncu-</strong></span> 
     </span>
    </p>
   </div>
   <div class='ocr_carea' id='block_1_46' title="bbox 245 2865 1842 2936">
    <p class='ocr_par' dir='ltr' id='par_1_46' title="bbox 245 2865 1842 2936">
     <span class='ocr_line' id='line_1_46' title="bbox 245 2865 1842 2936; baseline 0.003 -18"><span class='ocrx_word' id='word_1_330' title='bbox 245 2873 419 2936; x_wconf 85' lang='lat' dir='ltr'><strong>patur</strong></span> <span class='ocrx_word' id='word_1_331' title='bbox 445 2883 458 2918; x_wconf 88' lang='lat'>:</span> <span class='ocrx_word' id='word_1_332' title='bbox 492 2865 675 2936; x_wconf 87' lang='lat' dir='ltr'><strong>regula</strong></span> <span class='ocrx_word' id='word_1_333' title='bbox 707 2873 888 2921; x_wconf 87' lang='lat' dir='ltr'><strong>autem</strong></span> <span class='ocrx_word' id='word_1_334' title='bbox 919 2865 1060 2921; x_wconf 88' lang='lat' dir='ltr'><strong>dicta</strong></span> <span class='ocrx_word' id='word_1_335' title='bbox 1098 2881 1164 2922; x_wconf 88' lang='lat' dir='ltr'><strong>eo</strong></span> <span class='ocrx_word' id='word_1_336' title='bbox 1194 2867 1338 2936; x_wconf 90' lang='lat' dir='ltr'><strong>quod</strong></span> <span class='ocrx_word' id='word_1_337' title='bbox 1373 2875 1522 2923; x_wconf 89' lang='lat' dir='ltr'><strong>recte</strong></span> <span class='ocrx_word' id='word_1_338' title='bbox 1545 2868 1713 2933; x_wconf 89' lang='lat' dir='ltr'><strong>ducit,</strong></span> <span class='ocrx_word' id='word_1_339' title='bbox 1741 2882 1842 2923; x_wconf 93' lang='lat' dir='ltr'><strong>nec</strong></span> 
     </span>
    </p>
   </div>
   <div class='ocr_carea' id='block_1_47' title="bbox 244 2955 1840 3028">
    <p class='ocr_par' dir='ltr' id='par_1_47' title="bbox 244 2955 1840 3028">
     <span class='ocr_line' id='line_1_47' title="bbox 244 2955 1840 3028; baseline 0.002 -17"><span class='ocrx_word' id='word_1_340' title='bbox 244 2955 544 3026; x_wconf 87' lang='lat' dir='ltr'><strong>aliquando</strong></span> <span class='ocrx_word' id='word_1_341' title='bbox 589 2957 707 3012; x_wconf 89' lang='lat' dir='ltr'><strong>sine</strong></span> <span class='ocrx_word' id='word_1_342' title='bbox 750 2955 1074 3013; x_wconf 90' lang='lat' dir='ltr'><strong>rectitudine</strong></span> <span class='ocrx_word' id='word_1_343' title='bbox 1119 2963 1247 3013; x_wconf 87' lang='lat' dir='ltr'><strong>stat.</strong></span> <span class='ocrx_word' id='word_1_344' title='bbox 1297 2957 1544 3014; x_wconf 89' lang='lat' dir='ltr'><strong>Canones</strong></span> <span class='ocrx_word' id='word_1_345' title='bbox 1590 2967 1840 3028; x_wconf 87' lang='lat' dir='ltr'><strong>tempore</strong></span> 
     </span>
    </p>
   </div>
   <div class='ocr_carea' id='block_1_48' title="bbox 241 3047 1880 3121">
    <p class='ocr_par' dir='ltr' id='par_1_48' title="bbox 241 3047 1880 3121">
     <span class='ocr_line' id='line_1_48' title="bbox 241 3047 1880 3121; baseline 0.002 -19"><span class='ocrx_word' id='word_1_346' title='bbox 241 3047 596 3104; x_wconf 87' lang='lat' dir='ltr'><strong>Constantini</strong></span> <span class='ocrx_word' id='word_1_347' title='bbox 626 3049 971 3120; x_wconf 85' lang='lat' dir='ltr'><strong>imperatoris</strong></span> <span class='ocrx_word' id='word_1_348' title='bbox 994 3050 1273 3106; x_wconf 81' lang='lat' dir='ltr'><strong>exordium</strong></span> <span class='ocrx_word' id='word_1_349' title='bbox 1305 3050 1505 3106; x_wconf 90' lang='lat' dir='ltr'><strong>habere</strong></span> <span class='ocrx_word' id='word_1_350' title='bbox 1529 3061 1836 3121; x_wconf 76' lang='lat' dir='ltr'><strong>cmperunt,</strong></span> <span class='ocrx_word' id='word_1_351' title='bbox 1876 3111 1880 3115; x_wconf 91' lang='lat'><strong><em>_</em></strong></span> 
     </span>
    </p>
   </div>
   <div class='ocr_carea' id='block_1_49' title="bbox 1956 1869 3540 1964">
    <p class='ocr_par' dir='ltr' id='par_1_49' title="bbox 1956 1869 3540 1964">
     <span class='ocr_line' id='line_1_49' title="bbox 1956 1869 3540 1964; baseline 0.02 -42"><span class='ocrx_word' id='word_1_352' title='bbox 1956 1869 2195 1964; x_wconf 75' lang='lat' dir='ltr'><strong>reliqua;</strong></span> <span class='ocrx_word' id='word_1_353' title='bbox 2231 1872 2392 1929; x_wconf 90' lang='lat' dir='ltr'><strong>ﬁdem</strong></span> <span class='ocrx_word' id='word_1_354' title='bbox 2437 1877 2600 1932; x_wconf 89' lang='lat' dir='ltr'><strong>etiam</strong></span> <span class='ocrx_word' id='word_1_355' title='bbox 2648 1881 2821 1936; x_wconf 86' lang='lat' dir='ltr'><strong>sancti</strong></span> <span class='ocrx_word' id='word_1_356' title='bbox 2869 1883 3149 1943; x_wconf 86' lang='lat' dir='ltr'><strong>Athanasii</strong></span> <span class='ocrx_word' id='word_1_357' title='bbox 3194 1869 3449 1964; x_wconf 74' lang='lat' dir='ltr'><strong>episcopi</strong></span> <span class='ocrx_word' id='word_1_358' title='bbox 3484 1897 3540 1953; x_wconf 90' lang='lat' dir='ltr'><strong>in</strong></span> 
     </span>
    </p>
   </div>
   <div class='ocr_carea' id='block_1_50' title="bbox 1953 1959 3531 2053">
    <p class='ocr_par' dir='ltr' id='par_1_50' title="bbox 1953 1959 3531 2053">
     <span class='ocr_line' id='line_1_50' title="bbox 1953 1959 3531 2053; baseline 0.017 -39"><span class='ocrx_word' id='word_1_359' title='bbox 1953 1959 2057 2016; x_wconf 89' lang='lat' dir='ltr'><strong>hoc</strong></span> <span class='ocrx_word' id='word_1_360' title='bbox 2099 1977 2263 2032; x_wconf 87' lang='lat' dir='ltr'><strong>opere</strong></span> <span class='ocrx_word' id='word_1_361' title='bbox 2311 1965 2622 2024; x_wconf 90' lang='lat' dir='ltr'><strong>censuimus</strong></span> <span class='ocrx_word' id='word_1_362' title='bbox 2665 1970 3088 2043; x_wconf 83' lang='lat' dir='ltr'><strong>observandam,</strong></span> <span class='ocrx_word' id='word_1_363' title='bbox 3127 1986 3184 2034; x_wconf 92' lang='lat' dir='ltr'><strong>et</strong></span> <span class='ocrx_word' id='word_1_364' title='bbox 3221 1959 3531 2053; x_wconf 74' lang='lat' dir='ltr'><strong>Symbolum</strong></span> 
     </span>
    </p>
   </div>
   <div class='ocr_carea' id='block_1_51' title="bbox 1952 2053 3537 2140">
    <p class='ocr_par' dir='ltr' id='par_1_51' title="bbox 1952 2053 3537 2140">
     <span class='ocr_line' id='line_1_51' title="bbox 1952 2053 3537 2140; baseline 0.02 -36"><span class='ocrx_word' id='word_1_365' title='bbox 1952 2053 2321 2122; x_wconf 88' lang='lat' dir='ltr'><strong>apostolorum</strong></span> <span class='ocrx_word' id='word_1_366' title='bbox 2383 2072 2507 2112; x_wconf 91' lang='lat' dir='ltr'><strong>cum</strong></span> <span class='ocrx_word' id='word_1_367' title='bbox 2562 2061 2944 2121; x_wconf 89' lang='lat' dir='ltr'><strong>traditionibus</strong></span> <span class='ocrx_word' id='word_1_368' title='bbox 3001 2075 3058 2122; x_wconf 88' lang='lat' dir='ltr'><strong>et</strong></span> <span class='ocrx_word' id='word_1_369' title='bbox 3109 2073 3537 2140; x_wconf 79' lang='lat' dir='ltr'><strong>expositionibus</strong></span> 
     </span>
    </p>
   </div>
   <div class='ocr_carea' id='block_1_52' title="bbox 1950 2145 3390 2221">
    <p class='ocr_par' dir='ltr' id='par_1_52' title="bbox 1950 2145 3390 2221">
     <span class='ocr_line' id='line_1_52' title="bbox 1950 2145 3390 2221; baseline 0.016 -23"><span class='ocrx_word' id='word_1_370' title='bbox 1950 2153 2262 2202; x_wconf 85' lang='lat' dir='ltr'><strong>sanctorum</strong></span> <span class='ocrx_word' id='word_1_371' title='bbox 2293 2145 2512 2204; x_wconf 85' lang='lat' dir='ltr'><strong>Patrum</strong></span> <span class='ocrx_word' id='word_1_372' title='bbox 2538 2151 2593 2205; x_wconf 92' lang='lat' dir='ltr'><strong>in</strong></span> <span class='ocrx_word' id='word_1_373' title='bbox 2621 2152 2705 2207; x_wconf 90' lang='lat' dir='ltr'><strong>his</strong></span> <span class='ocrx_word' id='word_1_374' title='bbox 2733 2157 3074 2214; x_wconf 90' lang='lat' dir='ltr'><strong>sermonibus</strong></span> <span class='ocrx_word' id='word_1_375' title='bbox 3099 2163 3390 2221; x_wconf 90' lang='lat' dir='ltr'><strong>adnotatis.</strong></span> 
     </span>
    </p>
   </div>
   <div class='ocr_carea' id='block_1_53' title="bbox 2019 2225 3535 2314">
    <p class='ocr_par' dir='ltr' id='par_1_53' title="bbox 2019 2225 3535 2314">
     <span class='ocr_line' id='line_1_53' title="bbox 2019 2225 3535 2314; baseline 0.018 -26"><span class='ocrx_word' id='word_1_376' title='bbox 2019 2233 2150 2306; x_wconf 81' lang='lat' dir='ltr'><strong>Cap.</strong></span> <span class='ocrx_word' id='word_1_377' title='bbox 2181 2236 2222 2290; x_wconf 88' lang='grc' dir='ltr'><strong>Ι.</strong></span> <span class='ocrx_word' id='word_1_378' title='bbox 2263 2225 2448 2294; x_wconf 81' lang='lat' dir='ltr'><strong>Primo</strong></span> <span class='ocrx_word' id='word_1_379' title='bbox 2483 2241 2725 2297; x_wconf 91' lang='lat' dir='ltr'><strong>omnium</strong></span> <span class='ocrx_word' id='word_1_380' title='bbox 2761 2247 3083 2304; x_wconf 89' lang='lat' dir='ltr'><strong>admonendi</strong></span> <span class='ocrx_word' id='word_1_381' title='bbox 3117 2262 3243 2307; x_wconf 89' lang='lat' dir='ltr'><strong>sunt</strong></span> <span class='ocrx_word' id='word_1_382' title='bbox 3269 2253 3336 2310; x_wconf 91' lang='lat' dir='ltr'><strong>de</strong></span> <span class='ocrx_word' id='word_1_383' title='bbox 3369 2257 3535 2314; x_wconf 84' lang='lat' dir='ltr'><strong>recti-</strong></span> 
     </span>
    </p>
   </div>
   <div class='ocr_carea' id='block_1_54' title="bbox 1948 2326 3522 2411">
    <p class='ocr_par' dir='ltr' id='par_1_54' title="bbox 1948 2326 3522 2411">
     <span class='ocr_line' id='line_1_54' title="bbox 1948 2326 3522 2411; baseline 0.015 -31"><span class='ocrx_word' id='word_1_384' title='bbox 1948 2326 2135 2383; x_wconf 86' lang='lat' dir='ltr'><strong>tudine</strong></span> <span class='ocrx_word' id='word_1_385' title='bbox 2163 2328 2288 2385; x_wconf 90' lang='lat' dir='ltr'><strong>ﬁdei</strong></span> <span class='ocrx_word' id='word_1_386' title='bbox 2330 2345 2464 2397; x_wconf 58' lang='lat' dir='ltr'><strong>suae,</strong></span> <span class='ocrx_word' id='word_1_387' title='bbox 2508 2340 2568 2386; x_wconf 92' lang='lat' dir='ltr'><strong>ut</strong></span> <span class='ocrx_word' id='word_1_388' title='bbox 2611 2348 2731 2390; x_wconf 90' lang='lat' dir='ltr'><strong>eam</strong></span> <span class='ocrx_word' id='word_1_389' title='bbox 2778 2345 2831 2391; x_wconf 91' lang='lat' dir='ltr'><strong>et</strong></span> <span class='ocrx_word' id='word_1_390' title='bbox 2879 2337 2984 2408; x_wconf 86' lang='lat' dir='ltr'><strong>ipsi</strong></span> <span class='ocrx_word' id='word_1_391' title='bbox 3022 2349 3260 2411; x_wconf 84' lang='lat' dir='ltr'><strong>teneant,</strong></span> <span class='ocrx_word' id='word_1_392' title='bbox 3297 2355 3349 2402; x_wconf 91' lang='lat' dir='ltr'><strong>et</strong></span> <span class='ocrx_word' id='word_1_393' title='bbox 3377 2347 3522 2404; x_wconf 83' lang='lat' dir='ltr'><strong>intel-</strong></span> 
     </span>
    </p>
   </div>
   <div class='ocr_carea' id='block_1_55' title="bbox 1947 2415 3520 2496">
    <p class='ocr_par' dir='ltr' id='par_1_55' title="bbox 1947 2415 3520 2496">
     <span class='ocr_line' id='line_1_55' title="bbox 1947 2415 3520 2496; baseline 0.015 -25"><span class='ocrx_word' id='word_1_394' title='bbox 1947 2415 2137 2488; x_wconf 89' lang='lat' dir='ltr'><strong>ligant,</strong></span> <span class='ocrx_word' id='word_1_395' title='bbox 2183 2427 2239 2474; x_wconf 92' lang='lat' dir='ltr'><strong>et</strong></span> <span class='ocrx_word' id='word_1_396' title='bbox 2280 2421 2381 2476; x_wconf 89' lang='lat' dir='ltr'><strong>sibi</strong></span> <span class='ocrx_word' id='word_1_397' title='bbox 2429 2421 2686 2494; x_wconf 84' lang='lat' dir='ltr'><strong>subjectis</strong></span> <span class='ocrx_word' id='word_1_398' title='bbox 2713 2427 2948 2496; x_wconf 87' lang='lat' dir='ltr'><strong>populis,</strong></span> <span class='ocrx_word' id='word_1_399' title='bbox 2991 2430 3114 2486; x_wconf 88' lang='lat' dir='ltr'><strong>vivo</strong></span> <span class='ocrx_word' id='word_1_400' title='bbox 3151 2449 3401 2492; x_wconf 87' lang='lat' dir='ltr'><strong>sermone</strong></span> <span class='ocrx_word' id='word_1_401' title='bbox 3432 2454 3520 2494; x_wconf 88' lang='lat' dir='ltr'><strong>an-</strong></span> 
     </span>
    </p>
   </div>
   <div class='ocr_carea' id='block_1_56' title="bbox 1943 2513 3528 2592">
    <p class='ocr_par' dir='ltr' id='par_1_56' title="bbox 1943 2513 3528 2592">
     <span class='ocr_line' id='line_1_56' title="bbox 1943 2513 3528 2592; baseline 0.013 -26"><span class='ocrx_word' id='word_1_402' title='bbox 1943 2513 2216 2576; x_wconf 88' lang='lat' dir='ltr'><strong>nuntient,</strong></span> <span class='ocrx_word' id='word_1_403' title='bbox 2270 2524 2328 2570; x_wconf 89' lang='lat' dir='ltr'><strong>et</strong></span> <span class='ocrx_word' id='word_1_404' title='bbox 2374 2518 2746 2589; x_wconf 88' lang='lat' dir='ltr'><strong>unusquisque</strong></span> <span class='ocrx_word' id='word_1_405' title='bbox 2789 2536 2902 2586; x_wconf 90' lang='lat' dir='ltr'><strong>eos,</strong></span> <span class='ocrx_word' id='word_1_406' title='bbox 2938 2538 3075 2592; x_wconf 86' lang='lat' dir='ltr'><strong>quos</strong></span> <span class='ocrx_word' id='word_1_407' title='bbox 3116 2525 3278 2582; x_wconf 87' lang='lat' dir='ltr'><strong>habet</strong></span> <span class='ocrx_word' id='word_1_408' title='bbox 3322 2530 3376 2584; x_wconf 89' lang='lat' dir='ltr'><strong>in</strong></span> <span class='ocrx_word' id='word_1_409' title='bbox 3430 2547 3528 2587; x_wconf 88' lang='lat' dir='ltr'><strong>suo</strong></span> 
     </span>
    </p>
   </div>
   <div class='ocr_carea' id='block_1_57' title="bbox 1941 2602 3523 2680">
    <p class='ocr_par' dir='ltr' id='par_1_57' title="bbox 1941 2602 3523 2680">
     <span class='ocr_line' id='line_1_57' title="bbox 1941 2602 3523 2680; baseline 0.013 -23"><span class='ocrx_word' id='word_1_410' title='bbox 1941 2602 2246 2660; x_wconf 86' lang='lat' dir='ltr'><strong>ministerio</strong></span> <span class='ocrx_word' id='word_1_411' title='bbox 2289 2616 2606 2678; x_wconf 77' lang='lat' dir='ltr'><strong>cognoscat,</strong></span> <span class='ocrx_word' id='word_1_412' title='bbox 2657 2609 2770 2664; x_wconf 85' lang='lat' dir='ltr'><strong>sive</strong></span> <span class='ocrx_word' id='word_1_413' title='bbox 2815 2612 2989 2679; x_wconf 88' lang='lat' dir='ltr'><strong>viros,</strong></span> <span class='ocrx_word' id='word_1_414' title='bbox 3040 2615 3152 2672; x_wconf 85' lang='lat' dir='ltr'><strong>sive</strong></span> <span class='ocrx_word' id='word_1_415' title='bbox 3199 2618 3431 2678; x_wconf 87' lang='lat' dir='ltr'><strong>feminas</strong></span> <span class='ocrx_word' id='word_1_416' title='bbox 3474 2632 3523 2680; x_wconf 90' lang='lat' dir='ltr'><strong>et</strong></span> 
     </span>
    </p>
   </div>
   <div class='ocr_carea' id='block_1_58' title="bbox 1942 2699 3515 2772">
    <p class='ocr_par' dir='ltr' id='par_1_58' title="bbox 1942 2699 3515 2772">
     <span class='ocr_line' id='line_1_58' title="bbox 1942 2699 3515 2772; baseline 0.014 -23"><span class='ocrx_word' id='word_1_417' title='bbox 1942 2709 2162 2764; x_wconf 86' lang='lat' dir='ltr'><strong>pueros,</strong></span> <span class='ocrx_word' id='word_1_418' title='bbox 2200 2705 2262 2753; x_wconf 90' lang='lat' dir='ltr'><strong>ut</strong></span> <span class='ocrx_word' id='word_1_419' title='bbox 2298 2699 2510 2754; x_wconf 84' lang='lat' dir='ltr'><strong>noverit</strong></span> <span class='ocrx_word' id='word_1_420' title='bbox 2537 2700 2871 2772; x_wconf 84' lang='lat' dir='ltr'><strong>singulorum</strong></span> <span class='ocrx_word' id='word_1_421' title='bbox 2902 2704 3267 2766; x_wconf 83' lang='lat' dir='ltr'><strong>confessiones</strong></span> <span class='ocrx_word' id='word_1_422' title='bbox 3312 2721 3366 2768; x_wconf 91' lang='lat' dir='ltr'><strong>et</strong></span> <span class='ocrx_word' id='word_1_423' title='bbox 3400 2729 3515 2771; x_wconf 89' lang='lat' dir='ltr'><strong>con-</strong></span> 
     </span>
    </p>
   </div>
   <div class='ocr_carea' id='block_1_59' title="bbox 1940 2785 3517 2861">
    <p class='ocr_par' dir='ltr' id='par_1_59' title="bbox 1940 2785 3517 2861">
     <span class='ocr_line' id='line_1_59' title="bbox 1940 2785 3517 2861; baseline 0.015 -23"><span class='ocrx_word' id='word_1_424' title='bbox 1940 2785 2328 2854; x_wconf 75' lang='lat' dir='ltr'><strong>versationem,</strong></span> <span class='ocrx_word' id='word_1_425' title='bbox 2357 2788 2484 2858; x_wconf 88' lang='lat' dir='ltr'><strong>quia</strong></span> <span class='ocrx_word' id='word_1_426' title='bbox 2512 2803 2609 2859; x_wconf 88' lang='lat' dir='ltr'><strong>pro</strong></span> <span class='ocrx_word' id='word_1_427' title='bbox 2637 2790 2886 2848; x_wconf 85' lang='lat' dir='ltr'><strong>omnibus</strong></span> <span class='ocrx_word' id='word_1_428' title='bbox 2915 2795 3222 2855; x_wconf 87' lang='lat' dir='ltr'><strong>redditurus</strong></span> <span class='ocrx_word' id='word_1_429' title='bbox 3251 2810 3334 2857; x_wconf 90' lang='lat' dir='ltr'><strong>est</strong></span> <span class='ocrx_word' id='word_1_430' title='bbox 3367 2804 3517 2861; x_wconf 83' lang='lat' dir='ltr'><strong>ratio</strong></span> 
     </span>
    </p>
   </div>
   <div class='ocr_carea' id='block_1_60' title="bbox 1940 2876 2227 2932">
    <p class='ocr_par' dir='ltr' id='par_1_60' title="bbox 1940 2876 2227 2932">
     <span class='ocr_line' id='line_1_60' title="bbox 1940 2876 2227 2932; baseline 0.007 -2"><span class='ocrx_word' id='word_1_431' title='bbox 1940 2891 2064 2930; x_wconf 90' lang='lat' dir='ltr'><strong>nem</strong></span> <span class='ocrx_word' id='word_1_432' title='bbox 2097 2876 2227 2932; x_wconf 91' lang='lat' dir='ltr'><strong>Deo.</strong></span> 
     </span>
    </p>
   </div>
   <div class='ocr_carea' id='block_1_61' title="bbox 2011 2965 3516 3044">
    <p class='ocr_par' dir='ltr' id='par_1_61' title="bbox 2011 2965 3516 3044">
     <span class='ocr_line' id='line_1_61' title="bbox 2011 2965 3516 3044; baseline 0.013 -22"><span class='ocrx_word' id='word_1_433' title='bbox 2011 2965 2141 3040; x_wconf 81' lang='lat' dir='ltr'><strong>Cap.</strong></span> <span class='ocrx_word' id='word_1_434' title='bbox 2172 2969 2234 3024; x_wconf 94' lang='lat' dir='ltr'><strong>ll.</strong></span> <span class='ocrx_word' id='word_1_435' title='bbox 2267 2968 2535 3038; x_wconf 89' lang='lat' dir='ltr'><strong>Secundo,</strong></span> <span class='ocrx_word' id='word_1_436' title='bbox 2565 2981 2627 3028; x_wconf 89' lang='lat' dir='ltr'><strong>ut</strong></span> <span class='ocrx_word' id='word_1_437' title='bbox 2664 2973 2765 3044; x_wconf 92' lang='lat' dir='ltr'><strong>ipsi</strong></span> <span class='ocrx_word' id='word_1_438' title='bbox 2794 2977 3104 3034; x_wconf 87' lang='lat' dir='ltr'><strong>sacerdotes</strong></span> <span class='ocrx_word' id='word_1_439' title='bbox 3148 2980 3306 3037; x_wconf 89' lang='lat' dir='ltr'><strong>tlem</strong></span> <span class='ocrx_word' id='word_1_440' title='bbox 3337 2992 3516 3040; x_wconf 85' lang='lat' dir='ltr'><strong>osten-</strong></span> 
     </span>
    </p>
   </div>
   <div class='ocr_carea' id='block_1_62' title="bbox 1937 3057 3522 3146">
    <p class='ocr_par' dir='ltr' id='par_1_62' title="bbox 1937 3057 3522 3146">
     <span class='ocr_line' id='line_1_62' title="bbox 1937 3057 3522 3146; baseline 0.012 -32"><span class='ocrx_word' id='word_1_441' title='bbox 1937 3057 2070 3115; x_wconf 88' lang='lat' dir='ltr'><strong>dant</strong></span> <span class='ocrx_word' id='word_1_442' title='bbox 2122 3077 2274 3116; x_wconf 90' lang='lat' dir='ltr'><strong>suam</strong></span> <span class='ocrx_word' id='word_1_443' title='bbox 2325 3064 2795 3120; x_wconf 87' lang='lat' dir='ltr'><strong>conversationem</strong></span> <span class='ocrx_word' id='word_1_444' title='bbox 2835 3065 3093 3136; x_wconf 85' lang='lat' dir='ltr'><strong>subjectis</strong></span> <span class='ocrx_word' id='word_1_445' title='bbox 3138 3071 3239 3126; x_wconf 89' lang='lat' dir='ltr'><strong>sibi</strong></span> <span class='ocrx_word' id='word_1_446' title='bbox 3288 3075 3522 3146; x_wconf 87' lang='lat' dir='ltr'><strong>populis,</strong></span> 
     </span>
    </p>
   </div>
   <div class='ocr_carea' id='block_1_63' title="bbox 238 3139 3521 3230">
    <p class='ocr_par' dir='ltr' id='par_1_63' title="bbox 238 3139 3521 3230">
     <span class='ocr_line' id='line_1_63' title="bbox 238 3139 3521 3230; baseline 0.009 -38"><span class='ocrx_word' id='word_1_447' title='bbox 238 3147 473 3211; x_wconf 83' lang='lat' dir='ltr'><strong>propter</strong></span> <span class='ocrx_word' id='word_1_448' title='bbox 521 3139 708 3230; x_wconf 76' lang='lat' dir='ltr'><strong>Arium</strong></span> <span class='ocrx_word' id='word_1_449' title='bbox 769 3140 1231 3213; x_wconf 87' lang='lat' dir='ltr'><strong>blasphemantem</strong></span> <span class='ocrx_word' id='word_1_450' title='bbox 1283 3141 1379 3198; x_wconf 89' lang='lat' dir='ltr'><strong>Dei</strong></span> <span class='ocrx_word' id='word_1_451' title='bbox 1427 3142 1651 3210; x_wconf 84' lang='lat' dir='ltr'><strong>Filium,</strong></span> <span class='ocrx_word' id='word_1_452' title='bbox 1702 3159 1830 3199; x_wconf 90' lang='lat' dir='ltr'><strong>nam</strong></span> <span class='ocrx_word' id='word_1_453' title='bbox 1859 3139 1904 3202; x_wconf 87' lang='lat' dir='ltr'><strong>C</strong></span> <span class='ocrx_word' id='word_1_454' title='bbox 1935 3165 2056 3220; x_wconf 70' lang='lat' dir='ltr'><strong>qua:</strong></span> <span class='ocrx_word' id='word_1_455' title='bbox 2104 3152 2382 3209; x_wconf 90' lang='lat' dir='ltr'><strong>imitabilis</strong></span> <span class='ocrx_word' id='word_1_456' title='bbox 2419 3153 2506 3219; x_wconf 91' lang='lat' dir='ltr'><strong>sit,</strong></span> <span class='ocrx_word' id='word_1_457' title='bbox 2549 3154 2820 3224; x_wconf 89' lang='lat' dir='ltr'><strong>videlicet,</strong></span> <span class='ocrx_word' id='word_1_458' title='bbox 2857 3159 2997 3215; x_wconf 87' lang='lat' dir='ltr'><strong>sicut</strong></span> <span class='ocrx_word' id='word_1_459' title='bbox 3027 3139 3316 3230; x_wconf 81' lang='lat' dir='ltr'><strong>Apostolus</strong></span> <span class='ocrx_word' id='word_1_460' title='bbox 3343 3139 3521 3223; x_wconf 60' lang='lat' dir='ltr'><strong>dixiti</strong></span> 
     </span>
    </p>
   </div>
   <div class='ocr_carea' id='block_1_64' title="bbox 241 3229 1843 3305">
    <p class='ocr_par' dir='ltr' id='par_1_64' title="bbox 241 3229 1843 3305">
     <span class='ocr_line' id='line_1_64' title="bbox 241 3229 1843 3305; baseline 0.006 -22"><span class='ocrx_word' id='word_1_461' title='bbox 241 3238 582 3284; x_wconf 77' lang='lat' dir='ltr'><strong>ceaeternum</strong></span> <span class='ocrx_word' id='word_1_462' title='bbox 621 3229 770 3287; x_wconf 89' lang='lat' dir='ltr'><strong>Patri</strong></span> <span class='ocrx_word' id='word_1_463' title='bbox 801 3245 922 3288; x_wconf 87' lang='lat' dir='ltr'><strong>esse</strong></span> <span class='ocrx_word' id='word_1_464' title='bbox 955 3234 1281 3305; x_wconf 80' lang='lat' dir='ltr'><strong>denegabat;</strong></span> <span class='ocrx_word' id='word_1_465' title='bbox 1312 3247 1377 3288; x_wconf 81' lang='lat' dir='ltr'><strong>ex</strong></span> <span class='ocrx_word' id='word_1_466' title='bbox 1417 3248 1523 3305; x_wconf 87' lang='lat' dir='ltr'><strong>qua</strong></span> <span class='ocrx_word' id='word_1_467' title='bbox 1555 3249 1616 3290; x_wconf 89' lang='lat' dir='ltr'><strong>re</strong></span> <span class='ocrx_word' id='word_1_468' title='bbox 1659 3235 1712 3290; x_wconf 89' lang='lat' dir='ltr'><strong>in</strong></span> <span class='ocrx_word' id='word_1_469' title='bbox 1747 3235 1843 3292; x_wconf 67' lang='lat' dir='ltr'><strong>Nic</strong></span> 
     </span>
    </p>
   </div>
   <div class='ocr_carea' id='block_1_65' title="bbox 241 3320 1832 3396">
    <p class='ocr_par' dir='ltr' id='par_1_65' title="bbox 241 3320 1832 3396">
     <span class='ocr_line' id='line_1_65' title="bbox 241 3320 1832 3396; baseline 0.004 -21"><span class='ocrx_word' id='word_1_470' title='bbox 241 3336 359 3376; x_wconf 63' lang='lat' dir='ltr'><strong>esea</strong></span> <span class='ocrx_word' id='word_1_471' title='bbox 405 3320 624 3377; x_wconf 82' lang='lat' dir='ltr'><strong>civitate</strong></span> <span class='ocrx_word' id='word_1_472' title='bbox 664 3323 956 3393; x_wconf 71' lang='lat' dir='ltr'><strong>provincias</strong></span> <span class='ocrx_word' id='word_1_473' title='bbox 1001 3322 1266 3394; x_wconf 79' lang='lat' dir='ltr'><strong>Bithynia:</strong></span> <span class='ocrx_word' id='word_1_474' title='bbox 1312 3338 1542 3380; x_wconf 82' lang='lat' dir='ltr'><strong>cecxvm</strong></span> <span class='ocrx_word' id='word_1_475' title='bbox 1594 3324 1832 3396; x_wconf 89' lang='lat' dir='ltr'><strong>episcopi</strong></span> 
     </span>
    </p>
   </div>
   <div class='ocr_carea' id='block_1_66' title="bbox 239 3413 1835 3487">
    <p class='ocr_par' dir='ltr' id='par_1_66' title="bbox 239 3413 1835 3487">
     <span class='ocr_line' id='line_1_66' title="bbox 239 3413 1835 3487; baseline 0.006 -22"><span class='ocrx_word' id='word_1_476' title='bbox 239 3423 642 3479; x_wconf 84' lang='lat' dir='ltr'><strong>convenerunt,</strong></span> <span class='ocrx_word' id='word_1_477' title='bbox 679 3413 860 3483; x_wconf 87' lang='lat' dir='ltr'><strong>ibique</strong></span> <span class='ocrx_word' id='word_1_478' title='bbox 898 3413 1059 3468; x_wconf 87' lang='lat' dir='ltr'><strong>ﬁdem</strong></span> <span class='ocrx_word' id='word_1_479' title='bbox 1107 3414 1426 3470; x_wconf 90' lang='lat' dir='ltr'><strong>catholicam</strong></span> <span class='ocrx_word' id='word_1_480' title='bbox 1467 3426 1835 3487; x_wconf 78' lang='lat' dir='ltr'><strong>exposuerunt</strong></span> 
     </span>
    </p>
   </div>
   <div class='ocr_carea' id='block_1_67' title="bbox 240 3506 1833 3580">
    <p class='ocr_par' dir='ltr' id='par_1_67' title="bbox 240 3506 1833 3580">
     <span class='ocr_line' id='line_1_67' title="bbox 240 3506 1833 3580; baseline 0.006 -22"><span class='ocrx_word' id='word_1_481' title='bbox 240 3519 412 3575; x_wconf 89' lang='lat' dir='ltr'><strong>quam</strong></span> <span class='ocrx_word' id='word_1_482' title='bbox 450 3513 560 3561; x_wconf 88' lang='lat' dir='ltr'><strong>tota</strong></span> <span class='ocrx_word' id='word_1_483' title='bbox 597 3506 970 3577; x_wconf 89' lang='lat' dir='ltr'><strong>complectitur</strong></span> <span class='ocrx_word' id='word_1_484' title='bbox 1003 3506 1263 3562; x_wconf 86' lang='lat' dir='ltr'><strong>Ecclesia.</strong></span> <span class='ocrx_word' id='word_1_485' title='bbox 1314 3506 1559 3562; x_wconf 87' lang='lat' dir='ltr'><strong>Secunda</strong></span> <span class='ocrx_word' id='word_1_486' title='bbox 1595 3510 1833 3580; x_wconf 84' lang='lat' dir='ltr'><strong>synodus</strong></span> 
     </span>
    </p>
   </div>
   <div class='ocr_carea' id='block_1_68' title="bbox 237 3593 1832 3672">
    <p class='ocr_par' dir='ltr' id='par_1_68' title="bbox 237 3593 1832 3672">
     <span class='ocr_line' id='line_1_68' title="bbox 237 3593 1832 3672; baseline 0.005 -22"><span class='ocrx_word' id='word_1_487' title='bbox 237 3593 712 3668; x_wconf 87' lang='lat' dir='ltr'><strong>Constantinopoli</strong></span> <span class='ocrx_word' id='word_1_488' title='bbox 750 3606 1072 3671; x_wconf 87' lang='lat' dir='ltr'><strong>congregata</strong></span> <span class='ocrx_word' id='word_1_489' title='bbox 1101 3606 1185 3654; x_wconf 90' lang='lat' dir='ltr'><strong>est</strong></span> <span class='ocrx_word' id='word_1_490' title='bbox 1224 3613 1288 3653; x_wconf 77' lang='grc' dir='ltr'><em>ει.</em></span> <span class='ocrx_word' id='word_1_491' title='bbox 1327 3599 1701 3672; x_wconf 85' lang='lat' dir='ltr'><strong>episcoporum</strong></span> <span class='ocrx_word' id='word_1_492' title='bbox 1731 3601 1832 3657; x_wconf 85' lang='lat' dir='ltr'><strong>sub</strong></span> 
     </span>
    </p>
   </div>
   <div class='ocr_carea' id='block_1_69' title="bbox 238 3685 1829 3763">
    <p class='ocr_par' dir='ltr' id='par_1_69' title="bbox 238 3685 1829 3763">
     <span class='ocr_line' id='line_1_69' title="bbox 238 3685 1829 3763; baseline 0.007 -23"><span class='ocrx_word' id='word_1_493' title='bbox 238 3685 552 3742; x_wconf 83' lang='lat' dir='ltr'><strong>Theodosio</strong></span> <span class='ocrx_word' id='word_1_494' title='bbox 607 3688 822 3744; x_wconf 90' lang='lat' dir='ltr'><strong>seniore</strong></span> <span class='ocrx_word' id='word_1_495' title='bbox 881 3697 1072 3745; x_wconf 88' lang='lat' dir='ltr'><strong>contra</strong></span> <span class='ocrx_word' id='word_1_496' title='bbox 1139 3689 1514 3746; x_wconf 79' lang='lat' dir='ltr'><strong>Macedoniam</strong></span> <span class='ocrx_word' id='word_1_497' title='bbox 1568 3690 1829 3763; x_wconf 82' lang='lat' dir='ltr'><strong>Spiritum</strong></span> 
     </span>
    </p>
   </div>
   <div class='ocr_carea' id='block_1_70' title="bbox 238 3777 1830 3856">
    <p class='ocr_par' dir='ltr' id='par_1_70' title="bbox 238 3777 1830 3856">
     <span class='ocr_line' id='line_1_70' title="bbox 238 3777 1830 3856; baseline 0.008 -26"><span class='ocrx_word' id='word_1_498' title='bbox 238 3782 494 3831; x_wconf 85' lang='lat' dir='ltr'><strong>sanctum</strong></span> <span class='ocrx_word' id='word_1_499' title='bbox 555 3777 727 3832; x_wconf 87' lang='lat' dir='ltr'><strong>Deum</strong></span> <span class='ocrx_word' id='word_1_500' title='bbox 785 3793 907 3835; x_wconf 85' lang='lat' dir='ltr'><strong>esse</strong></span> <span class='ocrx_word' id='word_1_501' title='bbox 965 3790 1270 3852; x_wconf 74' lang='lat' dir='ltr'><strong>negantem.</strong></span> <span class='ocrx_word' id='word_1_502' title='bbox 1349 3782 1529 3838; x_wconf 89' lang='lat' dir='ltr'><strong>Tertia</strong></span> <span class='ocrx_word' id='word_1_503' title='bbox 1592 3785 1830 3856; x_wconf 79' lang='lat' dir='ltr'><strong>synodus</strong></span> 
     </span>
    </p>
   </div>
   <div class='ocr_carea' id='block_1_71' title="bbox 236 3863 1826 3942">
    <p class='ocr_par' dir='ltr' id='par_1_71' title="bbox 236 3863 1826 3942">
     <span class='ocr_line' id='line_1_71' title="bbox 236 3863 1826 3942; baseline 0.009 -23"><span class='ocrx_word' id='word_1_504' title='bbox 236 3863 514 3936; x_wconf 75' lang='lat' dir='ltr'><strong>Ephesius</strong></span> <span class='ocrx_word' id='word_1_505' title='bbox 541 3868 717 3938; x_wconf 89' lang='lat' dir='ltr'><strong>prima</strong></span> <span class='ocrx_word' id='word_1_506' title='bbox 749 3883 810 3926; x_wconf 87' lang='lat' dir='ltr'><strong>cc</strong></span> <span class='ocrx_word' id='word_1_507' title='bbox 844 3870 1222 3940; x_wconf 89' lang='lat' dir='ltr'><strong>episcoporum</strong></span> <span class='ocrx_word' id='word_1_508' title='bbox 1260 3872 1360 3928; x_wconf 89' lang='lat' dir='ltr'><strong>sub</strong></span> <span class='ocrx_word' id='word_1_509' title='bbox 1391 3871 1609 3942; x_wconf 89' lang='lat' dir='ltr'><strong>juniore</strong></span> <span class='ocrx_word' id='word_1_510' title='bbox 1647 3873 1826 3932; x_wconf 79' lang='lat' dir='ltr'><strong>Theo-</strong></span> 
     </span>
    </p>
   </div>
   <div class='ocr_carea' id='block_1_72' title="bbox 235 3957 1827 4035">
    <p class='ocr_par' dir='ltr' id='par_1_72' title="bbox 235 3957 1827 4035">
     <span class='ocr_line' id='line_1_72' title="bbox 235 3957 1827 4035; baseline 0.008 -24"><span class='ocrx_word' id='word_1_511' title='bbox 235 3957 394 4012; x_wconf 85' lang='lat' dir='ltr'><strong>dosio</strong></span> <span class='ocrx_word' id='word_1_512' title='bbox 444 3957 704 4016; x_wconf 86' lang='lat' dir='ltr'><strong>adversus</strong></span> <span class='ocrx_word' id='word_1_513' title='bbox 752 3959 1087 4030; x_wconf 86' lang='lat' dir='ltr'><strong>Nestorium,</strong></span> <span class='ocrx_word' id='word_1_514' title='bbox 1134 3963 1228 4034; x_wconf 89' lang='lat' dir='ltr'><strong>qui</strong></span> <span class='ocrx_word' id='word_1_515' title='bbox 1279 3964 1415 4020; x_wconf 88' lang='lat' dir='ltr'><strong>duas</strong></span> <span class='ocrx_word' id='word_1_516' title='bbox 1464 3979 1728 4035; x_wconf 89' lang='lat' dir='ltr'><strong>personas</strong></span> <span class='ocrx_word' id='word_1_517' title='bbox 1769 3968 1827 4024; x_wconf 87' lang='lat' dir='ltr'><strong>in</strong></span> 
     </span>
    </p>
   </div>
   <div class='ocr_carea' id='block_1_73' title="bbox 232 4045 1826 4126">
    <p class='ocr_par' dir='ltr' id='par_1_73' title="bbox 232 4045 1826 4126">
     <span class='ocr_line' id='line_1_73' title="bbox 232 4045 1826 4126; baseline 0.009 -25"><span class='ocrx_word' id='word_1_518' title='bbox 232 4045 458 4103; x_wconf 86' lang='lat' dir='ltr'><strong>Christo</strong></span> <span class='ocrx_word' id='word_1_519' title='bbox 485 4051 784 4106; x_wconf 87' lang='lat' dir='ltr'><strong>asserebat.</strong></span> <span class='ocrx_word' id='word_1_520' title='bbox 833 4051 1038 4120; x_wconf 85' lang='lat' dir='ltr'><strong>Quarta</strong></span> <span class='ocrx_word' id='word_1_521' title='bbox 1086 4055 1322 4126; x_wconf 86' lang='lat' dir='ltr'><strong>synodus</strong></span> <span class='ocrx_word' id='word_1_522' title='bbox 1367 4055 1826 4116; x_wconf 86' lang='lat' dir='ltr'><strong>Chalcedonensis</strong></span> 
     </span>
    </p>
   </div>
   <div class='ocr_carea' id='block_1_74' title="bbox 234 4141 1824 4218">
    <p class='ocr_par' dir='ltr' id='par_1_74' title="bbox 234 4141 1824 4218">
     <span class='ocr_line' id='line_1_74' title="bbox 234 4141 1824 4218; baseline 0.007 -24"><span class='ocrx_word' id='word_1_523' title='bbox 234 4155 417 4194; x_wconf 74' lang='lat' dir='ltr'><strong>nexu</strong></span> <span class='ocrx_word' id='word_1_524' title='bbox 463 4141 840 4213; x_wconf 90' lang='lat' dir='ltr'><strong>episcoporum</strong></span> <span class='ocrx_word' id='word_1_525' title='bbox 874 4145 975 4201; x_wconf 87' lang='lat' dir='ltr'><strong>sub</strong></span> <span class='ocrx_word' id='word_1_526' title='bbox 1004 4144 1234 4201; x_wconf 85' lang='lat' dir='ltr'><strong>Martino</strong></span> <span class='ocrx_word' id='word_1_527' title='bbox 1265 4145 1591 4218; x_wconf 84' lang='lat' dir='ltr'><strong>imperatore</strong></span> <span class='ocrx_word' id='word_1_528' title='bbox 1627 4148 1824 4204; x_wconf 89' lang='lat' dir='ltr'><strong>adver-</strong></span> 
     </span>
    </p>
   </div>
   <div class='ocr_carea' id='block_1_75' title="bbox 233 4231 1822 4304">
    <p class='ocr_par' dir='ltr' id='par_1_75' title="bbox 233 4231 1822 4304">
     <span class='ocr_line' id='line_1_75' title="bbox 233 4231 1822 4304; baseline 0.006 -17"><span class='ocrx_word' id='word_1_529' title='bbox 233 4247 331 4288; x_wconf 84' lang='lat' dir='ltr'><strong>sus</strong></span> <span class='ocrx_word' id='word_1_530' title='bbox 367 4231 651 4304; x_wconf 83' lang='lat' dir='ltr'><strong>Eutychen</strong></span> <span class='ocrx_word' id='word_1_531' title='bbox 697 4236 860 4293; x_wconf 79' lang='lat' dir='ltr'><strong>Verbi</strong></span> <span class='ocrx_word' id='word_1_532' title='bbox 905 4237 1002 4293; x_wconf 92' lang='lat' dir='ltr'><strong>Dei</strong></span> <span class='ocrx_word' id='word_1_533' title='bbox 1034 4247 1090 4294; x_wconf 93' lang='lat' dir='ltr'><strong>et</strong></span> <span class='ocrx_word' id='word_1_534' title='bbox 1131 4239 1313 4296; x_wconf 89' lang='lat' dir='ltr'><strong>carnis</strong></span> <span class='ocrx_word' id='word_1_535' title='bbox 1357 4256 1522 4296; x_wconf 90' lang='lat' dir='ltr'><strong>unam</strong></span> <span class='ocrx_word' id='word_1_536' title='bbox 1574 4249 1822 4297; x_wconf 90' lang='lat' dir='ltr'><strong>naturam</strong></span> 
     </span>
    </p>
   </div>
   <div class='ocr_carea' id='block_1_76' title="bbox 231 4327 1822 4407">
    <p class='ocr_par' dir='ltr' id='par_1_76' title="bbox 231 4327 1822 4407">
     <span class='ocr_line' id='line_1_76' title="bbox 231 4327 1822 4407; baseline 0.008 -28"><span class='ocrx_word' id='word_1_537' title='bbox 231 4327 699 4395; x_wconf 88' lang='lat' dir='ltr'><strong>pronuntiantem.</strong></span> <span class='ocrx_word' id='word_1_538' title='bbox 726 4329 848 4385; x_wconf 73' lang='lat' dir='ltr'><strong>Istae</strong></span> <span class='ocrx_word' id='word_1_539' title='bbox 877 4331 1044 4402; x_wconf 89' lang='lat' dir='ltr'><strong>igitur</strong></span> <span class='ocrx_word' id='word_1_540' title='bbox 1065 4341 1299 4404; x_wconf 85' lang='lat' dir='ltr'><strong>quatuor</strong></span> <span class='ocrx_word' id='word_1_541' title='bbox 1329 4335 1520 4405; x_wconf 85' lang='lat' dir='ltr'><strong>synodi</strong></span> <span class='ocrx_word' id='word_1_542' title='bbox 1549 4335 1822 4407; x_wconf 90' lang='lat' dir='ltr'><strong>principa-</strong></span> 
     </span>
    </p>
   </div>
   <div class='ocr_carea' id='block_1_77' title="bbox 1938 3239 3518 3328">
    <p class='ocr_par' dir='ltr' id='par_1_77' title="bbox 1938 3239 3518 3328">
     <span class='ocr_line' id='line_1_77' title="bbox 1938 3239 3518 3328; baseline 0.012 -34"><span class='ocrx_word' id='word_1_543' title='bbox 1938 3239 2006 3294; x_wconf 82' lang='lat' dir='ltr'><strong>ln</strong></span> <span class='ocrx_word' id='word_1_544' title='bbox 2037 3243 2298 3308; x_wconf 86' lang='lat' dir='ltr'><strong>castitate,</strong></span> <span class='ocrx_word' id='word_1_545' title='bbox 2330 3244 2386 3297; x_wconf 90' lang='lat' dir='ltr'><strong>in</strong></span> <span class='ocrx_word' id='word_1_546' title='bbox 2414 3244 2726 3313; x_wconf 84' lang='lat' dir='ltr'><strong>sobrietate;</strong></span> <span class='ocrx_word' id='word_1_547' title='bbox 2755 3256 2814 3302; x_wconf 90' lang='lat' dir='ltr'><strong>ut</strong></span> <span class='ocrx_word' id='word_1_548' title='bbox 2845 3264 2950 3304; x_wconf 89' lang='lat' dir='ltr'><strong>non</strong></span> <span class='ocrx_word' id='word_1_549' title='bbox 2981 3250 3287 3308; x_wconf 72' lang='lat' dir='ltr'><strong>deserviant</strong></span> <span class='ocrx_word' id='word_1_550' title='bbox 3309 3257 3446 3328; x_wconf 65' lang='lat' dir='ltr'><strong>gulae</strong></span> <span class='ocrx_word' id='word_1_551' title='bbox 3469 3267 3518 3314; x_wconf 88' lang='lat' dir='ltr'><strong>et</strong></span> 
     </span>
    </p>
   </div>
   <div class='ocr_carea' id='block_1_78' title="bbox 1936 3329 3518 3409">
    <p class='ocr_par' dir='ltr' id='par_1_78' title="bbox 1936 3329 3518 3409">
     <span class='ocr_line' id='line_1_78' title="bbox 1936 3329 3518 3409; baseline 0.012 -25"><span class='ocrx_word' id='word_1_552' title='bbox 1936 3329 2326 3400; x_wconf 88' lang='lat' dir='ltr'><strong>cupiditatibus</strong></span> <span class='ocrx_word' id='word_1_553' title='bbox 2371 3331 2531 3400; x_wconf 86' lang='lat' dir='ltr'><strong>hujus</strong></span> <span class='ocrx_word' id='word_1_554' title='bbox 2581 3337 2792 3402; x_wconf 64' lang='lat' dir='ltr'><strong>saeculi;</strong></span> <span class='ocrx_word' id='word_1_555' title='bbox 2843 3345 2901 3391; x_wconf 92' lang='lat' dir='ltr'><strong>ut</strong></span> <span class='ocrx_word' id='word_1_556' title='bbox 2941 3339 3082 3409; x_wconf 87' lang='lat' dir='ltr'><strong>quod</strong></span> <span class='ocrx_word' id='word_1_557' title='bbox 3125 3341 3259 3398; x_wconf 89' lang='lat' dir='ltr'><strong>alios</strong></span> <span class='ocrx_word' id='word_1_558' title='bbox 3302 3356 3518 3402; x_wconf 89' lang='lat' dir='ltr'><strong>monent</strong></span> 
     </span>
    </p>
   </div>
   <div class='ocr_carea' id='block_1_79' title="bbox 1933 3419 3520 3497">
    <p class='ocr_par' dir='ltr' id='par_1_79' title="bbox 1933 3419 3520 3497">
     <span class='ocr_line' id='line_1_79' title="bbox 1933 3419 3520 3497; baseline 0.012 -20"><span class='ocrx_word' id='word_1_559' title='bbox 1933 3419 2248 3487; x_wconf 87' lang='lat' dir='ltr'><strong>observare,</strong></span> <span class='ocrx_word' id='word_1_560' title='bbox 2281 3423 2335 3478; x_wconf 91' lang='lat' dir='ltr'><strong>in</strong></span> <span class='ocrx_word' id='word_1_561' title='bbox 2378 3426 2572 3495; x_wconf 85' lang='lat' dir='ltr'><strong>seipsis</strong></span> <span class='ocrx_word' id='word_1_562' title='bbox 2612 3429 2927 3495; x_wconf 74' lang='lat' dir='ltr'><strong>ostendant;</strong></span> <span class='ocrx_word' id='word_1_563' title='bbox 2973 3439 3032 3485; x_wconf 91' lang='lat' dir='ltr'><strong>ut</strong></span> <span class='ocrx_word' id='word_1_564' title='bbox 3076 3445 3306 3490; x_wconf 88' lang='lat' dir='ltr'><strong>caveant</strong></span> <span class='ocrx_word' id='word_1_565' title='bbox 3351 3452 3410 3492; x_wconf 88' lang='lat' dir='ltr'><strong>se</strong></span> <span class='ocrx_word' id='word_1_566' title='bbox 3451 3441 3520 3497; x_wconf 86' lang='lat' dir='ltr'><strong>ab</strong></span> 
     </span>
    </p>
   </div>
   <div class='ocr_carea' id='block_1_80' title="bbox 1931 3511 3520 3600">
    <p class='ocr_par' dir='ltr' id='par_1_80' title="bbox 1931 3511 3520 3600">
     <span class='ocr_line' id='line_1_80' title="bbox 1931 3511 3520 3600; baseline 0.013 -35"><span class='ocrx_word' id='word_1_567' title='bbox 1931 3511 2080 3566; x_wconf 89' lang='lat' dir='ltr'><strong>omni</strong></span> <span class='ocrx_word' id='word_1_568' title='bbox 2107 3511 2334 3568; x_wconf 88' lang='lat' dir='ltr'><strong>avaritia</strong></span> <span class='ocrx_word' id='word_1_569' title='bbox 2363 3521 2417 3568; x_wconf 92' lang='lat' dir='ltr'><strong>et</strong></span> <span class='ocrx_word' id='word_1_570' title='bbox 2445 3516 2755 3586; x_wconf 86' lang='lat' dir='ltr'><strong>cupiditate,</strong></span> <span class='ocrx_word' id='word_1_571' title='bbox 2787 3519 2913 3590; x_wconf 88' lang='lat' dir='ltr'><strong>quia</strong></span> <span class='ocrx_word' id='word_1_572' title='bbox 2942 3521 3096 3577; x_wconf 86' lang='lat' dir='ltr'><strong>multi</strong></span> <span class='ocrx_word' id='word_1_573' title='bbox 3127 3523 3216 3578; x_wconf 92' lang='lat' dir='ltr'><strong>diu</strong></span> <span class='ocrx_word' id='word_1_574' title='bbox 3248 3536 3520 3600; x_wconf 89' lang='lat' dir='ltr'><strong>noctuque</strong></span> 
     </span>
    </p>
   </div>
   <div class='ocr_carea' id='block_1_81' title="bbox 1931 3600 3518 3681">
    <p class='ocr_par' dir='ltr' id='par_1_81' title="bbox 1931 3600 3518 3681">
     <span class='ocr_line' id='line_1_81' title="bbox 1931 3600 3518 3681; baseline 0.013 -26"><span class='ocrx_word' id='word_1_575' title='bbox 1931 3600 2198 3668; x_wconf 89' lang='lat' dir='ltr'><strong>laborant,</strong></span> <span class='ocrx_word' id='word_1_576' title='bbox 2251 3611 2311 3658; x_wconf 91' lang='lat' dir='ltr'><strong>ut</strong></span> <span class='ocrx_word' id='word_1_577' title='bbox 2346 3605 2632 3675; x_wconf 90' lang='lat' dir='ltr'><strong>acquirant</strong></span> <span class='ocrx_word' id='word_1_578' title='bbox 2677 3610 3016 3679; x_wconf 89' lang='lat' dir='ltr'><strong>temporalia,</strong></span> <span class='ocrx_word' id='word_1_579' title='bbox 3055 3613 3322 3681; x_wconf 87' lang='lat' dir='ltr'><strong>videlicet,</strong></span> <span class='ocrx_word' id='word_1_580' title='bbox 3361 3634 3518 3674; x_wconf 89' lang='lat' dir='ltr'><strong>man-</strong></span> 
     </span>
    </p>
   </div>
   <div class='ocr_carea' id='block_1_82' title="bbox 1929 3692 3518 3777">
    <p class='ocr_par' dir='ltr' id='par_1_82' title="bbox 1929 3692 3518 3777">
     <span class='ocr_line' id='line_1_82' title="bbox 1929 3692 3518 3777; baseline 0.011 -29"><span class='ocrx_word' id='word_1_581' title='bbox 1929 3692 2088 3763; x_wconf 90' lang='lat' dir='ltr'><strong>cipia,</strong></span> <span class='ocrx_word' id='word_1_582' title='bbox 2133 3692 2340 3761; x_wconf 87' lang='lat' dir='ltr'><strong>vinum,</strong></span> <span class='ocrx_word' id='word_1_583' title='bbox 2391 3704 2444 3751; x_wconf 90' lang='lat' dir='ltr'><strong>et</strong></span> <span class='ocrx_word' id='word_1_584' title='bbox 2489 3712 2760 3753; x_wconf 89' lang='lat' dir='ltr'><strong>annonam</strong></span> <span class='ocrx_word' id='word_1_585' title='bbox 2806 3715 2928 3756; x_wconf 91' lang='lat' dir='ltr'><strong>cum</strong></span> <span class='ocrx_word' id='word_1_586' title='bbox 2975 3717 3141 3758; x_wconf 89' lang='lat' dir='ltr'><strong>usura</strong></span> <span class='ocrx_word' id='word_1_587' title='bbox 3169 3744 3185 3771; x_wconf 93' lang='lat'><strong>,</strong></span> <span class='ocrx_word' id='word_1_588' title='bbox 3237 3721 3269 3760; x_wconf 92' lang='lat' dir='ltr'><strong>a</strong></span> <span class='ocrx_word' id='word_1_589' title='bbox 3315 3723 3421 3777; x_wconf 88' lang='lat' dir='ltr'><strong>qua</strong></span> <span class='ocrx_word' id='word_1_590' title='bbox 3462 3719 3518 3766; x_wconf 90' lang='lat' dir='ltr'><strong>et</strong></span> 
     </span>
    </p>
   </div>
   <div class='ocr_carea' id='block_1_83' title="bbox 1928 3782 3517 3862">
    <p class='ocr_par' dir='ltr' id='par_1_83' title="bbox 1928 3782 3517 3862">
     <span class='ocr_line' id='line_1_83' title="bbox 1928 3782 3517 3862; baseline 0.01 -23"><span class='ocrx_word' id='word_1_591' title='bbox 1928 3782 2072 3840; x_wconf 83' lang='lat' dir='ltr'><strong>Deus</strong></span> <span class='ocrx_word' id='word_1_592' title='bbox 2105 3785 2376 3855; x_wconf 83' lang='lat' dir='ltr'><strong>prohibet,</strong></span> <span class='ocrx_word' id='word_1_593' title='bbox 2421 3794 2478 3842; x_wconf 88' lang='lat' dir='ltr'><strong>et</strong></span> <span class='ocrx_word' id='word_1_594' title='bbox 2509 3789 2686 3844; x_wconf 90' lang='lat' dir='ltr'><strong>omnis</strong></span> <span class='ocrx_word' id='word_1_595' title='bbox 2728 3789 3008 3862; x_wconf 88' lang='lat' dir='ltr'><strong>Scriptura</strong></span> <span class='ocrx_word' id='word_1_596' title='bbox 3035 3794 3238 3862; x_wconf 87' lang='lat' dir='ltr'><strong>divina,</strong></span> <span class='ocrx_word' id='word_1_597' title='bbox 3259 3806 3314 3852; x_wconf 92' lang='lat' dir='ltr'><strong>et</strong></span> <span class='ocrx_word' id='word_1_598' title='bbox 3340 3801 3517 3856; x_wconf 86' lang='lat' dir='ltr'><strong>sancti</strong></span> 
     </span>
    </p>
   </div>
   <div class='ocr_carea' id='block_1_84' title="bbox 1927 3878 3512 3957">
    <p class='ocr_par' dir='ltr' id='par_1_84' title="bbox 1927 3878 3512 3957">
     <span class='ocr_line' id='line_1_84' title="bbox 1927 3878 3512 3957; baseline 0.009 -27"><span class='ocrx_word' id='word_1_599' title='bbox 1927 3889 2164 3930; x_wconf 87' lang='lat' dir='ltr'><strong>canones</strong></span> <span class='ocrx_word' id='word_1_600' title='bbox 2192 3890 2207 3929; x_wconf 89' lang='lat'><strong>:</strong></span> <span class='ocrx_word' id='word_1_601' title='bbox 2240 3891 2340 3932; x_wconf 89' lang='lat' dir='ltr'><strong>nec</strong></span> <span class='ocrx_word' id='word_1_602' title='bbox 2373 3892 2481 3932; x_wconf 90' lang='lat' dir='ltr'><strong>non</strong></span> <span class='ocrx_word' id='word_1_603' title='bbox 2525 3878 2812 3935; x_wconf 90' lang='lat' dir='ltr'><strong>mulierum</strong></span> <span class='ocrx_word' id='word_1_604' title='bbox 2846 3881 3115 3940; x_wconf 90' lang='lat' dir='ltr'><strong>declinent</strong></span> <span class='ocrx_word' id='word_1_605' title='bbox 3156 3889 3512 3957; x_wconf 78' lang='lat' dir='ltr'><strong>consortium,</strong></span> 
     </span>
    </p>
   </div>
   <div class='ocr_carea' id='block_1_85' title="bbox 1926 3967 3515 4042">
    <p class='ocr_par' dir='ltr' id='par_1_85' title="bbox 1926 3967 3515 4042">
     <span class='ocr_line' id='line_1_85' title="bbox 1926 3967 3515 4042; baseline 0.011 -22"><span class='ocrx_word' id='word_1_606' title='bbox 1926 3973 1984 4021; x_wconf 88' lang='lat' dir='ltr'><strong>et</strong></span> <span class='ocrx_word' id='word_1_607' title='bbox 2009 3980 2191 4021; x_wconf 85' lang='lat' dir='ltr'><strong>secum</strong></span> <span class='ocrx_word' id='word_1_608' title='bbox 2220 3967 2468 4024; x_wconf 85' lang='lat' dir='ltr'><strong>habitare</strong></span> <span class='ocrx_word' id='word_1_609' title='bbox 2495 3985 2604 4026; x_wconf 89' lang='lat' dir='ltr'><strong>non</strong></span> <span class='ocrx_word' id='word_1_610' title='bbox 2635 3973 2974 4042; x_wconf 86' lang='lat' dir='ltr'><strong>permittant,</strong></span> <span class='ocrx_word' id='word_1_611' title='bbox 3003 3984 3063 4031; x_wconf 91' lang='lat' dir='ltr'><strong>ut</strong></span> <span class='ocrx_word' id='word_1_612' title='bbox 3104 3981 3402 4037; x_wconf 86' lang='lat' dir='ltr'><strong>auctoritas</strong></span> <span class='ocrx_word' id='word_1_613' title='bbox 3428 3989 3515 4038; x_wconf 87' lang='grc' dir='ltr'><strong>εει</strong></span> 
     </span>
    </p>
   </div>
   <div class='ocr_carea' id='block_1_86' title="bbox 1926 4058 3152 4139">
    <p class='ocr_par' dir='ltr' id='par_1_86' title="bbox 1926 4058 3152 4139">
     <span class='ocr_line' id='line_1_86' title="bbox 1926 4058 3152 4139; baseline 0.005 -27"><span class='ocrx_word' id='word_1_614' title='bbox 1926 4058 2211 4114; x_wconf 86' lang='lat' dir='ltr'><strong>canonica.</strong></span> <span class='ocrx_word' id='word_1_615' title='bbox 3147 4134 3152 4139; x_wconf 26' lang='lat'><strong>,</strong></span> 
     </span>
    </p>
   </div>
   <div class='ocr_carea' id='block_1_87' title="bbox 1995 4149 3504 4229">
    <p class='ocr_par' dir='ltr' id='par_1_87' title="bbox 1995 4149 3504 4229">
     <span class='ocr_line' id='line_1_87' title="bbox 1995 4149 3504 4229; baseline 0.01 -25"><span class='ocrx_word' id='word_1_616' title='bbox 1995 4149 2124 4222; x_wconf 86' lang='lat' dir='ltr'><strong>Cap.</strong></span> <span class='ocrx_word' id='word_1_617' title='bbox 2147 4151 2233 4207; x_wconf 85' lang='lat' dir='ltr'><strong>Ill.</strong></span> <span class='ocrx_word' id='word_1_618' title='bbox 2273 4151 2476 4219; x_wconf 86' lang='lat' dir='ltr'><strong>Tertio,</strong></span> <span class='ocrx_word' id='word_1_619' title='bbox 2515 4163 2575 4208; x_wconf 92' lang='lat' dir='ltr'><strong>ut</strong></span> <span class='ocrx_word' id='word_1_620' title='bbox 2609 4157 2908 4212; x_wconf 87' lang='lat' dir='ltr'><strong>orationem</strong></span> <span class='ocrx_word' id='word_1_621' title='bbox 2934 4159 3289 4227; x_wconf 90' lang='lat' dir='ltr'><strong>Dominicam,</strong></span> <span class='ocrx_word' id='word_1_622' title='bbox 3322 4163 3376 4217; x_wconf 89' lang='lat' dir='ltr'><strong>id</strong></span> <span class='ocrx_word' id='word_1_623' title='bbox 3402 4171 3504 4229; x_wconf 89' lang='lat' dir='ltr'><strong>est,</strong></span> 
     </span>
    </p>
   </div>
   <div class='ocr_carea' id='block_1_88' title="bbox 1924 4239 3509 4320">
    <p class='ocr_par' dir='ltr' id='par_1_88' title="bbox 1924 4239 3509 4320">
     <span class='ocr_line' id='line_1_88' title="bbox 1924 4239 3509 4320; baseline 0.01 -25"><span class='ocrx_word' id='word_1_624' title='bbox 1924 4239 2088 4296; x_wconf 85' lang='lat' dir='ltr'><strong>Pater</strong></span> <span class='ocrx_word' id='word_1_625' title='bbox 2121 4253 2312 4309; x_wconf 86' lang='lat' dir='ltr'><strong>noster,</strong></span> <span class='ocrx_word' id='word_1_626' title='bbox 2353 4251 2408 4298; x_wconf 91' lang='lat' dir='ltr'><strong>et</strong></span> <span class='ocrx_word' id='word_1_627' title='bbox 2441 4241 2610 4299; x_wconf 83' lang='lat' dir='ltr'><strong>Credo</strong></span> <span class='ocrx_word' id='word_1_628' title='bbox 2652 4247 2706 4299; x_wconf 88' lang='lat' dir='ltr'><strong>in</strong></span> <span class='ocrx_word' id='word_1_629' title='bbox 2749 4248 2916 4300; x_wconf 83' lang='lat' dir='ltr'><strong>Deum</strong></span> <span class='ocrx_word' id='word_1_630' title='bbox 2950 4251 3370 4320; x_wconf 85' lang='lat' dir='ltr'><strong>omnipotentem,</strong></span> <span class='ocrx_word' id='word_1_631' title='bbox 3403 4255 3509 4312; x_wconf 90' lang='lat' dir='ltr'><strong>sibi</strong></span> 
     </span>
    </p>
   </div>
   <div class='ocr_carea' id='block_1_89' title="bbox 1921 4333 3508 4403">
    <p class='ocr_par' dir='ltr' id='par_1_89' title="bbox 1921 4333 3508 4403">
     <span class='ocr_line' id='line_1_89' title="bbox 1921 4333 3508 4403; baseline 0.01 -16"><span class='ocrx_word' id='word_1_632' title='bbox 1921 4333 2176 4403; x_wconf 88' lang='lat' dir='ltr'><strong>subjectis</strong></span> <span class='ocrx_word' id='word_1_633' title='bbox 2203 4335 2500 4401; x_wconf 88' lang='lat' dir='ltr'><strong>insinuent,</strong></span> <span class='ocrx_word' id='word_1_634' title='bbox 2527 4345 2583 4391; x_wconf 90' lang='lat' dir='ltr'><strong>et</strong></span> <span class='ocrx_word' id='word_1_635' title='bbox 2610 4339 2760 4393; x_wconf 83' lang='lat' dir='ltr'><strong>reddi</strong></span> <span class='ocrx_word' id='word_1_636' title='bbox 2788 4338 2987 4395; x_wconf 88' lang='lat' dir='ltr'><strong>faciant</strong></span> <span class='ocrx_word' id='word_1_637' title='bbox 3017 4348 3126 4398; x_wconf 88' lang='lat' dir='ltr'><strong>tam</strong></span> <span class='ocrx_word' id='word_1_638' title='bbox 3153 4342 3300 4400; x_wconf 85' lang='lat' dir='ltr'><strong>viros</strong></span> <span class='ocrx_word' id='word_1_639' title='bbox 3331 4354 3386 4402; x_wconf 91' lang='lat' dir='ltr'><strong>et</strong></span> <span class='ocrx_word' id='word_1_640' title='bbox 3425 4345 3508 4402; x_wconf 88' lang='lat' dir='ltr'><strong>fe-</strong></span> 
     </span>
    </p>
   </div>
   <div class='ocr_carea' id='block_1_90' title="bbox 229 4417 2558 4500">
    <p class='ocr_par' dir='ltr' id='par_1_90' title="bbox 229 4417 2558 4500">
     <span class='ocr_line' id='line_1_90' title="bbox 229 4417 2558 4500; baseline 0.004 -28"><span class='ocrx_word' id='word_1_641' title='bbox 229 4417 338 4483; x_wconf 87' lang='lat' dir='ltr'><strong>les,</strong></span> <span class='ocrx_word' id='word_1_642' title='bbox 391 4420 546 4488; x_wconf 89' lang='lat' dir='ltr'><strong>quasi</strong></span> <span class='ocrx_word' id='word_1_643' title='bbox 597 4430 830 4491; x_wconf 84' lang='lat' dir='ltr'><strong>quatuor</strong></span> <span class='ocrx_word' id='word_1_644' title='bbox 864 4422 1087 4480; x_wconf 88' lang='lat' dir='ltr'><strong>ﬁumina</strong></span> <span class='ocrx_word' id='word_1_645' title='bbox 1134 4425 1372 4496; x_wconf 90' lang='lat' dir='ltr'><strong>paradisi</strong></span> <span class='ocrx_word' id='word_1_646' title='bbox 1428 4439 1717 4496; x_wconf 88' lang='lat' dir='ltr'><strong>emanant,</strong></span> <span class='ocrx_word' id='word_1_647' title='bbox 1765 4439 1882 4500; x_wconf 87' lang='lat' dir='ltr'><strong>et_</strong></span> <span class='ocrx_word' id='word_1_648' title='bbox 1925 4428 2122 4494; x_wconf 86' lang='lat' dir='ltr'><strong>minas,</strong></span> <span class='ocrx_word' id='word_1_649' title='bbox 2146 4444 2312 4500; x_wconf 83' lang='lat' dir='ltr'><strong>quam</strong></span> <span class='ocrx_word' id='word_1_650' title='bbox 2342 4445 2558 4500; x_wconf 89' lang='lat' dir='ltr'><strong>pueros.</strong></span> 
     </span>
    </p>
   </div>
   <div class='ocr_carea' id='block_1_91' title="bbox 227 4496 3505 4593">
    <p class='ocr_par' dir='ltr' id='par_1_91' title="bbox 227 4496 3505 4593">
     <span class='ocr_line' id='line_1_91' title="bbox 227 4496 3505 4593; baseline 0.004 -30"><span class='ocrx_word' id='word_1_651' title='bbox 227 4508 465 4581; x_wconf 75' lang='lat' dir='ltr'><strong>irrigant</strong></span> <span class='ocrx_word' id='word_1_652' title='bbox 503 4512 666 4567; x_wconf 89' lang='lat' dir='ltr'><strong>corda</strong></span> <span class='ocrx_word' id='word_1_653' title='bbox 707 4513 966 4570; x_wconf 88' lang='lat' dir='ltr'><strong>ﬁdelium.</strong></span> <span class='ocrx_word' id='word_1_654' title='bbox 1016 4516 1075 4570; x_wconf 90' lang='lat' dir='ltr'><strong>Si</strong></span> <span class='ocrx_word' id='word_1_655' title='bbox 1119 4532 1226 4587; x_wconf 90' lang='lat' dir='ltr'><strong>qua</strong></span> <span class='ocrx_word' id='word_1_656' title='bbox 1273 4533 1403 4573; x_wconf 88' lang='lat' dir='ltr'><strong>vero</strong></span> <span class='ocrx_word' id='word_1_657' title='bbox 1453 4518 1558 4574; x_wconf 90' lang='lat' dir='ltr'><strong>alia</strong></span> <span class='ocrx_word' id='word_1_658' title='bbox 1589 4519 1815 4576; x_wconf 88' lang='lat' dir='ltr'><strong>concilia</strong></span> <span class='ocrx_word' id='word_1_659' title='bbox 1843 4496 1897 4556; x_wconf 81' lang='lat' dir='ltr'><strong><em>D</em></strong></span> <span class='ocrx_word' id='word_1_660' title='bbox 1993 4514 2122 4588; x_wconf 88' lang='lat' dir='ltr'><strong>Cap.</strong></span> <span class='ocrx_word' id='word_1_661' title='bbox 2143 4496 2241 4574; x_wconf 75' lang='grc' dir='ltr'><em>ἰ’ν.</em></span> <span class='ocrx_word' id='word_1_662' title='bbox 2268 4496 2496 4587; x_wconf 75' lang='lat' dir='ltr'><strong>Quarto,</strong></span> <span class='ocrx_word' id='word_1_663' title='bbox 2539 4529 2594 4576; x_wconf 93' lang='lat' dir='ltr'><strong>et</strong></span> <span class='ocrx_word' id='word_1_664' title='bbox 2631 4519 2732 4592; x_wconf 87' lang='lat' dir='ltr'><strong>ipsi</strong></span> <span class='ocrx_word' id='word_1_665' title='bbox 2771 4519 3073 4593; x_wconf 87' lang='lat' dir='ltr'><strong>presbyteri</strong></span> <span class='ocrx_word' id='word_1_666' title='bbox 3102 4525 3505 4583; x_wconf 83' lang='lat' dir='ltr'><strong>acomessatio.</strong></span> 
     </span>
    </p>
   </div>
   <div class='ocr_carea' id='block_1_92' title="bbox 225 4601 1815 4680">
    <p class='ocr_par' dir='ltr' id='par_1_92' title="bbox 225 4601 1815 4680">
     <span class='ocr_line' id='line_1_92' title="bbox 225 4601 1815 4680; baseline 0.009 -28"><span class='ocrx_word' id='word_1_667' title='bbox 225 4608 546 4655; x_wconf 87' lang='lat' dir='ltr'><strong>sanctorum</strong></span> <span class='ocrx_word' id='word_1_668' title='bbox 577 4601 821 4670; x_wconf 86' lang='lat' dir='ltr'><strong>Patrum,</strong></span> <span class='ocrx_word' id='word_1_669' title='bbox 843 4621 943 4677; x_wconf 90' lang='lat' dir='ltr'><strong>pro</strong></span> <span class='ocrx_word' id='word_1_670' title='bbox 971 4606 1294 4662; x_wconf 86' lang='lat' dir='ltr'><strong>necessitate</strong></span> <span class='ocrx_word' id='word_1_671' title='bbox 1322 4622 1627 4676; x_wconf 89' lang='lat' dir='ltr'><strong>causarum,</strong></span> <span class='ocrx_word' id='word_1_672' title='bbox 1657 4610 1815 4680; x_wconf 88' lang='lat' dir='ltr'><strong>plena</strong></span> 
     </span>
    </p>
   </div>
   <div class='ocr_carea' id='block_1_93' title="bbox 225 4691 1818 4770">
    <p class='ocr_par' dir='ltr' id='par_1_93' title="bbox 225 4691 1818 4770">
     <span class='ocr_line' id='line_1_93' title="bbox 225 4691 1818 4770; baseline 0.01 -25"><span class='ocrx_word' id='word_1_673' title='bbox 225 4691 442 4765; x_wconf 85' lang='lat' dir='ltr'><strong>Spiritu</strong></span> <span class='ocrx_word' id='word_1_674' title='bbox 492 4694 584 4751; x_wconf 85' lang='lat' dir='ltr'><strong>Dei</strong></span> <span class='ocrx_word' id='word_1_675' title='bbox 617 4696 671 4751; x_wconf 91' lang='lat' dir='ltr'><strong>in</strong></span> <span class='ocrx_word' id='word_1_676' title='bbox 702 4713 866 4752; x_wconf 89' lang='lat' dir='ltr'><strong>unum</strong></span> <span class='ocrx_word' id='word_1_677' title='bbox 912 4707 1240 4770; x_wconf 89' lang='lat' dir='ltr'><strong>congregata</strong></span> <span class='ocrx_word' id='word_1_678' title='bbox 1278 4710 1595 4768; x_wconf 79' lang='lat' dir='ltr'><strong>sanxerunt,</strong></span> <span class='ocrx_word' id='word_1_679' title='bbox 1637 4713 1818 4761; x_wconf 86' lang='lat' dir='ltr'><strong>custo-</strong></span> 
     </span>
    </p>
   </div>
   <div class='ocr_carea' id='block_1_94' title="bbox 224 4783 1815 4860">
    <p class='ocr_par' dir='ltr' id='par_1_94' title="bbox 224 4783 1815 4860">
     <span class='ocr_line' id='line_1_94' title="bbox 224 4783 1815 4860; baseline 0.006 -21"><span class='ocrx_word' id='word_1_680' title='bbox 224 4783 427 4839; x_wconf 87' lang='lat' dir='ltr'><strong>dienda</strong></span> <span class='ocrx_word' id='word_1_681' title='bbox 455 4791 510 4839; x_wconf 88' lang='lat' dir='ltr'><strong>et</strong></span> <span class='ocrx_word' id='word_1_682' title='bbox 538 4786 864 4856; x_wconf 88' lang='lat' dir='ltr'><strong>recipienda.</strong></span> <span class='ocrx_word' id='word_1_683' title='bbox 907 4787 1156 4860; x_wconf 88' lang='lat' dir='ltr'><strong>Synodus</strong></span> <span class='ocrx_word' id='word_1_684' title='bbox 1183 4787 1432 4845; x_wconf 75' lang='lat' dir='ltr'><strong>Grazcum</strong></span> <span class='ocrx_word' id='word_1_685' title='bbox 1467 4798 1572 4858; x_wconf 90' lang='lat' dir='ltr'><strong>est,</strong></span> <span class='ocrx_word' id='word_1_686' title='bbox 1609 4791 1664 4846; x_wconf 91' lang='lat' dir='ltr'><strong>in</strong></span> <span class='ocrx_word' id='word_1_687' title='bbox 1709 4791 1815 4848; x_wconf 77' lang='lat' dir='ltr'><strong>La-</strong></span> 
     </span>
    </p>
   </div>
   <div class='ocr_carea' id='block_1_95' title="bbox 223 4875 1816 4948">
    <p class='ocr_par' dir='ltr' id='par_1_95' title="bbox 223 4875 1816 4948">
     <span class='ocr_line' id='line_1_95' title="bbox 223 4875 1816 4948; baseline 0.008 -18"><span class='ocrx_word' id='word_1_688' title='bbox 223 4875 402 4930; x_wconf 87' lang='lat' dir='ltr'><strong>tinum</strong></span> <span class='ocrx_word' id='word_1_689' title='bbox 434 4876 822 4948; x_wconf 85' lang='lat' dir='ltr'><strong>interpretatur</strong></span> <span class='ocrx_word' id='word_1_690' title='bbox 845 4883 1135 4938; x_wconf 89' lang='lat' dir='ltr'><strong>comitatus</strong></span> <span class='ocrx_word' id='word_1_691' title='bbox 1161 4883 1246 4938; x_wconf 84' lang='lat' dir='ltr'><strong>vel</strong></span> <span class='ocrx_word' id='word_1_692' title='bbox 1274 4891 1470 4940; x_wconf 81' lang='lat' dir='ltr'><strong>etetus.</strong></span> <span class='ocrx_word' id='word_1_693' title='bbox 1501 4884 1655 4942; x_wconf 81' lang='lat' dir='ltr'><strong>Nunc</strong></span> <span class='ocrx_word' id='word_1_694' title='bbox 1680 4887 1816 4943; x_wconf 79' lang='lat' dir='ltr'><strong>dixi-</strong></span> 
     </span>
    </p>
   </div>
   <div class='ocr_carea' id='block_1_96' title="bbox 217 4969 1812 5048">
    <p class='ocr_par' dir='ltr' id='par_1_96' title="bbox 217 4969 1812 5048">
     <span class='ocr_line' id='line_1_96' title="bbox 217 4969 1812 5048; baseline 0.009 -27"><span class='ocrx_word' id='word_1_695' title='bbox 217 4983 347 5024; x_wconf 87' lang='lat' dir='ltr'><strong>mus</strong></span> <span class='ocrx_word' id='word_1_696' title='bbox 375 4969 507 5038; x_wconf 84' lang='lat' dir='ltr'><strong>quid</strong></span> <span class='ocrx_word' id='word_1_697' title='bbox 544 4970 617 5025; x_wconf 92' lang='lat' dir='ltr'><strong>sit</strong></span> <span class='ocrx_word' id='word_1_698' title='bbox 653 4987 849 5039; x_wconf 89' lang='lat' dir='ltr'><strong>canon,</strong></span> <span class='ocrx_word' id='word_1_699' title='bbox 882 4981 1049 5029; x_wconf 88' lang='lat' dir='ltr'><strong>restat</strong></span> <span class='ocrx_word' id='word_1_700' title='bbox 1093 4983 1152 5030; x_wconf 89' lang='lat' dir='ltr'><strong>ut</strong></span> <span class='ocrx_word' id='word_1_701' title='bbox 1189 4976 1432 5033; x_wconf 82' lang='lat' dir='ltr'><strong>dicamus</strong></span> <span class='ocrx_word' id='word_1_702' title='bbox 1475 4977 1602 5048; x_wconf 89' lang='lat' dir='ltr'><strong>quid</strong></span> <span class='ocrx_word' id='word_1_703' title='bbox 1639 4981 1812 5035; x_wconf 90' lang='lat' dir='ltr'><strong>conti-</strong></span> 
     </span>
    </p>
   </div>
   <div class='ocr_carea' id='block_1_97' title="bbox 217 5059 1806 5145">
    <p class='ocr_par' dir='ltr' id='par_1_97' title="bbox 217 5059 1806 5145">
     <span class='ocr_line' id='line_1_97' title="bbox 217 5059 1806 5145; baseline 0.01 -33"><span class='ocrx_word' id='word_1_704' title='bbox 217 5068 425 5114; x_wconf 86' lang='lat' dir='ltr'><strong>neatur</strong></span> <span class='ocrx_word' id='word_1_705' title='bbox 475 5059 532 5115; x_wconf 91' lang='lat' dir='ltr'><strong>in</strong></span> <span class='ocrx_word' id='word_1_706' title='bbox 584 5077 812 5119; x_wconf 89' lang='lat' dir='ltr'><strong>canone.</strong></span> <span class='ocrx_word' id='word_1_707' title='bbox 872 5063 1056 5121; x_wconf 87' lang='lat' dir='ltr'><strong>Canon</strong></span> <span class='ocrx_word' id='word_1_708' title='bbox 1115 5067 1260 5123; x_wconf 90' lang='lat' dir='ltr'><strong>enim</strong></span> <span class='ocrx_word' id='word_1_709' title='bbox 1303 5067 1398 5141; x_wconf 91' lang='lat' dir='ltr'><strong>(ut</strong></span> <span class='ocrx_word' id='word_1_710' title='bbox 1445 5069 1650 5126; x_wconf 87' lang='lat' dir='ltr'><strong>dictum</strong></span> <span class='ocrx_word' id='word_1_711' title='bbox 1695 5071 1806 5145; x_wconf 85' lang='lat' dir='ltr'><strong>est)</strong></span> 
     </span>
    </p>
   </div>
   <div class='ocr_carea' id='block_1_98' title="bbox 215 5149 1809 5226">
    <p class='ocr_par' dir='ltr' id='par_1_98' title="bbox 215 5149 1809 5226">
     <span class='ocr_line' id='line_1_98' title="bbox 215 5149 1809 5226; baseline 0.01 -23"><span class='ocrx_word' id='word_1_712' title='bbox 215 5149 412 5220; x_wconf 84' lang='lat' dir='ltr'><strong>regula</strong></span> <span class='ocrx_word' id='word_1_713' title='bbox 458 5163 821 5225; x_wconf 88' lang='lat' dir='ltr'><strong>nuncupatur,</strong></span> <span class='ocrx_word' id='word_1_714' title='bbox 871 5155 924 5211; x_wconf 92' lang='lat' dir='ltr'><strong>id</strong></span> <span class='ocrx_word' id='word_1_715' title='bbox 959 5164 1075 5222; x_wconf 66' lang='lat' dir='ltr'><strong>est;</strong></span> <span class='ocrx_word' id='word_1_716' title='bbox 1111 5172 1142 5212; x_wconf 92' lang='lat' dir='ltr'><strong>a</strong></span> <span class='ocrx_word' id='word_1_717' title='bbox 1187 5166 1336 5214; x_wconf 82' lang='lat' dir='ltr'><strong>recte</strong></span> <span class='ocrx_word' id='word_1_718' title='bbox 1366 5160 1612 5226; x_wconf 87' lang='lat' dir='ltr'><strong>vivendo,</strong></span> <span class='ocrx_word' id='word_1_719' title='bbox 1660 5171 1809 5219; x_wconf 86' lang='lat' dir='ltr'><strong>recte</strong></span> 
     </span>
    </p>
   </div>
   <div class='ocr_carea' id='block_1_99' title="bbox 211 5245 1810 5309">
    <p class='ocr_par' dir='ltr' id='par_1_99' title="bbox 211 5245 1810 5309">
     <span class='ocr_line' id='line_1_99' title="bbox 211 5245 1810 5309; baseline 0.008 -14"><span class='ocrx_word' id='word_1_720' title='bbox 211 5245 518 5309; x_wconf 82' lang='lat' dir='ltr'><strong>operando,</strong></span> <span class='ocrx_word' id='word_1_721' title='bbox 557 5254 707 5300; x_wconf 87' lang='lat' dir='ltr'><strong>recte</strong></span> <span class='ocrx_word' id='word_1_722' title='bbox 737 5246 790 5300; x_wconf 90' lang='lat' dir='ltr'><strong>in</strong></span> <span class='ocrx_word' id='word_1_723' title='bbox 821 5247 924 5302; x_wconf 83' lang='lat' dir='ltr'><strong>ﬁde</strong></span> <span class='ocrx_word' id='word_1_724' title='bbox 967 5249 1198 5304; x_wconf 88' lang='lat' dir='ltr'><strong>tenenda</strong></span> <span class='ocrx_word' id='word_1_725' title='bbox 1238 5249 1576 5305; x_wconf 89' lang='lat' dir='ltr'><strong>divinitatem</strong></span> <span class='ocrx_word' id='word_1_726' title='bbox 1613 5258 1668 5306; x_wconf 91' lang='lat' dir='ltr'><strong>et</strong></span> <span class='ocrx_word' id='word_1_727' title='bbox 1708 5253 1810 5307; x_wconf 90' lang='lat' dir='ltr'><strong>hu-</strong></span> 
     </span>
    </p>
   </div>
   <div class='ocr_carea' id='block_1_100' title="bbox 213 5333 1807 5397">
    <p class='ocr_par' dir='ltr' id='par_1_100' title="bbox 213 5333 1807 5397">
     <span class='ocr_line' id='line_1_100' title="bbox 213 5333 1807 5397; baseline 0.007 -11"><span class='ocrx_word' id='word_1_728' title='bbox 213 5333 539 5390; x_wconf 89' lang='lat' dir='ltr'><strong>manitatem</strong></span> <span class='ocrx_word' id='word_1_729' title='bbox 602 5335 814 5392; x_wconf 87' lang='lat' dir='ltr'><strong>Domini</strong></span> <span class='ocrx_word' id='word_1_730' title='bbox 881 5339 1054 5394; x_wconf 91' lang='lat' dir='ltr'><strong>nostri</strong></span> <span class='ocrx_word' id='word_1_731' title='bbox 1104 5337 1231 5394; x_wconf 79' lang='lat' dir='ltr'><strong>Jesu</strong></span> <span class='ocrx_word' id='word_1_732' title='bbox 1283 5338 1485 5396; x_wconf 88' lang='lat' dir='ltr'><strong>Christi</strong></span> <span class='ocrx_word' id='word_1_733' title='bbox 1538 5341 1807 5397; x_wconf 82' lang='lat' dir='ltr'><strong>veraciter</strong></span> 
     </span>
    </p>
   </div>
   <div class='ocr_carea' id='block_1_101' title="bbox 211 5423 1806 5500">
    <p class='ocr_par' dir='ltr' id='par_1_101' title="bbox 211 5423 1806 5500">
     <span class='ocr_line' id='line_1_101' title="bbox 211 5423 1806 5500; baseline 0.007 -22"><span class='ocrx_word' id='word_1_734' title='bbox 211 5423 546 5492; x_wconf 83' lang='lat' dir='ltr'><strong>conﬁtendo,</strong></span> <span class='ocrx_word' id='word_1_735' title='bbox 586 5425 963 5484; x_wconf 68' lang='lat' dir='ltr'><strong>haereticorum</strong></span> <span class='ocrx_word' id='word_1_736' title='bbox 1001 5430 1324 5500; x_wconf 89' lang='lat' dir='ltr'><strong>pravitatem</strong></span> <span class='ocrx_word' id='word_1_737' title='bbox 1367 5431 1703 5498; x_wconf 86' lang='lat' dir='ltr'><strong>calcandam,</strong></span> <span class='ocrx_word' id='word_1_738' title='bbox 1750 5441 1806 5489; x_wconf 91' lang='lat' dir='ltr'><strong>et</strong></span> 
     </span>
    </p>
   </div>
   <div class='ocr_carea' id='block_1_102' title="bbox 209 5517 1802 5581">
    <p class='ocr_par' dir='ltr' id='par_1_102' title="bbox 209 5517 1802 5581">
     <span class='ocr_line' id='line_1_102' title="bbox 209 5517 1802 5581; baseline 0.006 -10"><span class='ocrx_word' id='word_1_739' title='bbox 209 5522 532 5572; x_wconf 82' lang='lat' dir='ltr'><strong>sanctorum</strong></span> <span class='ocrx_word' id='word_1_740' title='bbox 553 5517 981 5576; x_wconf 75' lang='lat' dir='ltr'><strong>orthodoxorum</strong></span> <span class='ocrx_word' id='word_1_741' title='bbox 1002 5520 1226 5576; x_wconf 88' lang='lat' dir='ltr'><strong>Patrum</strong></span> <span class='ocrx_word' id='word_1_742' title='bbox 1249 5535 1492 5577; x_wconf 88' lang='lat' dir='ltr'><strong>normam</strong></span> <span class='ocrx_word' id='word_1_743' title='bbox 1519 5523 1802 5581; x_wconf 83' lang='lat' dir='ltr'><strong>tenendam</strong></span> 
     </span>
    </p>
   </div>
   <div class='ocr_carea' id='block_1_103' title="bbox 209 5606 1803 5682">
    <p class='ocr_par' dir='ltr' id='par_1_103' title="bbox 209 5606 1803 5682">
     <span class='ocr_line' id='line_1_103' title="bbox 209 5606 1803 5682; baseline 0.003 -18"><span class='ocrx_word' id='word_1_744' title='bbox 209 5607 523 5664; x_wconf 82' lang='lat' dir='ltr'><strong>denuntiat.</strong></span> <span class='ocrx_word' id='word_1_745' title='bbox 554 5606 726 5666; x_wconf 88' lang='lat' dir='ltr'><strong>Docet</strong></span> <span class='ocrx_word' id='word_1_746' title='bbox 762 5611 910 5666; x_wconf 87' lang='lat' dir='ltr'><strong>enim</strong></span> <span class='ocrx_word' id='word_1_747' title='bbox 947 5626 1117 5668; x_wconf 89' lang='lat' dir='ltr'><strong>canon</strong></span> <span class='ocrx_word' id='word_1_748' title='bbox 1160 5612 1428 5682; x_wconf 89' lang='lat' dir='ltr'><strong>quomodo</strong></span> <span class='ocrx_word' id='word_1_749' title='bbox 1448 5611 1803 5682; x_wconf 82' lang='lat' dir='ltr'><strong>justo-vivere</strong></span> 
     </span>
    </p>
   </div>
   <div class='ocr_carea' id='block_1_104' title="bbox 1917 4608 3502 4682">
    <p class='ocr_par' dir='ltr' id='par_1_104' title="bbox 1917 4608 3502 4682">
     <span class='ocr_line' id='line_1_104' title="bbox 1917 4608 3502 4682; baseline 0.008 -20"><span class='ocrx_word' id='word_1_750' title='bbox 1917 4608 2078 4665; x_wconf 90' lang='lat' dir='ltr'><strong>nibus</strong></span> <span class='ocrx_word' id='word_1_751' title='bbox 2103 4619 2158 4666; x_wconf 92' lang='lat' dir='ltr'><strong>et</strong></span> <span class='ocrx_word' id='word_1_752' title='bbox 2183 4611 2572 4680; x_wconf 89' lang='lat' dir='ltr'><strong>potationibus,</strong></span> <span class='ocrx_word' id='word_1_753' title='bbox 2601 4619 2662 4666; x_wconf 92' lang='lat' dir='ltr'><strong>ut</strong></span> <span class='ocrx_word' id='word_1_754' title='bbox 2687 4611 2976 4682; x_wconf 83' lang='lat' dir='ltr'><strong>Apostolus</strong></span> <span class='ocrx_word' id='word_1_755' title='bbox 3015 4623 3218 4681; x_wconf 89' lang='lat' dir='ltr'><strong>monet,</strong></span> <span class='ocrx_word' id='word_1_756' title='bbox 3267 4631 3327 4672; x_wconf 87' lang='lat' dir='ltr'><strong>se</strong></span> <span class='ocrx_word' id='word_1_757' title='bbox 3371 4620 3502 4676; x_wconf 86' lang='lat' dir='ltr'><strong>sub-</strong></span> 
     </span>
    </p>
   </div>
   <div class='ocr_carea' id='block_1_105' title="bbox 1917 4699 3503 4774">
    <p class='ocr_par' dir='ltr' id='par_1_105' title="bbox 1917 4699 3503 4774">
     <span class='ocr_line' id='line_1_105' title="bbox 1917 4699 3503 4774; baseline 0.005 -19"><span class='ocrx_word' id='word_1_758' title='bbox 1917 4699 2155 4756; x_wconf 90' lang='lat' dir='ltr'><strong>trahant.</strong></span> <span class='ocrx_word' id='word_1_759' title='bbox 2191 4701 2327 4756; x_wconf 83' lang='lat' dir='ltr'><strong>Nam</strong></span> <span class='ocrx_word' id='word_1_760' title='bbox 2357 4703 2576 4774; x_wconf 88' lang='lat' dir='ltr'><strong>quidam</strong></span> <span class='ocrx_word' id='word_1_761' title='bbox 2605 4701 2817 4757; x_wconf 88' lang='lat' dir='ltr'><strong>illorum</strong></span> <span class='ocrx_word' id='word_1_762' title='bbox 2844 4717 2966 4758; x_wconf 90' lang='lat' dir='ltr'><strong>cum</strong></span> <span class='ocrx_word' id='word_1_763' title='bbox 3013 4705 3335 4774; x_wconf 87' lang='lat' dir='ltr'><strong>quibusdam</strong></span> <span class='ocrx_word' id='word_1_764' title='bbox 3369 4709 3503 4763; x_wconf 86' lang='lat' dir='ltr'><strong>vici-</strong></span> 
     </span>
    </p>
   </div>
   <div class='ocr_carea' id='block_1_106' title="bbox 1915 4791 3503 4869">
    <p class='ocr_par' dir='ltr' id='par_1_106' title="bbox 1915 4791 3503 4869">
     <span class='ocr_line' id='line_1_106' title="bbox 1915 4791 3503 4869; baseline 0.007 -24"><span class='ocrx_word' id='word_1_765' title='bbox 1915 4791 1999 4846; x_wconf 89' lang='lat' dir='ltr'><strong>nis</strong></span> <span class='ocrx_word' id='word_1_766' title='bbox 2019 4791 2293 4846; x_wconf 88' lang='lat' dir='ltr'><strong>suis.......</strong></span> <span class='ocrx_word' id='word_1_767' title='bbox 2323 4806 2494 4863; x_wconf 88' lang='lat' dir='ltr'><strong>usque</strong></span> <span class='ocrx_word' id='word_1_768' title='bbox 2522 4792 2588 4847; x_wconf 91' lang='lat' dir='ltr'><strong>ad</strong></span> <span class='ocrx_word' id='word_1_769' title='bbox 2611 4793 2843 4848; x_wconf 90' lang='lat' dir='ltr'><strong>mediam</strong></span> <span class='ocrx_word' id='word_1_770' title='bbox 2866 4802 3079 4850; x_wconf 89' lang='lat' dir='ltr'><strong>noctem</strong></span> <span class='ocrx_word' id='word_1_771' title='bbox 3099 4803 3154 4852; x_wconf 91' lang='lat' dir='ltr'><strong>et</strong></span> <span class='ocrx_word' id='word_1_772' title='bbox 3179 4811 3244 4852; x_wconf 89' lang='lat' dir='ltr'><strong>eo</strong></span> <span class='ocrx_word' id='word_1_773' title='bbox 3268 4799 3503 4869; x_wconf 88' lang='lat' dir='ltr'><strong>amplius</strong></span> 
     </span>
    </p>
   </div>
   <div class='ocr_carea' id='block_1_107' title="bbox 1913 4883 3503 4960">
    <p class='ocr_par' dir='ltr' id='par_1_107' title="bbox 1913 4883 3503 4960">
     <span class='ocr_line' id='line_1_107' title="bbox 1913 4883 3503 4960; baseline 0.006 -23"><span class='ocrx_word' id='word_1_774' title='bbox 1913 4897 2037 4938; x_wconf 92' lang='lat' dir='ltr'><strong>cum</strong></span> <span class='ocrx_word' id='word_1_775' title='bbox 2068 4883 2199 4955; x_wconf 85' lang='lat' dir='ltr'><strong>ipsis</strong></span> <span class='ocrx_word' id='word_1_776' title='bbox 2231 4883 2464 4940; x_wconf 89' lang='lat' dir='ltr'><strong>bibendo</strong></span> <span class='ocrx_word' id='word_1_777' title='bbox 2489 4891 2793 4950; x_wconf 89' lang='lat' dir='ltr'><strong>morantur,</strong></span> <span class='ocrx_word' id='word_1_778' title='bbox 2823 4893 2880 4940; x_wconf 91' lang='lat' dir='ltr'><strong>et</strong></span> <span class='ocrx_word' id='word_1_779' title='bbox 2904 4886 2996 4955; x_wconf 88' lang='lat' dir='ltr'><strong>qui</strong></span> <span class='ocrx_word' id='word_1_780' title='bbox 3025 4886 3266 4960; x_wconf 90' lang='lat' dir='ltr'><strong>religiosi</strong></span> <span class='ocrx_word' id='word_1_781' title='bbox 3294 4897 3348 4944; x_wconf 91' lang='lat' dir='ltr'><strong>et</strong></span> <span class='ocrx_word' id='word_1_782' title='bbox 3375 4905 3503 4946; x_wconf 87' lang='lat' dir='ltr'><strong>san-</strong></span> 
     </span>
    </p>
   </div>
   <div class='ocr_carea' id='block_1_108' title="bbox 1915 4974 3499 5046">
    <p class='ocr_par' dir='ltr' id='par_1_108' title="bbox 1915 4974 3499 5046">
     <span class='ocr_line' id='line_1_108' title="bbox 1915 4974 3499 5046; baseline 0.005 -18"><span class='ocrx_word' id='word_1_783' title='bbox 1915 4974 1988 5029; x_wconf 90' lang='lat' dir='ltr'><strong>cti</strong></span> <span class='ocrx_word' id='word_1_784' title='bbox 2018 4989 2138 5031; x_wconf 87' lang='lat' dir='ltr'><strong>esse</strong></span> <span class='ocrx_word' id='word_1_785' title='bbox 2167 4977 2418 5031; x_wconf 86' lang='lat' dir='ltr'><strong>videntur</strong></span> <span class='ocrx_word' id='word_1_786' title='bbox 2445 4991 2553 5030; x_wconf 91' lang='lat' dir='ltr'><strong>non</strong></span> <span class='ocrx_word' id='word_1_787' title='bbox 2584 4975 2801 5045; x_wconf 89' lang='lat' dir='ltr'><strong>quidem</strong></span> <span class='ocrx_word' id='word_1_788' title='bbox 2837 4984 2968 5032; x_wconf 90' lang='lat' dir='ltr'><strong>tunc</strong></span> <span class='ocrx_word' id='word_1_789' title='bbox 3009 4977 3082 5032; x_wconf 88' lang='lat' dir='ltr'><strong>ibi</strong></span> <span class='ocrx_word' id='word_1_790' title='bbox 3124 4987 3366 5046; x_wconf 88' lang='lat' dir='ltr'><strong>manent,</strong></span> <span class='ocrx_word' id='word_1_791' title='bbox 3403 4981 3499 5036; x_wconf 85' lang='lat' dir='ltr'><strong>sed</strong></span> 
     </span>
    </p>
   </div>
   <div class='ocr_carea' id='block_1_109' title="bbox 1915 5065 3500 5128">
    <p class='ocr_par' dir='ltr' id='par_1_109' title="bbox 1915 5065 3500 5128">
     <span class='ocr_line' id='line_1_109' title="bbox 1915 5065 3500 5128; baseline 0.004 -8"><span class='ocrx_word' id='word_1_792' title='bbox 1915 5073 2094 5120; x_wconf 90' lang='lat' dir='ltr'><strong>tamen</strong></span> <span class='ocrx_word' id='word_1_793' title='bbox 2146 5066 2376 5121; x_wconf 90' lang='lat' dir='ltr'><strong>saturati</strong></span> <span class='ocrx_word' id='word_1_794' title='bbox 2419 5066 2503 5121; x_wconf 87' lang='lat' dir='ltr'><strong>vel</strong></span> <span class='ocrx_word' id='word_1_795' title='bbox 2549 5065 2685 5120; x_wconf 91' lang='lat' dir='ltr'><strong>ebrii</strong></span> <span class='ocrx_word' id='word_1_796' title='bbox 2739 5075 3085 5123; x_wconf 87' lang='lat' dir='ltr'><strong>revertuntur</strong></span> <span class='ocrx_word' id='word_1_797' title='bbox 3125 5069 3191 5125; x_wconf 91' lang='lat' dir='ltr'><strong>ad</strong></span> <span class='ocrx_word' id='word_1_798' title='bbox 3239 5070 3500 5128; x_wconf 85' lang='lat' dir='ltr'><strong>ecclesias</strong></span> 
     </span>
    </p>
   </div>
   <div class='ocr_carea' id='block_1_110' title="bbox 1913 5156 3500 5228">
    <p class='ocr_par' dir='ltr' id='par_1_110' title="bbox 1913 5156 3500 5228">
     <span class='ocr_line' id='line_1_110' title="bbox 1913 5156 3500 5228; baseline 0.006 -18"><span class='ocrx_word' id='word_1_799' title='bbox 1913 5170 2061 5220; x_wconf 84' lang='lat' dir='ltr'><strong>suas,</strong></span> <span class='ocrx_word' id='word_1_800' title='bbox 2087 5164 2143 5211; x_wconf 91' lang='lat' dir='ltr'><strong>et</strong></span> <span class='ocrx_word' id='word_1_801' title='bbox 2180 5171 2356 5226; x_wconf 86' lang='lat' dir='ltr'><strong>neque</strong></span> <span class='ocrx_word' id='word_1_802' title='bbox 2394 5156 2447 5210; x_wconf 91' lang='lat' dir='ltr'><strong>in</strong></span> <span class='ocrx_word' id='word_1_803' title='bbox 2484 5157 2593 5223; x_wconf 91' lang='lat' dir='ltr'><strong>die,</strong></span> <span class='ocrx_word' id='word_1_804' title='bbox 2626 5172 2802 5228; x_wconf 89' lang='lat' dir='ltr'><strong>neque</strong></span> <span class='ocrx_word' id='word_1_805' title='bbox 2845 5158 2901 5212; x_wconf 91' lang='lat' dir='ltr'><strong>in</strong></span> <span class='ocrx_word' id='word_1_806' title='bbox 2937 5169 3095 5216; x_wconf 89' lang='lat' dir='ltr'><strong>nocte</strong></span> <span class='ocrx_word' id='word_1_807' title='bbox 3123 5161 3354 5218; x_wconf 80' lang='lat' dir='ltr'><strong>oﬁicium</strong></span> <span class='ocrx_word' id='word_1_808' title='bbox 3383 5162 3500 5220; x_wconf 86' lang='lat' dir='ltr'><strong>Deo</strong></span> 
     </span>
    </p>
   </div>
   <div class='ocr_carea' id='block_1_111' title="bbox 1912 5247 3495 5321">
    <p class='ocr_par' dir='ltr' id='par_1_111' title="bbox 1912 5247 3495 5321">
     <span class='ocr_line' id='line_1_111' title="bbox 1912 5247 3495 5321; baseline 0.008 -21"><span class='ocrx_word' id='word_1_809' title='bbox 1912 5247 1966 5301; x_wconf 89' lang='lat' dir='ltr'><strong>in</strong></span> <span class='ocrx_word' id='word_1_810' title='bbox 1995 5249 2222 5304; x_wconf 88' lang='lat' dir='ltr'><strong>ecclesia</strong></span> <span class='ocrx_word' id='word_1_811' title='bbox 2252 5249 2352 5321; x_wconf 73' lang='lat' dir='ltr'><strong>sibi</strong></span> <span class='ocrx_word' id='word_1_812' title='bbox 2394 5251 2596 5305; x_wconf 87' lang='lat' dir='ltr'><strong>credita</strong></span> <span class='ocrx_word' id='word_1_813' title='bbox 2627 5252 2976 5321; x_wconf 88' lang='lat' dir='ltr'><strong>persolvunt:</strong></span> <span class='ocrx_word' id='word_1_814' title='bbox 3010 5257 3250 5311; x_wconf 90' lang='lat' dir='ltr'><strong>nonnulli</strong></span> <span class='ocrx_word' id='word_1_815' title='bbox 3281 5270 3408 5311; x_wconf 87' lang='lat' dir='ltr'><strong>vero</strong></span> <span class='ocrx_word' id='word_1_816' title='bbox 3436 5256 3495 5312; x_wconf 88' lang='lat' dir='ltr'><strong>in</strong></span> 
     </span>
    </p>
   </div>
   <div class='ocr_carea' id='block_1_112' title="bbox 1911 5341 3418 5418">
    <p class='ocr_par' dir='ltr' id='par_1_112' title="bbox 1911 5341 3418 5418">
     <span class='ocr_line' id='line_1_112' title="bbox 1911 5341 3418 5418; baseline 0 -19"><span class='ocrx_word' id='word_1_817' title='bbox 1911 5341 2100 5399; x_wconf 89' lang='lat' dir='ltr'><strong>eodem</strong></span> <span class='ocrx_word' id='word_1_818' title='bbox 2129 5341 2269 5410; x_wconf 91' lang='lat' dir='ltr'><strong>loco,</strong></span> <span class='ocrx_word' id='word_1_819' title='bbox 2292 5343 2380 5398; x_wconf 86' lang='lat' dir='ltr'><strong>ubi</strong></span> <span class='ocrx_word' id='word_1_820' title='bbox 2411 5344 2476 5399; x_wconf 88' lang='lat' dir='ltr'><strong>ad</strong></span> <span class='ocrx_word' id='word_1_821' title='bbox 2509 5345 2815 5400; x_wconf 87' lang='lat' dir='ltr'><strong>convivium</strong></span> <span class='ocrx_word' id='word_1_822' title='bbox 2838 5355 3091 5418; x_wconf 74' lang='lat' dir='ltr'><strong>pergunt,</strong></span> <span class='ocrx_word' id='word_1_823' title='bbox 3128 5347 3418 5402; x_wconf 91' lang='lat' dir='ltr'><strong>dormiunt.</strong></span> 
     </span>
    </p>
   </div>
   <div class='ocr_carea' id='block_1_113' title="bbox 1978 5430 3490 5509">
    <p class='ocr_par' dir='ltr' id='par_1_113' title="bbox 1978 5430 3490 5509">
     <span class='ocr_line' id='line_1_113' title="bbox 1978 5430 3490 5509; baseline 0.004 -23"><span class='ocrx_word' id='word_1_824' title='bbox 1978 5430 2108 5504; x_wconf 82' lang='lat' dir='ltr'><strong>Cap.</strong></span> <span class='ocrx_word' id='word_1_825' title='bbox 2157 5431 2222 5487; x_wconf 76' lang='grc' dir='ltr'><strong>γ.</strong></span> <span class='ocrx_word' id='word_1_826' title='bbox 2270 5435 2488 5502; x_wconf 79' lang='lat' dir='ltr'><strong>Quinto,</strong></span> <span class='ocrx_word' id='word_1_827' title='bbox 2519 5445 2577 5491; x_wconf 90' lang='lat' dir='ltr'><strong>ut</strong></span> <span class='ocrx_word' id='word_1_828' title='bbox 2619 5437 2718 5507; x_wconf 89' lang='lat' dir='ltr'><strong>ipsi</strong></span> <span class='ocrx_word' id='word_1_829' title='bbox 2761 5438 3061 5509; x_wconf 87' lang='lat' dir='ltr'><strong>presbyteri</strong></span> <span class='ocrx_word' id='word_1_830' title='bbox 3112 5437 3244 5492; x_wconf 89' lang='lat' dir='ltr'><strong>tales</strong></span> <span class='ocrx_word' id='word_1_831' title='bbox 3280 5435 3490 5492; x_wconf 53' lang='lat' dir='ltr'><strong>schola-</strong></span> 
     </span>
    </p>
   </div>
   <div class='ocr_carea' id='block_1_114' title="bbox 1907 5525 3489 5597">
    <p class='ocr_par' dir='ltr' id='par_1_114' title="bbox 1907 5525 3489 5597">
     <span class='ocr_line' id='line_1_114' title="bbox 1907 5525 3489 5597; baseline 0.006 -17"><span class='ocrx_word' id='word_1_832' title='bbox 1907 5525 2016 5581; x_wconf 88' lang='lat' dir='ltr'><strong>rios</strong></span> <span class='ocrx_word' id='word_1_833' title='bbox 2041 5525 2297 5594; x_wconf 86' lang='lat' dir='ltr'><strong>habeant,</strong></span> <span class='ocrx_word' id='word_1_834' title='bbox 2328 5529 2379 5582; x_wconf 92' lang='lat' dir='ltr'><strong>id</strong></span> <span class='ocrx_word' id='word_1_835' title='bbox 2407 5537 2508 5596; x_wconf 81' lang='lat' dir='ltr'><strong>est,</strong></span> <span class='ocrx_word' id='word_1_836' title='bbox 2544 5530 2618 5586; x_wconf 90' lang='lat' dir='ltr'><strong>ita</strong></span> <span class='ocrx_word' id='word_1_837' title='bbox 2659 5534 2893 5588; x_wconf 91' lang='lat' dir='ltr'><strong>nutritos</strong></span> <span class='ocrx_word' id='word_1_838' title='bbox 2921 5541 2977 5587; x_wconf 90' lang='lat' dir='ltr'><strong>et</strong></span> <span class='ocrx_word' id='word_1_839' title='bbox 3001 5532 3323 5597; x_wconf 89' lang='lat' dir='ltr'><strong>insinuatos,</strong></span> <span class='ocrx_word' id='word_1_840' title='bbox 3351 5540 3412 5586; x_wconf 90' lang='lat' dir='ltr'><strong>ut</strong></span> <span class='ocrx_word' id='word_1_841' title='bbox 3441 5533 3489 5589; x_wconf 91' lang='lat' dir='ltr'><strong>si</strong></span> 
     </span>
    </p>
   </div>
   <div class='ocr_carea' id='block_1_115' title="bbox 1906 5616 3492 5694">
    <p class='ocr_par' dir='ltr' id='par_1_115' title="bbox 1906 5616 3492 5694">
     <span class='ocr_line' id='line_1_115' title="bbox 1906 5616 3492 5694; baseline 0.008 -24"><span class='ocrx_word' id='word_1_842' title='bbox 1906 5616 2046 5674; x_wconf 87' lang='lat' dir='ltr'><strong>torte</strong></span> <span class='ocrx_word' id='word_1_843' title='bbox 2091 5618 2170 5673; x_wconf 84' lang='lat' dir='ltr'><strong>eis</strong></span> <span class='ocrx_word' id='word_1_844' title='bbox 2210 5619 2486 5691; x_wconf 79' lang='lat' dir='ltr'><strong>contingat</strong></span> <span class='ocrx_word' id='word_1_845' title='bbox 2533 5638 2639 5678; x_wconf 86' lang='lat' dir='ltr'><strong>non</strong></span> <span class='ocrx_word' id='word_1_846' title='bbox 2697 5637 2858 5694; x_wconf 88' lang='lat' dir='ltr'><strong>posse</strong></span> <span class='ocrx_word' id='word_1_847' title='bbox 2903 5635 3191 5679; x_wconf 89' lang='lat' dir='ltr'><strong>occurrere</strong></span> <span class='ocrx_word' id='word_1_848' title='bbox 3244 5628 3492 5694; x_wconf 78' lang='lat' dir='ltr'><strong>tempore</strong></span> 
     </span>
    </p>
   </div>
   <div class='ocr_carea' id='block_1_116' title="bbox 287 5715 2483 5808">
    <p class='ocr_par' dir='ltr' id='par_1_116' title="bbox 287 5715 2483 5808">
     <span class='ocr_line' id='line_1_116' title="bbox 287 5715 2483 5808; baseline 0.006 -34"><span class='ocrx_word' id='word_1_849' title='bbox 287 5730 310 5758; x_wconf 70' lang='grc' dir='ltr'><strong>δ</strong></span> <span class='ocrx_word' id='word_1_850' title='bbox 344 5715 597 5779; x_wconf 79' lang='lat' dir='ltr'><strong>Fortasse</strong></span> <span class='ocrx_word' id='word_1_851' title='bbox 621 5722 735 5780; x_wconf 72' lang='lat' dir='ltr'><strong>hmo</strong></span> <span class='ocrx_word' id='word_1_852' title='bbox 764 5722 832 5781; x_wconf 86' lang='lat' dir='ltr'><strong>ad</strong></span> <span class='ocrx_word' id='word_1_853' title='bbox 861 5723 1025 5782; x_wconf 88' lang='lat' dir='ltr'><strong>alium</strong></span> <span class='ocrx_word' id='word_1_854' title='bbox 1050 5731 1323 5782; x_wconf 82' lang='lat' dir='ltr'><strong>auctorem</strong></span> <span class='ocrx_word' id='word_1_855' title='bbox 1344 5725 1670 5798; x_wconf 77' lang='lat' dir='ltr'><strong>pertineant,</strong></span> <span class='ocrx_word' id='word_1_856' title='bbox 1699 5726 1791 5799; x_wconf 86' lang='lat' dir='ltr'><strong>qui</strong></span> <span class='ocrx_word' id='word_1_857' title='bbox 1830 5736 1955 5808; x_wconf 85' lang='lat' dir='ltr'><strong>ante</strong></span> <span class='ocrx_word' id='word_1_858' title='bbox 1984 5729 2246 5800; x_wconf 80' lang='lat' dir='ltr'><strong>synodum</strong></span> <span class='ocrx_word' id='word_1_859' title='bbox 2269 5747 2299 5786; x_wconf 86' lang='lat' dir='ltr'><strong>v</strong></span> <span class='ocrx_word' id='word_1_860' title='bbox 2331 5731 2483 5788; x_wconf 77' lang='lat' dir='ltr'><strong>vixit.</strong></span> 
     </span>
    </p>
   </div>
  </div>
