3884 6192
343 307 444 366 807

1301 297 1308 308 Κ
1370 307 1429 363 S.
1468 307 1742 364 ALDRlCl
1775 301 2201 362 SENONENSIS
2237 303 2557 360 ARCHIEP.

3484 311 3584 359 808

415 423 503 480 l9.
541 421 672 477 Post
697 419 962 474 modicum
1002 419 1259 488 temporis
1312 420 1656 476 interstitium
1703 417 1911 475 morbo-
1939 418 1990 477 Α
2015 416 2135 471 dem
2171 415 2411 486 requiem
2454 419 2730 483 peterent,
2784 419 2844 466 ut
2878 410 3062 466 vinum
3109 425 3218 482 quo
3269 413 3589 479 madebant,

343 527 465 566 rum
490 510 732 580 pulsatus
757 506 1043 579 gravedine
1091 507 1253 576 cmpit
1299 516 1581 579 aegrotare,
1612 517 1666 563 et
1705 507 1911 563 crebris

344 600 619 656 doloribus
663 597 852 652 mortis
888 595 1076 651 vicina!
1121 597 1462 665 praeambulis
1502 596 1914 652 intolerabiliter

345 687 575 758 fatigari.
615 685 782 740 Solita
823 692 1002 739 tamen
1038 684 1216 739 vultus
1248 686 1514 740 serenitas
1546 702 1760 756 semper
1806 685 1911 740 im-

343 783 486 830 mota
531 775 929 844 perseverabat,
976 774 1030 828 in
1081 773 1184 828 ﬁde
1212 783 1265 829 et
1313 776 1366 830 in
1399 776 1664 831 charitate
1711 776 1910 832 Christi

341 881 493 923 mens
521 866 714 921 devota
742 865 912 938 magis
941 880 1006 920 ac
1034 867 1205 938 magis
1231 867 1577 922 solidahatur.
1605 868 1710 922 Sed
1733 879 1912 922 tamen

340 957 742 1027 ingravescente
772 957 961 1010 morbo
984 996 998 1019 ,
1051 957 1229 1011 debito
1267 957 1502 1012 refectus
1531 957 1726 1012 viatico
1745 997 1759 1023 ,
1791 957 1912 1011 fixis

339 1046 392 1100 in
419 1044 612 1100 coelum
643 1045 832 1104 oculis,
864 1045 1113 1100 manibus
1161 1046 1228 1100 ad
1266 1046 1435 1101 Deum
1483 1047 1686 1102 evectis
1708 1087 1723 1112 ,
1765 1048 1910 1102 viam

336 1134 602 1189 universae
650 1134 832 1189 carnis
877 1134 1152 1204 ingressus
1195 1135 1532 1206 sexagesimo
1559 1135 1736 1206 primo
1786 1135 1912 1190 vita:

335 1240 448 1281 sua:
473 1239 615 1279 anno
643 1237 687 1286 ει,
721 1232 875 1278 sexto
915 1223 1038 1277 ldus
1078 1221 1329 1279 Octobris
1353 1225 1380 1264 ι’
1406 1224 1636 1280 feliciter
1659 1225 1913 1296 migravit

336 1315 405 1369 ad
455 1314 738 1369 Dominum
789 1328 1043 1368 coronam
1083 1311 1283 1368 laetitia
1326 1315 1391 1369 de
1420 1329 1580 1368 manu
1612 1315 1705 1368 Dei
1755 1329 1912 1370 accc-

336 1413 512 1474 ptans.
571 1404 815 1457 Delatum
861 1410 946 1457 est
995 1411 1173 1456 autem
1221 1416 1418 1472 corpus
1453 1403 1571 1472 ejus
1609 1403 1676 1458 ad
1721 1403 1912 1473 pracdi-

335 1503 479 1550 ctum
509 1494 813 1550 coenobium
838 1485 992 1560 juxta
1025 1501 1263 1547 tenorem
1311 1493 1568 1563 prrocepti
1622 1493 1734 1557 sui,
1784 1510 1910 1550 cum

336 1599 529 1654 magno
553 1584 754 1654 ejulatu
791 1583 1106 1653 populorum
1136 1583 1430 1652 lugentium
1473 1591 1528 1638 et
1550 1585 1906 1654 gementium,

335 1689 393 1728 se
418 1674 552 1727 tanti
583 1683 798 1742 tamque
825 1675 1040 1745 benigni
1073 1674 1306 1744 pastoris
1329 1674 1580 1744 praesidio
1619 1674 1908 1730 destitutos

2013 504 2292 574 paulisper
2317 502 2643 573 digererent.
2698 499 2810 557 Usu
2841 516 2972 556 vero
3000 503 3293 557 temerario
3330 503 3508 559 locum
3533 507 3586 560 in

2012 607 2119 662 quo
2148 607 2345 661 corpus
2387 590 2529 645 beati
2582 588 2788 644 Aldrici
2835 589 3167 659 quiescebat,
3193 591 3478 646 ebrietatis
3509 606 3596 646 er-

2012 699 2137 738 rore
2161 681 2244 736 vel
2273 680 2510 751 corrupti
2541 679 2884 735 contumacia
2909 680 3200 748 petierunt,
3223 687 3278 735 et
3302 681 3376 735 ibi
3406 695 3594 740 somno

2013 771 2238 827 resoluti
2266 778 2487 841 repente
2524 771 2953 826 obdormierunt.
2997 768 3105 825 Sed
3129 771 3392 828 Dominus
3417 772 3592 830 locum

2010 863 2181 918 sacris
2208 863 2432 918 artubus
2475 862 2616 917 servi
2641 864 2722 917 sui
2751 862 3056 918 dedicatum
3087 878 3192 918 non
3224 866 3440 934 patiens
3469 881 3595 937 pro-

2011 951 2212 1019 fanari,
2242 952 2570 1008 dormientes
2620 952 2940 1008 mirabiliter
2986 954 3271 1018 subvexit,
3320 965 3378 1010 et
3429 972 3594 1013 unum

2015 1052 2163 1099 trans
2206 1042 2402 1098 flumen
2454 1043 2761 1115 praximum
2803 1044 2858 1098 in
2909 1053 3081 1099 strata
3131 1046 3346 1116 publica
3378 1087 3394 1112 ,
3459 1048 3594 1107 duos

2011 1134 2112 1189 sub
2147 1132 2269 1204 fago
2291 1133 2448 1205 longe
2475 1134 2777 1190 collocavit.
2821 1135 3059 1190 Tandem
3112 1151 3307 1190 aurora
3338 1137 3593 1194 rutilante

2012 1238 2043 1276 a
2071 1222 2226 1294 plebe
2247 1223 2449 1278 inventi
2477 1230 2625 1288 sunt,
2650 1225 2776 1278 dum
2799 1225 2868 1279 de
2903 1239 3054 1299 more
3079 1223 3143 1279 ad
3177 1234 3491 1282 sanctorum
3536 1228 3590 1283 in

2009 1311 2265 1380 przedicto
2295 1312 2628 1367 monasterio
2673 1312 3065 1380 quiescentium
3109 1323 3432 1384 properaret
3479 1314 3592 1369 suf-

2009 1400 2203 1471 fragia.
2235 1401 2494 1456 Omnibus
2532 1417 2559 1454 a
2591 1415 2782 1455 somno
2824 1402 3074 1457 excitatis
3101 1411 3156 1457 et
3205 1403 3590 1460 miraeulosum

2009 1499 2260 1547 eventum
2287 1491 2686 1555 confitentibus,
2710 1498 2899 1560 stupor
2925 1506 3115 1546 omnes
3140 1494 3516 1562 apprehendit,
3535 1505 3589 1550 et

2009 1597 2206 1637 nomen
2237 1582 2408 1638 sancti
2439 1580 2766 1638 confessoris
2792 1581 3192 1654 magnificatum
3227 1585 3296 1640 ad
3321 1585 3584 1642 honorem

2009 1672 2105 1730 Dei
2141 1671 2336 1726 claruit
2359 1671 2666 1742 gloriosius.

333 1775 390 1822 et
415 1767 678 1822 desolatos
705 1766 921 1836 reliqui;
958 1775 1010 1821 et
1044 1767 1096 1820 in
1126 1767 1396 1822 stillicidio
1419 1764 1576 1835 juxta
1603 1768 1895 1822 oratorium

2075 1761 2164 1816 22.
2207 1761 2552 1817 Translatum
2582 1771 2665 1818 est
2692 1770 2872 1818 autem
2907 1778 3104 1834 corpus
3141 1765 3258 1836 ejus
3300 1783 3332 1822 a
3383 1769 3590 1826 stillici-

332 1857 475 1914 beati
523 1857 748 1912 Andreze
783 1857 836 1910 in
865 1857 1073 1926 lapideo
1126 1856 1368 1922 tumulo,
1412 1872 1572 1926 quem
1613 1857 1770 1911 vivus
1804 1858 1908 1912 sibi

331 1956 727 2013 construxerat,
753 1947 1047 2003 honoriﬁce
1067 1949 1305 2016 sepultus
1319 1958 1402 2004 cst
1426 1967 1439 2002 :
1472 1951 1562 2004 ubi
1594 1964 1699 2004 non
1725 1951 1907 2005 minus

330 2052 452 2111 post
474 2048 702 2096 mortem
728 2055 881 2096 suam
910 2055 1069 2110 quam
1110 2040 1162 2093 in
1191 2039 1301 2094 vita
1350 2054 1466 2103 sua,
1494 2041 1683 2109 quanti
1728 2039 1906 2095 meriti

330 2129 494 2185 fuerit
525 2143 712 2185 servus
754 2129 890 2200 ejus,
929 2129 1187 2184 Dominus
1223 2144 1322 2199 per
1375 2129 1604 2200 plurima
1647 2131 1903 2186 virtutum

341 2229 394 2275 et
417 2219 795 2276 miraculorum
810 2218 1097 2277 declaravit
1119 2219 1336 2275 indicia.

397 2309 488 2364 20.
529 2311 654 2365 Post
676 2311 892 2365 beatum
936 2309 1210 2366 Aldricum
1239 2311 1510 2381 praedictae
1548 2311 1699 2367 urbis
1723 2312 1906 2368 cathe-

327 2399 480 2454 dram
513 2400 734 2455 sortitus
777 2409 860 2456 est
888 2400 1190 2456 Heneaulus
1230 2412 1278 2468 ε,
1307 2417 1467 2472 quem
1494 2402 1609 2473 ipse
1654 2417 1794 2473 saepe
1823 2403 1906 2458 di-

326 2499 414 2546 cto
443 2493 771 2546 monasterio
795 2480 1042 2546 abbatem
1080 2491 1416 2562 prmfecerat.
1448 2491 1549 2548 llic
1599 2492 1762 2562 igitur
1807 2493 1903 2547 be-

326 2598 519 2636 norum
563 2590 778 2637 actuum
803 2583 1077 2638 exercitiis
1113 2583 1456 2654 pervigilans,
1487 2592 1540 2640 et
1569 2593 1749 2639 mente
1792 2600 1903 2639 cm-

325 2671 548 2727 lcstihus
576 2671 844 2728 inhzerens
883 2673 1136 2729 divinitus
1163 2674 1447 2744 comperit,
1477 2675 1568 2730 ubi
1599 2677 1900 2746 requiesce-

327 2769 446 2816 rent
470 2775 694 2830 corpora
723 2769 1028 2816 sanctorum
1055 2771 1374 2833 martyrum,
1394 2765 1602 2820 scilicet
1622 2764 1899 2820 Saviniani

325 2858 379 2904 et
415 2850 718 2906 Potentlani
743 2891 759 2916 ,
806 2851 1026 2908 Eodaldi
1081 2863 1137 2908 et
1167 2852 1404 2910 Serotini
1440 2870 1456 2908 :
1492 2871 1720 2926 quorum
1748 2873 1900 2913 reve-

324 2942 499 2996 rentia
524 2957 592 2997 ne
617 2950 858 3013 tempore
885 2951 940 2998 et
966 2945 1209 3012 neglectu
1237 2946 1628 3013 obsolesceret,
1670 2963 1897 3018 corpora

321 3036 601 3090 beatorum
637 3043 934 3106 martyrum
963 3037 1107 3091 omni
1136 3052 1329 3108 pompa
1364 3039 1588 3094 solemni
1633 3041 1684 3094 in
1731 3042 1898 3097 eccle-

2007 1852 2096 1907 dio
2121 1851 2362 1907 ecclesiae
2393 1852 2654 1907 virtutum
2691 1853 2903 1908 indiciis
2933 1853 3390 1924 clarescentibus,
3435 1869 3492 1914 et
3533 1860 3586 1914 in

2005 1945 2307 2000 sublimiori
2327 1946 2524 2001 exedra
2559 1947 2938 2004 venerabiliter
2951 1967 2954 1970 ’
2967 1949 3308 2006 collocatum.

2074 2038 2165 2093 23.
2192 2038 2323 2093 Erat
2345 2054 2410 2094 eo
2440 2047 2682 2110 tempore
2706 2041 2792 2096 vir
2837 2043 3054 2113 quidam
3083 2044 3406 2111 consularis,
3438 2046 3582 2102 Mau-

2006 2127 2174 2183 ricius
2202 2129 2417 2184 nomine
2445 2169 2460 2194 ,
2515 2129 2711 2185 nobilis
2738 2131 2955 2199 quidem
3006 2147 3202 2202 genere
3224 2175 3239 2199 ,
3292 2136 3386 2191 sed
3420 2152 3587 2209 genus

2002 2233 2167 2289 opere
2197 2219 2591 2275 denobiiitans:
2631 2221 2783 2291 cujus
2818 2221 3075 2278 instinctu
3103 2224 3364 2281 satellites
3392 2229 3584 2297 przedis

2003 2308 2107 2364 ctis
2131 2308 2413 2364 monachis
2436 2308 2692 2364 indebitis
2705 2311 3080 2368 exactionibus
3104 2325 3389 2384 coeperunt
3408 2319 3586 2388 gravi-

2003 2407 2087 2454 ter
2113 2398 2379 2469 injoriari,
2405 2407 2460 2453 et
2503 2414 2595 2455 res
2641 2415 2769 2456 suas
2801 2416 3131 2474 suorumque
3184 2405 3450 2464 violenter
3492 2409 3580 2465 de-

2001 2488 2263 2558 przedari;
2297 2489 2440 2558 quod
2477 2491 2638 2546 toties
2666 2491 2814 2546 nullo
2833 2493 3120 2550 resistente
3149 2494 3327 2553 facere
3355 2513 3582 2555 consue-

2000 2584 2211 2644 verant,
2241 2577 2464 2648 utquod
2492 2588 2612 2636 erat
2656 2580 2921 2647 illicitum,
2951 2585 3281 2641 consuetudo
3304 2588 3581 2644 videretur

2001 2667 2205 2724 licitum
2230 2668 2441 2736 facere,
2470 2679 2528 2727 et
2553 2687 2685 2728 usus
2739 2672 3080 2745 delinquendi
3108 2676 3365 2733 delictum
3402 2681 3584 2737 mino-

2001 2775 2143 2816 rare.
2199 2760 2386 2832 Itaque
2435 2763 2685 2819 monachi
2731 2773 2895 2821 tanta
2943 2767 3266 2825 calamitatis
3309 2786 3569 2842 pressura

1999 2853 2281 2920 coarctati,
2317 2869 2422 2910 nec
2443 2856 2512 2910 ab
2539 2855 2720 2927 aliquo
2747 2868 3030 2928 sperantes
3066 2860 3394 2919 defensionis
3439 2880 3582 2935 pra-

1999 2942 2225 3009 sidium;
2257 2945 2657 3002 communicato
2683 2947 2942 3015 consilio,
2984 2951 3380 3008 constituerunt
3399 2953 3584 3010 locum:

2001 3031 2427 3100 tranquilliorem
2447 3042 2652 3104 petere,
2665 3046 2721 3091 et
2732 3051 2829 3107 per
2841 3039 3138 3096 absentiam
3156 3057 3309 3098 suam
3329 3044 3582 3104 hostibus

321 3125 402 3180 sia
442 3126 613 3180 sancti
674 3102 818 3181 Petri
881 3102 1277 3183 honorabiliter
1318 3129 1621 3184 collocavit.
1687 3131 1895 3202 Corpus

1998 3121 2337 3177 occasionem
2365 3102 2653 3194 malignam
2677 3102 3045 3200 eiprmripere
3087 3149 3112 3187 ι
3139 3133 3228 3202 qui
3257 3134 3421 3191 rebus
3463 3102 3583 3194 suis

321 3217 482 3271 etiam
529 3215 674 3272 beati
723 3216 854 3287 Lupi
893 3216 1170 3273 Senonum
1219 3220 1486 3290 prtesulis,
1513 3230 1570 3276 et
1596 3219 1767 3277 beatae
1791 3221 1896 3279 Co-

319 3305 514 3362 lumba:
537 3307 779 3380 virginis,
797 3323 903 3378 qua
943 3310 1042 3364 sub
1063 3308 1351 3367 Aureliano
1381 3310 1706 3384 imperatore
1731 3329 1892 3385 passa

319 3409 400 3455 est
425 3408 481 3456 et
515 3399 706 3466 altera,
739 3402 1030 3469 transtulit,
1067 3410 1121 3458 et
1149 3402 1202 3457 in
1245 3401 1424 3458 locum
1454 3405 1777 3469 recondidit,
1799 3407 1894 3462 ubi

319 3505 488 3560 usque
519 3491 574 3544 in
601 3491 918 3547 hodiernum
950 3492 1092 3549 diem
1121 3495 1201 3550 eis
1222 3494 1397 3550 debita
1423 3496 1714 3553 exhibetur
1739 3511 1894 3555 reve-

317 3579 510 3634 rentia.
559 3579 800 3636 Fabricm
826 3598 1040 3653 quoque
1068 3599 1229 3654 quam
1264 3584 1454 3640 beatus
1477 3585 1726 3644 Aldricus
1747 3603 1890 3659 pm-

317 3670 570 3726 decessor
594 3687 722 3726 suus
755 3673 896 3742 apud
925 3673 1164 3731 Valeriae
1184 3675 1556 3744 inchoaverat,
1583 3693 1746 3735 manu
1765 3693 1893 3737 con-

317 3763 696 3818 summationis
724 3762 885 3818 finem
911 3765 1186 3836 apposuit.

389 3851 480 3904 2|.
519 3849 756 3905 Fuerunt
817 3861 996 3908 autem
1053 3855 1108 3909 in
1160 3857 1419 3926 pmdicto
1483 3858 1729 3916 coenobio
1777 3868 1890 3918 tres

313 3936 562 4007 juvenes,
587 3937 863 3995 Gauberto
890 3939 954 4005 δ,
997 3943 1090 4011 qui
1137 3943 1254 4011 ejus
1297 3961 1486 4000 curam
1541 3955 1887 4018 susceperat,

311 4029 423 4104 jugi
451 4030 707 4086 famulatu
734 4032 1076 4100 assistentes,
1129 4035 1221 4105 qui
1258 4037 1500 4108 obsequii
1551 4038 1890 4096 sedulitatem

316 4138 415 4194 per
440 4123 562 4177 vitae
583 4122 858 4178 lasciviam
885 4123 1250 4192 detrahentes,
1279 4125 1527 4184 devotius
1556 4127 1694 4199 gulae
1721 4143 1887 4199 quam

319 4214 931 4283 Domino.famulantes,
979 4218 1261 4274 monachis
1307 4219 1727 4287 dormientibus,
1778 4220 1887 4277 cibi

315 4316 580 4376 potusque
627 4305 846 4376 crapula
881 4321 940 4363 se
991 4307 1412 4381 ingurgitabant,
1441 4318 1496 4366 et
1541 4311 1596 4366 in
1641 4311 1887 4370 ridiculis

315 4405 371 4450 et
399 4396 730 4452 carminibus
765 4396 1013 4455 obscenis
1049 4399 1436 4471 intempestiva:
1491 4402 1669 4458 noctis
1722 4402 1888 4459 horas

314 4485 698 4555 producebant.
743 4484 956 4544 Accidit
993 4497 1172 4546 autem
1205 4498 1266 4546 ut
1292 4507 1483 4548 somno
1525 4493 1739 4565 gravati
1770 4503 1888 4550 tan-

385 4642 411 4717 ς
449 4632 561 4717 lmo
584 4649 727 4717 anno
750 4620 1888 4717 sexagesimoquinto,siquidem_Aldricus

316 4707 474 4783 natus
497 4703 585 4783 hic
605 4704 802 4760 dicitur
821 4703 961 4783 an'no
998 4703 1135 4775 7755
1162 4703 1488 4783 nam'ipsum
1516 4713 1716 4772 obiisse
1740 4703 1885 4776 anno

314 4767 419 4848 849
443 4779 591 4848 patet
617 4786 687 4848 e_x_
712 4767 1280 4848 notationegsequenti.

306 4879 310 4886 .
385 4836 520 4916 {Et
561 4841 944 4916 quidemanno
968 4836 1165 4904 Chri'sti
1187 4850 1312 4912 840,
1341 4858 1402 4906 ut
1427 4860 1639 4909 constat
1676 4861 1789 4912 tum
1815 4873 1882 4915 ex

313 4906 1877 5008 illimﬂl".9.533210%-.152‘:ii2'!1=tse'§°;ﬁ.@595?

312 4988 439 5044 pum
463 5014 478 5039 ,
527 4984 664 5066 tum,
693 4994 758 5061 es
797 4981 978 5039 libello
1020 4981 1458 5070 proclamationis
1501 4989 1680 5076 parati
1703 4981 1875 5054 'Calvi

311 5043 950 5137 adversusrnent‘lonem.
984 5054 1166 5137 Lupus
1199 5061 1463 5137 Squtdgfll
1507 5076 1560 5137 tn
1597 5064 1738 5137 dicta
1765 5067 1878 5137 epi-

312 5111 766 5205 stolae-gnificat
801 5133 860 5205 se
893 5111 1154 5205 sospitem,
1187 5111 1560 5185 ex'Ful—densi‘
1597 5111 1874 5192 ἕλιξί(ῖεῖιῖίί

311 5197 614 5264 regressum
638 5197 902 5269 invenisse
945 5197 1124 5274 omnia
1160 5211 1432 5321 prospera,
1481 5221 1498 5249 ι
1539 5212 1736 5270 pra-ter
1781 5205 1876 5262 do-

311 5267 535 5341 rnrnta‘c
562 5263 842 5341 nutrttprts
867 5275 1006 5341 met,
1029 5274 1240 5341 -ιῐκιιιιεἒ
1313 5266 1484 5341 ld-rtci,
1511 5281 1768 5341 quantum
1804 5275 1872 5331 ad

309 5337 398 5401 me
437 5325 660 5390 attinet,
689 5325 914 5401 plenum
965 5325 1242 5388 infortunii
1287 5325 1574 5392 obitum}:
1609 5325 1876 5401 Reversus

308 5397 723 5484 estkautetnfsub
736 5396 913 5484 [ginem
957 5403 1079 5456 anni
1247 5421 1312 5460 ex
1357 5407 1598 5484 dicendis
1623 5396 1678 5465 in
1703 5396 1876 5484 elogio

311 5461 704 5551 itabaniginfra.
734 5465 970 5551 Carolus
983 5485 1110 5527 vero
1130 5473 1238 5551 _ait_,
1255 5489 1330 5551 _eo
1356 5461 1595 5546 tempore
1619 5461 1875 5551 iiii

309 5534 596 5618 temuregni
642 5549 763 5590 cum
801 5536 1057 5594 fratribus
1095 5534 1316 5618 Adivisit,
1351 5561 1370 5594 ι
1415 5534 1875 5618 [ηέβτρρόιίἰίδὲ-

313 5612 512 5682 nonum
531 5617 752 5682 vacasse
775 5617 1008 5682 pastore.
1036 5630 1055 5663 ι
1080 5611 1242 5682 Atqui
1269 5613 1386 5670 hzec
1407 5611 1602 5673 divisio
1628 5617 1768 5676 facta
1788 5632 1873 5678 est

309 5672 490 5720 statim
536 5681 654 5739 post
678 5672 911 5746 pugnam
935 5672 1336 5740 Fontaneucam
1355 5724 1370 5752 ,
1425 5672 1768 5748 commissam
1794 5672 1870 5749 iii

1993 3210 2236 3282 plaustro
2262 3213 2549 3284 impositis,
2580 3226 2900 3289 sumptoque
2943 3236 3173 3292 corpore
3196 3225 3343 3281 beati
3371 3227 3582 3285 Aldrici

1995 3317 2118 3357 cum
2157 3304 2371 3360 caeteris
2413 3314 2723 3362 sanctorum
2769 3311 3108 3382 pignoribus,
3140 3314 3245 3373 iter
3273 3320 3373 3375 sub
3401 3321 3585 3377 noctis

1993 3393 2212 3450 silentio
2245 3396 2608 3466 arripuerunt.
2641 3397 2777 3454 Dum
2821 3409 3004 3477 autem
3030 3417 3128 3473 per
3163 3404 3440 3463 anfractus
3463 3411 3582 3464 via.

1991 3499 2112 3539 rum
2140 3485 2324 3541 devios
2350 3487 2648 3557 plaustrum
2668 3490 2948 3558 ducerent,
2965 3493 3184 3550 incaute
3222 3500 3582 3568 progrediens

1989 3573 2256 3631 bubulcus
2302 3575 2518 3645 quidam
2542 3577 2596 3633 iu
2637 3587 2837 3635 terram
2860 3582 3176 3651 provolutus
3201 3587 3450 3643 corruit:
3478 3604 3580 3659 per

1990 3668 2144 3740 cujus
2174 3670 2334 3726 tibias
2364 3678 2482 3726 rota
2523 3671 2752 3743 plaustri
2783 3677 3023 3747 graviter
3049 3682 3232 3737 onusti
3277 3686 3577 3756 transiens,

1987 3773 2112 3814 eum
2137 3758 2466 3817 seminecem
2495 3764 2818 3820 credebatur
2869 3766 3172 3839 reliquisse.
3223 3771 3344 3840 Quo
3397 3776 3583 3833 infer-

1988 3849 2141 3905 tunio
2167 3863 2356 3906 omnes
2387 3852 2712 3922 perturbati,
2743 3855 3032 3914 clamorem
3064 3862 3259 3918 tollunt
3305 3864 3582 3938 lacrylna-

1941 3969 1954 3974 —
1987 3938 2173 4006 bilem,
2207 3947 2264 3996 et
2279 3955 2413 3998 voce
2446 3957 2686 4000 consona
2713 3961 2872 4017 opem
2910 3951 3085 4006 sancti
3135 3950 3342 4010 Aldrici
3373 3955 3579 4026 depos-

1987 4039 2136 4088 cunt.
2156 4032 2244 4088 Ad
2273 4047 2502 4104 quorum
2531 4034 2872 4093 devotionem
2896 4037 3158 4097 bubulcus
3185 4045 3424 4100 surrexit
3445 4047 3581 4104 ω..

1985 4140 2097 4188 sus,
2122 4133 2378 4196 tauquam
2417 4126 2552 4182 nihil
2580 4127 2839 4186 sensisset
2863 4134 3192 4203 gravaminis
3221 4154 3236 4192 :
3266 4147 3326 4193 et
3349 4139 3455 4194 iter
3481 4157 3579 4214 ag-

1986 4214 2238 4287 grediens
2261 4217 2406 4272 soliti
2434 4218 2616 4289 operis
2638 4219 2872 4277 ocium
2913 4234 3234 4294 prosecutum
3269 4237 3373 4284 est.
3399 4230 3581 4302 igitur

1984 4306 2133 4363 luctu
2167 4317 2482 4365 cunctorum
2510 4309 2565 4364 in
2583 4312 2864 4382 'gaudium
2905 4330 3185 4383 converso,
3215 4320 3328 4377 Deo
3363 4324 3580 4392 gratias

1988 4397 2276 4454 addentes
2299 4439 2314 4466 ,
2363 4399 2431 4456 ad
2476 4403 2868 4458 monasterium
2924 4417 2948 4446 ο
2994 4395 3292 4466 Villareuse
3336 4411 3580 4472 felicita-

1992 4498 2370 4562 pervenerunt.
2403 4491 2520 4561 Quo
2563 4494 2745 4552 audito
2792 4497 2862 4553 ad
2903 4501 3073 4556 sancti
3102 4503 3430 4560 confessoris
3474 4521 3580 4577 ps-

1991 4650 2257 4726 Kalendas
2290 4650 2425 4726 Julii
2462 4651 2605 4720 841,
2660 4669 2725 4709 ac
2776 4656 3002 4726 proinde
3046 4612 3298 4715 Aldricus
3343 4654 3574 4717 Octobri

1989 4719 2339 4793 antecedente
2361 4721 2432 4793 ad
2456 4737 2681 4793 superos
2707 4719 3014 4782 transierat.

2062 4803 2099 4870 c_
2121 4790 2236 4870 lm_o
2262 4791 2496 4870 Wenilo,
2515 4790 2624 4870 non
2651 4794 2816 4870 abbas
2830 4795 3210 4870 Ferrarjensis,
3230 4800 3324 4854 sed
3343 4799 3574 4870 capelle

1983 4931 2073 4985 tur
2094 4931 2147 4986 in
2171 4932 2374 5004 synodo
2385 4931 2527 5011 apud
2543 4931 3030 5011 Saponarjasanno
3044 4931 3570 5011 859qua'i_n_synodc

1977 5002 2304 5072 cnnquestus
2325 5009 2408 5072 est
2447 5002 2706 5059 adversus
2729 5005 3084 5072 Wenilonem,
3114 5002 3202 5062 cu'i
3236 5027 3256 5058 σ
3284 5002 3568 5065 We'niloni

1976 5070 2110 5146 tunc
2129 5070 2354 5146 clerico,
2396 5070 2592 5146 inquit,
2623 5088 2746 5146 mep
2778 5075 2833 5128 in
2882 5070 3083 5146 capella
3112 5092 3236 5134 mea
3275 5078 3408 5133 mihi
3445 5094 3565 5133 ser-

1974 5140 2142 5194 vienti
2165 5181 2180 5204 ,
2233 5159 2252 5193 s
2306 5141 2642 5210 metropolim
2698 5140 2972 5200 Senonum
3026 5146 3093 5200 ad
3137 5147 3556 5210 gubernandum

1976 5210 2339 5284 commiserat.
2359 5209 2523 5284 Certe
2533 5210 2748 5270 Wenilo
2767 5213 2978 5280 eadem,
2995 5229 3115 5284 qua:
3135 5209 3226 5272 hic
3245 5218 3566 5274 tribuuntur

1975 5277 2270 5354 Hencaulo,
2287 5281 2618 5354 pmtitisse
2645 5277 2980 5338 memoratur
3003 5277 3144 5354 apud
3167 5285 3405 5340 Clarium
3439 5301 3564 5340 rno-

1979 5347 2259 5426 pachum._
2286 5347 2556 5426 Remigiis
2607 5359 2726 5426 tum
2749 5362 2999 5426 prmerat
3037 5347 3204 5418 ‘Odo,
3256 5370 3565 5426 prece-sor

1977 5415 2133 5498 Lupi,
2154 5418 2293 5498 ἐπιῇ,
2310 5417 2650 5476 Wenilonem
2699 5415 2901 5478 Aldrici
2947 5415 3275 5480 accesseras;
3298 5434 3466 5481 vocat
3504 5428 3565 5480 iu

1976 5487 2201 5555 cpistola
2227 5488 2315 5543 29.

2045 5557 2193 5648 1,333
2217 5557 2283 5648 is:
2306 5557 2904 5648 “laeessentiesvsd
2923 5561 3214 5648 “adesum
3237 5563 3568 5648 τρευτίιιω

1975 5626 2030 5682 in
2057 5626 2195 5681 libro
2219 5627 2286 5682 de
2317 5626 2592 5684 miraculis
2619 5626 3114 5698 sancti'Benedicti,
3142 5649 3262 5706 cap.
3290 5633 3380 5688 η.

2047 5708 2072 5736 ε
2112 5696 2263 5752 Nunc
2297 5698 2453 5770 vulgo
2492 5697 2912 5770 VilIe-monslier,
2965 5703 3107 5762 haud
3137 5705 3293 5776 longe
3320 5705 3391 5761 ab
3421 5705 3574 5763 urbe

1987 4862 2152 4953 τεεῖπ
2181 4861 2368 4953 (ΞΨξὶ
2543 4863 2974 4953 sepelissent
3005 4859 3228 4953 C2521“
3249 4870 3365 4953 ipse
