3884 6192
265 266 371 322 8ε⁸9

1702 252 2081 314 ΕΡΙΞΤΟΙιᾸΞ.

3414 257 3518 314 8Ῑο

263 384 496 441 .roeiuia
527 383 759 454 plurima
787 381 941 436 turba
962 381 1199 437 virorum
1224 387 1316 435 aut
1339 374 1622 434 mulierum
1652 379 1842 433 devote
1869 382 1917 439 A
1945 387 2225 450 peccatum
2269 378 2646 433 inobedicntia:
2690 376 3073 434 ecclesiasticis
3107 394 3226 436 sese
3272 382 3521 451 opposuit

261 474 559 539 conﬂuxit,
597 474 741 527 inter
781 487 919 542 quos
976 472 1159 526 audito
1192 470 1454 526 miraculo
1508 470 1604 524 ivit
1656 469 1844 525 consul

267 566 582 630 Mauricius,
612 565 809 619 minaci
859 564 1225 633 increpatione
1255 564 1307 617 in
1343 572 1609 618 nocturna
1641 563 1845 618 visione

262 658 369 712 sibi
398 657 540 710 facta
567 670 597 710 a
638 656 797 710 beato
839 654 1058 709 Aldrieo
1102 654 1256 708 valde
1298 655 1623 725 perterritus
1654 667 1678 694 κ
1707 674 1720 708 :
1754 655 1845 723 qui

261 747 677 817 antereliquias
705 762 830 802 cum
878 746 1131 812 laervmis
1160 755 1215 801 ct
1261 747 1460 818 gemitu
1495 745 1848 815 pra-cedentis

264 838 448 894 delicti
483 836 772 907 postulavit
801 835 1206 907 indulgentiam,
1231 837 1285 890 in
1331 845 1607 906 posterum
1661 851 1849 889 mona-

264 929 438 983 sterio
452 928 596 997 quod
619 927 933 991 violaverat,
949 934 999 981 et
1022 927 1305 996 spopondit
1328 927 1558 981 debitam
1586 927 1846 981 exhibere

270 1010 653 1071 reverentiam.
680 1014 815 1069 Voto
838 1016 1000 1086 igitur
1023 1016 1091 1069 ab
1116 1014 1367 1069 omnibus
1398 1016 1700 1070 collaudato
1730 1031 1848 1069 niu-

269 1111 477 1165 nimine
504 1110 777 1173 roborato,
804 1124 925 1162 eum
953 1108 1192 1178 reliquiis
1237 1109 1381 1163 beati
1408 1108 1738 1163 confessoris
1781 1108 1849 1162 ad

269 1203 448 1258 locum
477 1201 691 1256 solitum
714 1201 959 1255 hilariter
984 1200 1185 1255 reversi
1209 1210 1353 1254 sunt.

344 1334 434 1387 24.
474 1333 605 1389 Erat
651 1340 832 1386 autem
884 1332 1254 1395 consuetudo,
1297 1330 1439 1399 quod
1484 1330 1853 1385 Fcrrarieusis

271 1424 507 1480 ccenobii
552 1422 915 1493 congregatio,
952 1421 1100 1475 finita
1146 1405 1438 1475 festivitate
1480 1420 1848 1485 Peuteeostcs,

274 1530 399 1570 cum
440 1513 666 1568 solemni
696 1527 889 1583 pompa
918 1512 1144 1583 singulis
1174 1511 1329 1566 annis
1365 1509 1617 1566 Castrum
1648 1510 1852 1565 Nanto-

271 1607 359 1660 nis
384 1606 413 1644 δ
438 1613 672 1675 peteret,
708 1604 967 1672 obsequia
1004 1603 1304 1679 devotionis
1333 1603 1631 1668 redditura,
1661 1611 1717 1657 et
1741 1602 1855 1658 suf-

271 1696 445 1767 fragia
472 1704 781 1751 sanctorum
807 1694 1059 1765 petitura.
1089 1694 1255 1764 Igitur
1280 1710 1401 1749 cum
1424 1695 1491 1749 ad
1518 1694 1692 1749 locum
1716 1711 1854 1765 pra:-

271 1788 477 1841 dictum
509 1795 747 1856 tempore
775 1786 956 1840 debito
983 1786 1056 1856 pii
1088 1787 1295 1841 cineres
1323 1787 1434 1841 Deo
1462 1785 1643 1842 dilecti
1673 1785 1850 1840 Patris

270 1877 474 1934 Aldrici
505 1878 661 1949 digna
692 1878 1038 1932 veneratione
1063 1879 1497 1947 deportarentur,
1522 1893 1649 1934 ecce
1677 1876 1851 1949 puella

272 1970 688 2043 grandiuscula,
720 1985 881 2040 quam
930 1970 986 2025 in
1033 1970 1207 2025 lucem
1253 1970 1371 2026 sine
1413 1970 1533 2026 luce
1577 1978 1853 2024 maternus

269 2064 537 2120 effuderat
558 2074 774 2129 uterus,
809 2080 907 2134 per
934 2066 1148 2120 turbam
1174 2064 1433 2125 eluctata,
1468 2079 1705 2134 pannum
1736 2062 1856 2115 reli~

272 2157 420 2227 quiis
445 2156 841 2227 superpositum
874 2156 926 2210 in
950 2157 1245 2227 gestatorio
1270 2172 1432 2210 manu
1463 2154 1656 2224 injecta
1689 2154 1855 2208 corri-

269 2245 412 2317 puit,
438 2252 496 2299 et
519 2243 569 2298 ei
598 2243 824 2297 ﬁrmiter
843 2244 1125 2298 adhaerens
1145 2258 1242 2314 per
1264 2252 1473 2298 tantum
1498 2245 1598 2297 vim
1622 2242 1855 2312 spatium

275 2338 405 2393 inde
449 2335 629 2393 divelli
664 2352 771 2390 non
815 2337 1021 2405 potuit;
1067 2337 1161 2391 sed
1197 2352 1409 2406 semper
1434 2351 1589 2405 opem
1628 2334 1702 2405 pii
1726 2350 1856 2388 con-

274 2427 501 2483 fessoris
526 2427 716 2481 intimo
744 2426 1045 2480 devotionis
1072 2424 1265 2480 affectu
1293 2425 1522 2479 feliciter
1542 2423 1853 2494 postulavit.

276 2517 351 2574 Ut
386 2517 600 2571 tandem
647 2513 715 2567 ad
766 2522 1001 2569 castrum
1026 2514 1342 2583 praedictum
1382 2521 1762 2584 pervenerunt,
1801 2511 1855 2565 in

275 2606 401 2660 loco
428 2604 658 2674 quodam
703 2611 829 2656 ante
876 2611 1089 2672 portam
1120 2602 1263 2656 facta
1295 2618 1446 2657 mora
1474 2602 1682 2657 modica
1702 2643 1716 2667 ,
1750 2601 1859 2659 dis-

276 2695 462 2768 posuit
486 2703 746 2749 azternum
782 2693 877 2747 Dei
906 2692 1189 2747 consilium
1215 2707 1313 2763 per
1333 2692 1550 2747 virtutis
1572 2706 1736 2762 opera
1758 2691 1859 2746 mi-

278 2786 495 2842 riﬁcare
534 2794 780 2841 sanctum
809 2799 982 2839 suum.
1020 2784 1097 2838 lbi
1135 2800 1368 2854 namque
1402 2786 1606 2857 patenti
1639 2783 1861 2856 populo-

280 2892 404 2931 rum
442 2876 748 2946 spectaculo
787 2875 1193 2945 erumpentibus
1239 2889 1307 2930 ex
1349 2876 1519 2935 oculis
1548 2876 1663 2946 jam
1701 2877 1859 2933 dicta:

277 2967 473 3038 puellae
500 2967 664 3041 guttis
693 2968 1020 3039 sanguineis,
1046 2982 1145 3037 per
1169 2970 1361 3024 merita
1384 2970 1556 3026 sancti
1585 2968 1859 3026 confesso-

280 3059 359 3115 ris
379 3058 474 3113 lux
498 3073 636 3115 nova
661 3058 897 3113 nativam
938 3059 1236 3114 czecitatem
1264 3060 1569 3136 illustravit.
1614 3061 1762 3117 Illico
1793 3062 1859 3116 ab
1887 3073 1932 3136 ε

280 3152 538 3208 omnibus
566 3151 927 3218 concurritur,
969 3152 1123 3206 miris
1144 3126 1362 3207 laudum
1391 3154 1675 3223 praeconiis
1703 3154 1861 3208 attol-

282 3241 416 3298 litur
444 3242 542 3301 Dei
565 3256 756 3299 servus
779 3282 793 3309 ,
824 3241 914 3312 qui
949 3258 1002 3296 in
1029 3242 1142 3297 suis
1182 3243 1385 3298 sanctis
1414 3259 1626 3313 semper
1649 3251 1733 3299 est
1764 3243 1865 3297 mi-

288 3336 498 3393 rabilis.

357 3474 452 3530 25.
488 3473 798 3531 Advenerat
842 3473 981 3529 forte
1022 3473 1265 3529 revoluto
1303 3473 1430 3527 anni
1480 3469 1683 3526 circulo
1723 3468 1867 3525 beati

286 3565 495 3621 Aldrici
527 3564 646 3620 dies
688 3566 945 3621 solemnis
976 3583 989 3618 :
1030 3579 1188 3634 quem
1217 3578 1342 3619 cum
1378 3563 1606 3633 populus
1650 3561 1869 3616 univer—

289 3673 385 3713 sus
413 3656 595 3711 debita
634 3656 949 3712 celebritate
983 3664 1352 3720 veneraretur,
1392 3654 1586 3709 mulier
1623 3653 1872 3723 quaedam

290 3751 599 3817 scelerosa,
639 3751 792 3823 quasi
830 3751 881 3804 in
930 3757 1294 3819 contemptum
1346 3748 1732 3812 solemnitatis,
1776 3760 1874 3817 per

290 3882 625 3965 Monte-Argi
650 3925 665 3949 ,
696 3899 803 3965 quo
846 3884 897 3965 in
936 3883 1056 3939 vico
1094 3889 1179 3937 est
1220 3881 1492 3952 prioratus
1542 3879 1875 3935 Floriaccnsi

289 3954 628 4025 monasterio
662 3954 952 4025 subjectus.

364 4038 391 4065 α
433 4024 551 4078 Huc
591 4018 887 4079 notandum
925 4023 1073 4078 venit
1103 4024 1157 4078 id
1182 4023 1324 4093 quod
1366 4022 1555 4077 scribit
1593 4018 1773 4093 Lupus
1821 4021 1874 4075 in

289 4094 526 4164 epistola
553 4094 622 4148 55
650 4094 715 4147 ad
741 4093 990 4148 Carolum
1031 4092 1213 4164 regem
1240 4109 1255 4146 :
1303 4111 1321 4143 ‹
1370 4092 1525 4147 Serio
1553 4094 1878 4164 confirmant

293 4163 458 4219 senes
507 4164 674 4218 nostri
728 4163 1113 4232 experimento
1150 4179 1208 4218 se
1252 4164 1469 4232 proprio
1508 4163 1835 4231 comperisse
1860 4200 1874 4224 ,

295 4235 462 4304 idque
483 4233 584 4289 sibi
607 4234 788 4305 pueris
811 4250 841 4287 a
877 4234 1096 4289 senibus
1140 4249 1258 4305 esse
1289 4233 1565 4305 traditum,
1596 4233 1736 4305 quod
1752 4232 1879 4305 qui-

294 4301 519 4372 cunque
547 4301 872 4359 monasterio
909 4312 1093 4358 nostro
1141 4303 1349 4371 insigne
1395 4303 1607 4371 aliquod
1634 4301 1878 4355 intulerit

293 4374 579 4439 damnum,
610 4374 712 4428 nisi
746 4374 853 4429 cito
877 4374 1181 4443 resipuerit,
1207 4389 1459 4444 magnum
1484 4373 1773 4427 incurrerit
1799 4372 1875 4424 in-

313 4533 1135 4563 Μ

1112 4537 2265 4562 ,πεῖ-ζμ*

1698 4536 2077 4545 —————-——.

1948 470 2236 534 institutis;
2268 470 2408 539 quod
2439 470 2563 524 dum
2594 470 2767 536 fieret,
2799 470 2947 525 venit
2969 469 3033 523 ad
3060 486 3178 525 eam
3207 472 3378 529 hostis
3406 488 3518 528 ma-

1946 562 2120 631 lignus
2150 561 2204 614 in
2234 561 2413 628 specie
2434 561 2584 615 canis
2609 561 2777 631 nigri,
2808 568 2864 615 et
2892 575 3111 615 manum
3139 562 3308 630 ipsius
3334 563 3517 634 deglu-

1947 654 2049 705 tirc
2085 650 2433 715 moliebatur,
2467 665 2626 721 quem
2657 650 2909 705 obnixius
2938 665 3126 704 arcere
3150 651 3389 721 gestiens
3415 668 3517 706 non

1945 748 2141 819 potuit,
2187 747 2279 801 sed
2322 745 2448 801 laesa
2479 762 2661 801 morsu
2690 746 2902 800 funesto
2947 744 3267 801 labefactata
3297 747 3523 804 corruit.

1948 854 2274 910 manumque
2314 829 2547 895 labentis
2599 837 2751 892 fusus
2800 838 3049 908 proprius
3092 836 3419 907 perforavit.
3471 849 3523 890 ιιι

1946 931 2100 1000 quasi
2128 944 2318 984 manca
2342 929 2408 983 de
2436 928 2637 983 scelere
2666 942 2857 982 manus
2879 927 3017 981 illius
3038 927 3197 981 solito
3227 926 3404 981 ollieio
3431 926 3521 980 de-

1949 1024 2283 1076 stitueretur.

2017 1113 2106 1167 26.
2143 1113 2408 1182 Tempore
2431 1112 2757 1182 procedente
2785 1110 3011 1181 contigit
3033 1109 3308 1165 hominem
3331 1123 3524 1179 quem-

1954 1206 2094 1268 dam,
2127 1203 2481 1258 Tamboldum
2511 1202 2749 1267 nomine,
2798 1201 3106 1270 aliquandiu
3143 1202 3377 1271 propriis
3408 1200 3526 1271 pol-

1950 1292 2063 1347 lere
2084 1292 2286 1347 divitiis
2320 1309 2333 1345 :
2364 1292 2457 1346 sed
2486 1291 2540 1344 in
2570 1292 2780 1345 senium
2810 1306 3010 1359 urgens
3037 1291 3106 1345 ad
3134 1298 3342 1345 tantam
3367 1290 3529 1345 devc-

1952 1384 2033 1438 nit
2067 1384 2322 1454 in0piam,
2346 1392 2407 1437 ut
2431 1381 2571 1436 nihil
2597 1383 2665 1436 ad
2696 1383 2861 1437 vitam
2893 1390 3225 1453 suppeteret,
3256 1383 3357 1438 nisi
3385 1386 3528 1453 quod

1950 1489 2107 1539 uxor,
2162 1473 2379 1527 nomine
2412 1469 2709 1542 Supplicia,
2755 1472 2938 1527 labore
2988 1487 3248 1526 manuum
3302 1487 3522 1527 suarum

1953 1563 2288 1633 acquirebat.
2319 1561 2421 1629 Qui
2454 1578 2597 1633 saepe
2638 1562 2885 1617 recolens
2920 1561 3235 1617 felicitatem
3279 1564 3529 1633 praeteri-

1954 1664 2085 1719 tam,
2112 1670 2475 1710 :erumnarum
2502 1654 2773 1709 cumulum
2806 1654 3024 1725 gravius
3054 1654 3376 1719 sustinebat,
3410 1671 3531 1709 cum

1879 1734 1926 1792 Β
1955 1748 2381 1804 infelicissimum
2412 1762 2580 1819 genus
2617 1745 2894 1801 infortunii
2930 1745 3000 1801 sit
3034 1744 3204 1800 fuisse
3234 1741 3448 1801 felicem
3477 1757 3527 1799 ί.

1951 1841 2161 1896 Accidit
2194 1848 2374 1895 autem
2411 1839 2479 1893 ad
2510 1839 2591 1894 sui
2629 1838 2831 1893 doloris
2872 1844 3251 1909 augmentum,
3290 1850 3349 1892 ut
3394 1852 3537 1892 uxor

1952 1946 2052 1985 sua
2079 1931 2237 1987 solita
2267 1930 2512 2000 corporis
2532 1929 2841 1984 valetudine
2876 1929 3134 1984 destituta
3174 1930 3226 1983 in
3260 1928 3531 1985 diutinum

1951 2018 2265 2089 languorem
2302 2019 2582 2081 incideret,
2626 2032 2729 2073 nec
2750 2018 2908 2073 solito
2928 2016 3192 2073 beneficio
3214 2017 3318 2072 viri
3346 2018 3537 2073 debili-

1954 2121 2120 2167 tatem
2164 2119 2377 2180 poterat
2413 2109 2661 2165 refovere
2681 2149 2697 2174 ,
2739 2109 2916 2164 eidem
2948 2124 3171 2164 consors
3198 2108 3340 2164 facta
3369 2111 3533 2166 mise-

1953 2202 2069 2257 rize.
2121 2200 2302 2256 Rebus
2338 2201 2501 2274 igitur
2555 2201 2797 2255 adversis
2837 2201 3075 2270 graviter
3115 2198 3327 2264 amicti,
3378 2215 3535 2271 opem

1955 2292 2192 2347 divinam
2236 2291 2515 2346 humiliter
2556 2291 2936 2360 deposcebant,
2983 2298 3043 2346 ut
3084 2288 3177 2360 qui
3225 2292 3318 2346 dat
3354 2306 3537 2345 escam

1956 2381 2103 2437 omni
2136 2382 2309 2447 carni,
2344 2396 2449 2435 non
2481 2382 2685 2436 sineret
2727 2396 2820 2436 eos
2860 2382 3156 2437 miserabili
3195 2383 3423 2452 penuria
3449 2382 3542 2437 de-

1955 2472 2156 2542 perire.
2183 2470 2317 2527 Cum
2345 2480 2525 2527 autem
2568 2481 2691 2543 post
2730 2473 2953 2527 nimiam
2987 2472 3168 2528 luctus
3201 2463 3543 2544 defatigatioo

1959 2578 2080 2616 nexu
2113 2562 2452 2632 contingeret
2477 2562 2650 2617 virum
2679 2564 3009 2627 obdormire,
3038 2564 3088 2619 ei
3135 2561 3429 2620 rev'elatum
3458 2574 3542 2618 est

1961 2655 2014 2709 in
2042 2654 2265 2719 somnis,
2310 2654 2453 2724 quod
2501 2655 2543 2710 si
2594 2671 2731 2709 uxor
2780 2654 2897 2724 ejus
2931 2654 3230 2712 subsidium
3266 2658 3410 2712 beati
3446 2657 3543 2711 Al-

1961 2745 2096 2801 drici
2122 2745 2400 2801 humiliter
2431 2755 2655 2816 peteret,
2685 2748 2734 2802 ei
2766 2747 2969 2803 doloris
3002 2749 3326 2804 medicinam
3365 2749 3549 2807 enica-

1963 2835 2101 2891 citer
2123 2837 2392 2892 inuueret.
2422 2837 2705 2895 Excitatus
2726 2855 2853 2895 vero
2876 2856 2904 2894 a
2937 2856 3146 2905 somno,
3175 2842 3363 2912 pandit
3388 2842 3548 2896 uxori

1965 2940 2159 2987 cuncta
2190 2946 2310 3001 qua:
2340 2930 2550 2986 viderat
2574 2973 2587 2994 ,
2622 2933 2910 2989 consulens
2938 2942 2992 2988 et
3035 2934 3328 2990 exhortans
3348 2974 3363 2999 ,
3414 2952 3550 3005 qua-

1965 3029 2122 3077 tenus
2157 3021 2450 3092 cogitatum
2483 3021 2697 3092 jactans
2744 3022 2799 3076 in
2840 3023 3067 3078 Domino
3096 3034 3151 3078 ct
3182 3023 3234 3078 in
3280 3023 3396 3091 ejus
3431 3041 3558 3079 (ποιτ-

1964 3111 2189 3178 fessore,
2226 3113 2546 3168 hducialiter
2571 3124 2716 3185 agat.
2753 3115 2847 3170 Illa
2878 3131 3008 3171 vero
3040 3131 3393 3188 consurgens,
3428 3127 3551 3188 post

1964 3206 2234 3261 modicum
2302 3207 2561 3274 temporis
2608 3208 2951 3262 intervallum
3013 3209 3079 3262 ad
3138 3208 3281 3263 beati
3340 3208 3545 3262 Aldriei

1965 3294 2128 3349 limen
2159 3310 2278 3349 cum
2315 3295 2633 3349 humilitatis
2661 3295 2943 3350 devotione
2971 3297 3242 3365 pervenit;
3273 3304 3326 3349 et
3356 3295 3545 3365 spiritu

1968 3385 2328 3442 contribulato
2350 3393 2475 3440 ante
2502 3384 2832 3454 sepulcrum,
2852 3386 2905 3440 in
2923 3403 3030 3456 quo
3048 3387 3124 3456 pii
3146 3387 3359 3441 cineres
3375 3386 3554 3455 quies-

1968 3479 2195 3542 cebant,
2233 3476 2472 3531 divinam
2512 3476 2807 3547 implorans
2832 3476 3173 3532 clementiam
3194 3518 3207 3541 ,
3241 3492 3270 3529 a
3295 3475 3555 3547 languore

1969 3567 2183 3637 penitus
2232 3566 2457 3621 liberata
2504 3566 2789 3635 pristinam
2838 3566 3045 3635 recepit
3095 3566 3407 3630 sanitatem,
3442 3567 3556 3637 ipso

1973 3659 2259 3730 adjuvantc
2288 3660 2381 3730 qui
2416 3660 2548 3715 vivit
2582 3666 2637 3714 et
2663 3666 2851 3729 regnat
2884 3658 2939 3714 in
2969 3658 3164 3715 smcula
3208 3659 3555 3714 surculorum.

1972 3751 2168 3806 Amen.

1977 3883 2342 4007 sommodum,
2369 3891 2461 3937 aut
2511 3883 2764 3939 sanitatis
2791 3891 2847 3937 et
2877 3883 3001 3945 vitae
3024 3881 3309 3955 pertulerit
3337 3885 3559 3956 dispen-

2017 3970 2146 4007 ium.
2180 3973 2199 4004 ι

2017 3970 2146 4007 ιιιῐη.
2180 3973 2199 4004 ι

2050 4024 2076 4063 b
2103 4023 2269 4104 vulgo
2298 4021 2798 4104 gltdteau-Londou,
2832 4023 3109 4104 oppidum,
3142 4022 3285 4093 quod
3311 4039 3339 4104 ξι
3369 4023 3554 4079 Ferra-

1978 4094 2076 4148 riis
2105 4095 2257 4148 abest
2285 4094 2417 4148 duas
2444 4093 2627 4147 leucas
2648 4133 2661 4157 ,
2702 4093 2862 4146 situm
2907 4093 2957 4145 in
2997 4094 3147 4162 edito
3179 4100 3360 4162 monte
3398 4109 3567 4162 prope.

1980 4164 2632 4233 Lupantamncmaquo
2688 4163 2754 4215 de
2802 4162 2919 4233 loco
2953 4161 3158 4233 dictum
3207 4169 3292 4215 est
3342 4161 3396 4214 in
3444 4164 3560 4216 Vim

1981 4230 2153 4288 sancti
2184 4232 2426 4286 Severini
2455 4230 2690 4294 abbatis,
2724 4230 2920 4284 sreeulo
2947 4230 3145 4298 primo.

2055 4314 2076 4341 ο
2120 4303 2197 4355 Ex
2222 4302 2406 4355 Boctio
2431 4301 2484 4354 in
2512 4301 2650 4355 libro
2679 4300 2745 4353 de
2770 4299 3151 4356 Consolatione
3186 4301 3560 4370 philosophiae.

2730 4534 3405 4543 .———————_—-———_
3419 4536 3459 4543 ...,
3481 4537 3497 4542 -

2272 4548 3477 4558 -Α--ψρμ-.-κ

1116 4691 1230 4804 S.
1327 4692 1898 4805 ALDRICI
1966 4689 2742 4804 EPISTOLZE.

803 4995 1133 5054 EPlSTOLA
1171 4999 1398 5057 PRIMA.

693 5102 762 5139 AD
798 5103 1141 5145 FROTIIARIUII
1181 5108 1468 5149 EPISCOPUH
1478 5134 1492 5147 .

334 5228 344 5237 ,
377 5173 612 5241 Exinde,
664 5175 907 5246 mihique
946 5179 1260 5246 prredilecto
1304 5181 1593 5239 Frothario
1632 5184 1883 5256 episc0po

305 5266 557 5321 Aldricus
576 5266 958 5336 sempiternam
994 5270 1241 5324 salutem.

375 5358 698 5414 Orationum
724 5358 1027 5414 vestrarum
1059 5361 1413 5430 opitulatione
1457 5362 1637 5421 fulciri
1661 5380 1887 5423 necesse

307 5450 494 5514 habui,
525 5451 667 5505 sicut
710 5450 824 5519 ipse
849 5452 999 5506 vobis
1036 5467 1156 5507 eam
1190 5463 1446 5524 expetens
1475 5470 1616 5525 saepe
1660 5464 1887 5514 testatus

308 5556 449 5596 smn.
480 5539 587 5595 Sed
617 5555 761 5596 nunc
808 5540 897 5595 illa
942 5557 1327 5615 usquequaque
1366 5546 1601 5619 indigeo,
1645 5564 1789 5616 cum,
1829 5556 1890 5603 ut

308 5646 407 5689 vos
446 5632 659 5687 aestimo
689 5631 936 5699 audisse,
976 5634 1194 5702 indigno
1235 5636 1377 5707 mihi,
1397 5638 1716 5709 episcopalis
1758 5655 1887 5694 cura

718 5726 986 5784 Pareae.
1033 5724 1159 5785 CV.
1602 5730 1611 5739 ’

1912 5009 1965 5070 D
1992 5007 2225 5077 iniuncta
2277 5014 2391 5069 est,
2442 5021 2562 5075 qum
2608 5022 2692 5060 me
2721 5005 2863 5060 sicut
2899 5005 3212 5078 indignum,
3254 5008 3325 5061 ita
3358 5020 3571 5078 quoque

1989 5100 2316 5167 imparatum
2348 5097 2572 5151 invenit.
2601 5097 2733 5151 Nam
2760 5113 2883 5152 cum
2912 5098 3037 5153 olim
3072 5100 3383 5154 monastica:
3410 5099 3573 5153 disci-

1991 5188 2149 5256 plinze
2176 5200 2397 5257 operam
2427 5188 2591 5251 dans,
2621 5187 2849 5242 fratrum
2879 5204 3066 5244 curam
3097 5190 3228 5259 ipsis
3255 5177 3569 5258 cogentibus

1991 5277 2346 5348 susceperim,
2373 5278 2514 5346 quod
2548 5276 2689 5332 ferre
2720 5279 3033 5348 compellor,
3064 5278 3368 5332 nullatenus
3395 5276 3573 5345 potuit

1992 5383 2112 5423 esse
2140 5375 2467 5437 suspectum.
2501 5367 2671 5434 Quam
2700 5370 2769 5423 ob
2806 5384 2919 5423 rem
2949 5375 3173 5437 excepta
3205 5365 3301 5419 Dei
3329 5365 3572 5420 clemen-

1995 5458 2067 5513 tia
2101 5465 2270 5513 totum
2304 5474 2388 5513 me
2414 5458 2480 5513 ad
2513 5475 2733 5529 precum
2757 5468 3059 5514 vestrarum
3091 5455 3313 5511 confero
3340 5455 3574 5526 reliquo~

1990 5565 2219 5620 rumque
2255 5550 2548 5604 amicorum
2590 5551 2856 5604 familiare
2887 5548 3230 5618 praesidium,
3272 5550 3573 5606 obsecrans

1991 5650 2049 5695 ut
2078 5642 2272 5696 virium
2305 5658 2542 5696 mearum
2586 5641 2931 5711 fragilitatem
2968 5652 3153 5695 earum
3199 5640 3432 5713 jugitatc
3474 5641 3568 5695 ad-

3054 5734 3132 5793 26
