3884 6192
405 378 498 434 εει

404 497 595 566 iuvare
621 481 929 558 dignemini.
973 477 1036 532 Et
1077 474 1200 544 quia
1229 467 1529 542 prudentiae
1564 476 1697 518 mea:
1727 436 1977 513 fiduciam
2008 460 2056 516 Α

409 552 477 639 ad
504 548 709 637 tantum
737 588 874 643 Opus
900 570 1087 623 idonee
1117 558 1520 630 exsequendum
1549 552 1750 608 nullam
1782 548 1976 609 habeo,

411 686 594 745 qumso
631 674 691 721 ut
716 640 917 735 vestra‘
938 671 1094 713 sacra
1124 650 1350 707 intentio
1376 646 1518 717 apud
1540 644 1708 698 Deum
1734 640 1981 694 obtinere

410 730 637 822 laboret,
667 730 930 824 quatenus
950 755 1003 802 et
1031 760 1117 800 me
1144 744 1316 813 ipsum
1345 739 1556 794 sincere
1580 730 1900 793 custodiam,
1928 736 1984 803 et

412 848 823 907 commissorum
863 836 995 893 mihi
1023 847 1210 891 curam
1246 846 1310 885 eo
1338 830 1631 883 miserante
1657 818 1982 876 venerabili-

413 953 497 997 ter
519 937 700 994 saltim
731 943 1039 987 exerceam.
1067 921 1460 992 Benignitatem
1480 921 1719 969 vestram
1749 911 1891 965 bene
1915 920 1983 960 ex

412 996 516 1087 hoc
538 1031 786 1097 agentem
812 1018 1098 1076 Dominum
1127 1017 1385 1082 perpetua
1412 1001 1783 1060 incolumitate
1816 996 1987 1053 beati-

415 1096 750 1187 ficareiopto,
770 1104 1209 1167 reverentissime
1230 1096 1448 1171 praesul.

991 1232 1319 1293 EPISTOLA
1361 1230 1423 1284 II.

817 1370 884 1409 AD
919 1359 1205 1406 ECCLESIAM
1243 1352 1601 1397 SENONENSEI.

490 1470 735 1531 Dominis
761 1457 1119 1525 sanctissimis
1144 1462 1199 1509 et
1239 1442 1707 1505 reverendissimis
1734 1439 1995 1511 fratribus

424 1578 479 1624 et
511 1558 863 1633 coepiscopis,
905 1543 1326 1619 religiosissimis
1354 1552 1569 1611 quoque
1595 1545 1650 1591 et
1673 1531 1997 1589 venerabili-

552 1621 836 1711 alibatibus
860 1648 915 1701 in
942 1644 1148 1699 ditione
1168 1634 1369 1693 domini
1391 1627 1735 1700 imperatoris
1757 1621 1993 1679 Lotharii

426 1742 755 1805 screnissimi
786 1733 1013 1808 Augusti
1040 1773 1055 1797 ,
1083 1724 1392 1784 constitutis
1416 1764 1431 1788 ,
1462 1720 1714 1775 Aldricus
1742 1714 1998 1771 minimus

1438 352 1492 405 S.
1527 346 1797 404 ΑΙ,ῡῆιεί
1834 340 2259 399 SENONENSIS
2299 335 2615 391 ARClllEP.

3550 326 3660 380 liii

2082 456 2150 509 ob
2180 468 2421 507 amorem
2452 451 2546 506 Dei
2579 458 2633 504 et
2674 445 2969 501 remedium
3006 443 3201 498 animae
3236 439 3340 497 virl
3370 439 3455 497 sui
3494 443 3664 510 Hegi-

2087 543 2247 607 narii,
2278 542 2390 597 sive
2427 556 2523 610 pro
2561 538 2755 607 seipsa,
2793 548 3121 603 suorumque
3148 532 3443 586 liberorum
3471 547 3538 587 ac
3568 549 3667 602 pa-

2082 641 2332 694 rentum,
2369 631 2435 683 ad
2483 627 2847 697 supradictam
2888 623 3077 679 cellam
3108 622 3253 676 beati
3293 621 3527 692 Remigii
3567 638 3665 691 per

2084 722 2390 779 donationis
2421 719 2632 773 titulum
2663 716 2958 787 delegavit,
2998 714 3084 769 vel
3115 712 3376 768 tradidit:
3413 727 3476 767 ea
3515 713 3659 767 vide-

2082 814 2211 869 licet
2235 812 2465 877 ratione,
2497 818 2557 864 ut
2584 807 2798 863 divinus
2829 806 2903 860 ibi
2934 812 3187 876 ageretur
3213 803 3423 868 cultus,
3458 810 3516 856 et
3556 801 3671 856 illis

2083 918 2184 972 pro
2206 916 2436 971 quorum
2469 897 2645 953 salute
2677 896 2934 951 traditum
2960 894 3168 959 fuerat,
3204 902 3494 963 augeretur
3521 907 3664 946 mer-

2085 1007 2199 1048 ces.
2230 988 2490 1044 Volumus
2517 988 2681 1041 etiam
2700 1026 2715 1051 ,
2749 993 2810 1039 ut
2850 984 2967 1038 loca
2997 997 3161 1052 super
3193 998 3313 1052 qua:
3335 980 3669 1037 aediﬁcatum
3742 1009 3753 1052 ι.

2092 1080 2190 1136 fuit
2217 1078 2585 1148 supradictum
2612 1074 3018 1137 monasterium,
3060 1073 3114 1127 id
3135 1079 3221 1127 est
3245 1086 3423 1142 agros,
3453 1071 3668 1131 vineas,

2092 1177 2454 1240 prata,areas,
2472 1166 2554 1221 vel
2582 1165 2762 1220 omnia
2785 1180 2905 1233 qua:
2931 1162 3071 1217 infra
3098 1177 3283 1216 muros
3310 1161 3547 1217 civitatis
3573 1162 3671 1214 ba-

2091 1260 2225 1325 buit,
2256 1258 2341 1313 vel
2374 1265 2548 1323 extra,
2578 1258 2780 1325 absque
2818 1254 3046 1325 alicujus
3072 1253 3430 1308 diminutione
3458 1268 3526 1308 ac
3564 1253 3670 1307 im-

2093 1351 2397 1420 pedimento
2432 1348 2666 1402 habeant
2707 1352 2948 1400 rectores
2980 1351 3035 1398 et
3073 1343 3345 1408 monachi,
3382 1343 3450 1398 ad
3478 1358 3669 1398 eorum

2092 1456 2224 1498 usus
2248 1440 2339 1510 qui
2375 1439 2573 1494 ibidem
2602 1438 2711 1493 Deo
2743 1438 2843 1493 sub
2872 1451 3062 1491 norma
3087 1434 3231 1490 beati
3262 1433 3543 1490 Benedicti
3579 1433 3675 1489 de-

2093 1533 2326 1604 guerint.

2166 1624 2337 1695 Hujus
2374 1608 2558 1692 itaque
2588 1622 2665 1676 rei
2696 1635 2857 1675 causa
2890 1620 3031 1674 hanc
3058 1617 3255 1673 seriem
3291 1615 3462 1671 libelli
3493 1615 3675 1685 diges-

2097 1726 2208 1773 tam
2263 1714 2604 1771 sanctissimo
2651 1711 2815 1766 coetui
2844 1716 3028 1766 vestro
3079 1707 3424 1779 relegendam
3451 1748 3466 1773 ,
3508 1715 3676 1776 atque

426 1849 702 1893 servorum
722 1790 924 1886 Christi
950 1820 1201 1883 famulus,
1227 1821 1427 1871 sanctae
1453 1809 1734 1867 Senonicze
1756 1802 1999 1861 ecclesize

2122 1806 2294 1863 restris
2320 1804 2812 1873 subseriptionibus
2832 1800 3193 1855 roborandam
3219 1797 3410 1862 obtuli,
3437 1813 3551 1867 quo
3570 1808 3674 1851 sta-

425 1922 877 1992 archiepiscopus.

498 1987 710 2085 Optime
743 1987 1066 2063 venerabilis
1092 2008 1145 2055 et
1174 1997 1284 2051 Deo
1310 1992 1504 2049 devota
1530 1987 1792 2044 sanctitas
1820 1991 2000 2037 vestra

428 2077 578 2166 novit
627 2110 828 2175 quanta
868 2099 944 2154 sit
986 2107 1117 2150 cura
1164 2098 1217 2144 et
1255 2084 1613 2144 sollicitudine
1651 2077 2002 2135 commissum

429 2202 586 2258 nobis
642 2191 912 2267 pastorale
962 2186 1202 2255 regimen
1248 2178 1503 2235 tuendum
1555 2180 1717 2241 atque
1772 2176 2004 2223 tractan-

432 2294 578 2348 dum.
613 2256 746 2343 dum
772 2283 941 2338 simus
969 2276 1132 2348 igitur
1165 2273 1219 2326 in
1260 2266 1473 2338 specula
1510 2259 1767 2318 Ecclesia:
1803 2256 2005 2312 consti-

432 2345 555 2443 tuti,
587 2385 641 2434 et
660 2375 801 2429 viam
820 2345 1049 2428 caeteris,
1077 2377 1175 2433 per
1198 2373 1360 2429 quam
1392 2352 1599 2425 ingredi
1630 2349 1698 2405 ad
1720 2347 1886 2402 vitam
1916 2345 2005 2400 de-

432 2434 613 2533 beam,
647 2467 938 2522 debeamus
958 2453 1274 2515 ostendere;
1305 2453 1565 2517 quantum
1589 2455 1746 2511 posse
1772 2444 1827 2493 et
1854 2434 2007 2490 intel-

433 2528 609 2632 ligere.
641 2553 819 2611 divina
859 2542 1142 2603 clementia
1172 2536 1413 2600 dederit,
1446 2528 1796 2599 satagendum
1832 2531 1917 2580 est
1943 2538 2007 2579 ea

435 2617 554 2722 qua:
582 2646 737 2702 nobis
761 2637 1047 2697 commissa
1069 2639 1215 2695 sunt,
1244 2625 1537 2683 secundum
1556 2619 1649 2674 Dei
1679 2617 2008 2672 voluntatem

436 2708 657 2814 provide
684 2734 1084 2806 prudenterque
1106 2728 1340 2777 tractare
1368 2735 1380 2770 :
1409 2722 1470 2769 ut
1498 2726 1604 2767 non
1636 2708 1810 2765 solum
1838 2719 2010 2775 quan-

438 2797 529 2890 diu
559 2828 876 2889 advivimus,
912 2822 966 2876 in
989 2813 1242 2889 prmsenti
1281 2819 1538 2878 tempore,
1572 2800 1774 2856 nostris
1797 2797 2012 2853 valeant

439 2923 696 2997 prodesse
737 2911 1011 2983 subjectis,
1060 2918 1251 2961 verum
1293 2899 1477 2997 etiam.
1506 2903 1563 2997 et
1598 2892 2012 2997 inuperpetu‘un:

443 2975 856 3080 illi‘s'prospecta
896 2997 1201 3070 proficiant,
1244 2989 1336 3059 qui
1374 2988 1430 3042 in
1462 2984 1597 3041 locis
1636 2980 1817 3035 divino
1844 2975 2012 3031 cultui

442 3068 797 3169 mancipatis,
847 3068 1155 3156 nostraeque
1192 3078 1426 3136 solertia:
1464 3075 1532 3129 ad
1581 3068 1873 3140 regendum
1914 3078 2015 3133 pro

448 3158 689 3263 tempore
716 3158 1019 3244 commissis
1036 3219 1052 3245 ,
1088 3186 1335 3245 superna:
1359 3164 1544 3239 pietati
1570 3158 1823 3218 servituri
1846 3161 2012 3219 sunt;

446 3249 536 3357 qui
561 3249 698 3340 ldum
727 3279 793 3333 de
820 3271 1063 3344 corporis
1102 3261 1545 3333 necessitatibus,
1586 3255 1761 3309 victus
1806 3249 1926 3304 dico
1956 3261 2021 3301 ac

446 3337 787 3434 vestimenti,
836 3361 1052 3422 solliciti
1080 3373 1189 3415 non
1215 3353 1450 3416 fuerint,
1488 3347 1725 3402 animum
1758 3341 1927 3396 libere
1965 3337 2020 3392 in

449 3428 645 3523 divina:
692 3428 1160 3525 contemplationis
1213 3444 1390 3517 specie
1432 3442 1599 3512 tigere
1639 3434 1887 3495 valeant;
1935 3428 2022 3484 cui

453 3567 663 3613 summo
687 3565 752 3605 ac
780 3543 1003 3602 salutari
1034 3543 1175 3596 bono
1200 3536 1543 3596 inhaerentes,
1577 3543 1641 3583 eo
1668 3539 1881 3594 semper
1909 3535 2023 3575 sus-

454 3647 636 3716 pirant
662 3648 772 3696 tota
798 3636 907 3707 spei
951 3634 1197 3688 libertate
1237 3623 1504 3695 suspensi,
1529 3635 1636 3691 quo
1663 3633 1721 3673 se
1742 3612 2027 3687 pervenire

455 3708 634 3791 divina
664 3733 797 3786 duce
836 3725 1006 3797 gratia
1040 3732 1256 3776 atteram
1277 3717 1402 3771 vita:
1435 3712 1713 3785 praemium
1741 3708 1853 3777 jam
1894 3719 2025 3759 con-

454 3804 623 3880 secuti
656 3796 980 3887 gaudebunt.
1008 3813 1075 3866 Et
1109 3819 1285 3864 tamen
1317 3821 1439 3861 cum
1463 3805 1702 3858 sciamus
1730 3815 1817 3852 res
1842 3796 2028 3850 Eccle-

458 3915 551 3969 siae
577 3925 697 3966 esse
726 3906 1022 3962 oblationes
1055 3901 1289 3954 fidelium
1312 3938 1326 3962 ,
1357 3896 1531 3965 pretia
1559 3900 1902 3962 peccatorum
1926 3927 1942 3954 ,
1975 3894 2028 3941 et

465 3998 782 4073 patrimonia
807 4006 1128 4065 pauperum;
1151 4001 1352 4058 easque
1371 3985 1525 4040 nobis
1554 3979 2027 4042 administrandas,

461 4070 861 4162 procurandas,
901 4091 1063 4152 atque
1091 4077 1419 4134 ordinandas
1459 4072 1792 4141 suscepisse;
1838 4070 2030 4123 harum

460 4161 643 4237 rerum
671 4175 1138 4233 administratores
1160 4184 1258 4224 nos
1280 4181 1398 4223 esse
1420 4164 1729 4221 meminisse
1753 4161 2028 4223 debemus,

460 4283 518 4330 et
536 4270 776 4326 redditus
800 4276 1172 4334 expensasque
1202 4274 1389 4315 earum
1417 4257 1498 4312 eis
1518 4255 1706 4311 usibus
1738 4252 2029 4323 applicare,

463 4376 689 4435 quorum
718 4357 890 4430 gratia
917 4353 1112 4408 divinis
1138 4349 1397 4405 altaribus
1423 4347 1665 4416 allegataa
1691 4350 2005 4400 noscuntur.

536 4452 765 4508 Proinde
791 4447 858 4502 ad
888 4444 1193 4501 sanctitatis
1224 4450 1413 4496 vestra:
1437 4439 1736 4509 piissimam
1773 4436 2029 4491 intentio-

466 4561 589 4602 nem
622 4542 916 4616 perducere
952 4535 1161 4599 statui,’
1188 4532 1423 4603 qualiter
1451 4530 1616 4585 cellas
1645 4528 2031 4582 monachorum

467 4637 710 4694 ecclesiae
755 4630 1015 4701 episcopii
1060 4625 1312 4699 parvitati
1344 4637 1479 4678 mete
1521 4619 1822 4683 commissi,
1864 4616 1922 4672 id
1955 4626 2041 4671 est

466 4728 603 4784 cella
640 4723 813 4781 sancti
846 4719 1075 4791 Remigii
1107 4713 1433 4772 confessoris
1457 4710 1657 4767 Christi
1688 4708 1743 4762 in
1778 4707 2040 4762 suburbio

468 4819 705 4875 civitatis
731 4822 1064 4876 constructa,
1090 4824 1209 4881 quae
1233 4808 1360 4863 olim
1392 4820 1488 4875 per
1515 4802 1808 4859 divisiones
1829 4800 2036 4869 praede-

471 4920 745 4963 cessorum
772 4917 1013 4958 meorum
1038 4910 1278 4968 tempore
1297 4895 1400 4949 fuit
1416 4893 1657 4961 disrupta
1687 4909 1700 4946 :
1733 4899 1788 4945 et
1812 4892 1881 4944 ob
1903 4890 2043 4944 hanc

472 4995 849 5069 negligentiam
880 4990 1150 5054 monachi,
1178 4989 1269 5058 qui
1299 4982 1499 5040 ibidem
1529 4983 1640 5037 Deo
1670 4982 1868 5053 degere
1894 4982 2044 5037 vide-

472 5090 689 5150 bantur,
720 5093 937 5155 propter
962 5081 1198 5152 inopiam
1231 5087 1285 5130 et
1321 5074 1783 5145 importunitatem
1819 5071 1923 5128 loci
1961 5086 2045 5126 re—

474 5178 653 5251 gulam
679 5174 822 5229 beati
852 5169 1122 5226 Benedicti
1146 5209 1162 5233 ,
1190 5175 1249 5221 ut
1271 5166 1587 5229 debuerant,
1617 5164 1832 5234 penitus
1856 5163 2046 5218 obser-

477 5284 604 5324 vare
636 5280 743 5322 non
766 5270 1035 5335 poterant.
1060 5258 1265 5314 idcirco
1292 5271 1395 5312 una
1426 5270 1550 5311 cum
1570 5255 1794 5331 consilio
1817 5255 2042 5309 fratrum

476 5367 807 5417 nostrorum,
855 5351 1235 5407 canonicorum
1262 5345 1510 5401 videlicet
1542 5353 1599 5398 et
1632 5326 2043 5407 monachorum,

479 5469 579 5509 nec
614 5466 719 5506 non
748 5455 803 5503 et
831 5443 1065 5501 ﬁdelium
1093 5441 1372 5501 laicorum,
1417 5438 1591 5491 visum
1621 5443 1704 5490 est
1741 5434 1896 5489 nobis
1929 5449 2051 5502 pro-

477 5557 596 5616 pter
639 5536 1099 5611 importunitatem
1145 5531 1273 5595 loci,
1320 5540 1377 5584 et
1412 5528 1800 5584 monachorum
1848 5526 2048 5581 ibidem

483 5614 593 5687 Dea
612 5630 936 5701 degentium,
954 5623 1232 5696 praefatam
1260 5619 1449 5676 cellam
1480 5618 1549 5672 ad
1572 5614 1862 5671 Valliculas
1883 5624 2051 5672 trans-

486 5708 711 5783 mutarc,
759 5729 811 5772 et
839 5735 865 5772 a
910 5716 1254 5771 fundamento
1280 5708 1568 5775 :ediiicare,
1600 5721 1762 5778 quam
1791 5706 2052 5763 Rotblaus

2101 1908 2252 1955 tuere
2276 1912 2373 1967 per
2397 1903 2635 1950 vestram
2663 1892 3074 1948 unanimitatem
3099 1889 3310 1944 decrevi
3343 1929 3359 1954 ,
3389 1896 3453 1942 ut
3498 1886 3685 1941 nullus

2101 1991 2354 2060 deinceps
2376 1988 2770 2057 episcoporum,
2790 1983 3096 2052 quicunque
3116 1996 3214 2050 per
3235 1990 3479 2049 tempora
3496 1979 3675 2035 divina

2100 2087 2393 2152 praestante
2418 2075 2781 2133 successerint
2826 2072 3022 2143 gratia,
3053 2070 3345 2140 quidquam
3369 2067 3437 2123 de
3477 2068 3568 2123 his
3597 2084 3679 2123 re-

2102 2174 2225 2237 bus,
2256 2187 2392 2241 quas
2422 2168 2675 2240 praesenti
2704 2174 2950 2235 tempore
2978 2170 3281 2218 memorata
3325 2160 3461 2216 cella
3493 2159 3682 2214 usibus

2104 2261 2495 2315 monachorum
2528 2256 2818 2312 attributas
2857 2251 3117 2323 possidet,
3143 2250 3423 2313 minuere,
3450 2248 3539 2302 vel
3568 2250 3684 2303 abs-

2106 2351 2342 2416 trahere,
2366 2348 2451 2404 vel
2468 2347 2589 2402 aliis
2606 2346 2793 2401 usibus
2820 2342 3110 2413 applicare,
3141 2340 3225 2395 vel
3250 2337 3500 2394 beneﬁcii
3524 2338 3680 2408 quid-

2107 2457 2289 2513 quam,
2323 2439 2409 2495 vel
2436 2452 2655 2494 suorum
2678 2435 2764 2491 vel
2783 2442 3167 2490 extraneorum
3190 2430 3320 2485 dare
3347 2436 3643 2499 presumat
3668 2446 3681 2479 :

2108 2534 2224 2599 sed,
2252 2540 2313 2586 ut
2339 2530 2646 2585 intimatum
2662 2534 2764 2592 est,
2794 2537 3126 2594 quaecunque
3155 2535 3297 2575 nunc
3320 2519 3584 2589 temporis
3604 2533 3682 2572 re-

2108 2625 2243 2679 tinet
2286 2637 2383 2692 per
2413 2621 2625 2675 diversa
2675 2617 2797 2672 loca
2846 2623 2901 2671 et
2929 2613 3197 2669 territoria
3224 2652 3239 2678 ,
3280 2612 3471 2666 usibus
3499 2625 3685 2665 mona-

2110 2690 2335 2769 chorum
2367 2712 2639 2781 deputata,
2678 2716 2734 2764 et
2756 2722 2874 2777 quae
2901 2721 2932 2760 a
2960 2690 3268 2760 timentibus
3288 2703 3458 2757 Deum
3509 2703 3683 2757 eidem

2108 2801 2451 2875 postmodum
2480 2801 2679 2855 fuerint
2699 2799 2819 2854 loco
2851 2796 3066 2861 collata,
3095 2796 3297 2864 absque
3324 2794 3429 2848 ulla
3457 2794 3688 2849 diminu-

2112 2895 2258 2949 tione
2300 2893 2383 2947 vel
2440 2890 2806 2947 subtractione
2853 2887 3003 2943 cellae
3056 2895 3112 2941 et
3148 2885 3434 2940 monachis
3487 2884 3683 2940 ibidem

2114 2983 2559 3042 conversantibus
2588 2988 2847 3038 maneant
2869 2977 3201 3035 inconvulse.

2188 3077 2313 3132 Hzec
2335 3084 2512 3131 autem
2550 3081 2675 3129 sunt
2715 3071 2855 3125 infra
2896 3069 3096 3140 scripta
3128 3068 3246 3124 loca
3290 3067 3682 3122 monachorum

2122 3169 2404 3241 stipendiis
2432 3168 2487 3221 in
2536 3171 2834 3220 memorata
2872 3161 3005 3216 cella
3051 3157 3360 3230 degentium
3402 3157 3682 3213 destinata.

2122 3259 2379 3316 Primitus
2397 3255 2700 3320 Valliculas,
2729 3253 2818 3309 ubi
2850 3250 3115 3306 :edificare
3139 3249 3427 3319 prmfatum
3450 3247 3686 3302 volumus

2127 3351 2512 3410 monasterium
2543 3365 2557 3415 ;
2595 3346 2833 3402 Staticus
2855 3358 2979 3397 cum
3023 3339 3344 3409 adjacentiis
3370 3339 3506 3403 suis,
3540 3337 3591 3392 id
3610 3346 3686 3391 est

2126 3457 2280 3503 vetus
2300 3443 2578 3500 Ferrarias
2612 3458 2627 3507 ;
2658 3448 2714 3494 et
2746 3438 2906 3492 Petra
2932 3435 3145 3491 Ursana
3172 3448 3297 3487 cum
3329 3430 3618 3486 territoriis
3635 3437 3683 3482 et

2126 3542 2315 3607 silvis;
2342 3538 2676 3609 Chryniacus
2701 3550 2825 3589 cum
2852 3531 3130 3601 adjacente
3159 3528 3262 3583 sibi
3297 3526 3682 3588 Hermentaria,

2128 3646 2249 3686 cum
2272 3626 2561 3683 territoriis
2574 3624 2790 3680 etsilvis
2809 3639 2823 3688 ;
2839 3618 3191 3675 Fontanicula
3214 3633 3341 3673 cum
3371 3614 3681 3675 territoriis;

2128 3726 2303 3779 Lausa
2331 3737 2454 3776 cum
2489 3717 2809 3788 adjacentiis
2830 3715 2943 3771 suis
2973 3755 2987 3779 ,
3016 3715 3117 3768 hoc
3143 3720 3226 3767 est
3255 3711 3377 3765 vico
3415 3708 3585 3763 sancti
3611 3705 3682 3759 Si-

2130 3813 2327 3876 dronii,
2379 3826 2505 3865 cum
2533 3808 2820 3863 territoriis
2840 3814 2896 3859 et
2924 3803 3072 3859 silvis
3105 3843 3119 3866 ,
3162 3809 3218 3856 et
3251 3799 3415 3855 simul
3466 3797 3680 3857 latione;

2132 3904 2451 3969 Bracciacus
2477 3916 2598 3957 cum
2638 3896 2963 3961 territoriis;
2995 3892 3375 3953 Columbarins
3399 3903 3523 3945 cum
3550 3885 3682 3953 adja-

2132 3997 2327 4055 centiis
2350 3995 2482 4059 suis,
2519 3993 2620 4048 hoc
2640 3998 2723 4046 est
2750 3987 3115 4050 Esthiniacus,
3149 3983 3441 4046 Silviacus,
3471 3988 3526 4036 et
3546 3975 3685 4033 terri-

2134 4088 2273 4142 toria
2303 4098 2492 4140 eorum
2532 4097 2653 4136 cum
2676 4079 2862 4143 silvis;
2896 4075 3217 4130 Villamesea
3250 4087 3375 4127 cum
3427 4068 3684 4138 adjacente

2134 4179 2235 4234 sibi
2280 4183 2442 4247 ponte
2476 4183 2531 4229 et
2559 4169 2864 4233 territorio;
2898 4166 3246 4222 Miseeriacus
3270 4176 3395 4218 cum
3426 4159 3682 4228 adjacentc

2136 4267 2237 4321 sibi
2260 4245 2529 4319 'l‘ernanta
2561 4278 2576 4326 ;
2609 4258 2886 4314 Villanova
2934 4271 3057 4311 cum
3104 4252 3421 4323 adjacentiis
3445 4248 3569 4311 suis,
3594 4245 3684 4298 hoc

2135 4362 2219 4409 est
2243 4350 2570 4408 Cavanarias
2600 4390 2613 4414 ,
2642 4357 2697 4403 et
2720 4346 3058 4416 Capotenus;
3093 4340 3364 4397 Noerollis
3388 4354 3507 4395 cum
3550 4333 3683 4403 adja-

2064 4468 2110 4526 D
2136 4450 2293 4498 centc
2319 4440 2424 4495 sibi
2469 4435 2780 4507 Caprcnciis
2833 4451 2955 4489 cum
3008 4431 3297 4487 territoriis
3344 4437 3398 4484 et
3431 4427 3572 4482 silvis
3594 4464 3608 4484 ,
3634 4433 3681 4475 et

2136 4530 2294 4586 simul
2319 4528 2575 4583 Puteolis.
2615 4526 2671 4580 ln
2697 4539 2907 4580 summo
2932 4530 3057 4578 sunt
3082 4535 3270 4575 mansa
3299 4527 3512 4574 centum
3535 4527 3683 4568 nona—

2138 4626 2311 4697 ginta,
2336 4631 2388 4676 et
2417 4619 2649 4689 hospitia
2686 4618 2869 4673 decem
2898 4623 2954 4669 et
2990 4628 3204 4669 novem.
3231 4608 3501 4679 Quidquid
3524 4606 3682 4671 itaque

2139 4696 2195 4768 in
2229 4710 2554 4781 supradictis
2577 4708 2711 4763 locis
2736 4704 2818 4760 vel
2850 4704 2998 4760 circa
3030 4700 3275 4756 eamdem
3301 4696 3543 4753 cellulam
3566 4704 3685 4761 pne-

2144 4805 2283 4860 senti
2315 4812 2556 4870 tempore
2578 4797 2830 4853 monachi
2872 4795 2927 4848 in
2968 4793 3154 4847 eadem
3198 4788 3396 4842 divina:
3425 4784 3595 4858 gratiae
3617 4777 3685 4831 fa-

2145 4895 2411 4950 mulantes
2434 4889 2713 4962 possidere
2736 4892 3037 4942 noscuntur
3065 4924 3080 4948 ,
3110 4880 3198 4935 vel
3218 4880 3263 4936 si
3301 4895 3408 4949 qua
3437 4883 3556 4932 sunt
3577 4869 3680 4924 alia.

2145 4998 2267 5054 quae
2296 4981 2434 5037 forte
2468 4993 2644 5034 meam
2674 4975 2924 5046 fugerunt
2964 4973 3314 5036 memoriam,
3344 4977 3402 5032 et
3440 4977 3604 5021 tamen
3626 4975 3682 5013 ea

2148 5050 2261 5129 suis
2296 5069 2578 5141 stipendiis
2623 5067 2898 5136 assignata
2926 5063 3159 5117 retinent
3189 5101 3203 5125 ,
3225 5074 3352 5115 cum
3404 5050 3680 5112 territoriis.

2148 5164 2339 5227 vineis,
2367 5161 2569 5232 pratis,
2600 5158 2773 5222 silvis,
2823 5156 2980 5224 aquis
3010 5166 3345 5223 aquarumve
3375 5146 3685 5204 decursibus,

2148 5263 2203 5309 et
2235 5252 2444 5308 caeteris
2469 5247 2786 5318 adjacentiis
2815 5285 2831 5309 ,
2855 5244 2986 5314 ipsis
3015 5250 3221 5296 tantum
3260 5254 3329 5294 ex
3378 5239 3608 5306 integro,
3639 5236 3688 5279 cl

2153 5342 2488 5413 prmmissum
2538 5348 2662 5402 est,
2716 5348 3014 5403 eorumque
3065 5332 3252 5385 usibus
3298 5326 3423 5395 jure
3462 5328 3689 5396 perpetrm

2153 5435 2357 5500 absque
2400 5429 2509 5484 ulla
2569 5426 2927 5483 diminutione
2978 5422 3080 5477 sub
3128 5428 3392 5491 praetexto
3440 5405 3688 5471 memorati

2153 5522 2410 5594 cpiscopii
2440 5520 2609 5577 nostri
2630 5518 2753 5588 jure
2783 5517 2965 5573 debito
2991 5514 3204 5570 cedant.

2226 5614 2296 5667 At
2322 5628 2451 5668 vero
2480 5610 2761 5680 cpiscopus
2803 5607 2897 5678 qui
2932 5620 3030 5675 pro
3064 5612 3308 5672 tempore
3352 5610 3562 5655 auctore
3603 5594 3695 5646 lk‘u

2158 5704 2449 5778 prmfuerit,
2479 5701 2729 5756 abbatem
2755 5700 2820 5755 de
2848 5697 3039 5753 eodem
3053 5693 3406 5757 monasterio,
3431 5704 3545 5745 eum
3566 5683 3691 5741 vidc-
