3884 6192
230 265 340 331 613

1676 255 2055 321 EPISTOLAE.

3400 269 3503 327 Sil

228 392 363 447 licet
385 401 547 457 quem
581 385 762 440 omnis
794 382 1144 458 congregatio
1188 382 1295 439 sibi
1325 381 1687 437 ordinandum
1718 396 1817 452 po-
1848 385 1895 444 Λ
1928 388 2009 435 ter
2036 378 2320 452 rclegenda
2350 379 2651 435 firmamus.
2677 381 2744 437 Et
2782 392 2841 437 ut
2866 391 2978 438 rata
3002 381 3257 458 deinceps
3284 400 3503 445 manere

229 480 492 554 poscerit,
531 486 587 532 et
614 478 903 533 sinceritas
929 492 1143 532 morum
1168 517 1182 542 ,
1213 485 1269 531 et
1295 477 1562 531 bonorum
1600 482 1818 530 actuum

228 572 480 643 probitas
512 568 979 625 commendaverit
1001 609 1015 632 ,
1047 570 1092 622 si
1119 567 1261 621 inter
1302 581 1398 623 eos
1431 566 1554 620 talis
1590 565 1819 619 inveniri

229 664 516 734 quiverit,
565 661 646 715 eis
692 660 1055 714 ordinandam
1102 665 1377 729 procuret.
1414 657 1568 724 Quod
1600 657 1645 711 si
1697 656 1822 711 talis

230 755 382 811 inter
407 768 502 809 eos
525 751 748 806 minime
778 750 1010 804 inveniri
1036 749 1272 818 potuerit
1298 788 1311 811 ,
1345 747 1412 800 de
1448 748 1634 802 eadem
1662 761 1823 816 paro-

232 847 359 900 chia
394 843 481 898 vel
524 842 745 897 diuacesi
771 840 1061 905 Senonica,
1102 838 1568 894 consentientibus
1618 836 1823 891 sanctis

234 935 574 1007 coepiscopis
626 932 865 1001 ejusdem
901 930 1185 996 dimcesis,
1213 938 1268 985 et
1303 929 1706 998 circumpositis
1731 942 1822 981 ve-

236 1025 569 1082 nerabilibus
592 1024 898 1089 abbatibus,
929 1024 1009 1077 eis
1041 1022 1445 1093 praeficiendum
1489 1030 1652 1090 atque
1677 1021 1826 1075 ordi-

236 1118 477 1172 nandum
501 1115 797 1185 provideat.
826 1115 882 1168 in
910 1115 1268 1184 aggregandis
1294 1129 1509 1183 quoque
1539 1114 1824 1168 monachis

236 1209 387 1264 hunc
410 1207 627 1262 modum
662 1205 832 1259 abbas
871 1205 962 1274 qui
993 1203 1290 1274 prrefucrit,
1324 1210 1507 1258 teneat
1537 1244 1551 1268 ,
1580 1216 1639 1281 ut
1664 1204 1825 1257 trice-

236 1301 455 1355 narium
484 1312 771 1355 numerum
809 1297 1132 1366 quantitatis
1167 1312 1377 1351 summa
1417 1312 1524 1351 non
1574 1286 1820 1361 excedat,

240 1391 414 1448 donec
463 1407 642 1447 rerum
697 1391 853 1461 ecpia
899 1388 1074 1458 major
1133 1398 1462 1444 succrescat.
1524 1389 1823 1458 Episcopus

240 1496 456 1551 quoque
500 1481 554 1533 in
601 1479 883 1549 exigendis
915 1479 1230 1534 muneribus
1278 1477 1532 1532 abbatem
1578 1475 1823 1544 ejusdem

239 1572 345 1630 loci
403 1589 510 1627 non
557 1579 783 1643 gravet:
823 1571 918 1625 sed
962 1568 1195 1625 sulliciat
1235 1572 1286 1624 ei
1337 1570 1405 1623 ad
1460 1584 1636 1622 annua
1684 1568 1822 1622 dona

239 1680 416 1735 equus
441 1678 601 1728 unus,
647 1670 701 1716 et
722 1670 936 1717 scutum
970 1677 1095 1717 cum
1131 1661 1339 1716 lancea.
1379 1659 1531 1726 Quod
1566 1659 1612 1714 si
1651 1659 1705 1712 in
1727 1672 1821 1713 ex-

1920 471 2135 539 possint
2159 487 2277 542 qua:
2304 473 2510 542 scripta
2533 484 2675 540 sunt,
2704 476 2958 531 manibus
2981 485 3175 533 vestrae
3196 481 3505 540 sanctitatis

1922 563 2228 619 roboranda
2250 563 2680 633 expostulamus.

1992 653 2052 711 In
2074 655 2275 711 Christi
2302 657 2520 712 nomine
2551 656 2802 713 Aldricus
2838 660 3081 717 ecclesiae
3118 661 3402 722 Senonica:
3431 667 3509 722 in-

1924 748 2118 818 dignus
2143 748 2585 819 archiepiscOpus
2614 750 2718 805 hoc
2746 752 3086 825 privilegium
3118 753 3236 810 ﬁeri
3265 755 3508 824 decrevi,

1924 847 1979 893 et
2006 840 2324 909 subscripsi.

1993 932 2050 986 In
2079 931 2284 986 Christi
2310 933 2527 986 nomine
2553 932 2926 989 Landramnns
2953 935 3237 992 Turonicze
3266 937 3509 996 ccclesize

1924 1024 2367 1093 archiepiscopus
2397 1025 2706 1095 recognovi,
2733 1033 2787 1079 et
2822 1027 3142 1096 subscripsi.

1993 1117 2051 1171 In
2076 1116 2279 1172 Christi
2319 1117 2539 1171 nomine
2565 1117 2992 1172 Bartholomrcus
3022 1118 3393 1177 Narbonensis
3421 1137 3507 1178 cc-

1924 1208 2105 1263 clesiae
2133 1207 2573 1277 archiepiscopus
2600 1206 2725 1271 feci,
2749 1217 2805 1262 et
2832 1209 3148 1279 subscripsi.

1996 1298 2159 1354 Jonas
2202 1298 2613 1355 Aurelianensis
2638 1299 2887 1354 ecclesiae
2935 1300 3185 1373 indignus
3215 1301 3504 1374 episcopus

1924 1390 2053 1443 huic
2089 1389 2233 1444 facto
2263 1388 2589 1457 astipulator
2615 1389 2938 1458 subscripsi.

1994 1479 2106 1550 Ego
2120 1478 2427 1533 Rainardus
2441 1477 2890 1547 Rolhomagensis
2902 1478 3187 1549 cpiscopus
3198 1481 3513 1552 subscripsi.

1995 1569 2291 1625 Rotualdus
2314 1567 2723 1624 Suessionensis
2750 1568 3034 1638 episcopus
3065 1570 3193 1626 huic
3213 1570 3357 1628 facto
3379 1572 3510 1628 sub—

1929 1676 2146 1732 SCl‘lpSl.

235 1756 571 1827 peditionem
603 1754 871 1825 publicam
924 1755 1006 1809 ire
1034 1754 1218 1825 jussus
1254 1752 1437 1819 fuerit,
1471 1751 1742 1806 addantur
1776 1750 1824 1805 ei
1855 1738 1902 1796 Β
2000 1754 2252 1809 Aldricus
2280 1751 2701 1808 Cenomannicae
2731 1754 2885 1808 ubis
2914 1754 3224 1825 episcopus.

241 1849 315 1902 de
337 1848 528 1902 eodem
568 1847 686 1900 loco
716 1861 871 1900 carra
909 1847 1014 1899 duo
1041 1886 1056 1910 ,
1090 1860 1257 1899 unum
1281 1844 1415 1908 vini,
1438 1843 1670 1897 alterum
1698 1842 1829 1896 fari-

236 1954 346 2005 nae,
392 1953 649 1994 verveces
688 1938 915 1993 decem:
955 1952 1117 2007 supra
1153 1952 1273 2007 qua:
1309 1937 1364 1990 in
1400 1936 1678 2005 exigendis
1710 1951 1825 1990 mu-

236 2032 490 2098 neribus,
515 2031 833 2102 cupiditatis
860 2071 877 2096 ,
900 2030 1252 2099 avaritiaeque
1275 2045 1437 2085 causa
1475 2042 1706 2101 gravare
1733 2045 1829 2085 eos

235 2123 549 2178 nullatenus
574 2131 893 2193 przesumat,
911 2138 981 2178 ne
1002 2131 1056 2178 et
1081 2123 1331 2178 monachi
1357 2123 1599 2192 ejusdem
1617 2122 1827 2178 cellula:

235 2213 615 2282 hujuscemodi
652 2213 869 2283 negotio
895 2229 925 2267 a
957 2228 1055 2268 suo
1083 2212 1362 2281 proposito
1392 2212 1702 2267 exorbitare
1728 2252 1743 2275 ,
1772 2220 1827 2266 et

233 2307 525 2377 episcopus
568 2320 732 2359 causa
763 2320 951 2360 eorum
988 2304 1310 2375 perditionis
1333 2302 1581 2359 addictus
1627 2303 1826 2374 sempi—

235 2404 425 2448 ternas
450 2402 675 2463 cogatur
701 2393 851 2448 luere
881 2405 1091 2462 pmnas.

308 2488 552 2559 Corpora
572 2489 735 2544 etiam
763 2495 1094 2551 sanctorum,
1131 2500 1251 2557 quae
1278 2489 1334 2542 in
1358 2494 1542 2543 nostra
1564 2488 1825 2559 parochia

228 2579 346 2650 jam
392 2581 538 2635 dicta
581 2587 898 2651 exspectant
926 2580 1009 2635 sui
1054 2579 1273 2635 beatam
1300 2580 1759 2648 immutationem,
1791 2598 1823 2637 a

234 2670 422 2739 pravis
458 2678 516 2724 et
539 2670 825 2725 desidiosis
846 2668 1162 2725 custodibus
1188 2671 1522 2740 permaxima
1548 2671 1826 2743 negligun-

238 2769 344 2823 tur,
371 2760 447 2814 ita
474 2768 534 2813 ut
552 2757 728 2814 officio
761 2758 1047 2815 luminaris
1094 2776 1159 2816 ac
1187 2761 1370 2816 debita
1396 2770 1623 2817 careant
1645 2772 1826 2818 custo-

236 2851 349 2905 dia.
376 2849 589 2906 Idcirco
614 2850 682 2905 ob
709 2864 949 2905 amorem
999 2851 1115 2917 Dei,
1159 2852 1244 2906 cui
1290 2853 1539 2909 viventes
1580 2854 1634 2908 in
1660 2871 1827 2910 carne

236 2940 567 3005 servierunt,
599 2947 654 2994 et
676 2940 1098 2995 emolumentum
1126 2938 1322 2997 animae
1351 2951 1573 3011 nostraa,
1598 2961 1696 3014 per
1727 2961 1822 3000 vo—

235 3027 509 3082 luntatem
540 3036 596 3082 et
618 3027 890 3083 licentiam
908 3029 1109 3085 domini
1133 3046 1197 3085 ac
1215 3033 1448 3101 piissimi
1469 3033 1728 3089 Ludovici
1755 3051 1823 3090 ac

236 3117 423 3173 Caroli
447 3131 653 3187 regum,
700 3119 826 3188 quia
854 3134 1153 3190 congruum
1198 3120 1267 3176 ad
1287 3123 1391 3177 hoc
1409 3122 1588 3179 locum
1617 3123 1823 3180 inveni-

234 3226 386 3276 mus,
412 3211 503 3265 illo
527 3212 858 3281 deportanda
887 3212 1153 3268 volumus.
1198 3209 1308 3270 Sed
1333 3216 1459 3285 quia
1495 3231 1652 3271 saera
1691 3232 1822 3272 aue-

237 3304 444 3357 toritas
477 3311 657 3369 vetat,
686 3318 754 3356 ne
795 3304 850 3358 in
901 3304 1098 3360 talibus
1157 3314 1215 3361 ct
1271 3307 1536 3362 similibus
1583 3308 1829 3364 ecclesiis

234 3394 444 3449 Christi
485 3409 584 3464 per
619 3393 846 3464 alicujus
872 3396 1140 3451 incuriam
1168 3397 1483 3453 scandalum
1537 3399 1824 3466 inferatur,

233 3483 532 3538 multorum
557 3484 935 3554 episcoporum
960 3486 1203 3556 exposcit
1223 3502 1583 3556 consensum;
1614 3491 1682 3545 ad
1705 3504 1827 3545 ves-

236 3585 335 3631 trae
363 3577 715 3646 paternitatis
756 3578 1005 3634 notitiam
1036 3581 1152 3635 haec
1181 3582 1366 3636 omnia
1410 3581 1646 3653 perferri
1673 3585 1824 3642 volu-

236 3683 359 3722 mus
378 3685 393 3720 :
412 3675 680 3738 quatenus
712 3679 890 3724 vestra
914 3670 1410 3741 deincepscensura
1437 3685 1491 3729 et
1512 3674 1661 3731 locus
1688 3677 1824 3748 ipse,

238 3773 400 3829 quem
430 3756 645 3813 favente
683 3759 794 3813 Deo
829 3760 1188 3816 ordinandum
1245 3765 1553 3822 stabilimus
1580 3807 1595 3832 ,
1628 3775 1685 3822 et
1714 3783 1826 3823 me-

236 3848 468 3903 moratis
509 3857 823 3904 sanctorum
852 3850 1168 3920 pignoribus
1205 3868 1237 3907 a
1264 3853 1359 3908 Dei
1402 3855 1577 3910 servis
1620 3856 1822 3912 ibidem

238 3936 349 3993 Deo
376 3937 766 3995 famulantibus
795 3941 952 4012 digne
973 3950 1030 3997 et
1056 3941 1400 3999 laudabiliter
1429 3946 1732 4013 serviatur;
1771 3955 1828 4002 et

238 4044 337 4099 pro
362 4029 569 4083 domini
620 4031 794 4086 nostri
845 4046 911 4087 ac
961 4032 1125 4089 totius
1176 4043 1378 4090 sancta:
1426 4034 1522 4091 Dei
1566 4036 1824 4093 Ecclesia:

239 4128 383 4172 statu
434 4119 702 4176 indefesse
727 4129 851 4176 vota
877 4121 1059 4178 debita
1084 4124 1478 4193 persolvantur.
1506 4126 1661 4193 Quod
1686 4144 1823 4199 opus

240 4211 352 4264 Deo
370 4211 629 4278 dicatum,
647 4221 708 4267 ut
733 4227 831 4282 per
847 4221 1088 4285 tempora
1100 4215 1359 4282 labentia,
1389 4218 1642 4274 omnibus
1666 4235 1823 4276 sanc-

238 4302 468 4357 tissimis
493 4304 739 4372 patribus
766 4314 822 4359 et
841 4303 1108 4361 fratribus
1144 4307 1198 4361 in
1221 4308 1316 4362 Dei
1344 4309 1564 4365 nomine
1594 4325 1824 4366 consen-

2002 1846 2306 1901 Careviltus
2328 1844 2637 1915 Bajocensis
2662 1846 2948 1915 episcopus
2967 1846 3280 1918 subscripsi.

2000 1936 2056 1989 In
2104 1936 2199 1991 Dei
2250 1936 2470 1991 nomine
2517 1933 2780 1991 Radulfus
2820 1936 3173 1991 choviensis
3223 1936 3510 2008 episcopus

1930 2026 2257 2096 astipulator
2278 2026 2405 2082 huic
2434 2026 2579 2080 facto
2609 2025 2927 2096 subscripsi.

1999 2116 2339 2172 Acamradus
2391 2115 2727 2170 Parisiorum
2766 2114 3023 2187 indignus
3070 2116 3356 2187 episcopus
3382 2112 3510 2171 sul:—

1930 2208 2142 2278 scripsi.

2002 2301 2309 2371 Stephanus
2333 2300 2756 2355 Bituricensium
2782 2300 3034 2371 indignus
3071 2300 3359 2371 episcopus
3389 2302 3511 2355 sui»

1929 2394 2144 2464 scripsi.

1998 2488 2225 2544 Altadus
2253 2488 2586 2544 Gencvensis
2614 2489 2900 2558 episcopus
2939 2484 3258 2555 subscripsi.

1999 2579 2354 2635 Adalhelmus
2381 2578 2794 2634 Catalaunensis
2845 2576 3132 2646 episcopus
3185 2573 3505 2643 subscripsi.

2002 2672 2306 2742 Ragnerius
2332 2669 2712 2724 Ambianeusis
2735 2668 3023 2738 cpiscopus
3045 2665 3360 2735 subscripsi.

2001 2766 2183 2822 Helias
2205 2763 2637 2820 Tricassinensis
2659 2762 2947 2833 episcopus
2978 2758 3295 2829 subscripsi.

2000 2862 2308 2917 Hucbertus
2342 2858 2701 2914 Meldensium
2721 2856 3009 2927 episcopus
3031 2853 3352 2922 subscripsi.

2001 2953 2265 3008 Alduinus
2288 2948 2708 3006 Virdunensium
2735 2947 3021 3017 episcopus
3049 2941 3366 3012 subscripsi.

2003 3043 2249 3098 Delricus
2269 3040 2583 3096 Basiliensis
2604 3038 2889 3109 episcopus
2910 3035 3118 3092 subseri
3124 3036 3228 3105 psi.

2006 3135 2121 3206 Ego
2145 3133 2474 3189 Fulconinus
2492 3129 2913 3187 Warmatiensis
2927 3130 3214 3199 episcopus
3235 3128 3518 3200 indignus.

1998 3225 2057 3280 ln
2085 3225 2183 3280 Dei
2207 3222 2429 3280 nomine
2458 3220 2763 3290 Teugrinus
2789 3218 3042 3273 Albensis
3079 3218 3381 3288 episcopus.

1997 3317 2128 3373 Atto
2157 3313 2539 3369 Namnetensis
2561 3310 2800 3366 civitatis
2813 3310 3118 3379 episcopus.

1999 3406 2297 3464 Gerfredus
2316 3402 2672 3459 Nivernensis
2691 3401 2995 3471 epise0pus.

2002 3498 2220 3554 Facona
2257 3495 2559 3566 episcopus.

1998 3592 2141 3647 Boso
2179 3590 2347 3646 abbas
2378 3604 2447 3645 ex
2484 3586 2818 3643 monasterio
2864 3585 3040 3641 sancti
3065 3585 3343 3641 Benedicti
3379 3590 3507 3642 Sub-

1928 3682 2145 3753 scripsi.

2001 3775 2341 3832 Adrevaldus
2371 3774 2539 3830 abbas
2567 3785 2636 3827 ex
2673 3768 3006 3826 monasterio
3031 3768 3382 3825 Noviacensi.

1997 3870 2270 3926 Deidonus
2306 3881 2375 3921 ex
2395 3863 2689 3920 Rbemensi
2726 3863 2975 3919 caanobio
3004 3863 3171 3919 abbas

2000 3961 2342 4020 Christianus
2367 3957 2537 4012 abbas
2561 3954 2880 4011 monasterii
2905 3955 3079 4009 sancti
3113 3953 3388 4010 Germani.

1996 4057 2053 4111 ln
2087 4055 2184 4109 Dei
2208 4051 2426 4108 nomine
2462 4063 2561 4121 ego
2581 4047 2886 4104 Bernoinus
2924 4045 3274 4101 Carnotensis
3298 4045 3506 4115 episco-

1927 4164 2029 4221 pus
2054 4143 2370 4214 subscripsi.

1998 4233 2426 4309 Ragnemundus
2450 4232 2619 4286 abbas
2635 4232 2702 4286 de
2713 4229 3044 4285 monasterio
3069 4229 3244 4284 sancti
3267 4227 3501 4285 Carileli.

1996 4329 2322 4399 lngelnonus
2350 4323 2628 4394 Sagiensis
2656 4322 2956 4394 Episcopus
2983 4321 3299 4393 subscripsi.

236 4393 530 4494 tientibus,
574 4393 869 4450 firmiorem
919 4396 1164 4452 obtineat
1204 4399 1546 4455 rectitudinis
1592 4409 1818 4468 statum,
1848 4434 1900 4494 Β
2000 4393 2147 4476 ῐὶἆγδ
2173 4393 2550 4472 ρθγίιοηεῂείε
2574 4393 2864 4484 episcopus
2884 4410 3184 4481 subscripsi
3215 4421 3262 4464 ι,

234 4491 288 4537 et
311 4484 576 4539 intactum
601 4495 942 4555 permaneat,
971 4502 1133 4541 manu
1158 4496 1359 4542 nostrze
1384 4490 1669 4559 parvitatis
1693 4493 1821 4547 sub-

310 4626 337 4689 ξ
370 4613 429 4689 in
468 4613 554 4669 his
582 4616 799 4689 litteris,
834 4633 953 4689 qua:
978 4617 1211 4689 solidam
1232 4617 1438 4673 Aldrici
1463 4620 1720 4689 pietatem
1749 4639 1814 4680 ac

235 4683 557 4755 religionem
616 4683 869 4755 spirant;
916 4688 1310 4743 emcndandum
1366 4683 1815 4748 est'vocabulum

234 4756 594 4831 monasterii,_
612 4757 699 4811 cui
714 4767 951 4831 praeerat
999 4758 1331 4831 Adrevaldus
1354 4801 1366 4821 .
1400 4776 1465 4816 ac
1493 4776 1592 4831 pro
1621 4760 1819 4816 Novia-

235 4826 386 4878 censi
402 4825 690 4893 legendum
713 4825 1138 4883 Flaviniacensi:
1161 4845 1285 4883 nam
1300 4825 1662 4886 Adrevaldum
1688 4840 1816 4890 tunc

236 4896 647 4972 _temp_9_ris_huic
672 4900 1004 4972 monasterio
1026 4898 1311 4972 prtefuisse
1336 4902 1494 4972 docet
1521 4902 1675 4972 llugo
1716 4905 1814 4959 ab-

232 4965 334 5020 bas
369 4963 794 5022 Flaviniacensis
818 4969 872 5023 in
900 4963 1189 5025 Chronico.
1212 4963 1497 5028 Deidonus
1524 4963 1810 5030 Guillelmo

1928 4621 2157 4677 Marloto
2170 4618 2385 4673 videtur
2407 4615 2572 4670 fuisse
2594 4614 2761 4669 abbas
2781 4612 3087 4683 Remigiani
3112 4608 3346 4683 emnobii
3362 4610 3503 4680 apud

1931 4692 2199 4755 Rhemos;
2231 4698 2288 4743 at
2323 4692 2539 4743 constat
2561 4684 2921 4755 Reomensem
2950 4681 3065 4755 ‘seu
3109 4681 3500 4755 Beomaen_sem

1925 4763 2114 4827 fuisse,
2148 4750 2203 4815 id
2243 4768 2328 4815 est
2368 4756 2601 4813 ccenobii
2629 4754 2815 4811 Sancti
2838 4752 3068 4827 i[cannis
3112 4753 3166 4806 in
3200 4766 3336 4823 pago
3362 4750 3500 4827 Ἱρτ-

1922 4822 2214 4888 nodorensi
2235 4871 2250 4895 ,
2279 4844 2387 4885 non
2411 4828 2796 4882 Rbemensem.
2827 4823 3310 4895 Christianuserat
3332 4822 3499 4876 abbas

1919 4892 2245 4958 monasterii
2262 4899 2434 4955 sancti
2459 4896 2712 4952 Germani
2743 4896 2884 4967 apud
2908 4892 3364 4955 Antissiodorum,
3402 4905 3498 4960 po-

1918 4982 2035 5029 stea
2060 4970 2301 5043 ejusdem
2328 4969 2482 5024 urbis
2515 4967 2824 5039 episcopus.
