3884 6192
216 246 324 303 817

928 234 1205 291 κΕυυιΑ
1244 228 1744 288 CANONICURUM
1784 229 1873 286 AB
1913 226 2273 283 AMALARIO
2316 228 2693 285 COLLECTA.

3356 236 3463 293 818

216 352 486 423 siquidem
504 345 715 416 imperii
739 344 824 398 sui
860 344 1038 408 tertio,
1078 340 1400 411 Aquisgrani
1439 338 1640 407 palatio
1696 351 1791 408 ge—

1918 358 1988 412 lio
2017 358 2069 412 in
2094 358 2281 414 eodem
2321 376 2483 431 opere
2526 363 2762 417 breviter
2809 372 3063 435 congesta
3104 364 3362 435 perfacile
3399 369 3467 423 ab

216 445 462 501 neralem
492 448 845 504 sanctumque
872 442 1223 493 convocasset
1263 439 1585 489 conventum
1608 438 1663 485 et
1687 444 1790 483 ete-

214 539 411 608 pissct,
436 531 728 587 secundum
742 530 1170 585 ardentissimam
1185 543 1311 599 erga
1333 527 1572 581 divinum
1594 523 1797 579 cultum

217 627 328 683 sibi
357 625 573 680 coalitus
607 621 925 689 inspiratam
958 618 1307 681 voluntatem,
1357 615 1525 670 multa
1556 629 1796 683 congrua

218 727 280 772 et
305 712 606 769 necessaria
644 711 710 765 de
738 707 1110 764 emendatione
1130 715 1328 762 sancta:
1350 705 1624 770 Ecclesiae,
1656 704 1798 759 illius

218 805 474 860 videlicet
500 815 704 865 amore,
736 799 829 867 qui
861 814 980 853 eam
1010 812 1109 853 suo
1140 806 1326 851 sancto
1363 805 1416 850 et
1443 796 1683 866 pretioso
1714 810 1801 850 re-

220 897 393 953 demit
416 893 696 963 sanguine,
724 892 883 961 eique
930 905 988 945 se
1018 888 1327 944 adfuturum
1355 902 1526 957 usque
1562 888 1630 942 ad
1671 902 1800 942 con—

220 985 640 1043 summationem
667 981 936 1052 pollicitus
980 988 1064 1035 est
1100 980 1303 1046 saiculi,
1348 980 1575 1034 solerter
1610 993 1675 1032 ac
1699 993 1799 1032 cu-

223 1077 370 1132 riose
390 1082 724 1145 pertractare
751 1089 765 1125 :
791 1086 857 1127 eo
885 1084 1055 1140 usque
1089 1071 1230 1125 inter
1253 1078 1448 1125 caetera
1478 1076 1801 1138 perventum

222 1177 330 1233 est,
367 1174 427 1220 ut
468 1162 716 1219 eumdem
764 1169 1011 1217 sanctum
1055 1167 1111 1215 et
1143 1158 1528 1225 venerabilem,
1562 1158 1670 1212 Deo
1705 1173 1802 1211 an-

224 1264 446 1319 nuente,
472 1260 818 1324 aggregatum
847 1262 1171 1307 conventum
1184 1250 1512 1315 consuleret,
1535 1251 1645 1304 imo
1670 1264 1802 1303 con-

198 1347 450 1405 sulendo
480 1346 813 1409 admoneret,
865 1356 1027 1412 super
1064 1341 1386 1411 quibusdam
1438 1340 1799 1394 Ecclesiarum

226 1438 550 1512 praepositis,
597 1436 687 1506 qui
729 1434 925 1506 partim
959 1433 1282 1512 ignorantia,
1325 1432 1524 1502 partim
1568 1430 1799 1494 desidia,

226 1506 567 1585 subditorum
588 1541 770 1581 curam
784 1506 1264 1596 parvipendebant,
1279 1532 1334 1578 et
1346 1524 1707 1594 hospitalitate
1717 1521 1804 1591 jn-

227 1629 311 1673 slo
333 1617 650 1688 diligebant,
675 1616 805 1685 quid
829 1615 972 1671 facto
1002 1632 1137 1687 opus
1159 1623 1321 1672 esset.
1354 1614 1612 1684 Adjunxit
1630 1614 1793 1669 etiam

225 1711 497 1765 monendo
526 1747 544 1773 ,
593 1717 656 1761 ut
697 1707 822 1776 quia
866 1707 1257 1762 canonicorum
1300 1707 1413 1761 vita
1458 1705 1691 1775 sparsim
1744 1704 1802 1759 in
1830 1688 1880 1749 Β

226 1799 400 1855 sacris
425 1796 723 1853 canonibus
749 1805 805 1850 et
845 1797 898 1851 in
923 1804 1231 1851 sanctorum
1255 1794 1476 1850 Patrum
1500 1794 1660 1850 dictis
1686 1802 1805 1849 erat

226 1891 418 1955 indita,
441 1899 663 1958 propter
691 1888 964 1958 simplices
985 1902 1228 1958 quosque
1242 1889 1527 1958 minusque
1550 1902 1802 1957 capaces,

225 1981 465 2050 aliquam
494 1995 561 2034 ex
598 1978 803 2034 eisdem
845 1978 1020 2033 sacris
1058 1979 1380 2044 canonibns,
1412 1986 1468 2035 et
1493 1987 1805 2034 sanctorum

228 2073 452 2128 Patrum
481 2070 671 2135 dictis,
706 2070 1064 2126 institutionis
1111 2071 1342 2126 formam
1388 2070 1508 2140 pari
1554 2079 1680 2127 voto
1711 2085 1808 2140 pa-

226 2165 388 2234 rique
429 2176 695 2217 consensu
753 2168 1152 2230 excerperent.,
1199 2176 1297 2231 per
1344 2176 1508 2231 quam
1560 2167 1808 2231 patenter

228 2254 578 2326 prmlatorum
608 2260 664 2307 et
702 2250 1042 2307 subditorum
1071 2252 1183 2304 vita
1218 2257 1636 2315 monstraretur,
1671 2264 1807 2319 qua-

230 2357 389 2417 tenus
429 2357 619 2399 omnes
666 2341 757 2411 qui
804 2341 1068 2395 canonica
1104 2349 1397 2398 censentur
1427 2339 1764 2411 professione
1787 2381 1804 2407 ,
1837 2352 1842 2364 ‘

228 2450 331 2505 per
359 2433 500 2487 viam
523 2430 785 2503 propositi
815 2430 899 2486 sui
930 2428 1192 2486 inoffenso
1218 2445 1409 2501 gressu
1434 2429 1511 2501 [in
1537 2429 1806 2502 ingressu]

235 2527 573 2589 incederent,
611 2533 665 2579 et
695 2524 750 2578 in
778 2522 981 2578 Christi
1017 2522 1211 2577 militia
1247 2522 1496 2578 devotius
1525 2523 1809 2577 unanimes

238 2624 405 2684 atque
450 2611 749 2669 concordes
793 2611 1111 2666 existerent.
1154 2610 1261 2667 Sed
1289 2620 1348 2666 ut
1383 2612 1437 2667 id
1465 2620 1599 2666 nutu
1628 2612 1810 2668 divino

239 2708 420 2769 tierct,
446 2704 735 2758 Dominum
770 2702 825 2756 in
851 2716 1137 2757 commune
1166 2703 1443 2758 humiliter
1473 2704 1810 2759 exorandum

236 2793 584 2867 praemonuit,
630 2799 691 2846 ut
739 2806 1019 2847 servorum
1050 2806 1271 2848 suorum
1294 2791 1661 2847 exorabilibus
1694 2792 1813 2861 pul-

236 2896 389 2942 satus
416 2885 688 2956 precibus,
727 2885 845 2955 ejus
894 2884 1319 2939 admonitionem
1341 2885 1633 2939 secnndum
1660 2899 1813 2938 suam

239 2976 574 3030 voluntatem
606 2974 722 3029 ﬁeri
746 3015 763 3040 ,
785 2977 1006 3043 ‘suaqne
1063 2974 1236 3045 gratia
1273 2989 1394 3029 eam
1423 2974 1728 3045 praecedere
1762 2984 1818 3029 et

1899 447 1985 501 bis
2020 448 2244 517 reperiri
2272 459 2454 519 posset
2487 470 2499 505 :
2535 468 2632 521 per
2662 468 2821 522 quam
2845 494 2859 519 ,
2913 462 2970 508 ut
2998 456 3336 524 prazmissnm
3364 466 3467 523 est,

1901 545 1957 593 et
2005 538 2214 609 praelati
2275 550 2424 596 recto
2464 543 2681 597 tramite
2752 543 3003 598 incedere
3041 585 3055 607 ,
3116 553 3172 599 et
3240 545 3473 605 subditis

1900 644 2151 685 normam
2185 632 2399 686 vivendi
2441 635 2643 703 absque
2677 634 2994 704 ignorantia:
3021 636 3301 691 obstaculo
3330 637 3473 693 salu-

1898 721 2069 777 briter
2098 732 2320 779 nossent
2344 725 2603 793 praebere.
2638 725 2892 796 Vigilanti
2919 740 3049 797 ergo
3103 727 3284 781 studio
3325 742 3474 782 eam—

1900 812 2022 867 dem
2077 814 2431 868 institutionis
2461 813 2690 869 formam
2729 816 2984 886 colligere
3019 816 3342 871 studuerunt
3371 835 3383 869 :
3418 816 3472 870 in

1901 915 2007 970 qua
2031 902 2346 972 plenissime
2375 904 2681 958 continetur
2706 905 2937 973 qualiter
2959 913 3014 960 et
3034 905 3243 975 praelati
3268 905 3471 969 vivere,

1900 1002 1957 1049 et
1986 993 2255 1062 subjectos
2282 1011 2470 1065 regere
2493 1038 2507 1061 ,
2548 998 2735 1067 eisque
2779 998 3176 1053 ecclesiasticos
3227 1007 3474 1067 sumptus

1900 1084 2305 1151 administrare,
2335 1096 2389 1141 ct
2438 1088 2492 1140 in
2537 1088 2630 1141 Dei
2666 1087 2887 1142 servitio
2916 1088 3310 1159 constringere,
3336 1088 3474 1143 bene

1900 1185 2189 1244 operantes
2215 1192 2429 1246 quoque
2458 1178 2526 1230 ad
2553 1178 2774 1232 meliora
2824 1193 3119 1248 provocare
3144 1218 3157 1245 ,
3193 1188 3475 1249 protervos

1903 1281 2147 1337 quosque
2216 1276 2271 1322 et
2322 1269 2654 1339 negligentes
2713 1269 2943 1325 debeant
2993 1270 3285 1340 corripere.
3340 1267 3475 1324 Cum

1904 1360 2069 1428 igitur
2102 1356 2261 1428 hujus
2291 1361 2646 1415 institutionis
2701 1361 2930 1416 formam
2969 1376 3151 1418 coram
3179 1369 3479 1415 memorato

1904 1451 2138 1521 glorioso
2162 1451 2402 1520 principe
2429 1451 2691 1521 prolatam
2730 1468 2887 1509 sacer
2915 1461 3211 1509 conventus
3231 1454 3476 1510 laudibus

1904 1538 2187 1594 extulisset
2213 1580 2227 1603 ,
2258 1549 2313 1593 et
2341 1540 2705 1595 ecclesiastica
2728 1542 3048 1597 auctoritate
3080 1542 3337 1607 fulcitam,
3363 1542 3481 1596 lau-

1907 1630 2081 1699 deque
2108 1629 2342 1699 dignam,
2378 1646 2440 1684 ac
2465 1638 2666 1685 sancta:
2708 1630 2963 1686 Ecclesia:
3005 1632 3287 1688 utillimam
3315 1642 3477 1704 atque

1906 1718 2203 1789 proficuam
2233 1734 2471 1774 consona
2501 1736 2633 1776 voce
2657 1722 3014 1791 praedicaret,
3051 1722 3293 1792 nihilque
3327 1723 3380 1777 in
3414 1738 3477 1777 ea

1906 1811 2346 1881 reprehensionis
2374 1812 2442 1867 ab
2490 1812 2557 1867 iis
2605 1813 2695 1882 qui
2745 1828 2935 1868 sanum
2988 1814 3204 1884 sapiunt
3254 1814 3478 1883 reperiri

1904 1915 2068 1970 posse
2117 1899 2467 1970 proﬁteretur
2491 1941 2504 1968 ,
2547 1902 2614 1956 ab
2638 1903 2830 1957 eodem
2855 1903 3303 1958 victoriosissimo
3329 1904 3476 1973 prin-

1905 1990 2047 2061 cipe,
2086 1997 2140 2045 et
2165 1990 2235 2045 ab
2263 1990 2511 2047 omnibus
2544 1993 2635 2062 qui
2661 1992 2909 2059 aderant,
2938 1994 3049 2048 Deo
3075 1994 3275 2064 gratias
3300 1994 3475 2049 accla-

1907 2093 2112 2137 matum
2153 2091 2256 2138 est.
2305 2083 2417 2139 Nec
2457 2085 2728 2141 immerito
2761 2103 2775 2139 :
2813 2086 3011 2155 quippe
3041 2085 3133 2155 qui
3159 2093 3215 2140 et
3265 2085 3477 2140 occulta

1909 2188 2005 2229 sua
2029 2174 2451 2243 dispensatione,
2504 2183 2560 2231 et
2600 2176 2908 2247 gratissima
2934 2176 3310 2246 inspiratione,
3343 2189 3480 2244 pne-

1909 2264 2080 2318 fatum
2123 2264 2447 2334 principem,
2477 2274 2536 2319 ut
2579 2266 2631 2320 id
2668 2266 2784 2320 ﬁeri
2822 2274 3088 2331 moneret,
3127 2264 3486 2334 compulit,et

1911 2363 1971 2408 ut
2018 2356 2085 2408 ad
2130 2355 2381 2410 effectum
2418 2357 2806 2427 perduceretur
2834 2396 2850 2422 ,
2904 2355 3214 2411 miserando
3257 2355 3480 2426 adjuvit.

1910 2446 2144 2501 Proinde
2175 2448 2413 2502 omnium
2455 2448 2722 2503 sententia
2757 2455 3018 2502 statutum
3047 2453 3153 2510 est,
3200 2444 3269 2499 ab
3312 2445 3486 2498 omni-

1911 2537 2013 2592 bus
2037 2581 2052 2601 ,
2082 2538 2172 2607 qui
2203 2538 2257 2590 in
2278 2537 2539 2592 canonica
2569 2536 2907 2607 professione
2954 2536 3181 2590 Domino
3210 2533 3484 2596 militant,

1915 2628 2053 2682 hanc
2093 2629 2451 2683 institutionis
2490 2628 2745 2693 formam,
2778 2637 2857 2683 tot
2881 2627 3372 2683 ecclesiasticorum
3409 2625 3489 2679 vi-

1916 2734 2098 2773 rorum
2132 2719 2374 2789 vigilanti
2413 2720 2591 2775 studio
2618 2727 2933 2789 congestam
2969 2717 3253 2788 dignisque
3285 2729 3489 2785 praeco-

1917 2808 2023 2863 niis
2074 2808 2343 2863 laudatam
2368 2849 2385 2875 ,
2416 2808 2590 2877 juxta-
2618 2809 2810 2863 virium
2868 2804 3491 2878 possibilitatem'modis

1916 2900 2168 2955 omnibus
2189 2899 2576 2955 observandam
2602 2918 2615 2954 :
2645 2910 2913 2972 quatenus
2940 2899 3100 2964 hanc,
3123 2897 3238 2952 sive
3262 2896 3492 2950 aliarum

1922 2997 2233 3044 sanctarum
2262 2989 2665 3059 Scripturarum
2710 2989 3063 3053 documenta,
3112 2986 3296 3042 sedula
3325 2986 3495 3040 medi-

235 3066 498 3137 subsequi
552 3066 885 3138 dignaretur.
929 3064 1012 3120 Ad
1060 3080 1222 3136 quam
1264 3067 1432 3122 etiam
1487 3067 1814 3123 admonitio-

1924 3079 2126 3135 tatione
2172 3053 2513 3150 perlegentes
2550 3085 2605 3133 et
2636 3077 2843 3148 praelati
2867 3086 2923 3133 et
2953 3076 3177 3141 subditi,
3212 3075 3495 3130 vocatione

240 3173 367 3213 nem
427 3171 585 3212 sacer
634 3165 934 3211 conventus
1000 3157 1191 3212 intimo
1268 3158 1465 3226 gaudio
1532 3157 1767 3227 repletus
1798 3199 1814 3225 ,

235 3250 499 3321 expansis
529 3250 583 3303 in
608 3248 803 3304 cmlum
834 3249 1084 3304 manibus
1103 3251 1333 3305 creatori
1353 3251 1593 3306 omnium
1617 3252 1839 3321 gratias‘

238 3356 437 3412 agens,
473 3339 769 3394 benedixit.
807 3338 1015 3409 Quippe
1054 3340 1146 3410 qui
1209 3341 1370 3395 talem
1404 3382 1419 3407 ,
1464 3349 1571 3395 tam
1620 3342 1769 3411 pium
1802 3382 1817 3407 ,

240 3441 358 3488 tam
376 3447 469 3502 jue
496 3432 785 3502 benignum
817 3430 1071 3486 Ecclesia:
1096 3446 1209 3487 suae
1247 3439 1450 3487 sanctte
1497 3432 1818 3503 principem,

241 3523 570 3593 cunctisque
615 3522 735 3593 ejus
790 3524 1201 3579 necessitatibus
1252 3524 1708 3594 sapientissimum
1757 3540 1822 3579 ac

244 3616 656 3672 devotissimum
684 3616 979 3685 praetulerit
1002 3627 1425 3686 procuratorem.
1457 3615 1823 3687 Suscipientes

248 3723 385 3779 ergo
438 3707 792 3762 libentissime
837 3707 1188 3778 hilariterque
1240 3708 1356 3778 ejus
1414 3708 1826 3764 saluberrimam

250 3783 439 3852 multis
474 3796 585 3851 Deo
640 3797 932 3851 miserante
983 3797 1321 3866 profuturam
1358 3798 1777 3854 admonitionem
1808 3840 1823 3863 ,

249 3886 379 3942 licet
403 3885 647 3955 plerique
674 3886 968 3941 auxiliante
997 3885 1214 3942 Christo
1250 3888 1443 3943 devote
1489 3904 1553 3944 ac
1581 3888 1829 3960 religiose

249 3993 376 4033 cum
408 3977 513 4031 sibi
544 3978 800 4047 subjectis
832 3978 1145 4032 canonicam
1170 3986 1386 4033 servent
1411 3979 1827 4045 institutionem,

249 4076 309 4122 et
346 4067 400 4121 in
433 4066 705 4138 plerisque
736 4067 869 4122 locis
896 4067 1035 4122 idem
1064 4068 1195 4123 ordo
1217 4069 1531 4139 plenissime
1560 4078 1828 4135 servetur,

254 4159 498 4214 omnium
525 4166 703 4212 tamen
727 4159 778 4212 id
798 4160 992 4214 animis
1010 4161 1167 4225 sedit,
1193 4169 1251 4215 ut
1273 4162 1566 4216 secundum
1591 4160 1832 4230 ejusdem

253 4250 519 4321 principis
566 4250 983 4305 admonitionem
1007 4292 1021 4314 ,
1072 4267 1177 4305 una
1208 4252 1389 4307 divino
1420 4251 1541 4307 freti
1577 4253 1780 4309 auxilio
1815 4294 1830 4320 ,

254 4342 498 4412 ejusdem
530 4340 757 4411 piissimi
784 4342 1042 4412 principis
1069 4356 1174 4396 non
1226 4343 1437 4397 modico
1466 4341 1634 4411 adjuti
1674 4344 1830 4414 juva—
1854 4394 1909 4454 Β

257 4434 426 4499 mine,
457 4434 574 4505 ejus
601 4434 851 4489 videlicet
880 4433 1256 4489 liberalissima
1302 4434 1590 4506 largitione
1618 4435 1830 4505 copiam

256 4522 521 4577 librorum
549 4540 661 4596 prae
691 4524 937 4581 manibus
963 4524 1241 4589 habentes,
1271 4541 1341 4578 ex
1359 4526 1622 4580 canonica
1648 4532 1833 4580 aucto-

258 4617 424 4671 ritate
449 4657 465 4681 ,
492 4624 548 4671 et
574 4628 880 4672 sanctorum
906 4616 1126 4670 Patrum
1159 4615 1339 4683 dictis,
1373 4617 1538 4671 veluti
1564 4633 1631 4671 ex
1657 4617 1834 4672 diver-

259 4713 338 4766 sis
367 4710 540 4780 pratis
567 4708 826 4779 quosdam
854 4709 1105 4764 ﬂosculos
1152 4717 1459 4779 carpentes,
1512 4710 1652 4764 hanc
1683 4710 1833 4764 insti-

260 4801 491 4855 tutionis
548 4798 777 4854 formam
829 4806 1183 4869 excerperent
1210 4837 1224 4864 ,
1265 4806 1321 4853 et
1348 4798 1622 4853 canonicis
1649 4796 1834 4852 obser-

261 4891 497 4945 vandam
539 4889 887 4956 conferrent;
936 4899 996 4945 ut
1041 4905 1271 4960 quorum
1320 4888 1459 4946 forte
1497 4890 1678 4945 labore
1706 4930 1721 4956 ,
1765 4891 1837 4945 ob

266 4981 579 5037 tarditatem
609 4981 806 5051 ingenii
836 5020 851 5044 ,
890 4995 985 5035 seu
1018 4981 1253 5050 inopiam
1301 4981 1583 5048 librorum,
1607 4982 1833 5051 sparsim

260 5076 472 5147 digesta
528 5071 743 5127 difﬁcile
782 5072 1162 5144 comprehendi
1212 5082 1435 5145 posset,
1484 5075 1668 5130 solerti
1722 5085 1836 5129 stu-

264 5226 510 5282 ecclesia:
544 5226 800 5281 diaconus
835 5225 882 5280 is
912 5223 1068 5294 cujus
1107 5233 1321 5280 exstant
1354 5224 1420 5277 ad
1446 5227 1692 5281 eumdem
1738 5227 1837 5281 Lu-

265 5297 518 5353 dovicum
560 5296 682 5350 libri
706 5297 770 5351 de
793 5296 990 5351 divinis
1012 5296 1231 5351 Oll‘iciis.
1265 5295 1346 5348 Ab
1367 5310 1432 5349 eo
1469 5298 1611 5349 enim
1638 5298 1835 5358 ferunt,

266 5367 411 5422 facta
452 5379 484 5420 e
524 5366 724 5437 palatio
760 5366 1020 5422 librorum
1050 5365 1224 5434 copia,
1257 5373 1426 5419 totum
1465 5366 1564 5420 hoc
1604 5382 1736 5439 opus
1772 5381 1838 5422 ex

1920 3184 2023 3239 qua
2049 3156 2228 3224 vocati
2257 3177 2403 3233 sunt,
2434 3183 2535 3239 ope
2565 3168 2746 3224 divina
2797 3166 3164 3222 adminiculati
3191 3206 3205 3231 ,
3249 3163 3500 3233 infatiga-

1925 3256 2109 3311 biliter
2150 3254 2461 3320 ambulent,
2494 3264 2548 3311 et
2578 3271 2678 3326 pro
2707 3264 2815 3310 tam
2839 3256 3082 3326 piissimo
3109 3254 3374 3324 principe,
3402 3253 3496 3323 qui

1924 3348 1993 3402 ob
2022 3347 2232 3403 lucrum
2257 3348 2561 3401 animarum
2590 3348 2693 3403 hoc
2713 3363 2925 3402 sacrum
2953 3355 3007 3401 et
3040 3345 3347 3399 venerabile
3372 3360 3500 3399 con-

1924 3437 2106 3492 cilium
2134 3438 2198 3491 ad
2222 3436 2362 3490 hanc
2401 3434 2632 3490 formam
2658 3436 3052 3507 congerendam
3081 3443 3134 3488 et
3159 3436 3499 3488 statuendam

1924 3526 2223 3582 salutiferis
2251 3525 2706 3581 admonitionibus
2740 3525 3035 3591 excitavit,
3090 3524 3363 3579 modernis
3419 3526 3502 3578 lu—

1927 3620 2171 3688 turisque
2237 3618 2566 3688 temporibus
2634 3618 2729 3671 Dei
2792 3618 3106 3672 immensam
3157 3612 3500 3670 clementiam

1919 3709 2122 3781 jugiter
2169 3716 2412 3764 exorent.
2457 3707 2592 3762 Nam
2637 3708 2691 3762 in
2737 3709 2905 3763 altero
2950 3707 3127 3763 libello
3172 3707 3313 3762 idem
3351 3722 3504 3762 sacer

1926 3810 2248 3866 conventus,
2279 3802 2464 3855 eodem
2498 3801 2902 3872 religiosissime
2937 3800 3178 3871 Angusto
3205 3808 3458 3855 monente
3488 3792 3525 3861 ,’

1930 3894 2219 3962 quamdam
2258 3891 2613 3945 institutionis
2643 3890 2927 3945 formulam
2963 3906 3029 3946 ex
3054 3898 3365 3945 sanctorum
3410 3888 3508 3944 Pa-

1935 3994 2077 4038 trum
2108 3983 2267 4037 dietis
2296 3982 2536 4037 studiose
2570 3981 2861 4051 excerpsit,
2900 3989 2953 4036 et
2994 3982 3049 4035 in
3084 3996 3250 4035 unum
3274 3980 3507 4035 breviter

1933 4076 2174 4146 satisque
2202 4082 2562 4145 congruenter
2588 4073 2859 4145 congessit
2881 4113 2896 4138 ,
2921 4080 2975 4128 et
3009 4071 3508 4127 sanctimonialibus

1934 4166 2194 4221 canonice
2235 4163 2548 4233 degentibus
2601 4163 2883 4217 tenendam
2924 4160 3251 4231 percensuit.
3288 4157 3347 4211 In
3401 4175 3507 4228 qua

1936 4256 2244 4310 continetur
2272 4252 2457 4321 quales
2511 4252 2591 4305 eis
2642 4250 2930 4304 abbatissa:
2975 4245 3321 4317 praeferenda:
3350 4246 3460 4302 sint
3490 4286 3506 4312 ,

1938 4346 2171 4416 qualiter
2200 4342 2403 4396 eisdem
2427 4338 2927 4395 sanctimonialibus
2953 4336 3092 4390 infra
3122 4336 3356 4391 claustra
3392 4350 3511 4391 mo-

1936 4435 2161 4491 nasterii
2215 4432 2538 4493 vivendum,
2588 4430 2716 4499 quid
2756 4444 2785 4483 a
2835 4427 3072 4499 prwlatis
3120 4426 3507 4497 stipendiorum

1935 4526 2195 4589 dandum,
2224 4523 2422 4593 quibus
2449 4520 2788 4577 documentis
2822 4528 2877 4573 et
2898 4519 3157 4573 virtutum
3182 4518 3513 4571 instrumen-

1936 4617 2006 4671 tis
2035 4614 2360 4671 exornanda:
2403 4614 2515 4667 sint
2542 4630 2555 4665 :
2586 4621 2853 4681 quatenus
2885 4611 2988 4665 hac
3040 4608 3270 4664 formula
3297 4607 3512 4663 vivendi

1937 4708 2201 4777 inspecta,
2225 4714 2281 4761 et
2306 4705 2417 4761 Deo
2440 4703 2545 4759 sibi
2565 4702 2890 4772 adjutorium
2916 4701 3213 4771 praebente,
3238 4697 3511 4753 humiliter

1939 4808 2184 4869 suscepta
2204 4805 2261 4854 et
2277 4795 2567 4853 efficaciter
2595 4793 2830 4863 impleta,
2854 4806 2976 4846 cum
3001 4792 3265 4845 bonorum
3290 4802 3513 4859 operum

1942 4891 2276 4961 lampadibus
2318 4886 2551 4943 venienti
2604 4898 2803 4954 sponso
2848 4895 3147 4955 apparere,
3192 4886 3357 4950 atque
3398 4876 3516 4946 ejus

1943 4982 2239 5039 thalamum
2271 4979 2476 5051 ingredi
2501 4984 2828 5032 mereantur.

1943 5225 2171 5284 diversis
2189 5222 2465 5275 doctorum
2480 5216 2760 5272 sententiis
2779 5205 3517 5284 concmnatum,_conciliique

1939 5274 2216 5367 judicaret
2234 5274 2571 5367 auctoritate
2594 5286 3022 5367 comprobatum,
3052 5274 3194 5360 quod
3220 5274 3516 5367 intercaligs

1950 5343 2111 5424 tradit
2125 5343 2423 5416 Ademarus
2446 5360 2496 5413 in
2513 5343 2780 5413 Chronico
2798 5343 3204 5424 Engolismensi.
3220 5346 3334 5403 Jac.
3353 5343 3511 5398 Strat.
