  <div class='ocr_page' id='page_1' title='image "/cluster/home/n/w/nwhite01/storage/ocr_20150623/105/hvd.32044054759709/416.png"; bbox 0 0 3884 6192; ppageno 0'>
   <div class='ocr_carea' id='block_1_1' title="bbox 265 244 373 298">
    <p class='ocr_par' dir='ltr' id='par_1_1' title="bbox 265 244 373 298">
     <span class='ocr_line' id='line_1_1' title="bbox 265 244 373 298; baseline 0.009 -2"><span class='ocrx_word' id='word_1_1' title='bbox 265 244 373 298; x_wconf 62' lang='grc' dir='ltr'>επιι</span> 
     </span>
    </p>
   </div>
   <div class='ocr_carea' id='block_1_2' title="bbox 333 354 1852 416">
    <p class='ocr_par' dir='ltr' id='par_1_2' title="bbox 333 354 1852 416">
     <span class='ocr_line' id='line_1_2' title="bbox 333 354 1852 416; baseline -0.001 -10"><span class='ocrx_word' id='word_1_2' title='bbox 333 357 433 406; x_wconf 82' lang='lat' dir='ltr'><strong>CX.</strong></span> <span class='ocrx_word' id='word_1_3' title='bbox 479 360 601 415; x_wconf 67' lang='lat' dir='ltr'><strong>Qua:</strong></span> <span class='ocrx_word' id='word_1_4' title='bbox 648 359 747 405; x_wconf 85' lang='lat' dir='ltr'><strong>sint</strong></span> <span class='ocrx_word' id='word_1_5' title='bbox 789 368 906 405; x_wconf 78' lang='lat' dir='ltr'><strong>vera</strong></span> <span class='ocrx_word' id='word_1_6' title='bbox 948 357 1142 416; x_wconf 76' lang='lat' dir='ltr'><strong>gaudia,</strong></span> <span class='ocrx_word' id='word_1_7' title='bbox 1168 356 1245 404; x_wconf 85' lang='lat' dir='ltr'><strong>vel</strong></span> <span class='ocrx_word' id='word_1_8' title='bbox 1271 368 1403 404; x_wconf 75' lang='lat' dir='ltr'><strong>verre</strong></span> <span class='ocrx_word' id='word_1_9' title='bbox 1436 354 1635 412; x_wconf 69' lang='lat' dir='ltr'><strong>divitiae,</strong></span> <span class='ocrx_word' id='word_1_10' title='bbox 1667 358 1852 415; x_wconf 78' lang='lat' dir='ltr'><strong>etquid</strong></span> 
     </span>
    </p>
   </div>
   <div class='ocr_carea' id='block_1_3' title="bbox 264 416 1855 480">
    <p class='ocr_par' dir='ltr' id='par_1_3' title="bbox 264 416 1855 480">
     <span class='ocr_line' id='line_1_3' title="bbox 264 416 1855 480; baseline 0.001 -15"><span class='ocrx_word' id='word_1_11' title='bbox 264 417 618 477; x_wconf 80' lang='lat' dir='ltr'><strong>impedimenti</strong></span> <span class='ocrx_word' id='word_1_12' title='bbox 643 417 849 468; x_wconf 79' lang='lat' dir='ltr'><strong>afferant</strong></span> <span class='ocrx_word' id='word_1_13' title='bbox 891 418 1014 466; x_wconf 87' lang='lat' dir='ltr'><strong>bona</strong></span> <span class='ocrx_word' id='word_1_14' title='bbox 1060 418 1322 480; x_wconf 69' lang='lat' dir='ltr'><strong>praesentia</strong></span> <span class='ocrx_word' id='word_1_15' title='bbox 1347 418 1641 466; x_wconf 69' lang='lat' dir='ltr'><strong>amatoribus</strong></span> <span class='ocrx_word' id='word_1_16' title='bbox 1666 416 1855 466; x_wconf 87' lang='lat' dir='ltr'><strong>futuro-</strong></span> 
     </span>
    </p>
   </div>
   <div class='ocr_carea' id='block_1_4' title="bbox 263 492 404 529">
    <p class='ocr_par' dir='ltr' id='par_1_4' title="bbox 263 492 404 529">
     <span class='ocr_line' id='line_1_4' title="bbox 263 492 404 529; baseline 0.021 -3"><span class='ocrx_word' id='word_1_17' title='bbox 263 492 404 529; x_wconf 65' lang='grc' dir='ltr'><strong>ΙἹΙΙΙἯ.</strong></span> 
     </span>
    </p>
   </div>
   <div class='ocr_carea' id='block_1_5' title="bbox 335 538 1855 602">
    <p class='ocr_par' dir='ltr' id='par_1_5' title="bbox 335 538 1855 602">
     <span class='ocr_line' id='line_1_5' title="bbox 335 538 1855 602; baseline -0.001 -13"><span class='ocrx_word' id='word_1_18' title='bbox 335 539 461 590; x_wconf 84' lang='lat' dir='ltr'><strong>CXI.</strong></span> <span class='ocrx_word' id='word_1_19' title='bbox 485 538 740 602; x_wconf 78' lang='lat' dir='ltr'><strong>Quomodo</strong></span> <span class='ocrx_word' id='word_1_20' title='bbox 772 538 1082 602; x_wconf 77' lang='lat' dir='ltr'><strong>intelligatur</strong></span> <span class='ocrx_word' id='word_1_21' title='bbox 1112 540 1242 602; x_wconf 89' lang='lat' dir='ltr'><strong>quod</strong></span> <span class='ocrx_word' id='word_1_22' title='bbox 1286 539 1405 602; x_wconf 77' lang='lat' dir='ltr'><strong>dicit</strong></span> <span class='ocrx_word' id='word_1_23' title='bbox 1437 538 1703 602; x_wconf 78' lang='lat' dir='ltr'><strong>Apostolus</strong></span> <span class='ocrx_word' id='word_1_24' title='bbox 1722 575 1737 597; x_wconf 91' lang='lat'><strong>,</strong></span> <span class='ocrx_word' id='word_1_25' title='bbox 1763 540 1855 597; x_wconf 84' lang='lat' dir='ltr'><strong>Qui</strong></span> 
     </span>
    </p>
   </div>
   <div class='ocr_carea' id='block_1_6' title="bbox 262 598 1657 661">
    <p class='ocr_par' dir='ltr' id='par_1_6' title="bbox 262 598 1657 661">
     <span class='ocr_line' id='line_1_6' title="bbox 262 598 1657 661; baseline 0.001 -14"><span class='ocrx_word' id='word_1_26' title='bbox 262 599 324 648; x_wconf 78' lang='lat' dir='ltr'><strong>in</strong></span> <span class='ocrx_word' id='word_1_27' title='bbox 346 599 853 661; x_wconf 55' lang='lat' dir='ltr'><strong>sacrarioyperantur</strong></span> <span class='ocrx_word' id='word_1_28' title='bbox 874 634 887 656; x_wconf 85' lang='lat'><strong>.</strong></span> <span class='ocrx_word' id='word_1_29' title='bbox 911 598 1019 659; x_wconf 64' lang='lat' dir='ltr'><strong>qua:</strong></span> <span class='ocrx_word' id='word_1_30' title='bbox 1040 600 1102 661; x_wconf 78' lang='lat' dir='ltr'><strong>de</strong></span> <span class='ocrx_word' id='word_1_31' title='bbox 1125 598 1342 649; x_wconf 67' lang='lat' dir='ltr'><strong>sacrario</strong></span> <span class='ocrx_word' id='word_1_32' title='bbox 1362 606 1471 650; x_wconf 82' lang='lat' dir='ltr'><strong>sunt</strong></span> <span class='ocrx_word' id='word_1_33' title='bbox 1484 598 1657 650; x_wconf 77' lang='lat' dir='ltr'><strong>edunt.</strong></span> 
     </span>
    </p>
   </div>
   <div class='ocr_carea' id='block_1_7' title="bbox 336 660 1339 711">
    <p class='ocr_par' dir='ltr' id='par_1_7' title="bbox 336 660 1339 711">
     <span class='ocr_line' id='line_1_7' title="bbox 336 660 1339 711; baseline 0.001 -3"><span class='ocrx_word' id='word_1_34' title='bbox 336 662 486 711; x_wconf 80' lang='lat' dir='ltr'><strong>CXII.</strong></span> <span class='ocrx_word' id='word_1_35' title='bbox 513 661 589 709; x_wconf 85' lang='lat' dir='ltr'><strong>De</strong></span> <span class='ocrx_word' id='word_1_36' title='bbox 613 663 711 709; x_wconf 83' lang='lat' dir='ltr'><strong>vita</strong></span> <span class='ocrx_word' id='word_1_37' title='bbox 737 669 789 709; x_wconf 86' lang='lat' dir='ltr'><strong>et</strong></span> <span class='ocrx_word' id='word_1_38' title='bbox 807 662 1024 710; x_wconf 88' lang='lat' dir='ltr'><strong>moribus</strong></span> <span class='ocrx_word' id='word_1_39' title='bbox 1045 660 1339 709; x_wconf 88' lang='lat' dir='ltr'><strong>clericorum</strong></span> 
     </span>
    </p>
   </div>
   <div class='ocr_carea' id='block_1_8' title="bbox 336 722 1525 771">
    <p class='ocr_par' dir='ltr' id='par_1_8' title="bbox 336 722 1525 771">
     <span class='ocr_line' id='line_1_8' title="bbox 336 722 1525 771; baseline -0.003 0"><span class='ocrx_word' id='word_1_40' title='bbox 336 722 515 771; x_wconf 85' lang='lat' dir='ltr'><strong>CXIII.</strong></span> <span class='ocrx_word' id='word_1_41' title='bbox 542 722 666 771; x_wconf 90' lang='lat' dir='ltr'><strong>Item</strong></span> <span class='ocrx_word' id='word_1_42' title='bbox 689 723 754 771; x_wconf 88' lang='lat' dir='ltr'><strong>de</strong></span> <span class='ocrx_word' id='word_1_43' title='bbox 778 723 872 771; x_wconf 85' lang='lat' dir='ltr'><strong>vita</strong></span> <span class='ocrx_word' id='word_1_44' title='bbox 898 729 951 770; x_wconf 88' lang='lat' dir='ltr'><strong>et</strong></span> <span class='ocrx_word' id='word_1_45' title='bbox 972 724 1190 771; x_wconf 81' lang='lat' dir='ltr'><strong>moribus</strong></span> <span class='ocrx_word' id='word_1_46' title='bbox 1212 723 1525 771; x_wconf 79' lang='lat' dir='ltr'><strong>clericomni.</strong></span> 
     </span>
    </p>
   </div>
   <div class='ocr_carea' id='block_1_9' title="bbox 336 783 1858 844">
    <p class='ocr_par' dir='ltr' id='par_1_9' title="bbox 336 783 1858 844">
     <span class='ocr_line' id='line_1_9' title="bbox 336 783 1858 844; baseline 0 -13"><span class='ocrx_word' id='word_1_47' title='bbox 336 783 503 844; x_wconf 77' lang='lat' dir='ltr'><strong>CXIV.</strong></span> <span class='ocrx_word' id='word_1_48' title='bbox 533 784 652 841; x_wconf 67' lang='lat' dir='ltr'><strong>Quae</strong></span> <span class='ocrx_word' id='word_1_49' title='bbox 679 792 919 844; x_wconf 68' lang='lat' dir='ltr'><strong>praecepta</strong></span> <span class='ocrx_word' id='word_1_50' title='bbox 942 783 1224 843; x_wconf 87' lang='lat' dir='ltr'><strong>specialiter</strong></span> <span class='ocrx_word' id='word_1_51' title='bbox 1250 783 1498 831; x_wconf 78' lang='lat' dir='ltr'><strong>monachis</strong></span> <span class='ocrx_word' id='word_1_52' title='bbox 1521 819 1536 843; x_wconf 89' lang='lat'><strong>,</strong></span> <span class='ocrx_word' id='word_1_53' title='bbox 1559 794 1671 843; x_wconf 60' lang='lat' dir='ltr'><strong>qua;</strong></span> <span class='ocrx_word' id='word_1_54' title='bbox 1696 794 1858 843; x_wconf 82' lang='lat' dir='ltr'><strong>gene-</strong></span> 
     </span>
    </p>
   </div>
   <div class='ocr_carea' id='block_1_10' title="bbox 270 843 1330 894">
    <p class='ocr_par' dir='ltr' id='par_1_10' title="bbox 270 843 1330 894">
     <span class='ocr_line' id='line_1_10' title="bbox 270 843 1330 894; baseline 0.002 -5"><span class='ocrx_word' id='word_1_55' title='bbox 270 843 453 892; x_wconf 82' lang='lat' dir='ltr'><strong>raliter</strong></span> <span class='ocrx_word' id='word_1_56' title='bbox 478 843 997 894; x_wconf 53' lang='lat' dir='ltr'><strong>cteteris&#39;coni&#39;eniant</strong></span> <span class='ocrx_word' id='word_1_57' title='bbox 1019 844 1330 892; x_wconf 80' lang='lat' dir='ltr'><strong>Christianis.</strong></span> 
     </span>
    </p>
   </div>
   <div class='ocr_carea' id='block_1_11' title="bbox 342 902 1858 965">
    <p class='ocr_par' dir='ltr' id='par_1_11' title="bbox 342 902 1858 965">
     <span class='ocr_line' id='line_1_11' title="bbox 342 902 1858 965; baseline -0.001 -11"><span class='ocrx_word' id='word_1_58' title='bbox 342 906 487 955; x_wconf 77' lang='lat' dir='ltr'><strong>CXV.</strong></span> <span class='ocrx_word' id='word_1_59' title='bbox 518 907 656 963; x_wconf 85' lang='lat' dir='ltr'><strong>Quod</strong></span> <span class='ocrx_word' id='word_1_60' title='bbox 675 906 904 953; x_wconf 86' lang='lat' dir='ltr'><strong>canonica</strong></span> <span class='ocrx_word' id='word_1_61' title='bbox 928 905 1184 964; x_wconf 81' lang='lat' dir='ltr'><strong>institutio,</strong></span> <span class='ocrx_word' id='word_1_62' title='bbox 1214 904 1499 965; x_wconf 79' lang='lat' dir='ltr'><strong>evangelica</strong></span> <span class='ocrx_word' id='word_1_63' title='bbox 1525 911 1576 953; x_wconf 91' lang='lat' dir='ltr'><strong>et</strong></span> <span class='ocrx_word' id='word_1_64' title='bbox 1598 902 1858 964; x_wconf 84' lang='lat' dir='ltr'><strong>apostolica</strong></span> 
     </span>
    </p>
   </div>
   <div class='ocr_carea' id='block_1_12' title="bbox 269 966 1775 1025">
    <p class='ocr_par' dir='ltr' id='par_1_12' title="bbox 269 966 1775 1025">
     <span class='ocr_line' id='line_1_12' title="bbox 269 966 1775 1025; baseline -0.001 -12"><span class='ocrx_word' id='word_1_65' title='bbox 269 970 574 1017; x_wconf 77' lang='lat' dir='ltr'><strong>auctoritate</strong></span> <span class='ocrx_word' id='word_1_66' title='bbox 598 966 737 1025; x_wconf 78' lang='lat' dir='ltr'><strong>fulta,</strong></span> <span class='ocrx_word' id='word_1_67' title='bbox 757 966 957 1015; x_wconf 65' lang='lat' dir='ltr'><strong>caeteris</strong></span> <span class='ocrx_word' id='word_1_68' title='bbox 979 967 1346 1025; x_wconf 68' lang='lat' dir='ltr'><strong>superemineat</strong></span> <span class='ocrx_word' id='word_1_69' title='bbox 1368 966 1775 1016; x_wconf 88' lang='lat' dir='ltr'><strong>Institutionibus.</strong></span> 
     </span>
    </p>
   </div>
   <div class='ocr_carea' id='block_1_13' title="bbox 335 1026 1157 1086">
    <p class='ocr_par' dir='ltr' id='par_1_13' title="bbox 335 1026 1157 1086">
     <span class='ocr_line' id='line_1_13' title="bbox 335 1026 1157 1086; baseline -0.005 -7"><span class='ocrx_word' id='word_1_70' title='bbox 335 1027 506 1079; x_wconf 66' lang='lat' dir='ltr'><strong>CXVI.</strong></span> <span class='ocrx_word' id='word_1_71' title='bbox 536 1028 660 1086; x_wconf 87' lang='lat' dir='ltr'><strong>Quid</strong></span> <span class='ocrx_word' id='word_1_72' title='bbox 688 1027 784 1075; x_wconf 89' lang='lat' dir='ltr'><strong>sint</strong></span> <span class='ocrx_word' id='word_1_73' title='bbox 810 1040 893 1074; x_wconf 74' lang='lat' dir='ltr'><strong>res</strong></span> <span class='ocrx_word' id='word_1_74' title='bbox 912 1026 1157 1076; x_wconf 64' lang='lat' dir='ltr'><strong>ecclesiae.</strong></span> 
     </span>
    </p>
   </div>
   <div class='ocr_carea' id='block_1_14' title="bbox 337 1087 1859 1150">
    <p class='ocr_par' dir='ltr' id='par_1_14' title="bbox 337 1087 1859 1150">
     <span class='ocr_line' id='line_1_14' title="bbox 337 1087 1859 1150; baseline -0.002 -10"><span class='ocrx_word' id='word_1_75' title='bbox 337 1088 530 1140; x_wconf 72' lang='lat' dir='ltr'><strong>CXVII.</strong></span> <span class='ocrx_word' id='word_1_76' title='bbox 557 1088 696 1148; x_wconf 87' lang='lat' dir='ltr'><strong>Quod</strong></span> <span class='ocrx_word' id='word_1_77' title='bbox 718 1088 986 1150; x_wconf 76' lang='lat' dir='ltr'><strong>diligenter</strong></span> <span class='ocrx_word' id='word_1_78' title='bbox 1010 1087 1275 1137; x_wconf 86' lang='lat' dir='ltr'><strong>munienda</strong></span> <span class='ocrx_word' id='word_1_79' title='bbox 1296 1088 1394 1137; x_wconf 85' lang='lat' dir='ltr'><strong>sint</strong></span> <span class='ocrx_word' id='word_1_80' title='bbox 1423 1087 1634 1137; x_wconf 86' lang='lat' dir='ltr'><strong>claustra</strong></span> <span class='ocrx_word' id='word_1_81' title='bbox 1659 1089 1859 1137; x_wconf 86' lang='lat' dir='ltr'><strong>canoni-</strong></span> 
     </span>
    </p>
   </div>
   <div class='ocr_carea' id='block_1_15' title="bbox 273 1164 466 1199">
    <p class='ocr_par' dir='ltr' id='par_1_15' title="bbox 273 1164 466 1199">
     <span class='ocr_line' id='line_1_15' title="bbox 273 1164 466 1199; baseline -0.005 0"><span class='ocrx_word' id='word_1_82' title='bbox 273 1164 466 1199; x_wconf 81' lang='lat' dir='ltr'><strong>eurum.</strong></span> 
     </span>
    </p>
   </div>
   <div class='ocr_carea' id='block_1_16' title="bbox 339 1208 1860 1272">
    <p class='ocr_par' dir='ltr' id='par_1_16' title="bbox 339 1208 1860 1272">
     <span class='ocr_line' id='line_1_16' title="bbox 339 1208 1860 1272; baseline -0.001 -12"><span class='ocrx_word' id='word_1_83' title='bbox 339 1210 558 1260; x_wconf 75' lang='lat' dir='ltr'><strong>CXVIII.</strong></span> <span class='ocrx_word' id='word_1_84' title='bbox 586 1209 648 1260; x_wconf 94' lang='lat' dir='ltr'><strong>Ut</strong></span> <span class='ocrx_word' id='word_1_85' title='bbox 669 1210 714 1256; x_wconf 92' lang='lat' dir='ltr'><strong>in</strong></span> <span class='ocrx_word' id='word_1_86' title='bbox 736 1208 1100 1272; x_wconf 80' lang='lat' dir='ltr'><strong>congregandis</strong></span> <span class='ocrx_word' id='word_1_87' title='bbox 1135 1210 1385 1259; x_wconf 81' lang='lat' dir='ltr'><strong>canonicis</strong></span> <span class='ocrx_word' id='word_1_88' title='bbox 1403 1209 1577 1259; x_wconf 76' lang='lat' dir='ltr'><strong>modus</strong></span> <span class='ocrx_word' id='word_1_89' title='bbox 1597 1209 1860 1261; x_wconf 66' lang='lat' dir='ltr'><strong>discredo—</strong></span> 
     </span>
    </p>
   </div>
   <div class='ocr_carea' id='block_1_17' title="bbox 276 1272 736 1322">
    <p class='ocr_par' dir='ltr' id='par_1_17' title="bbox 276 1272 736 1322">
     <span class='ocr_line' id='line_1_17' title="bbox 276 1272 736 1322; baseline -0.002 -1"><span class='ocrx_word' id='word_1_90' title='bbox 276 1275 357 1322; x_wconf 82' lang='lat' dir='ltr'><strong>uis</strong></span> <span class='ocrx_word' id='word_1_91' title='bbox 392 1275 455 1321; x_wconf 87' lang='lat' dir='ltr'><strong>sit</strong></span> <span class='ocrx_word' id='word_1_92' title='bbox 477 1272 736 1321; x_wconf 83' lang='lat' dir='ltr'><strong>tenendus.</strong></span> 
     </span>
    </p>
   </div>
   <div class='ocr_carea' id='block_1_18' title="bbox 345 1331 1859 1394">
    <p class='ocr_par' dir='ltr' id='par_1_18' title="bbox 345 1331 1859 1394">
     <span class='ocr_line' id='line_1_18' title="bbox 345 1331 1859 1394; baseline 0 -11"><span class='ocrx_word' id='word_1_93' title='bbox 345 1333 510 1383; x_wconf 76' lang='lat' dir='ltr'><strong>CXIX.</strong></span> <span class='ocrx_word' id='word_1_94' title='bbox 543 1331 619 1382; x_wconf 92' lang='lat' dir='ltr'><strong>De</strong></span> <span class='ocrx_word' id='word_1_95' title='bbox 650 1332 733 1394; x_wconf 83' lang='lat' dir='ltr'><strong>bis</strong></span> <span class='ocrx_word' id='word_1_96' title='bbox 754 1331 852 1394; x_wconf 14' lang='lat' dir='ltr'><strong>[qui</strong></span> <span class='ocrx_word' id='word_1_97' title='bbox 888 1332 945 1394; x_wconf 79' lang='lat' dir='ltr'><strong>in</strong></span> <span class='ocrx_word' id='word_1_98' title='bbox 977 1333 1363 1394; x_wconf 83' lang='lat' dir='ltr'><strong>congregatione</strong></span> <span class='ocrx_word' id='word_1_99' title='bbox 1386 1332 1479 1380; x_wconf 85' lang='lat' dir='ltr'><strong>sibi</strong></span> <span class='ocrx_word' id='word_1_100' title='bbox 1504 1334 1756 1383; x_wconf 87' lang='lat' dir='ltr'><strong>commissa</strong></span> <span class='ocrx_word' id='word_1_101' title='bbox 1778 1344 1859 1382; x_wconf 87' lang='lat' dir='ltr'><strong>so-</strong></span> 
     </span>
    </p>
   </div>
   <div class='ocr_carea' id='block_1_19' title="bbox 277 1391 1609 1454">
    <p class='ocr_par' dir='ltr' id='par_1_19' title="bbox 277 1391 1609 1454">
     <span class='ocr_line' id='line_1_19' title="bbox 277 1391 1609 1454; baseline 0.001 -13"><span class='ocrx_word' id='word_1_102' title='bbox 277 1394 530 1443; x_wconf 83' lang='lat' dir='ltr'><strong>lummodo</strong></span> <span class='ocrx_word' id='word_1_103' title='bbox 553 1406 615 1442; x_wconf 78' lang='lat' dir='ltr'><strong>ex</strong></span> <span class='ocrx_word' id='word_1_104' title='bbox 639 1392 817 1454; x_wconf 83' lang='lat' dir='ltr'><strong>familia</strong></span> <span class='ocrx_word' id='word_1_105' title='bbox 843 1391 1300 1443; x_wconf 64' lang='lat' dir='ltr'><strong>eccle~iaa&#39;clericos</strong></span> <span class='ocrx_word' id='word_1_106' title='bbox 1320 1402 1609 1454; x_wconf 85' lang='lat' dir='ltr'><strong>aggregant.</strong></span> 
     </span>
    </p>
   </div>
   <div class='ocr_carea' id='block_1_20' title="bbox 341 1453 1858 1515">
    <p class='ocr_par' dir='ltr' id='par_1_20' title="bbox 341 1453 1858 1515">
     <span class='ocr_line' id='line_1_20' title="bbox 341 1453 1858 1515; baseline 0.002 -16"><span class='ocrx_word' id='word_1_107' title='bbox 341 1454 486 1504; x_wconf 77' lang='lat' dir='ltr'><strong>CXX.</strong></span> <span class='ocrx_word' id='word_1_108' title='bbox 513 1454 607 1512; x_wconf 85' lang='lat' dir='ltr'><strong>Qui</strong></span> <span class='ocrx_word' id='word_1_109' title='bbox 634 1453 803 1505; x_wconf 83' lang='lat' dir='ltr'><strong>clerici</strong></span> <span class='ocrx_word' id='word_1_110' title='bbox 850 1455 898 1502; x_wconf 90' lang='lat' dir='ltr'><strong>iu</strong></span> <span class='ocrx_word' id='word_1_111' title='bbox 935 1456 1325 1515; x_wconf 72' lang='lat' dir='ltr'><strong>congregatimie</strong></span> <span class='ocrx_word' id='word_1_112' title='bbox 1351 1453 1582 1504; x_wconf 80' lang='lat' dir='ltr'><strong>canonica</strong></span> <span class='ocrx_word' id='word_1_113' title='bbox 1605 1455 1858 1504; x_wconf 84' lang='lat' dir='ltr'><strong>constituti</strong></span> 
     </span>
    </p>
   </div>
   <div class='ocr_carea' id='block_1_21' title="bbox 278 1515 1395 1576">
    <p class='ocr_par' dir='ltr' id='par_1_21' title="bbox 278 1515 1395 1576">
     <span class='ocr_line' id='line_1_21' title="bbox 278 1515 1395 1576; baseline -0.001 -11"><span class='ocrx_word' id='word_1_114' title='bbox 278 1517 619 1565; x_wconf 82' lang='lat' dir='ltr'><strong>ecclesiastica</strong></span> <span class='ocrx_word' id='word_1_115' title='bbox 643 1516 869 1574; x_wconf 87' lang='lat' dir='ltr'><strong>accipere</strong></span> <span class='ocrx_word' id='word_1_116' title='bbox 890 1517 1133 1576; x_wconf 85' lang='lat' dir='ltr'><strong>stipendia</strong></span> <span class='ocrx_word' id='word_1_117' title='bbox 1155 1515 1395 1564; x_wconf 78' lang='lat' dir='ltr'><strong>debeant.</strong></span> 
     </span>
    </p>
   </div>
   <div class='ocr_carea' id='block_1_22' title="bbox 340 1575 1861 1638">
    <p class='ocr_par' dir='ltr' id='par_1_22' title="bbox 340 1575 1861 1638">
     <span class='ocr_line' id='line_1_22' title="bbox 340 1575 1861 1638; baseline 0.003 -16"><span class='ocrx_word' id='word_1_118' title='bbox 340 1577 508 1627; x_wconf 68' lang='lat' dir='ltr'><strong>CXXI.</strong></span> <span class='ocrx_word' id='word_1_119' title='bbox 537 1576 600 1625; x_wconf 87' lang='lat' dir='ltr'><strong>Ut</strong></span> <span class='ocrx_word' id='word_1_120' title='bbox 624 1578 672 1624; x_wconf 91' lang='lat' dir='ltr'><strong>in</strong></span> <span class='ocrx_word' id='word_1_121' title='bbox 696 1575 1083 1637; x_wconf 61' lang='lat' dir='ltr'><strong>congregatione</strong></span> <span class='ocrx_word' id='word_1_122' title='bbox 1106 1577 1334 1625; x_wconf 82' lang='lat' dir='ltr'><strong>canonica</strong></span> <span class='ocrx_word' id='word_1_123' title='bbox 1359 1575 1615 1638; x_wconf 81' lang='lat' dir='ltr'><strong>:equaliter</strong></span> <span class='ocrx_word' id='word_1_124' title='bbox 1646 1576 1784 1625; x_wconf 89' lang='lat' dir='ltr'><strong>cibus</strong></span> <span class='ocrx_word' id='word_1_125' title='bbox 1808 1582 1861 1627; x_wconf 86' lang='lat' dir='ltr'><strong>et</strong></span> 
     </span>
    </p>
   </div>
   <div class='ocr_carea' id='block_1_23' title="bbox 278 1639 730 1700">
    <p class='ocr_par' dir='ltr' id='par_1_23' title="bbox 278 1639 730 1700">
     <span class='ocr_line' id='line_1_23' title="bbox 278 1639 730 1700; baseline 0 -15"><span class='ocrx_word' id='word_1_126' title='bbox 278 1639 730 1700; x_wconf 15' lang='lat' dir='ltr'><strong>potusiaccipiatur.</strong></span> 
     </span>
    </p>
   </div>
   <div class='ocr_carea' id='block_1_24' title="bbox 340 1697 1269 1761">
    <p class='ocr_par' dir='ltr' id='par_1_24' title="bbox 340 1697 1269 1761">
     <span class='ocr_line' id='line_1_24' title="bbox 340 1697 1269 1761; baseline -0.004 -12"><span class='ocrx_word' id='word_1_127' title='bbox 340 1699 537 1761; x_wconf 51' lang='lat' dir='ltr'><strong>CXXII:</strong></span> <span class='ocrx_word' id='word_1_128' title='bbox 558 1697 634 1761; x_wconf 80' lang='lat' dir='ltr'><strong>De</strong></span> <span class='ocrx_word' id='word_1_129' title='bbox 659 1709 887 1761; x_wconf 87' lang='lat' dir='ltr'><strong>mensura</strong></span> <span class='ocrx_word' id='word_1_130' title='bbox 909 1697 1006 1761; x_wconf 82' lang='lat' dir='ltr'><strong>cibi</strong></span> <span class='ocrx_word' id='word_1_131' title='bbox 1032 1706 1083 1749; x_wconf 89' lang='lat' dir='ltr'><strong>et</strong></span> <span class='ocrx_word' id='word_1_132' title='bbox 1110 1701 1269 1761; x_wconf 83' lang='lat' dir='ltr'><strong>polus.</strong></span> 
     </span>
    </p>
   </div>
   <div class='ocr_carea' id='block_1_25' title="bbox 339 1758 1864 1823">
    <p class='ocr_par' dir='ltr' id='par_1_25' title="bbox 339 1758 1864 1823">
     <span class='ocr_line' id='line_1_25' title="bbox 339 1758 1864 1823; baseline -0.001 -13"><span class='ocrx_word' id='word_1_133' title='bbox 339 1759 575 1823; x_wconf 76' lang='lat' dir='ltr'><strong>CXXIII.</strong></span> <span class='ocrx_word' id='word_1_134' title='bbox 604 1760 741 1819; x_wconf 88' lang='lat' dir='ltr'><strong>Quod</strong></span> <span class='ocrx_word' id='word_1_135' title='bbox 785 1771 814 1807; x_wconf 85' lang='lat' dir='ltr'><strong>a</strong></span> <span class='ocrx_word' id='word_1_136' title='bbox 857 1760 1066 1821; x_wconf 66' lang='lat' dir='ltr'><strong>praelatis</strong></span> <span class='ocrx_word' id='word_1_137' title='bbox 1111 1758 1323 1823; x_wconf 64' lang='lat' dir='ltr'><strong>&#39;gemina</strong></span> <span class='ocrx_word' id='word_1_138' title='bbox 1369 1760 1526 1822; x_wconf 81' lang='lat' dir='ltr'><strong>pastio</strong></span> <span class='ocrx_word' id='word_1_139' title='bbox 1552 1761 1619 1810; x_wconf 90' lang='lat' dir='ltr'><strong>sit</strong></span> <span class='ocrx_word' id='word_1_140' title='bbox 1659 1758 1864 1809; x_wconf 86' lang='lat' dir='ltr'><strong>subditis</strong></span> 
     </span>
    </p>
   </div>
   <div class='ocr_carea' id='block_1_26' title="bbox 274 1822 631 1874">
    <p class='ocr_par' dir='ltr' id='par_1_26' title="bbox 274 1822 631 1874">
     <span class='ocr_line' id='line_1_26' title="bbox 274 1822 631 1874; baseline -0.008 -1"><span class='ocrx_word' id='word_1_141' title='bbox 274 1822 631 1874; x_wconf 74' lang='lat' dir='ltr'><strong>impendenda.</strong></span> 
     </span>
    </p>
   </div>
   <div class='ocr_carea' id='block_1_27' title="bbox 340 1881 1863 1942">
    <p class='ocr_par' dir='ltr' id='par_1_27' title="bbox 340 1881 1863 1942">
     <span class='ocr_line' id='line_1_27' title="bbox 340 1881 1863 1942; baseline -0.002 -7"><span class='ocrx_word' id='word_1_142' title='bbox 340 1881 551 1935; x_wconf 77' lang='lat' dir='ltr'><strong>CXtIV.</strong></span> <span class='ocrx_word' id='word_1_143' title='bbox 591 1882 651 1932; x_wconf 89' lang='lat' dir='ltr'><strong>Ut</strong></span> <span class='ocrx_word' id='word_1_144' title='bbox 704 1881 946 1931; x_wconf 81' lang='lat' dir='ltr'><strong>canonicis</strong></span> <span class='ocrx_word' id='word_1_145' title='bbox 989 1882 1116 1931; x_wconf 89' lang='lat' dir='ltr'><strong>sicut</strong></span> <span class='ocrx_word' id='word_1_146' title='bbox 1168 1883 1217 1930; x_wconf 92' lang='lat' dir='ltr'><strong>in</strong></span> <span class='ocrx_word' id='word_1_147' title='bbox 1264 1883 1474 1942; x_wconf 58' lang='lat' dir='ltr'><strong>ceteris,</strong></span> <span class='ocrx_word' id='word_1_148' title='bbox 1519 1884 1582 1931; x_wconf 79' lang='lat' dir='ltr'><strong>ita</strong></span> <span class='ocrx_word' id='word_1_149' title='bbox 1626 1884 1770 1932; x_wconf 79' lang='lat' dir='ltr'><strong>etiam</strong></span> <span class='ocrx_word' id='word_1_150' title='bbox 1814 1884 1863 1932; x_wconf 91' lang='lat' dir='ltr'><strong>in</strong></span> 
     </span>
    </p>
   </div>
   <div class='ocr_carea' id='block_1_28' title="bbox 279 1942 1459 1994">
    <p class='ocr_par' dir='ltr' id='par_1_28' title="bbox 279 1942 1459 1994">
     <span class='ocr_line' id='line_1_28' title="bbox 279 1942 1459 1994; baseline -0.003 0"><span class='ocrx_word' id='word_1_151' title='bbox 279 1948 425 1994; x_wconf 86' lang='lat' dir='ltr'><strong>cultu</strong></span> <span class='ocrx_word' id='word_1_152' title='bbox 451 1946 660 1992; x_wconf 78' lang='lat' dir='ltr'><strong>vestium</strong></span> <span class='ocrx_word' id='word_1_153' title='bbox 686 1942 877 1991; x_wconf 87' lang='lat' dir='ltr'><strong>modum</strong></span> <span class='ocrx_word' id='word_1_154' title='bbox 903 1951 1110 1992; x_wconf 75' lang='lat' dir='ltr'><strong>teneant</strong></span> <span class='ocrx_word' id='word_1_155' title='bbox 1130 1945 1459 1992; x_wconf 75' lang='lat' dir='ltr'><strong>discretionis.</strong></span> 
     </span>
    </p>
   </div>
   <div class='ocr_carea' id='block_1_29' title="bbox 338 2004 1826 2056">
    <p class='ocr_par' dir='ltr' id='par_1_29' title="bbox 338 2004 1826 2056">
     <span class='ocr_line' id='line_1_29' title="bbox 338 2004 1826 2056; baseline -0.001 0"><span class='ocrx_word' id='word_1_156' title='bbox 338 2004 523 2056; x_wconf 85' lang='lat' dir='ltr'><strong>CXXV.</strong></span> <span class='ocrx_word' id='word_1_157' title='bbox 552 2006 614 2055; x_wconf 81' lang='lat' dir='ltr'><strong>Ut</strong></span> <span class='ocrx_word' id='word_1_158' title='bbox 634 2007 853 2055; x_wconf 87' lang='lat' dir='ltr'><strong>canonici</strong></span> <span class='ocrx_word' id='word_1_159' title='bbox 878 2004 1094 2054; x_wconf 88' lang='lat' dir='ltr'><strong>cucullas</strong></span> <span class='ocrx_word' id='word_1_160' title='bbox 1117 2007 1460 2054; x_wconf 83' lang='lat' dir='ltr'><strong>manacltorutn</strong></span> <span class='ocrx_word' id='word_1_161' title='bbox 1487 2018 1580 2054; x_wconf 88' lang='lat' dir='ltr'><strong>non</strong></span> <span class='ocrx_word' id='word_1_162' title='bbox 1609 2004 1826 2055; x_wconf 82' lang='lat' dir='ltr'><strong>induant.</strong></span> 
     </span>
    </p>
   </div>
   <div class='ocr_carea' id='block_1_30' title="bbox 880 241 2989 302">
    <p class='ocr_par' dir='ltr' id='par_1_30' title="bbox 880 241 2989 302">
     <span class='ocr_line' id='line_1_30' title="bbox 880 241 2989 302; baseline 0 -4"><span class='ocrx_word' id='word_1_163' title='bbox 880 241 1161 300; x_wconf 75' lang='lat' dir='ltr'><strong>REGULA</strong></span> <span class='ocrx_word' id='word_1_164' title='bbox 1198 242 1694 299; x_wconf 75' lang='lat' dir='ltr'><strong>CANONICORUM</strong></span> <span class='ocrx_word' id='word_1_165' title='bbox 1733 244 1819 298; x_wconf 83' lang='lat' dir='ltr'><strong>AB</strong></span> <span class='ocrx_word' id='word_1_166' title='bbox 1857 244 2214 301; x_wconf 72' lang='lat' dir='ltr'><strong>AMALARIO</strong></span> <span class='ocrx_word' id='word_1_167' title='bbox 2252 244 2629 302; x_wconf 84' lang='lat' dir='ltr'><strong>COLLECTA.</strong></span> <span class='ocrx_word' id='word_1_168' title='bbox 2670 276 2740 285; x_wconf 94' lang='lat'>—</span> <span class='ocrx_word' id='word_1_169' title='bbox 2779 244 2907 300; x_wconf 87' lang='lat' dir='ltr'><strong>LIB.</strong></span> <span class='ocrx_word' id='word_1_170' title='bbox 2945 245 2989 300; x_wconf 88' lang='grc' dir='ltr'>ι.</span> 
     </span>
    </p>
   </div>
   <div class='ocr_carea' id='block_1_31' title="bbox 3428 244 3534 300">
    <p class='ocr_par' dir='ltr' id='par_1_31' title="bbox 3428 244 3534 300">
     <span class='ocr_line' id='line_1_31' title="bbox 3428 244 3534 300; baseline -0.028 -1"><span class='ocrx_word' id='word_1_171' title='bbox 3428 244 3534 300; x_wconf 68' lang='lat'><strong>89.3</strong></span> 
     </span>
    </p>
   </div>
   <div class='ocr_carea' id='block_1_32' title="bbox 2025 354 3534 421">
    <p class='ocr_par' dir='ltr' id='par_1_32' title="bbox 2025 354 3534 421">
     <span class='ocr_line' id='line_1_32' title="bbox 2025 354 3534 421; baseline 0.002 -14"><span class='ocrx_word' id='word_1_172' title='bbox 2025 354 2230 407; x_wconf 81' lang='lat' dir='ltr'><strong>CXXVI.</strong></span> <span class='ocrx_word' id='word_1_173' title='bbox 2279 355 2381 416; x_wconf 90' lang='lat' dir='ltr'><strong>Qua</strong></span> <span class='ocrx_word' id='word_1_174' title='bbox 2399 356 2694 421; x_wconf 74' lang='lat' dir='ltr'><strong>auctoritate</strong></span> <span class='ocrx_word' id='word_1_175' title='bbox 2725 356 2858 407; x_wconf 72' lang='lat' dir='ltr'><strong>hom</strong></span> <span class='ocrx_word' id='word_1_176' title='bbox 2904 357 3148 421; x_wconf 70' lang='lat' dir='ltr'><strong>canonica:</strong></span> <span class='ocrx_word' id='word_1_177' title='bbox 3189 356 3534 421; x_wconf 84' lang='lat' dir='ltr'><strong>celebrentur,</strong></span> 
     </span>
    </p>
   </div>
   <div class='ocr_carea' id='block_1_33' title="bbox 1958 417 3383 481">
    <p class='ocr_par' dir='ltr' id='par_1_33' title="bbox 1958 417 3383 481">
     <span class='ocr_line' id='line_1_33' title="bbox 1958 417 3383 481; baseline 0.001 -16"><span class='ocrx_word' id='word_1_178' title='bbox 1958 421 2236 481; x_wconf 56' lang='lat' dir='ltr'><strong>quassent;</strong></span> <span class='ocrx_word' id='word_1_179' title='bbox 2262 430 2318 481; x_wconf 79' lang='lat' dir='ltr'><strong>ac</strong></span> <span class='ocrx_word' id='word_1_180' title='bbox 2341 417 2866 481; x_wconf 82' lang='lat' dir='ltr'><strong>religiosenbservare</strong></span> <span class='ocrx_word' id='word_1_181' title='bbox 2886 419 3146 468; x_wconf 79' lang='lat' dir='ltr'><strong>canonicos</strong></span> <span class='ocrx_word' id='word_1_182' title='bbox 3167 426 3383 481; x_wconf 78' lang='lat' dir='ltr'><strong>Oportet.</strong></span> 
     </span>
    </p>
   </div>
   <div class='ocr_carea' id='block_1_34' title="bbox 2020 476 3243 540">
    <p class='ocr_par' dir='ltr' id='par_1_34' title="bbox 2020 476 3243 540">
     <span class='ocr_line' id='line_1_34' title="bbox 2020 476 3243 540; baseline -0.001 -13"><span class='ocrx_word' id='word_1_183' title='bbox 2020 476 2251 540; x_wconf 71' lang='lat' dir='ltr'><strong>CXXVII.</strong></span> <span class='ocrx_word' id='word_1_184' title='bbox 2277 478 2352 528; x_wconf 82' lang='lat' dir='ltr'><strong>lle</strong></span> <span class='ocrx_word' id='word_1_185' title='bbox 2379 476 2694 540; x_wconf 53' lang='lat' dir='ltr'><strong>reapertinis.</strong></span> <span class='ocrx_word' id='word_1_186' title='bbox 3202 476 3243 513; x_wconf 63' lang='lat'><strong>&#39;-</strong></span> 
     </span>
    </p>
   </div>
   <div class='ocr_carea' id='block_1_35' title="bbox 2020 539 2670 599">
    <p class='ocr_par' dir='ltr' id='par_1_35' title="bbox 2020 539 2670 599">
     <span class='ocr_line' id='line_1_35' title="bbox 2020 539 2670 599; baseline -0.009 -8"><span class='ocrx_word' id='word_1_187' title='bbox 2020 539 2271 599; x_wconf 79' lang='lat' dir='ltr'><strong>CXXVIII.</strong></span> <span class='ocrx_word' id='word_1_188' title='bbox 2298 540 2372 589; x_wconf 90' lang='lat' dir='ltr'><strong>De</strong></span> <span class='ocrx_word' id='word_1_189' title='bbox 2396 539 2670 599; x_wconf 79' lang='lat' dir='ltr'><strong>completis.</strong></span> 
     </span>
    </p>
   </div>
   <div class='ocr_carea' id='block_1_36' title="bbox 2019 598 2964 662">
    <p class='ocr_par' dir='ltr' id='par_1_36' title="bbox 2019 598 2964 662">
     <span class='ocr_line' id='line_1_36' title="bbox 2019 598 2964 662; baseline -0.001 -10"><span class='ocrx_word' id='word_1_190' title='bbox 2019 598 2234 662; x_wconf 62' lang='lat' dir='ltr'><strong>CXXIX.</strong></span> <span class='ocrx_word' id='word_1_191' title='bbox 2253 600 2328 650; x_wconf 81' lang='lat' dir='ltr'><strong>De</strong></span> <span class='ocrx_word' id='word_1_192' title='bbox 2353 598 2626 662; x_wconf 70' lang='lat' dir='ltr'><strong>vigiliarum</strong></span> <span class='ocrx_word' id='word_1_193' title='bbox 2654 599 2964 662; x_wconf 81' lang='lat' dir='ltr'><strong>antiquitate.</strong></span> 
     </span>
    </p>
   </div>
   <div class='ocr_carea' id='block_1_37' title="bbox 2019 659 2586 711">
    <p class='ocr_par' dir='ltr' id='par_1_37' title="bbox 2019 659 2586 711">
     <span class='ocr_line' id='line_1_37' title="bbox 2019 659 2586 711; baseline -0.002 0"><span class='ocrx_word' id='word_1_194' title='bbox 2019 659 2200 711; x_wconf 85' lang='lat' dir='ltr'><strong>CXXX.</strong></span> <span class='ocrx_word' id='word_1_195' title='bbox 2224 661 2299 710; x_wconf 90' lang='lat' dir='ltr'><strong>De</strong></span> <span class='ocrx_word' id='word_1_196' title='bbox 2323 659 2586 710; x_wconf 73' lang='lat' dir='ltr'><strong>matutinis.</strong></span> 
     </span>
    </p>
   </div>
   <div class='ocr_carea' id='block_1_38' title="bbox 2019 719 3534 785">
    <p class='ocr_par' dir='ltr' id='par_1_38' title="bbox 2019 719 3534 785">
     <span class='ocr_line' id='line_1_38' title="bbox 2019 719 3534 785; baseline 0.003 -13"><span class='ocrx_word' id='word_1_197' title='bbox 2019 719 2228 772; x_wconf 78' lang='lat' dir='ltr'><strong>CXXXI.</strong></span> <span class='ocrx_word' id='word_1_198' title='bbox 2250 720 2315 773; x_wconf 88' lang='lat' dir='ltr'><strong>Ut</strong></span> <span class='ocrx_word' id='word_1_199' title='bbox 2356 723 2574 771; x_wconf 87' lang='lat' dir='ltr'><strong>canonici</strong></span> <span class='ocrx_word' id='word_1_200' title='bbox 2616 721 2760 770; x_wconf 84' lang='lat' dir='ltr'><strong>horas</strong></span> <span class='ocrx_word' id='word_1_201' title='bbox 2804 722 3058 772; x_wconf 85' lang='lat' dir='ltr'><strong>canonicas</strong></span> <span class='ocrx_word' id='word_1_202' title='bbox 3088 720 3324 785; x_wconf 88' lang='lat' dir='ltr'><strong>religiose</strong></span> <span class='ocrx_word' id='word_1_203' title='bbox 3361 724 3534 776; x_wconf 78' lang='lat' dir='ltr'><strong>obser-</strong></span> 
     </span>
    </p>
   </div>
   <div class='ocr_carea' id='block_1_39' title="bbox 1959 789 2095 833">
    <p class='ocr_par' dir='ltr' id='par_1_39' title="bbox 1959 789 2095 833">
     <span class='ocr_line' id='line_1_39' title="bbox 1959 789 2095 833; baseline 0.015 -2"><span class='ocrx_word' id='word_1_204' title='bbox 1959 789 2095 833; x_wconf 73' lang='lat' dir='ltr'><strong>vent.</strong></span> 
     </span>
    </p>
   </div>
   <div class='ocr_carea' id='block_1_40' title="bbox 2024 841 3543 905">
    <p class='ocr_par' dir='ltr' id='par_1_40' title="bbox 2024 841 3543 905">
     <span class='ocr_line' id='line_1_40' title="bbox 2024 841 3543 905; baseline 0.002 -12"><span class='ocrx_word' id='word_1_205' title='bbox 2024 841 2255 893; x_wconf 78' lang='lat' dir='ltr'><strong>CXXXII.</strong></span> <span class='ocrx_word' id='word_1_206' title='bbox 2281 842 2416 901; x_wconf 87' lang='lat' dir='ltr'><strong>Quod</strong></span> <span class='ocrx_word' id='word_1_207' title='bbox 2441 842 2750 892; x_wconf 82' lang='lat' dir='ltr'><strong>cantantibus</strong></span> <span class='ocrx_word' id='word_1_208' title='bbox 2793 849 2846 891; x_wconf 90' lang='lat' dir='ltr'><strong>et</strong></span> <span class='ocrx_word' id='word_1_209' title='bbox 2884 841 3206 905; x_wconf 84' lang='lat' dir='ltr'><strong>psallentibus</strong></span> <span class='ocrx_word' id='word_1_210' title='bbox 3229 843 3432 896; x_wconf 90' lang='lat' dir='ltr'><strong>Domino</strong></span> <span class='ocrx_word' id='word_1_211' title='bbox 3452 860 3543 896; x_wconf 87' lang='lat' dir='ltr'><strong>an-</strong></span> 
     </span>
    </p>
   </div>
   <div class='ocr_carea' id='block_1_41' title="bbox 1960 904 2638 967">
    <p class='ocr_par' dir='ltr' id='par_1_41' title="bbox 1960 904 2638 967">
     <span class='ocr_line' id='line_1_41' title="bbox 1960 904 2638 967; baseline -0.003 -11"><span class='ocrx_word' id='word_1_212' title='bbox 1960 904 2374 967; x_wconf 59' lang='lat' dir='ltr'><strong>geloruinadsiut</strong></span> <span class='ocrx_word' id='word_1_213' title='bbox 2398 905 2638 967; x_wconf 61' lang='lat' dir='ltr'><strong>praesidia.</strong></span> 
     </span>
    </p>
   </div>
   <div class='ocr_carea' id='block_1_42' title="bbox 2023 963 3540 1027">
    <p class='ocr_par' dir='ltr' id='par_1_42' title="bbox 2023 963 3540 1027">
     <span class='ocr_line' id='line_1_42' title="bbox 2023 963 3540 1027; baseline 0.002 -14"><span class='ocrx_word' id='word_1_214' title='bbox 2023 963 2276 1027; x_wconf 80' lang='lat' dir='ltr'><strong>CXXXIII.</strong></span> <span class='ocrx_word' id='word_1_215' title='bbox 2302 963 2486 1024; x_wconf 85' lang='lat' dir='ltr'><strong>Quales</strong></span> <span class='ocrx_word' id='word_1_216' title='bbox 2501 966 2558 1013; x_wconf 88' lang='lat' dir='ltr'><strong>ad</strong></span> <span class='ocrx_word' id='word_1_217' title='bbox 2580 964 2844 1027; x_wconf 86' lang='lat' dir='ltr'><strong>tegendum</strong></span> <span class='ocrx_word' id='word_1_218' title='bbox 2870 971 2923 1014; x_wconf 91' lang='lat' dir='ltr'><strong>et</strong></span> <span class='ocrx_word' id='word_1_219' title='bbox 2946 965 3235 1014; x_wconf 88' lang='lat' dir='ltr'><strong>cantandum</strong></span> <span class='ocrx_word' id='word_1_220' title='bbox 3259 968 3306 1015; x_wconf 90' lang='lat' dir='ltr'><strong>in</strong></span> <span class='ocrx_word' id='word_1_221' title='bbox 3334 966 3540 1017; x_wconf 76' lang='lat' dir='ltr'><strong>ecclesia</strong></span> 
     </span>
    </p>
   </div>
   <div class='ocr_carea' id='block_1_43' title="bbox 1960 1026 2431 1077">
    <p class='ocr_par' dir='ltr' id='par_1_43' title="bbox 1960 1026 2431 1077">
     <span class='ocr_line' id='line_1_43' title="bbox 1960 1026 2431 1077; baseline -0.008 -1"><span class='ocrx_word' id='word_1_222' title='bbox 1960 1026 2293 1077; x_wconf 77' lang='lat' dir='ltr'><strong>constituendi</strong></span> <span class='ocrx_word' id='word_1_223' title='bbox 2318 1030 2431 1075; x_wconf 88' lang='lat' dir='ltr'><strong>sint.</strong></span> 
     </span>
    </p>
   </div>
   <div class='ocr_carea' id='block_1_44' title="bbox 2022 1086 3027 1147">
    <p class='ocr_par' dir='ltr' id='par_1_44' title="bbox 2022 1086 3027 1147">
     <span class='ocr_line' id='line_1_44' title="bbox 2022 1086 3027 1147; baseline -0.001 -10"><span class='ocrx_word' id='word_1_224' title='bbox 2022 1086 2269 1147; x_wconf 69' lang='lat' dir='ltr'><strong>CXXXIV.</strong></span> <span class='ocrx_word' id='word_1_225' title='bbox 2298 1087 2392 1144; x_wconf 87' lang='lat' dir='ltr'><strong>Qui</strong></span> <span class='ocrx_word' id='word_1_226' title='bbox 2416 1088 2585 1135; x_wconf 80' lang='lat' dir='ltr'><strong>modus</strong></span> <span class='ocrx_word' id='word_1_227' title='bbox 2602 1087 2667 1135; x_wconf 90' lang='lat' dir='ltr'><strong>sit</strong></span> <span class='ocrx_word' id='word_1_228' title='bbox 2689 1087 3027 1147; x_wconf 49' lang='lat' dir='ltr'><strong>correpti-tuis.</strong></span> 
     </span>
    </p>
   </div>
   <div class='ocr_carea' id='block_1_45' title="bbox 2023 1145 3537 1208">
    <p class='ocr_par' dir='ltr' id='par_1_45' title="bbox 2023 1145 3537 1208">
     <span class='ocr_line' id='line_1_45' title="bbox 2023 1145 3537 1208; baseline 0.001 -12"><span class='ocrx_word' id='word_1_229' title='bbox 2023 1151 2039 1196; x_wconf 88' lang='lat' dir='ltr'><strong>t</strong></span> <span class='ocrx_word' id='word_1_230' title='bbox 2061 1145 2247 1196; x_wconf 75' lang='lat' dir='ltr'><strong>XXXV.</strong></span> <span class='ocrx_word' id='word_1_231' title='bbox 2275 1147 2341 1197; x_wconf 89' lang='lat' dir='ltr'><strong>Ut</strong></span> <span class='ocrx_word' id='word_1_232' title='bbox 2365 1160 2482 1208; x_wconf 84' lang='lat' dir='ltr'><strong>erga</strong></span> <span class='ocrx_word' id='word_1_233' title='bbox 2508 1160 2707 1208; x_wconf 85' lang='lat' dir='ltr'><strong>pueros,</strong></span> <span class='ocrx_word' id='word_1_234' title='bbox 2731 1149 2813 1208; x_wconf 90' lang='lat' dir='ltr'><strong>qui</strong></span> <span class='ocrx_word' id='word_1_235' title='bbox 2838 1145 3122 1196; x_wconf 85' lang='lat' dir='ltr'><strong>nutriuntur</strong></span> <span class='ocrx_word' id='word_1_236' title='bbox 3142 1184 3156 1203; x_wconf 86' lang='lat'><strong>.</strong></span> <span class='ocrx_word' id='word_1_237' title='bbox 3176 1146 3264 1197; x_wconf 83' lang='lat' dir='ltr'><strong>vel</strong></span> <span class='ocrx_word' id='word_1_238' title='bbox 3298 1150 3537 1200; x_wconf 84' lang='lat' dir='ltr'><strong>erudiun—</strong></span> 
     </span>
    </p>
   </div>
   <div class='ocr_carea' id='block_1_46' title="bbox 1961 1209 3539 1316">
    <p class='ocr_par' dir='ltr' id='par_1_46' title="bbox 1961 1209 3539 1316">
     <span class='ocr_line' id='line_1_46' title="bbox 1961 1209 3539 1316; baseline 0.002 -58"><span class='ocrx_word' id='word_1_239' title='bbox 1961 1212 2077 1316; x_wconf 66' lang='lat' dir='ltr'><strong>turli</strong></span> <span class='ocrx_word' id='word_1_240' title='bbox 2087 1225 2130 1316; x_wconf 53' lang='grc' dir='ltr'><strong>ιζ’</strong></span> <span class='ocrx_word' id='word_1_241' title='bbox 2131 1210 2518 1281; x_wconf 79' lang='lat' dir='ltr'><strong>congregatione</strong></span> <span class='ocrx_word' id='word_1_242' title='bbox 2544 1212 2797 1269; x_wconf 83' lang='lat' dir='ltr'><strong>canonica,</strong></span> <span class='ocrx_word' id='word_1_243' title='bbox 2817 1209 2985 1257; x_wconf 89' lang='lat' dir='ltr'><strong>instant</strong></span> <span class='ocrx_word' id='word_1_244' title='bbox 2997 1210 3161 1258; x_wconf 73' lang='lat' dir='ltr'><strong>issinia</strong></span> <span class='ocrx_word' id='word_1_245' title='bbox 3184 1211 3249 1260; x_wconf 90' lang='lat' dir='ltr'><strong>sit</strong></span> <span class='ocrx_word' id='word_1_246' title='bbox 3267 1212 3539 1262; x_wconf 84' lang='lat' dir='ltr'><strong>adhibenda</strong></span> 
     </span>
     <span class='ocr_line' id='line_1_47' title="bbox 1962 1283 2198 1316; baseline 0 0"><span class='ocrx_word' id='word_1_247' title='bbox 1962 1284 2045 1316; x_wconf 69' lang='grc' dir='ltr'><strong>ους</strong></span> <span class='ocrx_word' id='word_1_248' title='bbox 2067 1284 2097 1316; x_wconf 91' lang='lat'><strong>0</strong></span> <span class='ocrx_word' id='word_1_249' title='bbox 2135 1283 2198 1316; x_wconf 71' lang='lat' dir='ltr'><strong>la.</strong></span> 
     </span>
    </p>
   </div>
   <div class='ocr_carea' id='block_1_47' title="bbox 1962 1271 2198 1319">
    <p class='ocr_par' dir='ltr' id='par_1_47' title="bbox 1962 1271 2198 1319">
     <span class='ocr_line' id='line_1_48' title="bbox 1962 1271 2198 1319; baseline 0.004 -1"><span class='ocrx_word' id='word_1_250' title='bbox 1962 1271 2198 1319; x_wconf 74' lang='lat' dir='ltr'><strong>custodia.</strong></span> 
     </span>
    </p>
   </div>
   <div class='ocr_carea' id='block_1_48' title="bbox 2022 1328 3599 1393">
    <p class='ocr_par' dir='ltr' id='par_1_48' title="bbox 2022 1328 3599 1393">
     <span class='ocr_line' id='line_1_49' title="bbox 2022 1328 3599 1393; baseline 0.003 -14"><span class='ocrx_word' id='word_1_251' title='bbox 2022 1330 2275 1393; x_wconf 56' lang='lat' dir='ltr'><strong>CXXXVI:</strong></span> <span class='ocrx_word' id='word_1_252' title='bbox 2298 1329 2365 1393; x_wconf 90' lang='lat' dir='ltr'><strong>Ut</strong></span> <span class='ocrx_word' id='word_1_253' title='bbox 2386 1343 2559 1381; x_wconf 86' lang='lat' dir='ltr'><strong>omnes</strong></span> <span class='ocrx_word' id='word_1_254' title='bbox 2597 1329 2817 1381; x_wconf 87' lang='lat' dir='ltr'><strong>canonici</strong></span> <span class='ocrx_word' id='word_1_255' title='bbox 2842 1328 2902 1379; x_wconf 88' lang='lat' dir='ltr'><strong>ad</strong></span> <span class='ocrx_word' id='word_1_256' title='bbox 2927 1330 3298 1393; x_wconf 86' lang='lat' dir='ltr'><strong>completorium</strong></span> <span class='ocrx_word' id='word_1_257' title='bbox 3321 1334 3541 1383; x_wconf 77' lang='lat' dir='ltr'><strong>veniant.</strong></span> <span class='ocrx_word' id='word_1_258' title='bbox 3588 1363 3599 1370; x_wconf 85' lang='lat'><strong>-</strong></span> 
     </span>
    </p>
   </div>
   <div class='ocr_carea' id='block_1_49' title="bbox 2021 1389 2709 1445">
    <p class='ocr_par' dir='ltr' id='par_1_49' title="bbox 2021 1389 2709 1445">
     <span class='ocr_line' id='line_1_50' title="bbox 2021 1389 2709 1445; baseline 0.003 -7"><span class='ocrx_word' id='word_1_259' title='bbox 2021 1389 2298 1445; x_wconf 62' lang='lat' dir='ltr'><strong>CXXXVII.</strong></span> <span class='ocrx_word' id='word_1_260' title='bbox 2324 1392 2399 1441; x_wconf 83' lang='lat' dir='ltr'><strong>De</strong></span> <span class='ocrx_word' id='word_1_261' title='bbox 2416 1393 2709 1442; x_wconf 88' lang='lat' dir='ltr'><strong>cantoribus.</strong></span> 
     </span>
    </p>
   </div>
   <div class='ocr_carea' id='block_1_50' title="bbox 2024 1449 3543 1516">
    <p class='ocr_par' dir='ltr' id='par_1_50' title="bbox 2024 1449 3543 1516">
     <span class='ocr_line' id='line_1_51' title="bbox 2024 1449 3543 1516; baseline 0.001 -13"><span class='ocrx_word' id='word_1_262' title='bbox 2024 1451 2319 1516; x_wconf 63' lang='lat' dir='ltr'><strong>CXXXYIII.</strong></span> <span class='ocrx_word' id='word_1_263' title='bbox 2349 1452 2532 1516; x_wconf 82' lang='lat' dir='ltr'><strong>Quales</strong></span> <span class='ocrx_word' id='word_1_264' title='bbox 2558 1454 2664 1503; x_wconf 75' lang='lat' dir='ltr'><strong>tice</strong></span> <span class='ocrx_word' id='word_1_265' title='bbox 2709 1449 3019 1515; x_wconf 72' lang='lat' dir='ltr'><strong>pra-latorum</strong></span> <span class='ocrx_word' id='word_1_266' title='bbox 3062 1454 3110 1501; x_wconf 94' lang='lat' dir='ltr'><strong>in</strong></span> <span class='ocrx_word' id='word_1_267' title='bbox 3153 1456 3543 1516; x_wconf 79' lang='lat' dir='ltr'><strong>congregatione</strong></span> 
     </span>
    </p>
   </div>
   <div class='ocr_carea' id='block_1_51' title="bbox 1961 1512 2591 1563">
    <p class='ocr_par' dir='ltr' id='par_1_51' title="bbox 1961 1512 2591 1563">
     <span class='ocr_line' id='line_1_52' title="bbox 1961 1512 2591 1563; baseline -0.002 -1"><span class='ocrx_word' id='word_1_268' title='bbox 1961 1514 2187 1562; x_wconf 72' lang='lat' dir='ltr'><strong>canonica</strong></span> <span class='ocrx_word' id='word_1_269' title='bbox 2209 1512 2343 1563; x_wconf 73' lang='lat' dir='ltr'><strong>fungi</strong></span> <span class='ocrx_word' id='word_1_270' title='bbox 2359 1514 2591 1563; x_wconf 81' lang='lat' dir='ltr'><strong>debeant.</strong></span> 
     </span>
    </p>
   </div>
   <div class='ocr_carea' id='block_1_52' title="bbox 2025 1572 2686 1635">
    <p class='ocr_par' dir='ltr' id='par_1_52' title="bbox 2025 1572 2686 1635">
     <span class='ocr_line' id='line_1_53' title="bbox 2025 1572 2686 1635; baseline -0.005 -10"><span class='ocrx_word' id='word_1_271' title='bbox 2025 1572 2274 1635; x_wconf 71' lang='lat' dir='ltr'><strong>CXXXIX.</strong></span> <span class='ocrx_word' id='word_1_272' title='bbox 2298 1572 2375 1624; x_wconf 90' lang='lat' dir='ltr'><strong>De</strong></span> <span class='ocrx_word' id='word_1_273' title='bbox 2400 1576 2686 1635; x_wconf 73' lang='lat' dir='ltr'><strong>praepositis.</strong></span> 
     </span>
    </p>
   </div>
   <div class='ocr_carea' id='block_1_53' title="bbox 2024 1634 3154 1691">
    <p class='ocr_par' dir='ltr' id='par_1_53' title="bbox 2024 1634 3154 1691">
     <span class='ocr_line' id='line_1_54' title="bbox 2024 1634 3154 1691; baseline -0.002 -5"><span class='ocrx_word' id='word_1_274' title='bbox 2024 1634 2160 1686; x_wconf 71' lang='lat' dir='ltr'><strong>CXL.</strong></span> <span class='ocrx_word' id='word_1_275' title='bbox 2188 1635 2352 1691; x_wconf 80' lang='lat' dir='ltr'><strong>Qualis</strong></span> <span class='ocrx_word' id='word_1_276' title='bbox 2370 1634 2430 1685; x_wconf 86' lang='lat' dir='ltr'><strong>sit</strong></span> <span class='ocrx_word' id='word_1_277' title='bbox 2457 1634 2743 1685; x_wconf 88' lang='lat' dir='ltr'><strong>cellararius</strong></span> <span class='ocrx_word' id='word_1_278' title='bbox 2764 1637 3154 1687; x_wconf 84' lang='lat' dir='ltr'><strong>constituendus.</strong></span> 
     </span>
    </p>
   </div>
   <div class='ocr_carea' id='block_1_54' title="bbox 2026 1694 3387 1760">
    <p class='ocr_par' dir='ltr' id='par_1_54' title="bbox 2026 1694 3387 1760">
     <span class='ocr_line' id='line_1_55' title="bbox 2026 1694 3387 1760; baseline 0.001 -14"><span class='ocrx_word' id='word_1_279' title='bbox 2026 1694 2187 1760; x_wconf 55' lang='grc' dir='ltr'><strong>ςχμε</strong></span> <span class='ocrx_word' id='word_1_280' title='bbox 2213 1696 2297 1760; x_wconf 86' lang='lat' dir='ltr'><strong>C_ui</strong></span> <span class='ocrx_word' id='word_1_281' title='bbox 2323 1700 2557 1760; x_wconf 55' lang='lat' dir='ltr'><strong>committi</strong></span> <span class='ocrx_word' id='word_1_282' title='bbox 2582 1696 2800 1746; x_wconf 83' lang='lat' dir='ltr'><strong>debeant</strong></span> <span class='ocrx_word' id='word_1_283' title='bbox 2835 1697 3083 1760; x_wconf 75' lang='lat' dir='ltr'><strong>stipendia</strong></span> <span class='ocrx_word' id='word_1_284' title='bbox 3101 1709 3387 1760; x_wconf 81' lang='lat' dir='ltr'><strong>pauperum.</strong></span> 
     </span>
    </p>
   </div>
   <div class='ocr_carea' id='block_1_55' title="bbox 2023 1756 3281 1809">
    <p class='ocr_par' dir='ltr' id='par_1_55' title="bbox 2023 1756 3281 1809">
     <span class='ocr_line' id='line_1_56' title="bbox 2023 1756 3281 1809; baseline 0.002 -3"><span class='ocrx_word' id='word_1_285' title='bbox 2023 1756 2207 1806; x_wconf 76' lang='lat' dir='ltr'><strong>CXLII.</strong></span> <span class='ocrx_word' id='word_1_286' title='bbox 2235 1757 2309 1806; x_wconf 89' lang='lat' dir='ltr'><strong>De</strong></span> <span class='ocrx_word' id='word_1_287' title='bbox 2332 1758 2428 1808; x_wconf 80' lang='lat' dir='ltr'><strong>iniit</strong></span> <span class='ocrx_word' id='word_1_288' title='bbox 2441 1770 2628 1807; x_wconf 90' lang='lat' dir='ltr'><strong>morum</strong></span> <span class='ocrx_word' id='word_1_289' title='bbox 2654 1770 2710 1806; x_wconf 93' lang='lat' dir='ltr'><strong>ac</strong></span> <span class='ocrx_word' id='word_1_290' title='bbox 2727 1756 3037 1807; x_wconf 61' lang='lat' dir='ltr'><strong>senum&#39;cura</strong></span> <span class='ocrx_word' id='word_1_291' title='bbox 3063 1756 3281 1809; x_wconf 72' lang='lat' dir='ltr'><strong>fratrum.</strong></span> 
     </span>
    </p>
   </div>
   <div class='ocr_carea' id='block_1_56' title="bbox 2024 1817 3333 1880">
    <p class='ocr_par' dir='ltr' id='par_1_56' title="bbox 2024 1817 3333 1880">
     <span class='ocr_line' id='line_1_57' title="bbox 2024 1817 3333 1880; baseline 0.002 -13"><span class='ocrx_word' id='word_1_292' title='bbox 2024 1817 2230 1880; x_wconf 73' lang='lat' dir='ltr'><strong>CXLIII.</strong></span> <span class='ocrx_word' id='word_1_293' title='bbox 2258 1820 2479 1880; x_wconf 81' lang='lat' dir='ltr'><strong>Qualiter</strong></span> <span class='ocrx_word' id='word_1_294' title='bbox 2503 1830 2638 1880; x_wconf 84' lang='lat' dir='ltr'><strong>porta</strong></span> <span class='ocrx_word' id='word_1_295' title='bbox 2657 1820 2995 1868; x_wconf 87' lang='lat' dir='ltr'><strong>canonicnrum</strong></span> <span class='ocrx_word' id='word_1_296' title='bbox 3018 1820 3333 1870; x_wconf 84' lang='lat' dir='ltr'><strong>custodiatur.</strong></span> 
     </span>
    </p>
   </div>
   <div class='ocr_carea' id='block_1_57' title="bbox 1964 1878 3542 1991">
    <p class='ocr_par' dir='ltr' id='par_1_57' title="bbox 1964 1878 3542 1991">
     <span class='ocr_line' id='line_1_58' title="bbox 1964 1878 3542 1991; baseline 0.002 -63"><span class='ocrx_word' id='word_1_297' title='bbox 1964 1878 2228 1991; x_wconf 44' lang='lat' dir='ltr'><strong>dig-XLIV.</strong></span> <span class='ocrx_word' id='word_1_298' title='bbox 2274 1882 2335 1931; x_wconf 78' lang='lat' dir='ltr'><strong>L’t</strong></span> <span class='ocrx_word' id='word_1_299' title='bbox 2388 1878 2599 1931; x_wconf 82' lang='lat' dir='ltr'><strong>claustra</strong></span> <span class='ocrx_word' id='word_1_300' title='bbox 2662 1883 3006 1931; x_wconf 78' lang='lat' dir='ltr'><strong>canonicorum</strong></span> <span class='ocrx_word' id='word_1_301' title='bbox 3071 1879 3337 1941; x_wconf 78' lang='lat' dir='ltr'><strong>diligenter</strong></span> <span class='ocrx_word' id='word_1_302' title='bbox 3376 1887 3542 1932; x_wconf 80' lang='lat' dir='ltr'><strong>custo~</strong></span> 
     </span>
     <span class='ocr_line' id='line_1_59' title="bbox 2102 1954 2177 1991; baseline 0 -1"><span class='ocrx_word' id='word_1_303' title='bbox 2102 1954 2177 1991; x_wconf 90' lang='lat' dir='ltr'><strong>ur.</strong></span> 
     </span>
    </p>
   </div>
   <div class='ocr_carea' id='block_1_58' title="bbox 2019 1949 2177 1991">
    <p class='ocr_par' dir='ltr' id='par_1_58' title="bbox 2019 1949 2177 1991">
     <span class='ocr_line' id='line_1_60' title="bbox 2019 1949 2177 1991; baseline 0.025 -4"><span class='ocrx_word' id='word_1_304' title='bbox 2019 1949 2177 1991; x_wconf 88' lang='lat' dir='ltr'><strong>antur.</strong></span> 
     </span>
    </p>
   </div>
   <div class='ocr_carea' id='block_1_59' title="bbox 2027 2000 2977 2065">
    <p class='ocr_par' dir='ltr' id='par_1_59' title="bbox 2027 2000 2977 2065">
     <span class='ocr_line' id='line_1_61' title="bbox 2027 2000 2977 2065; baseline -0.003 -12"><span class='ocrx_word' id='word_1_305' title='bbox 2027 2001 2210 2054; x_wconf 77' lang='lat' dir='ltr'><strong>CXLV.</strong></span> <span class='ocrx_word' id='word_1_306' title='bbox 2232 2000 2467 2065; x_wconf 83' lang='lat' dir='ltr'><strong>Epilogus</strong></span> <span class='ocrx_word' id='word_1_307' title='bbox 2490 2002 2710 2053; x_wconf 70' lang='lat' dir='ltr'><strong>breviter</strong></span> <span class='ocrx_word' id='word_1_308' title='bbox 2731 2003 2977 2063; x_wconf 74' lang='lat' dir='ltr'><strong>digestus.</strong></span> 
     </span>
    </p>
   </div>
   <div class='ocr_carea' id='block_1_60' title="bbox 1446 2315 2311 2403">
    <p class='ocr_par' dir='ltr' id='par_1_60' title="bbox 1446 2315 2311 2403">
     <span class='ocr_line' id='line_1_62' title="bbox 1446 2315 2311 2403; baseline 0.014 -12"><span class='ocrx_word' id='word_1_309' title='bbox 1446 2319 1471 2346; x_wconf 78' lang='grc'>⁸</span> <span class='ocrx_word' id='word_1_310' title='bbox 1501 2315 1670 2391; x_wconf 89' lang='lat' dir='ltr'><strong>LIB</strong></span> <span class='ocrx_word' id='word_1_311' title='bbox 1689 2315 1797 2390; x_wconf 72' lang='lat' dir='ltr'><strong>Eli</strong></span> <span class='ocrx_word' id='word_1_312' title='bbox 1876 2317 2260 2395; x_wconf 83' lang='lat' dir='ltr'><strong>PRIMUS</strong></span> <span class='ocrx_word' id='word_1_313' title='bbox 2292 2374 2311 2403; x_wconf 72' lang='grc' dir='ltr'><strong>ν</strong></span> 
     </span>
    </p>
   </div>
   <div class='ocr_carea' id='block_1_61' title="bbox 1170 2464 2671 2532">
    <p class='ocr_par' dir='ltr' id='par_1_61' title="bbox 1170 2464 2671 2532">
     <span class='ocr_line' id='line_1_63' title="bbox 1170 2464 2671 2532; baseline 0.004 -14"><span class='ocrx_word' id='word_1_314' title='bbox 1170 2465 1286 2532; x_wconf 58' lang='grc' dir='ltr'>ριί</span> <span class='ocrx_word' id='word_1_315' title='bbox 1325 2464 1454 2519; x_wconf 83' lang='lat' dir='ltr'><strong>EST</strong></span> <span class='ocrx_word' id='word_1_316' title='bbox 1497 2466 1582 2517; x_wconf 87' lang='lat' dir='ltr'><strong>DE</strong></span> <span class='ocrx_word' id='word_1_317' title='bbox 1622 2464 2110 2523; x_wconf 73' lang='lat' dir='ltr'><strong>INSTlTUTIONE</strong></span> <span class='ocrx_word' id='word_1_318' title='bbox 2152 2468 2671 2525; x_wconf 73' lang='lat' dir='ltr'><strong>CANONICORUM.</strong></span> 
     </span>
    </p>
   </div>
   <div class='ocr_carea' id='block_1_62' title="bbox 1389 2595 2432 2669">
    <p class='ocr_par' dir='ltr' id='par_1_62' title="bbox 1389 2595 2432 2669">
     <span class='ocr_line' id='line_1_64' title="bbox 1389 2595 2432 2669; baseline 0.006 -25"><span class='ocrx_word' id='word_1_319' title='bbox 1389 2595 1600 2658; x_wconf 75' lang='lat' dir='ltr'><strong>(Dantur</strong></span> <span class='ocrx_word' id='word_1_320' title='bbox 1624 2601 1868 2647; x_wconf 82' lang='lat' dir='ltr'><strong>tariantes</strong></span> <span class='ocrx_word' id='word_1_321' title='bbox 1890 2612 1950 2648; x_wconf 84' lang='lat' dir='ltr'><strong>cx</strong></span> <span class='ocrx_word' id='word_1_322' title='bbox 1975 2613 2062 2650; x_wconf 88' lang='lat' dir='ltr'><strong>ms.</strong></span> <span class='ocrx_word' id='word_1_323' title='bbox 2094 2600 2246 2652; x_wconf 85' lang='lat' dir='ltr'><strong>Vatic.</strong></span> <span class='ocrx_word' id='word_1_324' title='bbox 2267 2603 2432 2669; x_wconf 62' lang='lat'><strong>£885.)</strong></span> 
     </span>
    </p>
   </div>
   <div class='ocr_carea' id='block_1_63' title="bbox 797 2771 1351 2831">
    <p class='ocr_par' dir='ltr' id='par_1_63' title="bbox 797 2771 1351 2831">
     <span class='ocr_line' id='line_1_65' title="bbox 797 2771 1351 2831; baseline -0.005 -1"><span class='ocrx_word' id='word_1_325' title='bbox 797 2771 1025 2831; x_wconf 81' lang='lat' dir='ltr'><strong>CAPUT</strong></span> <span class='ocrx_word' id='word_1_326' title='bbox 1066 2772 1351 2829; x_wconf 80' lang='lat' dir='ltr'><strong>PRIMUM.</strong></span> 
     </span>
    </p>
   </div>
   <div class='ocr_carea' id='block_1_64' title="bbox 358 2862 1866 2943">
    <p class='ocr_par' dir='ltr' id='par_1_64' title="bbox 358 2862 1866 2943">
     <span class='ocr_line' id='line_1_66' title="bbox 358 2862 1866 2943; baseline -0.004 -17"><span class='ocrx_word' id='word_1_327' title='bbox 358 2870 580 2943; x_wconf 80' lang='lat' dir='ltr'><strong>(Isidori</strong></span> <span class='ocrx_word' id='word_1_328' title='bbox 611 2865 810 2921; x_wconf 75' lang='lat' dir='ltr'><strong>Ecclrs.</strong></span> <span class='ocrx_word' id='word_1_329' title='bbox 844 2862 988 2934; x_wconf 77' lang='lat' dir='ltr'><strong>Ofﬁc.</strong></span> <span class='ocrx_word' id='word_1_330' title='bbox 1019 2863 1057 2918; x_wconf 89' lang='grc' dir='ltr'>ι.</span> <span class='ocrx_word' id='word_1_331' title='bbox 1088 2880 1164 2922; x_wconf 74' lang='lat' dir='ltr'><strong>vr.</strong></span> <span class='ocrx_word' id='word_1_332' title='bbox 1201 2882 1248 2919; x_wconf 84' lang='lat' dir='ltr'><strong>c.</strong></span> <span class='ocrx_word' id='word_1_333' title='bbox 1276 2864 1354 2936; x_wconf 76' lang='grc'><strong>4.)</strong></span> <span class='ocrx_word' id='word_1_334' title='bbox 1401 2864 1660 2921; x_wconf 84' lang='lat' dir='ltr'><strong>Tonsurae</strong></span> <span class='ocrx_word' id='word_1_335' title='bbox 1694 2865 1866 2921; x_wconf 90' lang='lat' dir='ltr'><strong>eccle-</strong></span> 
     </span>
    </p>
   </div>
   <div class='ocr_carea' id='block_1_65' title="bbox 283 2953 1862 3021">
    <p class='ocr_par' dir='ltr' id='par_1_65' title="bbox 283 2953 1862 3021">
     <span class='ocr_line' id='line_1_67' title="bbox 283 2953 1862 3021; baseline -0.003 -6"><span class='ocrx_word' id='word_1_336' title='bbox 283 2961 527 3021; x_wconf 75' lang='lat' dir='ltr'><strong>siasticae</strong></span> <span class='ocrx_word' id='word_1_337' title='bbox 573 2973 704 3014; x_wconf 91' lang='lat' dir='ltr'><strong>usus</strong></span> <span class='ocrx_word' id='word_1_338' title='bbox 746 2973 776 3010; x_wconf 91' lang='lat' dir='ltr'><strong>a</strong></span> <span class='ocrx_word' id='word_1_339' title='bbox 822 2953 1112 3019; x_wconf 70' lang='lat' dir='ltr'><strong>Nazarmis,</strong></span> <span class='ocrx_word' id='word_1_340' title='bbox 1159 2955 1262 3010; x_wconf 90' lang='lat' dir='ltr'><strong>nisi</strong></span> <span class='ocrx_word' id='word_1_341' title='bbox 1304 2955 1477 3021; x_wconf 86' lang='lat' dir='ltr'><strong>fallor,</strong></span> <span class='ocrx_word' id='word_1_342' title='bbox 1514 2965 1734 3011; x_wconf 78' lang='lat' dir='ltr'><strong>exortus</strong></span> <span class='ocrx_word' id='word_1_343' title='bbox 1762 2966 1862 3011; x_wconf 89' lang='lat' dir='ltr'><strong>est.</strong></span> 
     </span>
    </p>
   </div>
   <div class='ocr_carea' id='block_1_66' title="bbox 285 3045 1866 3124">
    <p class='ocr_par' dir='ltr' id='par_1_66' title="bbox 285 3045 1866 3124">
     <span class='ocr_line' id='line_1_68' title="bbox 285 3045 1866 3124; baseline -0.006 -14"><span class='ocrx_word' id='word_1_344' title='bbox 285 3056 394 3124; x_wconf 83' lang='lat' dir='ltr'><strong>Qui</strong></span> <span class='ocrx_word' id='word_1_345' title='bbox 431 3053 584 3123; x_wconf 90' lang='lat' dir='ltr'><strong>prius</strong></span> <span class='ocrx_word' id='word_1_346' title='bbox 621 3049 772 3105; x_wconf 89' lang='lat' dir='ltr'><strong>crine</strong></span> <span class='ocrx_word' id='word_1_347' title='bbox 801 3057 1038 3112; x_wconf 85' lang='lat' dir='ltr'><strong>servato,</strong></span> <span class='ocrx_word' id='word_1_348' title='bbox 1069 3045 1245 3101; x_wconf 89' lang='lat' dir='ltr'><strong>denuo</strong></span> <span class='ocrx_word' id='word_1_349' title='bbox 1275 3045 1576 3119; x_wconf 90' lang='lat' dir='ltr'><strong>[diuturno]</strong></span> <span class='ocrx_word' id='word_1_350' title='bbox 1604 3054 1725 3116; x_wconf 88' lang='lat' dir='ltr'><strong>post</strong></span> <span class='ocrx_word' id='word_1_351' title='bbox 1753 3063 1866 3101; x_wconf 90' lang='lat' dir='ltr'><strong>ma-</strong></span> 
     </span>
    </p>
   </div>
   <div class='ocr_carea' id='block_1_67' title="bbox 284 3138 1866 3218">
    <p class='ocr_par' dir='ltr' id='par_1_67' title="bbox 284 3138 1866 3218">
     <span class='ocr_line' id='line_1_69' title="bbox 284 3138 1866 3218; baseline -0.006 -15"><span class='ocrx_word' id='word_1_352' title='bbox 284 3162 451 3218; x_wconf 83' lang='lat' dir='ltr'><strong>gnam</strong></span> <span class='ocrx_word' id='word_1_353' title='bbox 480 3144 602 3198; x_wconf 69' lang='lat' dir='ltr'><strong>vita:</strong></span> <span class='ocrx_word' id='word_1_354' title='bbox 633 3139 1021 3197; x_wconf 83' lang='lat' dir='ltr'><strong>continentiam</strong></span> <span class='ocrx_word' id='word_1_355' title='bbox 1064 3138 1349 3194; x_wconf 78' lang='lat' dir='ltr'><strong>devotione</strong></span> <span class='ocrx_word' id='word_1_356' title='bbox 1394 3138 1659 3208; x_wconf 86' lang='lat' dir='ltr'><strong>completa</strong></span> <span class='ocrx_word' id='word_1_357' title='bbox 1705 3148 1866 3208; x_wconf 84' lang='lat' dir='ltr'><strong>caput</strong></span> 
     </span>
    </p>
   </div>
   <div class='ocr_carea' id='block_1_68' title="bbox 285 3226 1867 3299">
    <p class='ocr_par' dir='ltr' id='par_1_68' title="bbox 285 3226 1867 3299">
     <span class='ocr_line' id='line_1_70' title="bbox 285 3226 1867 3299; baseline -0.006 -8"><span class='ocrx_word' id='word_1_358' title='bbox 285 3234 581 3296; x_wconf 60' lang='lat' dir='ltr'><strong>cadebant,</strong></span> <span class='ocrx_word' id='word_1_359' title='bbox 627 3239 683 3285; x_wconf 90' lang='lat' dir='ltr'><strong>et</strong></span> <span class='ocrx_word' id='word_1_360' title='bbox 720 3226 941 3299; x_wconf 84' lang='lat' dir='ltr'><strong>capillos</strong></span> <span class='ocrx_word' id='word_1_361' title='bbox 969 3228 1021 3281; x_wconf 92' lang='lat' dir='ltr'><strong>in</strong></span> <span class='ocrx_word' id='word_1_362' title='bbox 1049 3228 1172 3299; x_wconf 87' lang='lat' dir='ltr'><strong>igne</strong></span> <span class='ocrx_word' id='word_1_363' title='bbox 1202 3227 1454 3283; x_wconf 74' lang='lat' dir='ltr'><strong>sacrificii</strong></span> <span class='ocrx_word' id='word_1_364' title='bbox 1485 3242 1685 3296; x_wconf 90' lang='lat' dir='ltr'><strong>ponere</strong></span> <span class='ocrx_word' id='word_1_365' title='bbox 1708 3228 1867 3297; x_wconf 88' lang='lat' dir='ltr'><strong>jube-</strong></span> 
     </span>
    </p>
   </div>
   <div class='ocr_carea' id='block_1_69' title="bbox 286 3319 1866 3391">
    <p class='ocr_par' dir='ltr' id='par_1_69' title="bbox 286 3319 1866 3391">
     <span class='ocr_line' id='line_1_71' title="bbox 286 3319 1866 3391; baseline -0.004 -8"><span class='ocrx_word' id='word_1_366' title='bbox 286 3330 511 3391; x_wconf 84' lang='lat' dir='ltr'><strong>bantur,</strong></span> <span class='ocrx_word' id='word_1_367' title='bbox 547 3324 754 3380; x_wconf 88' lang='lat' dir='ltr'><strong>scilicet</strong></span> <span class='ocrx_word' id='word_1_368' title='bbox 793 3329 851 3376; x_wconf 91' lang='lat' dir='ltr'><strong>ut</strong></span> <span class='ocrx_word' id='word_1_369' title='bbox 883 3319 1269 3391; x_wconf 86' lang='lat' dir='ltr'><strong>perfectionem</strong></span> <span class='ocrx_word' id='word_1_370' title='bbox 1303 3323 1603 3377; x_wconf 80' lang='lat' dir='ltr'><strong>devotionis</strong></span> <span class='ocrx_word' id='word_1_371' title='bbox 1631 3337 1741 3376; x_wconf 79' lang='lat' dir='ltr'><strong>sum</strong></span> <span class='ocrx_word' id='word_1_372' title='bbox 1760 3321 1866 3377; x_wconf 84' lang='lat' dir='ltr'><strong>Do-</strong></span> 
     </span>
    </p>
   </div>
   <div class='ocr_carea' id='block_1_70' title="bbox 287 3409 1866 3482">
    <p class='ocr_par' dir='ltr' id='par_1_70' title="bbox 287 3409 1866 3482">
     <span class='ocr_line' id='line_1_72' title="bbox 287 3409 1866 3482; baseline -0.004 -9"><span class='ocrx_word' id='word_1_373' title='bbox 287 3419 441 3473; x_wconf 61' lang='lat' dir='ltr'><strong>mino</strong></span> <span class='ocrx_word' id='word_1_374' title='bbox 484 3421 887 3470; x_wconf 89' lang='lat' dir='ltr'><strong>consecrarent.</strong></span> <span class='ocrx_word' id='word_1_375' title='bbox 945 3409 1117 3480; x_wconf 83' lang='lat' dir='ltr'><strong>Hujus</strong></span> <span class='ocrx_word' id='word_1_376' title='bbox 1163 3426 1293 3482; x_wconf 88' lang='lat' dir='ltr'><strong>ergo</strong></span> <span class='ocrx_word' id='word_1_377' title='bbox 1339 3412 1572 3480; x_wconf 78' lang='lat' dir='ltr'><strong>exempli</strong></span> <span class='ocrx_word' id='word_1_378' title='bbox 1618 3425 1749 3466; x_wconf 88' lang='lat' dir='ltr'><strong>usus</strong></span> <span class='ocrx_word' id='word_1_379' title='bbox 1797 3413 1866 3467; x_wconf 91' lang='lat' dir='ltr'><strong>ab</strong></span> 
     </span>
    </p>
   </div>
   <div class='ocr_carea' id='block_1_71' title="bbox 286 3503 1868 3580">
    <p class='ocr_par' dir='ltr' id='par_1_71' title="bbox 286 3503 1868 3580">
     <span class='ocr_line' id='line_1_73' title="bbox 286 3503 1868 3580; baseline -0.006 -14"><span class='ocrx_word' id='word_1_380' title='bbox 286 3507 554 3580; x_wconf 81' lang='lat' dir='ltr'><strong>apostolis</strong></span> <span class='ocrx_word' id='word_1_381' title='bbox 594 3505 935 3560; x_wconf 89' lang='lat' dir='ltr'><strong>introductus</strong></span> <span class='ocrx_word' id='word_1_382' title='bbox 975 3512 1079 3569; x_wconf 88' lang='lat' dir='ltr'><strong>est,</strong></span> <span class='ocrx_word' id='word_1_383' title='bbox 1117 3511 1175 3557; x_wconf 90' lang='lat' dir='ltr'><strong>ut</strong></span> <span class='ocrx_word' id='word_1_384' title='bbox 1214 3505 1268 3558; x_wconf 90' lang='lat' dir='ltr'><strong>hi</strong></span> <span class='ocrx_word' id='word_1_385' title='bbox 1305 3504 1397 3574; x_wconf 91' lang='lat' dir='ltr'><strong>qui</strong></span> <span class='ocrx_word' id='word_1_386' title='bbox 1437 3504 1490 3558; x_wconf 91' lang='lat' dir='ltr'><strong>in</strong></span> <span class='ocrx_word' id='word_1_387' title='bbox 1533 3504 1729 3559; x_wconf 80' lang='lat' dir='ltr'><strong>divinis</strong></span> <span class='ocrx_word' id='word_1_388' title='bbox 1754 3503 1868 3559; x_wconf 89' lang='lat' dir='ltr'><strong>cut-</strong></span> 
     </span>
    </p>
   </div>
   <div class='ocr_carea' id='block_1_72' title="bbox 290 3593 1865 3667">
    <p class='ocr_par' dir='ltr' id='par_1_72' title="bbox 290 3593 1865 3667">
     <span class='ocr_line' id='line_1_74' title="bbox 290 3593 1865 3667; baseline -0.006 -11"><span class='ocrx_word' id='word_1_389' title='bbox 290 3602 438 3656; x_wconf 87' lang='lat' dir='ltr'><strong>tibus</strong></span> <span class='ocrx_word' id='word_1_390' title='bbox 477 3595 772 3667; x_wconf 89' lang='lat' dir='ltr'><strong>mancipati</strong></span> <span class='ocrx_word' id='word_1_391' title='bbox 802 3594 1031 3649; x_wconf 87' lang='lat' dir='ltr'><strong>Domino</strong></span> <span class='ocrx_word' id='word_1_392' title='bbox 1064 3602 1471 3659; x_wconf 88' lang='lat' dir='ltr'><strong>consecrantur,</strong></span> <span class='ocrx_word' id='word_1_393' title='bbox 1500 3594 1656 3663; x_wconf 90' lang='lat' dir='ltr'><strong>quasi</strong></span> <span class='ocrx_word' id='word_1_394' title='bbox 1690 3593 1865 3647; x_wconf 83' lang='lat' dir='ltr'><strong>Naza-</strong></span> 
     </span>
    </p>
   </div>
   <div class='ocr_carea' id='block_1_73' title="bbox 289 3687 1868 3760">
    <p class='ocr_par' dir='ltr' id='par_1_73' title="bbox 289 3687 1868 3760">
     <span class='ocr_line' id='line_1_75' title="bbox 289 3687 1868 3760; baseline -0.003 -12"><span class='ocrx_word' id='word_1_395' title='bbox 289 3694 417 3755; x_wconf 63' lang='grc' dir='ltr'><strong>τιυὶ,</strong></span> <span class='ocrx_word' id='word_1_396' title='bbox 467 3691 521 3745; x_wconf 89' lang='lat' dir='ltr'><strong>id</strong></span> <span class='ocrx_word' id='word_1_397' title='bbox 562 3699 645 3744; x_wconf 88' lang='lat' dir='ltr'><strong>est</strong></span> <span class='ocrx_word' id='word_1_398' title='bbox 685 3690 861 3744; x_wconf 85' lang='lat' dir='ltr'><strong>sancti</strong></span> <span class='ocrx_word' id='word_1_399' title='bbox 909 3688 998 3743; x_wconf 83' lang='lat' dir='ltr'><strong>Dei</strong></span> <span class='ocrx_word' id='word_1_400' title='bbox 1047 3687 1222 3760; x_wconf 90' lang='lat' dir='ltr'><strong>[Deest</strong></span> <span class='ocrx_word' id='word_1_401' title='bbox 1254 3687 1405 3760; x_wconf 87' lang='lat' dir='ltr'><strong>Dei],</strong></span> <span class='ocrx_word' id='word_1_402' title='bbox 1448 3689 1597 3744; x_wconf 89' lang='lat' dir='ltr'><strong>crine</strong></span> <span class='ocrx_word' id='word_1_403' title='bbox 1640 3688 1868 3759; x_wconf 55' lang='lat' dir='ltr'><strong>praeciso</strong></span> 
     </span>
    </p>
   </div>
   <div class='ocr_carea' id='block_1_74' title="bbox 287 3778 1867 3851">
    <p class='ocr_par' dir='ltr' id='par_1_74' title="bbox 287 3778 1867 3851">
     <span class='ocr_line' id='line_1_76' title="bbox 287 3778 1867 3851; baseline -0.002 -13"><span class='ocrx_word' id='word_1_404' title='bbox 287 3787 637 3838; x_wconf 83' lang='lat' dir='ltr'><strong>inuoventur.</strong></span> <span class='ocrx_word' id='word_1_405' title='bbox 675 3781 787 3835; x_wconf 88' lang='lat' dir='ltr'><strong>lloc</strong></span> <span class='ocrx_word' id='word_1_406' title='bbox 812 3782 1008 3851; x_wconf 78' lang='lat' dir='ltr'><strong>quippe</strong></span> <span class='ocrx_word' id='word_1_407' title='bbox 1036 3788 1091 3834; x_wconf 87' lang='lat' dir='ltr'><strong>et</strong></span> <span class='ocrx_word' id='word_1_408' title='bbox 1118 3780 1387 3835; x_wconf 83' lang='lat' dir='ltr'><strong>Ezechieli</strong></span> <span class='ocrx_word' id='word_1_409' title='bbox 1415 3781 1692 3851; x_wconf 75' lang='lat' dir='ltr'><strong>propheta:</strong></span> <span class='ocrx_word' id='word_1_410' title='bbox 1711 3778 1867 3847; x_wconf 86' lang='lat' dir='ltr'><strong>jube-</strong></span> 
     </span>
    </p>
   </div>
   <div class='ocr_carea' id='block_1_75' title="bbox 293 3870 1868 3941">
    <p class='ocr_par' dir='ltr' id='par_1_75' title="bbox 293 3870 1868 3941">
     <span class='ocr_line' id='line_1_77' title="bbox 293 3870 1868 3941; baseline -0.003 -12"><span class='ocrx_word' id='word_1_411' title='bbox 293 3886 405 3939; x_wconf 89' lang='lat' dir='ltr'><strong>tur,</strong></span> <span class='ocrx_word' id='word_1_412' title='bbox 433 3874 648 3928; x_wconf 83' lang='lat' dir='ltr'><strong>dicente</strong></span> <span class='ocrx_word' id='word_1_413' title='bbox 680 3872 906 3927; x_wconf 88' lang='lat' dir='ltr'><strong>Domino</strong></span> <span class='ocrx_word' id='word_1_414' title='bbox 929 3889 942 3925; x_wconf 92' lang='lat'>:</span> <span class='ocrx_word' id='word_1_415' title='bbox 978 3872 1055 3924; x_wconf 80' lang='lat' dir='ltr'><strong>Tu</strong></span> <span class='ocrx_word' id='word_1_416' title='bbox 1086 3870 1166 3941; x_wconf 79' lang='lat' dir='ltr'><strong>ﬁli</strong></span> <span class='ocrx_word' id='word_1_417' title='bbox 1193 3871 1438 3937; x_wconf 77' lang='lat' dir='ltr'><strong>hominis,</strong></span> <span class='ocrx_word' id='word_1_418' title='bbox 1466 3889 1613 3926; x_wconf 85' lang='lat' dir='ltr'><strong>sume</strong></span> <span class='ocrx_word' id='word_1_419' title='bbox 1638 3872 1731 3926; x_wconf 85' lang='lat' dir='ltr'><strong>tibi</strong></span> <span class='ocrx_word' id='word_1_420' title='bbox 1754 3873 1868 3941; x_wconf 85' lang='lat' dir='ltr'><strong>gla-</strong></span> 
     </span>
    </p>
   </div>
   <div class='ocr_carea' id='block_1_76' title="bbox 288 3961 1863 4039">
    <p class='ocr_par' dir='ltr' id='par_1_76' title="bbox 288 3961 1863 4039">
     <span class='ocr_line' id='line_1_78' title="bbox 288 3961 1863 4039; baseline 0 -23"><span class='ocrx_word' id='word_1_421' title='bbox 288 3963 730 4026; x_wconf 80' lang='lat' dir='ltr'><strong>dium&#39;aculum,</strong></span> <span class='ocrx_word' id='word_1_422' title='bbox 776 3962 1013 4039; x_wconf 83' lang='lat' dir='ltr'><strong>et_duces</strong></span> <span class='ocrx_word' id='word_1_423' title='bbox 1042 3978 1135 4031; x_wconf 87' lang='lat' dir='ltr'><strong>per</strong></span> <span class='ocrx_word' id='word_1_424' title='bbox 1162 3971 1316 4030; x_wconf 83' lang='lat' dir='ltr'><strong>caput</strong></span> <span class='ocrx_word' id='word_1_425' title='bbox 1361 3971 1509 4015; x_wconf 82' lang='lat' dir='ltr'><strong>tuum</strong></span> <span class='ocrx_word' id='word_1_426' title='bbox 1554 3971 1601 4015; x_wconf 89' lang='lat' dir='ltr'><strong>et</strong></span> <span class='ocrx_word' id='word_1_427' title='bbox 1649 3961 1863 4017; x_wconf 86' lang='lat' dir='ltr'><strong>barbam</strong></span> 
     </span>
    </p>
   </div>
   <div class='ocr_carea' id='block_1_77' title="bbox 1894 2777 3545 2861">
    <p class='ocr_par' dir='ltr' id='par_1_77' title="bbox 1894 2777 3545 2861">
     <span class='ocr_line' id='line_1_79' title="bbox 1894 2777 3545 2861; baseline 0.007 -25"><span class='ocrx_word' id='word_1_428' title='bbox 1894 2777 1940 2836; x_wconf 83' lang='lat' dir='ltr'><strong>A</strong></span> <span class='ocrx_word' id='word_1_429' title='bbox 1971 2782 2286 2848; x_wconf 88' lang='lat' dir='ltr'><strong>monstrari,</strong></span> <span class='ocrx_word' id='word_1_430' title='bbox 2320 2783 2410 2838; x_wconf 90' lang='lat' dir='ltr'><strong>ubi</strong></span> <span class='ocrx_word' id='word_1_431' title='bbox 2456 2785 2573 2855; x_wconf 89' lang='lat' dir='ltr'><strong>ipsa</strong></span> <span class='ocrx_word' id='word_1_432' title='bbox 2610 2801 2767 2841; x_wconf 90' lang='lat' dir='ltr'><strong>mens</strong></span> <span class='ocrx_word' id='word_1_433' title='bbox 2796 2786 3038 2841; x_wconf 86' lang='lat' dir='ltr'><strong>noscitur</strong></span> <span class='ocrx_word' id='word_1_434' title='bbox 3068 2784 3339 2847; x_wconf 82' lang='lat' dir='ltr'><strong>habitare.</strong></span> <span class='ocrx_word' id='word_1_435' title='bbox 3388 2787 3545 2861; x_wconf 83' lang='lat' dir='ltr'><strong>Quod</strong></span> 
     </span>
    </p>
   </div>
   <div class='ocr_carea' id='block_1_78' title="bbox 1969 2870 3545 2944">
    <p class='ocr_par' dir='ltr' id='par_1_78' title="bbox 1969 2870 3545 2944">
     <span class='ocr_line' id='line_1_80' title="bbox 1969 2870 3545 2944; baseline 0.01 -22"><span class='ocrx_word' id='word_1_436' title='bbox 1969 2883 2099 2923; x_wconf 86' lang='lat' dir='ltr'><strong>vero</strong></span> <span class='ocrx_word' id='word_1_437' title='bbox 2126 2870 2352 2927; x_wconf 89' lang='lat' dir='ltr'><strong>dctonso</strong></span> <span class='ocrx_word' id='word_1_438' title='bbox 2377 2874 2555 2943; x_wconf 86' lang='lat' dir='ltr'><strong>capite</strong></span> <span class='ocrx_word' id='word_1_439' title='bbox 2581 2874 2855 2944; x_wconf 88' lang='lat' dir='ltr'><strong>superius,</strong></span> <span class='ocrx_word' id='word_1_440' title='bbox 2882 2873 3106 2931; x_wconf 90' lang='lat' dir='ltr'><strong>inferius</strong></span> <span class='ocrx_word' id='word_1_441' title='bbox 3133 2874 3325 2934; x_wconf 83' lang='lat' dir='ltr'><strong>circuli</strong></span> <span class='ocrx_word' id='word_1_442' title='bbox 3346 2891 3545 2937; x_wconf 75' lang='lat' dir='ltr'><strong>corona</strong></span> 
     </span>
    </p>
   </div>
   <div class='ocr_carea' id='block_1_79' title="bbox 1971 2962 3548 3040">
    <p class='ocr_par' dir='ltr' id='par_1_79' title="bbox 1971 2962 3548 3040">
     <span class='ocr_line' id='line_1_81' title="bbox 1971 2962 3548 3040; baseline 0.01 -26"><span class='ocrx_word' id='word_1_443' title='bbox 1971 2962 2318 3032; x_wconf 84' lang='lat' dir='ltr'><strong>relinquitur,</strong></span> <span class='ocrx_word' id='word_1_444' title='bbox 2352 2968 2716 3023; x_wconf 87' lang='lat' dir='ltr'><strong>sacerdotium</strong></span> <span class='ocrx_word' id='word_1_445' title='bbox 2747 2984 3081 3040; x_wconf 87' lang='lat' dir='ltr'><strong>regnumque</strong></span> <span class='ocrx_word' id='word_1_446' title='bbox 3109 2969 3359 3030; x_wconf 77' lang='lat' dir='ltr'><strong>ecclesia:</strong></span> <span class='ocrx_word' id='word_1_447' title='bbox 3384 2972 3439 3029; x_wconf 89' lang='lat' dir='ltr'><strong>in</strong></span> <span class='ocrx_word' id='word_1_448' title='bbox 3468 2976 3548 3031; x_wconf 86' lang='lat' dir='ltr'><strong>eis</strong></span> 
     </span>
    </p>
   </div>
   <div class='ocr_carea' id='block_1_80' title="bbox 1969 3052 3545 3128">
    <p class='ocr_par' dir='ltr' id='par_1_80' title="bbox 1969 3052 3545 3128">
     <span class='ocr_line' id='line_1_82' title="bbox 1969 3052 3545 3128; baseline 0.009 -24"><span class='ocrx_word' id='word_1_449' title='bbox 1969 3052 2221 3108; x_wconf 79' lang='lat' dir='ltr'><strong>existimo</strong></span> <span class='ocrx_word' id='word_1_450' title='bbox 2249 3054 2493 3125; x_wconf 89' lang='lat' dir='ltr'><strong>figurari.</strong></span> <span class='ocrx_word' id='word_1_451' title='bbox 2541 3056 2705 3111; x_wconf 91' lang='lat' dir='ltr'><strong>Tiara</strong></span> <span class='ocrx_word' id='word_1_452' title='bbox 2744 3058 2889 3113; x_wconf 88' lang='lat' dir='ltr'><strong>enim</strong></span> <span class='ocrx_word' id='word_1_453' title='bbox 2920 3059 3062 3128; x_wconf 91' lang='lat' dir='ltr'><strong>apud</strong></span> <span class='ocrx_word' id='word_1_454' title='bbox 3090 3069 3309 3117; x_wconf 90' lang='lat' dir='ltr'><strong>veteres</strong></span> <span class='ocrx_word' id='word_1_455' title='bbox 3337 3064 3545 3120; x_wconf 81' lang='lat' dir='ltr'><strong>consti~</strong></span> 
     </span>
    </p>
   </div>
   <div class='ocr_carea' id='block_1_81' title="bbox 1971 3142 3546 3226">
    <p class='ocr_par' dir='ltr' id='par_1_81' title="bbox 1971 3142 3546 3226">
     <span class='ocr_line' id='line_1_83' title="bbox 1971 3142 3546 3226; baseline 0.009 -30"><span class='ocrx_word' id='word_1_456' title='bbox 1971 3142 2222 3199; x_wconf 88' lang='lat' dir='ltr'><strong>tuebatur</strong></span> <span class='ocrx_word' id='word_1_457' title='bbox 2259 3146 2313 3200; x_wconf 94' lang='lat' dir='ltr'><strong>in</strong></span> <span class='ocrx_word' id='word_1_458' title='bbox 2352 3149 2529 3217; x_wconf 88' lang='lat' dir='ltr'><strong>capite</strong></span> <span class='ocrx_word' id='word_1_459' title='bbox 2568 3151 2930 3205; x_wconf 84' lang='lat' dir='ltr'><strong>sacerdotum.</strong></span> <span class='ocrx_word' id='word_1_460' title='bbox 2976 3151 3102 3209; x_wconf 84' lang='lat' dir='ltr'><strong>llaec</strong></span> <span class='ocrx_word' id='word_1_461' title='bbox 3131 3167 3199 3208; x_wconf 80' lang='lat' dir='ltr'><strong>ex</strong></span> <span class='ocrx_word' id='word_1_462' title='bbox 3229 3152 3394 3226; x_wconf 82' lang='lat' dir='ltr'><strong>bysso</strong></span> <span class='ocrx_word' id='word_1_463' title='bbox 3417 3171 3546 3212; x_wconf 86' lang='lat' dir='ltr'><strong>con-</strong></span> 
     </span>
    </p>
   </div>
   <div class='ocr_carea' id='block_1_82' title="bbox 1969 3230 3543 3314">
    <p class='ocr_par' dir='ltr' id='par_1_82' title="bbox 1969 3230 3543 3314">
     <span class='ocr_line' id='line_1_84' title="bbox 1969 3230 3543 3314; baseline 0.011 -30"><span class='ocrx_word' id='word_1_464' title='bbox 1969 3230 2110 3287; x_wconf 86' lang='lat' dir='ltr'><strong>fecta</strong></span> <span class='ocrx_word' id='word_1_465' title='bbox 2141 3233 2434 3309; x_wconf 84' lang='lat' dir='ltr'><strong>[confecto]</strong></span> <span class='ocrx_word' id='word_1_466' title='bbox 2468 3240 2697 3294; x_wconf 91' lang='lat' dir='ltr'><strong>rotunda</strong></span> <span class='ocrx_word' id='word_1_467' title='bbox 2725 3249 2847 3295; x_wconf 88' lang='lat' dir='ltr'><strong>erat</strong></span> <span class='ocrx_word' id='word_1_468' title='bbox 2866 3283 2879 3307; x_wconf 93' lang='lat'><strong>,</strong></span> <span class='ocrx_word' id='word_1_469' title='bbox 2908 3243 3063 3311; x_wconf 88' lang='lat' dir='ltr'><strong>quasi</strong></span> <span class='ocrx_word' id='word_1_470' title='bbox 3094 3244 3308 3314; x_wconf 60' lang='lat' dir='ltr'><strong>sphaera</strong></span> <span class='ocrx_word' id='word_1_471' title='bbox 3333 3246 3508 3301; x_wconf 87' lang='lat' dir='ltr'><strong>media</strong></span> <span class='ocrx_word' id='word_1_472' title='bbox 3529 3288 3543 3312; x_wconf 84' lang='lat'><strong>,</strong></span> 
     </span>
    </p>
   </div>
   <div class='ocr_carea' id='block_1_83' title="bbox 1969 3326 3539 3411">
    <p class='ocr_par' dir='ltr' id='par_1_83' title="bbox 1969 3326 3539 3411">
     <span class='ocr_line' id='line_1_85' title="bbox 1969 3326 3539 3411; baseline 0.009 -34"><span class='ocrx_word' id='word_1_473' title='bbox 1969 3332 2024 3378; x_wconf 89' lang='lat' dir='ltr'><strong>et</strong></span> <span class='ocrx_word' id='word_1_474' title='bbox 2067 3326 2171 3381; x_wconf 91' lang='lat' dir='ltr'><strong>hoc</strong></span> <span class='ocrx_word' id='word_1_475' title='bbox 2211 3327 2551 3398; x_wconf 86' lang='lat' dir='ltr'><strong>signiﬁcatur</strong></span> <span class='ocrx_word' id='word_1_476' title='bbox 2588 3332 2643 3385; x_wconf 90' lang='lat' dir='ltr'><strong>in</strong></span> <span class='ocrx_word' id='word_1_477' title='bbox 2684 3341 2843 3401; x_wconf 88' lang='lat' dir='ltr'><strong>parte</strong></span> <span class='ocrx_word' id='word_1_478' title='bbox 2884 3334 3047 3403; x_wconf 84' lang='lat' dir='ltr'><strong>capiti</strong></span> <span class='ocrx_word' id='word_1_479' title='bbox 3084 3332 3325 3411; x_wconf 86' lang='lat' dir='ltr'><strong>[capitis]</strong></span> <span class='ocrx_word' id='word_1_480' title='bbox 3362 3344 3539 3394; x_wconf 89' lang='lat' dir='ltr'><strong>tonsa.</strong></span> 
     </span>
    </p>
   </div>
   <div class='ocr_carea' id='block_1_84' title="bbox 1970 3414 3541 3499">
    <p class='ocr_par' dir='ltr' id='par_1_84' title="bbox 1970 3414 3541 3499">
     <span class='ocr_line' id='line_1_86' title="bbox 1970 3414 3541 3499; baseline 0.008 -30"><span class='ocrx_word' id='word_1_481' title='bbox 1970 3414 2183 3470; x_wconf 88' lang='lat' dir='ltr'><strong>Corona</strong></span> <span class='ocrx_word' id='word_1_482' title='bbox 2213 3427 2391 3472; x_wconf 89' lang='lat' dir='ltr'><strong>autem</strong></span> <span class='ocrx_word' id='word_1_483' title='bbox 2421 3420 2648 3476; x_wconf 88' lang='lat' dir='ltr'><strong>latitudo</strong></span> <span class='ocrx_word' id='word_1_484' title='bbox 2674 3424 2825 3476; x_wconf 88' lang='lat' dir='ltr'><strong>aurci</strong></span> <span class='ocrx_word' id='word_1_485' title='bbox 2852 3432 2936 3478; x_wconf 85' lang='lat' dir='ltr'><strong>est</strong></span> <span class='ocrx_word' id='word_1_486' title='bbox 2962 3423 3177 3490; x_wconf 90' lang='lat' dir='ltr'><strong>circuli,</strong></span> <span class='ocrx_word' id='word_1_487' title='bbox 3204 3440 3325 3496; x_wconf 63' lang='lat' dir='ltr'><strong>quae</strong></span> <span class='ocrx_word' id='word_1_488' title='bbox 3354 3441 3541 3499; x_wconf 82' lang='lat' dir='ltr'><strong>regunt</strong></span> 
     </span>
    </p>
   </div>
   <div class='ocr_carea' id='block_1_85' title="bbox 1970 3504 3546 3587">
    <p class='ocr_par' dir='ltr' id='par_1_85' title="bbox 1970 3504 3546 3587">
     <span class='ocr_line' id='line_1_87' title="bbox 1970 3504 3546 3587; baseline 0.01 -30"><span class='ocrx_word' id='word_1_489' title='bbox 1970 3504 2148 3575; x_wconf 84' lang='lat' dir='ltr'><strong>capita</strong></span> <span class='ocrx_word' id='word_1_490' title='bbox 2190 3506 2378 3576; x_wconf 80' lang='lat' dir='ltr'><strong>cingit.</strong></span> <span class='ocrx_word' id='word_1_491' title='bbox 2432 3507 2734 3579; x_wconf 88' lang='lat' dir='ltr'><strong>Utrumque</strong></span> <span class='ocrx_word' id='word_1_492' title='bbox 2779 3510 2964 3581; x_wconf 87' lang='lat' dir='ltr'><strong>itaque</strong></span> <span class='ocrx_word' id='word_1_493' title='bbox 3010 3513 3224 3584; x_wconf 85' lang='lat' dir='ltr'><strong>signum</strong></span> <span class='ocrx_word' id='word_1_494' title='bbox 3270 3513 3326 3569; x_wconf 88' lang='lat' dir='ltr'><strong>in</strong></span> <span class='ocrx_word' id='word_1_495' title='bbox 3367 3515 3546 3587; x_wconf 83' lang='lat' dir='ltr'><strong>capite</strong></span> 
     </span>
    </p>
   </div>
   <div class='ocr_carea' id='block_1_86' title="bbox 1970 3595 3545 3677">
    <p class='ocr_par' dir='ltr' id='par_1_86' title="bbox 1970 3595 3545 3677">
     <span class='ocr_line' id='line_1_88' title="bbox 1970 3595 3545 3677; baseline 0.008 -28"><span class='ocrx_word' id='word_1_496' title='bbox 1970 3595 2293 3651; x_wconf 88' lang='lat' dir='ltr'><strong>clericorum</strong></span> <span class='ocrx_word' id='word_1_497' title='bbox 2325 3598 2671 3668; x_wconf 84' lang='lat' dir='ltr'><strong>exprimitur,</strong></span> <span class='ocrx_word' id='word_1_498' title='bbox 2702 3609 2763 3654; x_wconf 89' lang='lat' dir='ltr'><strong>ut</strong></span> <span class='ocrx_word' id='word_1_499' title='bbox 2790 3601 3078 3672; x_wconf 83' lang='lat' dir='ltr'><strong>impleatur</strong></span> <span class='ocrx_word' id='word_1_500' title='bbox 3104 3604 3268 3659; x_wconf 91' lang='lat' dir='ltr'><strong>etiam</strong></span> <span class='ocrx_word' id='word_1_501' title='bbox 3299 3606 3545 3677; x_wconf 86' lang='lat' dir='ltr'><strong>corporis</strong></span> 
     </span>
    </p>
   </div>
   <div class='ocr_carea' id='block_1_87' title="bbox 1970 3686 3544 3768">
    <p class='ocr_par' dir='ltr' id='par_1_87' title="bbox 1970 3686 3544 3768">
     <span class='ocr_line' id='line_1_89' title="bbox 1970 3686 3544 3768; baseline 0.01 -30"><span class='ocrx_word' id='word_1_502' title='bbox 1970 3686 2584 3756; x_wconf 52' lang='lat' dir='ltr'><strong>quadam‘similitudine</strong></span> <span class='ocrx_word' id='word_1_503' title='bbox 2614 3692 2758 3761; x_wconf 92' lang='lat' dir='ltr'><strong>quod</strong></span> <span class='ocrx_word' id='word_1_504' title='bbox 2787 3693 3047 3763; x_wconf 88' lang='lat' dir='ltr'><strong>scriptum</strong></span> <span class='ocrx_word' id='word_1_505' title='bbox 3074 3702 3185 3762; x_wconf 87' lang='lat' dir='ltr'><strong>est,</strong></span> <span class='ocrx_word' id='word_1_506' title='bbox 3226 3694 3389 3753; x_wconf 83' lang='lat' dir='ltr'><strong>Petro</strong></span> <span class='ocrx_word' id='word_1_507' title='bbox 3415 3712 3544 3768; x_wconf 85' lang='lat' dir='ltr'><strong>apo-</strong></span> 
     </span>
    </p>
   </div>
   <div class='ocr_carea' id='block_1_88' title="bbox 1971 3776 3545 3858">
    <p class='ocr_par' dir='ltr' id='par_1_88' title="bbox 1971 3776 3545 3858">
     <span class='ocr_line' id='line_1_90' title="bbox 1971 3776 3545 3858; baseline 0.008 -29"><span class='ocrx_word' id='word_1_508' title='bbox 1971 3776 2112 3833; x_wconf 85' lang='lat' dir='ltr'><strong>stolo</strong></span> <span class='ocrx_word' id='word_1_509' title='bbox 2149 3777 2519 3847; x_wconf 86' lang='lat' dir='ltr'><strong>perdoceute:</strong></span> <span class='ocrx_word' id='word_1_510' title='bbox 2559 3778 2665 3834; x_wconf 86' lang='lat' dir='ltr'><strong>Vos</strong></span> <span class='ocrx_word' id='word_1_511' title='bbox 2705 3782 2828 3836; x_wconf 83' lang='lat' dir='ltr'><strong>estis</strong></span> <span class='ocrx_word' id='word_1_512' title='bbox 2872 3799 3034 3852; x_wconf 86' lang='lat' dir='ltr'><strong>genus</strong></span> <span class='ocrx_word' id='word_1_513' title='bbox 3073 3783 3328 3851; x_wconf 78' lang='lat' dir='ltr'><strong>electum,</strong></span> <span class='ocrx_word' id='word_1_514' title='bbox 3373 3787 3545 3858; x_wconf 83' lang='lat' dir='ltr'><strong>regale</strong></span> 
     </span>
    </p>
   </div>
   <div class='ocr_carea' id='block_1_89' title="bbox 1970 3865 3547 3941">
    <p class='ocr_par' dir='ltr' id='par_1_89' title="bbox 1970 3865 3547 3941">
     <span class='ocr_line' id='line_1_91' title="bbox 1970 3865 3547 3941; baseline 0.006 -21"><span class='ocrx_word' id='word_1_515' title='bbox 1970 3867 2323 3922; x_wconf 78' lang='lat' dir='ltr'><strong>sacerdotium</strong></span> <span class='ocrx_word' id='word_1_516' title='bbox 2354 3867 2407 3940; x_wconf 87' lang='grc'><strong>(1</strong></span> <span class='ocrx_word' id='word_1_517' title='bbox 2433 3865 2580 3923; x_wconf 85' lang='lat' dir='ltr'><strong>Petr.</strong></span> <span class='ocrx_word' id='word_1_518' title='bbox 2607 3870 2693 3941; x_wconf 81' lang='lat' dir='ltr'><strong>II).</strong></span> <span class='ocrx_word' id='word_1_519' title='bbox 2743 3869 3017 3937; x_wconf 56' lang='lat' dir='ltr'><strong>Quaeritur</strong></span> <span class='ocrx_word' id='word_1_520' title='bbox 3048 3882 3229 3928; x_wconf 89' lang='lat' dir='ltr'><strong>autem</strong></span> <span class='ocrx_word' id='word_1_521' title='bbox 3268 3890 3369 3929; x_wconf 91' lang='lat' dir='ltr'><strong>cur</strong></span> <span class='ocrx_word' id='word_1_522' title='bbox 3406 3877 3547 3931; x_wconf 87' lang='lat' dir='ltr'><strong>sicut</strong></span> 
     </span>
    </p>
   </div>
   <div class='ocr_carea' id='block_1_90' title="bbox 1973 3958 3545 4033">
    <p class='ocr_par' dir='ltr' id='par_1_90' title="bbox 1973 3958 3545 4033">
     <span class='ocr_line' id='line_1_92' title="bbox 1973 3958 3545 4033; baseline 0.006 -22"><span class='ocrx_word' id='word_1_523' title='bbox 1973 3959 2112 4027; x_wconf 93' lang='lat' dir='ltr'><strong>apud</strong></span> <span class='ocrx_word' id='word_1_524' title='bbox 2130 3958 2304 4031; x_wconf 86' lang='lat' dir='ltr'><strong>[Deest</strong></span> <span class='ocrx_word' id='word_1_525' title='bbox 2328 3960 2492 4033; x_wconf 86' lang='lat' dir='ltr'><strong>apud]</strong></span> <span class='ocrx_word' id='word_1_526' title='bbox 2514 3962 2766 4032; x_wconf 90' lang='lat' dir='ltr'><strong>antiquos</strong></span> <span class='ocrx_word' id='word_1_527' title='bbox 2786 3961 3091 4032; x_wconf 71' lang='lat' dir='ltr'><strong>Nazarreos,</strong></span> <span class='ocrx_word' id='word_1_528' title='bbox 3108 3982 3214 4021; x_wconf 90' lang='lat' dir='ltr'><strong>non</strong></span> <span class='ocrx_word' id='word_1_529' title='bbox 3241 3975 3367 4022; x_wconf 87' lang='lat' dir='ltr'><strong>ante</strong></span> <span class='ocrx_word' id='word_1_530' title='bbox 3390 3983 3545 4023; x_wconf 84' lang='lat' dir='ltr'><strong>coma</strong></span> 
     </span>
    </p>
   </div>
   <div class='ocr_carea' id='block_1_91' title="bbox 289 4049 3547 4125">
    <p class='ocr_par' dir='ltr' id='par_1_91' title="bbox 289 4049 3547 4125">
     <span class='ocr_line' id='line_1_93' title="bbox 289 4049 3547 4125; baseline 0.002 -20"><span class='ocrx_word' id='word_1_531' title='bbox 289 4052 512 4119; x_wconf 62' lang='lat' dir='ltr'><strong>(Kueh.</strong></span> <span class='ocrx_word' id='word_1_532' title='bbox 554 4052 631 4120; x_wconf 83' lang='lat' dir='ltr'><strong>v).</strong></span> <span class='ocrx_word' id='word_1_533' title='bbox 696 4050 957 4106; x_wconf 75' lang='lat' dir='ltr'><strong>Videlicet</strong></span> <span class='ocrx_word' id='word_1_534' title='bbox 990 4051 1117 4121; x_wconf 90' lang='lat' dir='ltr'><strong>quia</strong></span> <span class='ocrx_word' id='word_1_535' title='bbox 1158 4059 1215 4105; x_wconf 88' lang='lat' dir='ltr'><strong>et</strong></span> <span class='ocrx_word' id='word_1_536' title='bbox 1254 4051 1369 4120; x_wconf 87' lang='lat' dir='ltr'><strong>ipse</strong></span> <span class='ocrx_word' id='word_1_537' title='bbox 1413 4052 1734 4108; x_wconf 89' lang='lat' dir='ltr'><strong>sacerdotali</strong></span> <span class='ocrx_word' id='word_1_538' title='bbox 1775 4069 1869 4124; x_wconf 81' lang='lat' dir='ltr'><strong>ge-</strong></span> <span class='ocrx_word' id='word_1_539' title='bbox 1894 4119 1937 4125; x_wconf 90' lang='lat'><em>_</em></span> <span class='ocrx_word' id='word_1_540' title='bbox 1972 4049 2230 4115; x_wconf 86' lang='lat' dir='ltr'><strong>nutritur,</strong></span> <span class='ocrx_word' id='word_1_541' title='bbox 2257 4058 2315 4105; x_wconf 90' lang='lat' dir='ltr'><strong>et</strong></span> <span class='ocrx_word' id='word_1_542' title='bbox 2342 4051 2422 4106; x_wconf 90' lang='lat' dir='ltr'><strong>sic</strong></span> <span class='ocrx_word' id='word_1_543' title='bbox 2449 4050 2724 4108; x_wconf 89' lang='lat' dir='ltr'><strong>tondetur.</strong></span> <span class='ocrx_word' id='word_1_544' title='bbox 2762 4052 2869 4108; x_wconf 88' lang='lat' dir='ltr'><strong>Sed</strong></span> <span class='ocrx_word' id='word_1_545' title='bbox 2894 4055 2987 4124; x_wconf 87' lang='lat' dir='ltr'><strong>qui</strong></span> <span class='ocrx_word' id='word_1_546' title='bbox 3015 4057 3328 4125; x_wconf 80' lang='lat' dir='ltr'><strong>exquirunt,</strong></span> <span class='ocrx_word' id='word_1_547' title='bbox 3353 4059 3547 4113; x_wconf 89' lang='lat' dir='ltr'><strong>adver—</strong></span> 
     </span>
    </p>
   </div>
   <div class='ocr_carea' id='block_1_92' title="bbox 290 4119 3538 4215">
    <p class='ocr_par' dir='ltr' id='par_1_92' title="bbox 290 4119 3538 4215">
     <span class='ocr_line' id='line_1_94' title="bbox 290 4119 3538 4215; baseline 0.002 -18"><span class='ocrx_word' id='word_1_548' title='bbox 290 4159 426 4198; x_wconf 88' lang='lat' dir='ltr'><strong>ncre</strong></span> <span class='ocrx_word' id='word_1_549' title='bbox 446 4143 558 4197; x_wconf 90' lang='lat' dir='ltr'><strong>Deo</strong></span> <span class='ocrx_word' id='word_1_550' title='bbox 578 4119 633 4196; x_wconf 83' lang='lat' dir='ltr'><strong>in</strong></span> <span class='ocrx_word' id='word_1_551' title='bbox 655 4119 1023 4197; x_wconf 77' lang='lat' dir='ltr'><strong>ministerium</strong></span> <span class='ocrx_word' id='word_1_552' title='bbox 1036 4119 1479 4197; x_wconf 79' lang='lat' dir='ltr'><strong>sanctificationis</strong></span> <span class='ocrx_word' id='word_1_553' title='bbox 1504 4119 1865 4198; x_wconf 71' lang='lat' dir='ltr'><strong>dcserviebat.</strong></span> <span class='ocrx_word' id='word_1_554' title='bbox 1894 4119 1943 4177; x_wconf 74' lang='grc' dir='ltr'><strong><em>Β</em></strong></span> <span class='ocrx_word' id='word_1_555' title='bbox 1974 4147 2090 4196; x_wconf 90' lang='lat' dir='ltr'><strong>tant</strong></span> <span class='ocrx_word' id='word_1_556' title='bbox 2117 4141 2249 4211; x_wconf 89' lang='lat' dir='ltr'><strong>quid</strong></span> <span class='ocrx_word' id='word_1_557' title='bbox 2278 4142 2348 4196; x_wconf 90' lang='lat' dir='ltr'><strong>sit</strong></span> <span class='ocrx_word' id='word_1_558' title='bbox 2382 4143 2526 4198; x_wconf 90' lang='lat' dir='ltr'><strong>inter</strong></span> <span class='ocrx_word' id='word_1_559' title='bbox 2561 4144 2693 4198; x_wconf 89' lang='lat' dir='ltr'><strong>illud</strong></span> <span class='ocrx_word' id='word_1_560' title='bbox 2730 4119 3120 4215; x_wconf 72' lang='lat' dir='ltr'><strong>propheticum</strong></span> <span class='ocrx_word' id='word_1_561' title='bbox 3144 4119 3507 4202; x_wconf 82' lang='lat' dir='ltr'><strong>velamentum</strong></span> <span class='ocrx_word' id='word_1_562' title='bbox 3525 4189 3538 4209; x_wconf 86' lang='lat'><strong>,</strong></span> 
     </span>
    </p>
   </div>
   <div class='ocr_carea' id='block_1_93' title="bbox 292 4221 1864 4308">
    <p class='ocr_par' dir='ltr' id='par_1_93' title="bbox 292 4221 1864 4308">
     <span class='ocr_line' id='line_1_95' title="bbox 292 4221 1864 4308; baseline -0.001 -19"><span class='ocrx_word' id='word_1_563' title='bbox 292 4236 411 4290; x_wconf 86' lang='lat' dir='ltr'><strong>lloc</strong></span> <span class='ocrx_word' id='word_1_564' title='bbox 438 4243 495 4290; x_wconf 89' lang='lat' dir='ltr'><strong>et</strong></span> <span class='ocrx_word' id='word_1_565' title='bbox 523 4234 810 4290; x_wconf 70' lang='lat' dir='ltr'><strong>Nazarteos</strong></span> <span class='ocrx_word' id='word_1_566' title='bbox 846 4233 985 4299; x_wconf 90' lang='lat' dir='ltr'><strong>illos,</strong></span> <span class='ocrx_word' id='word_1_567' title='bbox 1032 4221 1334 4289; x_wconf 77' lang='lat' dir='ltr'><strong>PriSciIlam</strong></span> <span class='ocrx_word' id='word_1_568' title='bbox 1380 4242 1437 4289; x_wconf 89' lang='lat' dir='ltr'><strong>et</strong></span> <span class='ocrx_word' id='word_1_569' title='bbox 1473 4234 1755 4308; x_wconf 86' lang='lat' dir='ltr'><strong>Aquilam,</strong></span> <span class='ocrx_word' id='word_1_570' title='bbox 1809 4235 1864 4288; x_wconf 91' lang='lat' dir='ltr'><strong>in</strong></span> 
     </span>
    </p>
   </div>
   <div class='ocr_carea' id='block_1_94' title="bbox 292 4323 1867 4396">
    <p class='ocr_par' dir='ltr' id='par_1_94' title="bbox 292 4323 1867 4396">
     <span class='ocr_line' id='line_1_96' title="bbox 292 4323 1867 4396; baseline 0.001 -17"><span class='ocrx_word' id='word_1_571' title='bbox 292 4326 520 4381; x_wconf 81' lang='lat' dir='ltr'><strong>Actibus</strong></span> <span class='ocrx_word' id='word_1_572' title='bbox 553 4325 918 4396; x_wconf 87' lang='lat' dir='ltr'><strong>apostolorum</strong></span> <span class='ocrx_word' id='word_1_573' title='bbox 944 4324 1177 4395; x_wconf 90' lang='lat' dir='ltr'><strong>primum</strong></span> <span class='ocrx_word' id='word_1_574' title='bbox 1201 4323 1394 4381; x_wconf 82' lang='lat' dir='ltr'><strong>fecisse</strong></span> <span class='ocrx_word' id='word_1_575' title='bbox 1425 4325 1654 4396; x_wconf 90' lang='lat' dir='ltr'><strong>legimus</strong></span> <span class='ocrx_word' id='word_1_576' title='bbox 1679 4344 1693 4379; x_wconf 89' lang='lat'><strong>:</strong></span> <span class='ocrx_word' id='word_1_577' title='bbox 1726 4325 1867 4380; x_wconf 85' lang='lat' dir='ltr'><strong>Pau—</strong></span> 
     </span>
    </p>
   </div>
   <div class='ocr_carea' id='block_1_95' title="bbox 291 4414 1865 4485">
    <p class='ocr_par' dir='ltr' id='par_1_95' title="bbox 291 4414 1865 4485">
     <span class='ocr_line' id='line_1_97' title="bbox 291 4414 1865 4485; baseline 0.001 -16"><span class='ocrx_word' id='word_1_578' title='bbox 291 4418 407 4470; x_wconf 91' lang='lat' dir='ltr'><strong>lum</strong></span> <span class='ocrx_word' id='word_1_579' title='bbox 453 4430 667 4485; x_wconf 84' lang='lat' dir='ltr'><strong>quoque</strong></span> <span class='ocrx_word' id='word_1_580' title='bbox 711 4414 1039 4485; x_wconf 88' lang='lat' dir='ltr'><strong>apostolum,</strong></span> <span class='ocrx_word' id='word_1_581' title='bbox 1084 4426 1139 4468; x_wconf 91' lang='lat' dir='ltr'><strong>et</strong></span> <span class='ocrx_word' id='word_1_582' title='bbox 1179 4416 1437 4483; x_wconf 85' lang='lat' dir='ltr'><strong>quosdam</strong></span> <span class='ocrx_word' id='word_1_583' title='bbox 1475 4416 1865 4485; x_wconf 87' lang='lat' dir='ltr'><strong>discipulorum</strong></span> 
     </span>
    </p>
   </div>
   <div class='ocr_carea' id='block_1_96' title="bbox 292 4504 1863 4578">
    <p class='ocr_par' dir='ltr' id='par_1_96' title="bbox 292 4504 1863 4578">
     <span class='ocr_line' id='line_1_98' title="bbox 292 4504 1863 4578; baseline -0.001 -18"><span class='ocrx_word' id='word_1_584' title='bbox 292 4507 524 4570; x_wconf 84' lang='lat' dir='ltr'><strong>Christi,</strong></span> <span class='ocrx_word' id='word_1_585' title='bbox 572 4506 664 4573; x_wconf 91' lang='lat' dir='ltr'><strong>qui</strong></span> <span class='ocrx_word' id='word_1_586' title='bbox 706 4506 761 4559; x_wconf 90' lang='lat' dir='ltr'><strong>in</strong></span> <span class='ocrx_word' id='word_1_587' title='bbox 798 4504 1107 4574; x_wconf 88' lang='lat' dir='ltr'><strong>bujusmodi</strong></span> <span class='ocrx_word' id='word_1_588' title='bbox 1147 4504 1293 4558; x_wconf 92' lang='lat' dir='ltr'><strong>cultu</strong></span> <span class='ocrx_word' id='word_1_589' title='bbox 1324 4505 1502 4577; x_wconf 84' lang='lat' dir='ltr'><strong>[Deest</strong></span> <span class='ocrx_word' id='word_1_590' title='bbox 1543 4505 1713 4578; x_wconf 88' lang='lat' dir='ltr'><strong>cultu]</strong></span> <span class='ocrx_word' id='word_1_591' title='bbox 1758 4506 1863 4560; x_wconf 88' lang='lat' dir='ltr'><strong>mi-</strong></span> 
     </span>
    </p>
   </div>
   <div class='ocr_carea' id='block_1_97' title="bbox 293 4594 1865 4667">
    <p class='ocr_par' dir='ltr' id='par_1_97' title="bbox 293 4594 1865 4667">
     <span class='ocr_line' id='line_1_99' title="bbox 293 4594 1865 4667; baseline 0.003 -16"><span class='ocrx_word' id='word_1_592' title='bbox 293 4599 451 4652; x_wconf 78' lang='lat' dir='ltr'><strong>randi</strong></span> <span class='ocrx_word' id='word_1_593' title='bbox 479 4597 805 4651; x_wconf 80' lang='lat' dir='ltr'><strong>exstiterunt</strong></span> <span class='ocrx_word' id='word_1_594' title='bbox 833 4596 968 4667; x_wconf 77' lang='lat' dir='ltr'><strong>(Act.</strong></span> <span class='ocrx_word' id='word_1_595' title='bbox 999 4594 1175 4666; x_wconf 80' lang='lat' dir='ltr'><strong>xvm).</strong></span> <span class='ocrx_word' id='word_1_596' title='bbox 1223 4596 1320 4651; x_wconf 87' lang='lat' dir='ltr'><strong>Est</strong></span> <span class='ocrx_word' id='word_1_597' title='bbox 1356 4605 1538 4652; x_wconf 89' lang='lat' dir='ltr'><strong>autem</strong></span> <span class='ocrx_word' id='word_1_598' title='bbox 1569 4598 1622 4652; x_wconf 90' lang='lat' dir='ltr'><strong>in</strong></span> <span class='ocrx_word' id='word_1_599' title='bbox 1650 4598 1865 4655; x_wconf 86' lang='lat' dir='ltr'><strong>clericis</strong></span> 
     </span>
    </p>
   </div>
   <div class='ocr_carea' id='block_1_98' title="bbox 293 4687 1867 4761">
    <p class='ocr_par' dir='ltr' id='par_1_98' title="bbox 293 4687 1867 4761">
     <span class='ocr_line' id='line_1_100' title="bbox 293 4687 1867 4761; baseline 0.003 -21"><span class='ocrx_word' id='word_1_600' title='bbox 293 4696 521 4741; x_wconf 87' lang='lat' dir='ltr'><strong>tonsura</strong></span> <span class='ocrx_word' id='word_1_601' title='bbox 548 4687 761 4756; x_wconf 76' lang='lat' dir='ltr'><strong>signum</strong></span> <span class='ocrx_word' id='word_1_602' title='bbox 791 4687 1084 4757; x_wconf 89' lang='lat' dir='ltr'><strong>quoddam,</strong></span> <span class='ocrx_word' id='word_1_603' title='bbox 1126 4689 1269 4756; x_wconf 88' lang='lat' dir='ltr'><strong>quod</strong></span> <span class='ocrx_word' id='word_1_604' title='bbox 1312 4687 1368 4741; x_wconf 89' lang='lat' dir='ltr'><strong>in</strong></span> <span class='ocrx_word' id='word_1_605' title='bbox 1412 4702 1639 4757; x_wconf 91' lang='lat' dir='ltr'><strong>corpore</strong></span> <span class='ocrx_word' id='word_1_606' title='bbox 1670 4688 1867 4761; x_wconf 80' lang='lat' dir='ltr'><strong>ﬁgura-</strong></span> 
     </span>
    </p>
   </div>
   <div class='ocr_carea' id='block_1_99' title="bbox 294 4777 1865 4850">
    <p class='ocr_par' dir='ltr' id='par_1_99' title="bbox 294 4777 1865 4850">
     <span class='ocr_line' id='line_1_101' title="bbox 294 4777 1865 4850; baseline 0.005 -21"><span class='ocrx_word' id='word_1_607' title='bbox 294 4785 407 4840; x_wconf 89' lang='lat' dir='ltr'><strong>tur,</strong></span> <span class='ocrx_word' id='word_1_608' title='bbox 437 4777 537 4832; x_wconf 90' lang='lat' dir='ltr'><strong>sed</strong></span> <span class='ocrx_word' id='word_1_609' title='bbox 567 4777 621 4830; x_wconf 90' lang='lat' dir='ltr'><strong>in</strong></span> <span class='ocrx_word' id='word_1_610' title='bbox 652 4778 833 4831; x_wconf 89' lang='lat' dir='ltr'><strong>animo</strong></span> <span class='ocrx_word' id='word_1_611' title='bbox 862 4778 1059 4849; x_wconf 81' lang='lat' dir='ltr'><strong>agitur,</strong></span> <span class='ocrx_word' id='word_1_612' title='bbox 1092 4777 1332 4845; x_wconf 86' lang='lat' dir='ltr'><strong>scilicet,</strong></span> <span class='ocrx_word' id='word_1_613' title='bbox 1374 4788 1434 4833; x_wconf 90' lang='lat' dir='ltr'><strong>ut</strong></span> <span class='ocrx_word' id='word_1_614' title='bbox 1464 4780 1569 4834; x_wconf 90' lang='lat' dir='ltr'><strong>hoc</strong></span> <span class='ocrx_word' id='word_1_615' title='bbox 1610 4780 1765 4850; x_wconf 88' lang='lat' dir='ltr'><strong>signo</strong></span> <span class='ocrx_word' id='word_1_616' title='bbox 1810 4783 1865 4837; x_wconf 91' lang='lat' dir='ltr'><strong>in</strong></span> 
     </span>
    </p>
   </div>
   <div class='ocr_carea' id='block_1_100' title="bbox 294 4869 1865 4940">
    <p class='ocr_par' dir='ltr' id='par_1_100' title="bbox 294 4869 1865 4940">
     <span class='ocr_line' id='line_1_102' title="bbox 294 4869 1865 4940; baseline 0.004 -18"><span class='ocrx_word' id='word_1_617' title='bbox 294 4869 560 4940; x_wconf 86' lang='lat' dir='ltr'><strong>religione</strong></span> <span class='ocrx_word' id='word_1_618' title='bbox 592 4870 719 4925; x_wconf 84' lang='lat' dir='ltr'><strong>vitia</strong></span> <span class='ocrx_word' id='word_1_619' title='bbox 748 4879 1087 4937; x_wconf 87' lang='lat' dir='ltr'><strong>resecentur,</strong></span> <span class='ocrx_word' id='word_1_620' title='bbox 1131 4880 1187 4927; x_wconf 91' lang='lat' dir='ltr'><strong>et</strong></span> <span class='ocrx_word' id='word_1_621' title='bbox 1213 4871 1533 4927; x_wconf 90' lang='lat' dir='ltr'><strong>criminibus</strong></span> <span class='ocrx_word' id='word_1_622' title='bbox 1560 4873 1742 4927; x_wconf 89' lang='lat' dir='ltr'><strong>carnis</strong></span> <span class='ocrx_word' id='word_1_623' title='bbox 1769 4890 1865 4929; x_wconf 82' lang='lat' dir='ltr'><strong>no-</strong></span> 
     </span>
    </p>
   </div>
   <div class='ocr_carea' id='block_1_101' title="bbox 294 4962 1865 5033">
    <p class='ocr_par' dir='ltr' id='par_1_101' title="bbox 294 4962 1865 5033">
     <span class='ocr_line' id='line_1_103' title="bbox 294 4962 1865 5033; baseline 0.003 -17"><span class='ocrx_word' id='word_1_624' title='bbox 294 4971 449 5027; x_wconf 63' lang='grc' dir='ltr'><em>ειη,</em></span> <span class='ocrx_word' id='word_1_625' title='bbox 478 4962 634 5032; x_wconf 88' lang='lat' dir='ltr'><strong>quasi</strong></span> <span class='ocrx_word' id='word_1_626' title='bbox 661 4962 904 5019; x_wconf 89' lang='lat' dir='ltr'><strong>crinibus</strong></span> <span class='ocrx_word' id='word_1_627' title='bbox 932 4978 1215 5028; x_wconf 75' lang='lat' dir='ltr'><strong>exuamur,</strong></span> <span class='ocrx_word' id='word_1_628' title='bbox 1244 4971 1408 5033; x_wconf 88' lang='lat' dir='ltr'><strong>atque</strong></span> <span class='ocrx_word' id='word_1_629' title='bbox 1441 4963 1566 5019; x_wconf 87' lang='lat' dir='ltr'><strong>inde</strong></span> <span class='ocrx_word' id='word_1_630' title='bbox 1595 4965 1865 5021; x_wconf 89' lang='lat' dir='ltr'><strong>innovatis</strong></span> 
     </span>
    </p>
   </div>
   <div class='ocr_carea' id='block_1_102' title="bbox 293 5053 1866 5123">
    <p class='ocr_par' dir='ltr' id='par_1_102' title="bbox 293 5053 1866 5123">
     <span class='ocr_line' id='line_1_104' title="bbox 293 5053 1866 5123; baseline 0.003 -17"><span class='ocrx_word' id='word_1_631' title='bbox 293 5053 548 5107; x_wconf 84' lang='lat' dir='ltr'><strong>sensibus</strong></span> <span class='ocrx_word' id='word_1_632' title='bbox 573 5061 634 5107; x_wconf 90' lang='lat' dir='ltr'><strong>ut</strong></span> <span class='ocrx_word' id='word_1_633' title='bbox 654 5053 826 5108; x_wconf 89' lang='lat' dir='ltr'><strong>comis</strong></span> <span class='ocrx_word' id='word_1_634' title='bbox 852 5053 1071 5108; x_wconf 88' lang='lat' dir='ltr'><strong>rudibus</strong></span> <span class='ocrx_word' id='word_1_635' title='bbox 1094 5053 1480 5118; x_wconf 88' lang='lat' dir='ltr'><strong>enitescamus,</strong></span> <span class='ocrx_word' id='word_1_636' title='bbox 1502 5054 1866 5123; x_wconf 80' lang='lat' dir='ltr'><strong>exspoliantes</strong></span> 
     </span>
    </p>
   </div>
   <div class='ocr_carea' id='block_1_103' title="bbox 294 5142 1865 5213">
    <p class='ocr_par' dir='ltr' id='par_1_103' title="bbox 294 5142 1865 5213">
     <span class='ocr_line' id='line_1_105' title="bbox 294 5142 1865 5213; baseline -0.001 -14"><span class='ocrx_word' id='word_1_637' title='bbox 294 5158 415 5209; x_wconf 88' lang='lat' dir='ltr'><strong>nos,</strong></span> <span class='ocrx_word' id='word_1_638' title='bbox 444 5142 600 5213; x_wconf 74' lang='lat' dir='ltr'><strong>juxta</strong></span> <span class='ocrx_word' id='word_1_639' title='bbox 631 5143 977 5212; x_wconf 89' lang='lat' dir='ltr'><strong>Apostolum,</strong></span> <span class='ocrx_word' id='word_1_640' title='bbox 1008 5151 1247 5197; x_wconf 88' lang='lat' dir='ltr'><strong>veterem</strong></span> <span class='ocrx_word' id='word_1_641' title='bbox 1273 5142 1547 5198; x_wconf 86' lang='lat' dir='ltr'><strong>hominem</strong></span> <span class='ocrx_word' id='word_1_642' title='bbox 1578 5158 1701 5198; x_wconf 90' lang='lat' dir='ltr'><strong>cum</strong></span> <span class='ocrx_word' id='word_1_643' title='bbox 1731 5145 1865 5199; x_wconf 88' lang='lat' dir='ltr'><strong>acti-</strong></span> 
     </span>
    </p>
   </div>
   <div class='ocr_carea' id='block_1_104' title="bbox 293 5234 1865 5307">
    <p class='ocr_par' dir='ltr' id='par_1_104' title="bbox 293 5234 1865 5307">
     <span class='ocr_line' id='line_1_106' title="bbox 293 5234 1865 5307; baseline -0.001 -17"><span class='ocrx_word' id='word_1_644' title='bbox 293 5236 397 5291; x_wconf 89' lang='lat' dir='ltr'><strong>bus</strong></span> <span class='ocrx_word' id='word_1_645' title='bbox 423 5235 540 5290; x_wconf 84' lang='lat' dir='ltr'><strong>suis</strong></span> <span class='ocrx_word' id='word_1_646' title='bbox 567 5234 783 5307; x_wconf 82' lang='lat' dir='ltr'><strong>(Ep/tes.</strong></span> <span class='ocrx_word' id='word_1_647' title='bbox 811 5234 906 5307; x_wconf 80' lang='lat' dir='ltr'><strong>iv),</strong></span> <span class='ocrx_word' id='word_1_648' title='bbox 937 5243 993 5290; x_wconf 89' lang='lat' dir='ltr'><strong>et</strong></span> <span class='ocrx_word' id='word_1_649' title='bbox 1028 5234 1311 5289; x_wconf 88' lang='lat' dir='ltr'><strong>induentes</strong></span> <span class='ocrx_word' id='word_1_650' title='bbox 1339 5249 1557 5297; x_wconf 82' lang='lat' dir='ltr'><strong>novum,</strong></span> <span class='ocrx_word' id='word_1_651' title='bbox 1590 5235 1682 5303; x_wconf 87' lang='lat' dir='ltr'><strong>qui</strong></span> <span class='ocrx_word' id='word_1_652' title='bbox 1714 5250 1865 5289; x_wconf 90' lang='lat' dir='ltr'><strong>reno-</strong></span> 
     </span>
    </p>
   </div>
   <div class='ocr_carea' id='block_1_105' title="bbox 292 5324 1861 5398">
    <p class='ocr_par' dir='ltr' id='par_1_105' title="bbox 292 5324 1861 5398">
     <span class='ocr_line' id='line_1_107' title="bbox 292 5324 1861 5398; baseline -0.001 -18"><span class='ocrx_word' id='word_1_653' title='bbox 292 5336 459 5382; x_wconf 83' lang='lat' dir='ltr'><strong>vatur</strong></span> <span class='ocrx_word' id='word_1_654' title='bbox 486 5327 539 5381; x_wconf 91' lang='lat' dir='ltr'><strong>in</strong></span> <span class='ocrx_word' id='word_1_655' title='bbox 567 5328 845 5398; x_wconf 89' lang='lat' dir='ltr'><strong>agnitione</strong></span> <span class='ocrx_word' id='word_1_656' title='bbox 887 5326 983 5382; x_wconf 91' lang='lat' dir='ltr'><strong>Dei</strong></span> <span class='ocrx_word' id='word_1_657' title='bbox 1014 5324 1237 5397; x_wconf 87' lang='lat' dir='ltr'><strong>(Coloss.</strong></span> <span class='ocrx_word' id='word_1_658' title='bbox 1265 5324 1368 5396; x_wconf 87' lang='grc' dir='ltr'><strong>ιιι).</strong></span> <span class='ocrx_word' id='word_1_659' title='bbox 1420 5325 1593 5392; x_wconf 83' lang='lat' dir='ltr'><strong>Quam</strong></span> <span class='ocrx_word' id='word_1_660' title='bbox 1634 5341 1861 5381; x_wconf 84' lang='lat' dir='ltr'><strong>renova-</strong></span> 
     </span>
    </p>
   </div>
   <div class='ocr_carea' id='block_1_106' title="bbox 298 5415 1864 5487">
    <p class='ocr_par' dir='ltr' id='par_1_106' title="bbox 298 5415 1864 5487">
     <span class='ocr_line' id='line_1_108' title="bbox 298 5415 1864 5487; baseline -0.002 -14"><span class='ocrx_word' id='word_1_661' title='bbox 298 5420 501 5473; x_wconf 87' lang='lat' dir='ltr'><strong>tionem</strong></span> <span class='ocrx_word' id='word_1_662' title='bbox 550 5418 604 5471; x_wconf 92' lang='lat' dir='ltr'><strong>in</strong></span> <span class='ocrx_word' id='word_1_663' title='bbox 644 5427 826 5474; x_wconf 89' lang='lat' dir='ltr'><strong>mente</strong></span> <span class='ocrx_word' id='word_1_664' title='bbox 868 5425 1080 5487; x_wconf 83' lang='lat' dir='ltr'><strong>oportet</strong></span> <span class='ocrx_word' id='word_1_665' title='bbox 1118 5415 1236 5472; x_wconf 89' lang='lat' dir='ltr'><strong>fieri</strong></span> <span class='ocrx_word' id='word_1_666' title='bbox 1263 5456 1278 5481; x_wconf 90' lang='lat'><strong>,</strong></span> <span class='ocrx_word' id='word_1_667' title='bbox 1327 5415 1421 5470; x_wconf 91' lang='lat' dir='ltr'><strong>sed</strong></span> <span class='ocrx_word' id='word_1_668' title='bbox 1463 5417 1514 5471; x_wconf 92' lang='lat' dir='ltr'><strong>in</strong></span> <span class='ocrx_word' id='word_1_669' title='bbox 1560 5416 1733 5485; x_wconf 88' lang='lat' dir='ltr'><strong>capite</strong></span> <span class='ocrx_word' id='word_1_670' title='bbox 1772 5416 1864 5470; x_wconf 89' lang='lat' dir='ltr'><strong>de-</strong></span> 
     </span>
    </p>
   </div>
   <div class='ocr_carea' id='block_1_107' title="bbox 1970 4231 3539 4307">
    <p class='ocr_par' dir='ltr' id='par_1_107' title="bbox 1970 4231 3539 4307">
     <span class='ocr_line' id='line_1_109' title="bbox 1970 4231 3539 4307; baseline 0.004 -21"><span class='ocrx_word' id='word_1_671' title='bbox 1970 4239 2025 4286; x_wconf 89' lang='lat' dir='ltr'><strong>et</strong></span> <span class='ocrx_word' id='word_1_672' title='bbox 2051 4231 2195 4286; x_wconf 88' lang='lat' dir='ltr'><strong>hanc</strong></span> <span class='ocrx_word' id='word_1_673' title='bbox 2219 4232 2497 4303; x_wconf 83' lang='lat' dir='ltr'><strong>Evangelii</strong></span> <span class='ocrx_word' id='word_1_674' title='bbox 2527 4232 2937 4298; x_wconf 86' lang='lat' dir='ltr'><strong>revelationem,</strong></span> <span class='ocrx_word' id='word_1_675' title='bbox 2983 4234 3051 4289; x_wconf 91' lang='lat' dir='ltr'><strong>de</strong></span> <span class='ocrx_word' id='word_1_676' title='bbox 3084 4251 3191 4303; x_wconf 89' lang='lat' dir='ltr'><strong>qua</strong></span> <span class='ocrx_word' id='word_1_677' title='bbox 3227 4236 3359 4290; x_wconf 89' lang='lat' dir='ltr'><strong>dicit</strong></span> <span class='ocrx_word' id='word_1_678' title='bbox 3392 4236 3539 4307; x_wconf 84' lang='lat' dir='ltr'><strong>Apo-</strong></span> 
     </span>
    </p>
   </div>
   <div class='ocr_carea' id='block_1_108' title="bbox 1972 4320 3540 4393">
    <p class='ocr_par' dir='ltr' id='par_1_108' title="bbox 1972 4320 3540 4393">
     <span class='ocr_line' id='line_1_110' title="bbox 1972 4320 3540 4393; baseline 0.003 -18"><span class='ocrx_word' id='word_1_679' title='bbox 1972 4320 2143 4376; x_wconf 88' lang='lat' dir='ltr'><strong>stolus</strong></span> <span class='ocrx_word' id='word_1_680' title='bbox 2169 4340 2181 4375; x_wconf 93' lang='lat'><strong>:</strong></span> <span class='ocrx_word' id='word_1_681' title='bbox 2217 4321 2349 4375; x_wconf 84' lang='lat' dir='ltr'><strong>Cum</strong></span> <span class='ocrx_word' id='word_1_682' title='bbox 2381 4324 2653 4376; x_wconf 84' lang='lat' dir='ltr'><strong>transieris</strong></span> <span class='ocrx_word' id='word_1_683' title='bbox 2683 4323 2753 4375; x_wconf 83' lang='lat' dir='ltr'><strong>ad</strong></span> <span class='ocrx_word' id='word_1_684' title='bbox 2778 4321 3065 4388; x_wconf 81' lang='lat' dir='ltr'><strong>Christum,</strong></span> <span class='ocrx_word' id='word_1_685' title='bbox 3093 4325 3367 4393; x_wconf 71' lang='lat' dir='ltr'><strong>auferetur</strong></span> <span class='ocrx_word' id='word_1_686' title='bbox 3398 4326 3540 4381; x_wconf 83' lang='lat' dir='ltr'><strong>rela-</strong></span> 
     </span>
    </p>
   </div>
   <div class='ocr_carea' id='block_1_109' title="bbox 1971 4407 3540 4482">
    <p class='ocr_par' dir='ltr' id='par_1_109' title="bbox 1971 4407 3540 4482">
     <span class='ocr_line' id='line_1_111' title="bbox 1971 4407 3540 4482; baseline 0.008 -21"><span class='ocrx_word' id='word_1_687' title='bbox 1971 4425 2087 4461; x_wconf 85' lang='lat' dir='ltr'><strong>men</strong></span> <span class='ocrx_word' id='word_1_688' title='bbox 2119 4408 2205 4479; x_wconf 86' lang='grc' dir='ltr'><strong>(ΙΙ</strong></span> <span class='ocrx_word' id='word_1_689' title='bbox 2229 4407 2351 4462; x_wconf 90' lang='lat' dir='ltr'><strong>Cor.</strong></span> <span class='ocrx_word' id='word_1_690' title='bbox 2379 4409 2483 4480; x_wconf 89' lang='grc' dir='ltr'>ιιι).</span> <span class='ocrx_word' id='word_1_691' title='bbox 2534 4410 2688 4476; x_wconf 87' lang='lat' dir='ltr'><strong>Quod</strong></span> <span class='ocrx_word' id='word_1_692' title='bbox 2718 4420 2899 4466; x_wconf 88' lang='lat' dir='ltr'><strong>autem</strong></span> <span class='ocrx_word' id='word_1_693' title='bbox 2930 4413 3263 4482; x_wconf 79' lang='lat' dir='ltr'><strong>significabat</strong></span> <span class='ocrx_word' id='word_1_694' title='bbox 3294 4417 3540 4475; x_wconf 81' lang='lat' dir='ltr'><strong>velamen</strong></span> 
     </span>
    </p>
   </div>
   <div class='ocr_carea' id='block_1_110' title="bbox 1972 4499 3538 4579">
    <p class='ocr_par' dir='ltr' id='par_1_110' title="bbox 1972 4499 3538 4579">
     <span class='ocr_line' id='line_1_112' title="bbox 1972 4499 3538 4579; baseline 0.005 -26"><span class='ocrx_word' id='word_1_695' title='bbox 1972 4499 2346 4569; x_wconf 88' lang='lat' dir='ltr'><strong>interpositum</strong></span> <span class='ocrx_word' id='word_1_696' title='bbox 2379 4500 2521 4554; x_wconf 85' lang='lat' dir='ltr'><strong>inter</strong></span> <span class='ocrx_word' id='word_1_697' title='bbox 2549 4501 2740 4556; x_wconf 83' lang='lat' dir='ltr'><strong>faciem</strong></span> <span class='ocrx_word' id='word_1_698' title='bbox 2773 4502 2934 4558; x_wconf 79' lang='lat' dir='ltr'><strong>Mosis</strong></span> <span class='ocrx_word' id='word_1_699' title='bbox 2968 4512 3022 4558; x_wconf 86' lang='lat' dir='ltr'><strong>et</strong></span> <span class='ocrx_word' id='word_1_700' title='bbox 3050 4514 3322 4579; x_wconf 87' lang='lat' dir='ltr'><strong>aspectum</strong></span> <span class='ocrx_word' id='word_1_701' title='bbox 3358 4508 3538 4577; x_wconf 88' lang='lat' dir='ltr'><strong>populi</strong></span> 
     </span>
    </p>
   </div>
   <div class='ocr_carea' id='block_1_111' title="bbox 1970 4588 3541 4665">
    <p class='ocr_par' dir='ltr' id='par_1_111' title="bbox 1970 4588 3541 4665">
     <span class='ocr_line' id='line_1_113' title="bbox 1970 4588 3541 4665; baseline 0.006 -22"><span class='ocrx_word' id='word_1_702' title='bbox 1970 4588 2158 4654; x_wconf 88' lang='lat' dir='ltr'><strong>Israel,</strong></span> <span class='ocrx_word' id='word_1_703' title='bbox 2191 4590 2295 4645; x_wconf 90' lang='lat' dir='ltr'><strong>hoc</strong></span> <span class='ocrx_word' id='word_1_704' title='bbox 2323 4591 2663 4661; x_wconf 85' lang='lat' dir='ltr'><strong>significabat</strong></span> <span class='ocrx_word' id='word_1_705' title='bbox 2692 4593 2799 4648; x_wconf 91' lang='lat' dir='ltr'><strong>illis</strong></span> <span class='ocrx_word' id='word_1_706' title='bbox 2830 4596 3165 4665; x_wconf 85' lang='lat' dir='ltr'><strong>temporibus</strong></span> <span class='ocrx_word' id='word_1_707' title='bbox 3192 4598 3356 4652; x_wconf 91' lang='lat' dir='ltr'><strong>etiam</strong></span> <span class='ocrx_word' id='word_1_708' title='bbox 3386 4614 3541 4653; x_wconf 89' lang='lat' dir='ltr'><strong>coma</strong></span> 
     </span>
    </p>
   </div>
   <div class='ocr_carea' id='block_1_112' title="bbox 1970 4680 3543 4755">
    <p class='ocr_par' dir='ltr' id='par_1_112' title="bbox 1970 4680 3543 4755">
     <span class='ocr_line' id='line_1_114' title="bbox 1970 4680 3543 4755; baseline 0.008 -21"><span class='ocrx_word' id='word_1_709' title='bbox 1970 4688 2303 4736; x_wconf 89' lang='lat' dir='ltr'><strong>sanctorum.</strong></span> <span class='ocrx_word' id='word_1_710' title='bbox 2338 4680 2471 4735; x_wconf 84' lang='lat' dir='ltr'><strong>Nam</strong></span> <span class='ocrx_word' id='word_1_711' title='bbox 2501 4689 2556 4735; x_wconf 91' lang='lat' dir='ltr'><strong>et</strong></span> <span class='ocrx_word' id='word_1_712' title='bbox 2580 4682 2868 4752; x_wconf 83' lang='lat' dir='ltr'><strong>Apostolus</strong></span> <span class='ocrx_word' id='word_1_713' title='bbox 2893 4700 3099 4739; x_wconf 90' lang='lat' dir='ltr'><strong>comam</strong></span> <span class='ocrx_word' id='word_1_714' title='bbox 3124 4701 3222 4755; x_wconf 89' lang='lat' dir='ltr'><strong>pro</strong></span> <span class='ocrx_word' id='word_1_715' title='bbox 3239 4688 3543 4747; x_wconf 81' lang='lat' dir='ltr'><strong>velamento</strong></span> 
     </span>
    </p>
   </div>
   <div class='ocr_carea' id='block_1_113' title="bbox 1970 4770 3541 4847">
    <p class='ocr_par' dir='ltr' id='par_1_113' title="bbox 1970 4770 3541 4847">
     <span class='ocr_line' id='line_1_115' title="bbox 1970 4770 3541 4847; baseline 0.006 -22"><span class='ocrx_word' id='word_1_716' title='bbox 1970 4786 2092 4826; x_wconf 91' lang='lat' dir='ltr'><strong>esse</strong></span> <span class='ocrx_word' id='word_1_717' title='bbox 2120 4771 2253 4827; x_wconf 88' lang='lat' dir='ltr'><strong>dicit</strong></span> <span class='ocrx_word' id='word_1_718' title='bbox 2283 4771 2334 4843; x_wconf 94' lang='lat' dir='ltr'><strong>(I</strong></span> <span class='ocrx_word' id='word_1_719' title='bbox 2368 4770 2492 4827; x_wconf 86' lang='lat' dir='ltr'><strong>Cor.</strong></span> <span class='ocrx_word' id='word_1_720' title='bbox 2523 4772 2621 4843; x_wconf 80' lang='lat' dir='ltr'><strong>xi).</strong></span> <span class='ocrx_word' id='word_1_721' title='bbox 2676 4775 2907 4830; x_wconf 85' lang='lat' dir='ltr'><strong>Proinde</strong></span> <span class='ocrx_word' id='word_1_722' title='bbox 2936 4774 3050 4843; x_wconf 87' lang='lat' dir='ltr'><strong>jam</strong></span> <span class='ocrx_word' id='word_1_723' title='bbox 3089 4792 3194 4830; x_wconf 92' lang='lat' dir='ltr'><strong>non</strong></span> <span class='ocrx_word' id='word_1_724' title='bbox 3232 4786 3444 4847; x_wconf 84' lang='lat' dir='ltr'><strong>oportet</strong></span> <span class='ocrx_word' id='word_1_725' title='bbox 3480 4788 3541 4836; x_wconf 90' lang='lat' dir='ltr'><strong>ut</strong></span> 
     </span>
    </p>
   </div>
   <div class='ocr_carea' id='block_1_114' title="bbox 1973 4863 3544 4936">
    <p class='ocr_par' dir='ltr' id='par_1_114' title="bbox 1973 4863 3544 4936">
     <span class='ocr_line' id='line_1_116' title="bbox 1973 4863 3544 4936; baseline 0.007 -21"><span class='ocrx_word' id='word_1_726' title='bbox 1973 4863 2217 4919; x_wconf 87' lang='lat' dir='ltr'><strong>velentur</strong></span> <span class='ocrx_word' id='word_1_727' title='bbox 2245 4864 2485 4919; x_wconf 91' lang='lat' dir='ltr'><strong>crinibus</strong></span> <span class='ocrx_word' id='word_1_728' title='bbox 2513 4866 2690 4935; x_wconf 86' lang='lat' dir='ltr'><strong>capita</strong></span> <span class='ocrx_word' id='word_1_729' title='bbox 2723 4880 2910 4922; x_wconf 86' lang='lat' dir='ltr'><strong>eorum</strong></span> <span class='ocrx_word' id='word_1_730' title='bbox 2951 4868 3042 4936; x_wconf 90' lang='lat' dir='ltr'><strong>qui</strong></span> <span class='ocrx_word' id='word_1_731' title='bbox 3080 4867 3310 4925; x_wconf 87' lang='lat' dir='ltr'><strong>Domino</strong></span> <span class='ocrx_word' id='word_1_732' title='bbox 3351 4885 3544 4926; x_wconf 75' lang='lat' dir='ltr'><strong>conse-</strong></span> 
     </span>
    </p>
   </div>
   <div class='ocr_carea' id='block_1_115' title="bbox 1972 4955 3542 5030">
    <p class='ocr_par' dir='ltr' id='par_1_115' title="bbox 1972 4955 3542 5030">
     <span class='ocr_line' id='line_1_117' title="bbox 1972 4955 3542 5030; baseline 0.004 -23"><span class='ocrx_word' id='word_1_733' title='bbox 1972 4961 2217 5019; x_wconf 89' lang='lat' dir='ltr'><strong>crantur,</strong></span> <span class='ocrx_word' id='word_1_734' title='bbox 2253 4955 2348 5009; x_wconf 89' lang='lat' dir='ltr'><strong>sed</strong></span> <span class='ocrx_word' id='word_1_735' title='bbox 2378 4962 2585 5009; x_wconf 88' lang='lat' dir='ltr'><strong>tantum</strong></span> <span class='ocrx_word' id='word_1_736' title='bbox 2619 4965 2678 5010; x_wconf 90' lang='lat' dir='ltr'><strong>ut</strong></span> <span class='ocrx_word' id='word_1_737' title='bbox 2710 4956 3050 5012; x_wconf 87' lang='lat' dir='ltr'><strong>revelcntur:</strong></span> <span class='ocrx_word' id='word_1_738' title='bbox 3091 4960 3215 5028; x_wconf 88' lang='lat' dir='ltr'><strong>quia</strong></span> <span class='ocrx_word' id='word_1_739' title='bbox 3250 4961 3393 5030; x_wconf 89' lang='lat' dir='ltr'><strong>quod</strong></span> <span class='ocrx_word' id='word_1_740' title='bbox 3422 4970 3542 5015; x_wconf 92' lang='lat' dir='ltr'><strong>erat</strong></span> 
     </span>
    </p>
   </div>
   <div class='ocr_carea' id='block_1_116' title="bbox 1971 5044 3541 5120">
    <p class='ocr_par' dir='ltr' id='par_1_116' title="bbox 1971 5044 3541 5120">
     <span class='ocr_line' id='line_1_118' title="bbox 1971 5044 3541 5120; baseline 0.004 -21"><span class='ocrx_word' id='word_1_741' title='bbox 1971 5044 2239 5099; x_wconf 88' lang='lat' dir='ltr'><strong>occultum</strong></span> <span class='ocrx_word' id='word_1_742' title='bbox 2266 5044 2319 5097; x_wconf 94' lang='lat' dir='ltr'><strong>in</strong></span> <span class='ocrx_word' id='word_1_743' title='bbox 2345 5054 2687 5101; x_wconf 85' lang='lat' dir='ltr'><strong>sacramento</strong></span> <span class='ocrx_word' id='word_1_744' title='bbox 2710 5048 3022 5117; x_wconf 66' lang='lat' dir='ltr'><strong>prophetiae,</strong></span> <span class='ocrx_word' id='word_1_745' title='bbox 3040 5046 3153 5117; x_wconf 84' lang='lat' dir='ltr'><strong>jam</strong></span> <span class='ocrx_word' id='word_1_746' title='bbox 3177 5048 3230 5103; x_wconf 89' lang='lat' dir='ltr'><strong>in</strong></span> <span class='ocrx_word' id='word_1_747' title='bbox 3251 5049 3541 5120; x_wconf 85' lang='lat' dir='ltr'><strong>Evangelio</strong></span> 
     </span>
    </p>
   </div>
   <div class='ocr_carea' id='block_1_117' title="bbox 1972 5134 2435 5191">
    <p class='ocr_par' dir='ltr' id='par_1_117' title="bbox 1972 5134 2435 5191">
     <span class='ocr_line' id='line_1_119' title="bbox 1972 5134 2435 5191; baseline 0.002 -1"><span class='ocrx_word' id='word_1_748' title='bbox 1972 5134 2303 5190; x_wconf 87' lang='lat' dir='ltr'><strong>declaratum</strong></span> <span class='ocrx_word' id='word_1_749' title='bbox 2332 5143 2435 5191; x_wconf 84' lang='lat' dir='ltr'><strong>cst.</strong></span> 
     </span>
    </p>
   </div>
   <div class='ocr_carea' id='block_1_118' title="bbox 2582 5223 2918 5283">
    <p class='ocr_par' dir='ltr' id='par_1_118' title="bbox 2582 5223 2918 5283">
     <span class='ocr_line' id='line_1_120' title="bbox 2582 5223 2918 5283; baseline 0.003 -3"><span class='ocrx_word' id='word_1_750' title='bbox 2582 5223 2807 5283; x_wconf 80' lang='lat' dir='ltr'><strong>CAPUT</strong></span> <span class='ocrx_word' id='word_1_751' title='bbox 2856 5227 2918 5283; x_wconf 93' lang='lat' dir='ltr'><strong>ll.</strong></span> 
     </span>
    </p>
   </div>
   <div class='ocr_carea' id='block_1_119' title="bbox 2040 5323 3538 5399">
    <p class='ocr_par' dir='ltr' id='par_1_119' title="bbox 2040 5323 3538 5399">
     <span class='ocr_line' id='line_1_121' title="bbox 2040 5323 3538 5399; baseline 0.001 -21"><span class='ocrx_word' id='word_1_752' title='bbox 2040 5324 2220 5394; x_wconf 81' lang='lat' dir='ltr'><strong>(Isid.,</strong></span> <span class='ocrx_word' id='word_1_753' title='bbox 2248 5324 2375 5377; x_wconf 81' lang='lat' dir='ltr'><strong>ibid.</strong></span> <span class='ocrx_word' id='word_1_754' title='bbox 2404 5341 2449 5377; x_wconf 79' lang='grc' dir='ltr'><strong>ε.</strong></span> <span class='ocrx_word' id='word_1_755' title='bbox 2484 5323 2589 5395; x_wconf 70' lang='lat' dir='ltr'><strong>is.)</strong></span> <span class='ocrx_word' id='word_1_756' title='bbox 2621 5323 2840 5381; x_wconf 88' lang='lat' dir='ltr'><strong>Ostiarii</strong></span> <span class='ocrx_word' id='word_1_757' title='bbox 2874 5326 3026 5399; x_wconf 90' lang='lat' dir='ltr'><strong>[Item</strong></span> <span class='ocrx_word' id='word_1_758' title='bbox 3052 5328 3241 5384; x_wconf 90' lang='lat' dir='ltr'><strong>lsidori</strong></span> <span class='ocrx_word' id='word_1_759' title='bbox 3270 5329 3337 5384; x_wconf 89' lang='lat' dir='ltr'><strong>de</strong></span> <span class='ocrx_word' id='word_1_760' title='bbox 3360 5324 3538 5382; x_wconf 85' lang='lat' dir='ltr'><strong>Ostia-</strong></span> 
     </span>
    </p>
   </div>
   <div class='ocr_carea' id='block_1_120' title="bbox 1972 5413 3535 5484">
    <p class='ocr_par' dir='ltr' id='par_1_120' title="bbox 1972 5413 3535 5484">
     <span class='ocr_line' id='line_1_122' title="bbox 1972 5413 3535 5484; baseline 0.001 -15"><span class='ocrx_word' id='word_1_761' title='bbox 1972 5415 2083 5469; x_wconf 90' lang='lat' dir='ltr'><strong>riis.</strong></span> <span class='ocrx_word' id='word_1_762' title='bbox 2122 5413 2362 5484; x_wconf 89' lang='lat' dir='ltr'><strong>Ostiarii]</strong></span> <span class='ocrx_word' id='word_1_763' title='bbox 2394 5424 2548 5480; x_wconf 89' lang='lat' dir='ltr'><strong>sunt,</strong></span> <span class='ocrx_word' id='word_1_764' title='bbox 2591 5415 2684 5484; x_wconf 84' lang='lat' dir='ltr'><strong>qui</strong></span> <span class='ocrx_word' id='word_1_765' title='bbox 2718 5416 2770 5470; x_wconf 91' lang='lat' dir='ltr'><strong>in</strong></span> <span class='ocrx_word' id='word_1_766' title='bbox 2803 5416 2985 5473; x_wconf 75' lang='lat' dir='ltr'><strong>Veteri</strong></span> <span class='ocrx_word' id='word_1_767' title='bbox 3016 5418 3363 5474; x_wconf 87' lang='lat' dir='ltr'><strong>Testamento</strong></span> <span class='ocrx_word' id='word_1_768' title='bbox 3392 5415 3535 5484; x_wconf 76' lang='lat' dir='ltr'><strong>jani~</strong></span> 
     </span>
    </p>
   </div>
   <div class='ocr_carea' id='block_1_121' title="bbox 341 5525 3532 5617">
    <p class='ocr_par' dir='ltr' id='par_1_121' title="bbox 341 5525 3532 5617">
     <span class='ocr_line' id='line_1_123' title="bbox 341 5525 3532 5617; baseline -0.002 -13"><span class='ocrx_word' id='word_1_769' title='bbox 341 5525 394 5591; x_wconf 61' lang='grc' dir='ltr'><strong>ἰ</strong></span> <span class='ocrx_word' id='word_1_770' title='bbox 424 5551 582 5605; x_wconf 83' lang='lat' dir='ltr'><strong>Deest</strong></span> <span class='ocrx_word' id='word_1_771' title='bbox 606 5551 708 5606; x_wconf 87' lang='lat' dir='ltr'><strong>ista</strong></span> <span class='ocrx_word' id='word_1_772' title='bbox 733 5549 1005 5605; x_wconf 81' lang='lat' dir='ltr'><strong>distinctio</strong></span> <span class='ocrx_word' id='word_1_773' title='bbox 1029 5548 1150 5603; x_wconf 86' lang='lat' dir='ltr'><strong>libri</strong></span> <span class='ocrx_word' id='word_1_774' title='bbox 1174 5556 1225 5602; x_wconf 87' lang='lat' dir='ltr'><strong>ct</strong></span> <span class='ocrx_word' id='word_1_775' title='bbox 1250 5546 1436 5602; x_wconf 88' lang='lat' dir='ltr'><strong>titulus</strong></span> <span class='ocrx_word' id='word_1_776' title='bbox 1462 5548 1620 5602; x_wconf 87' lang='lat' dir='ltr'><strong>etiam</strong></span> <span class='ocrx_word' id='word_1_777' title='bbox 1651 5548 1862 5617; x_wconf 71' lang='lat' dir='ltr'><strong>capitis,</strong></span> <span class='ocrx_word' id='word_1_778' title='bbox 1899 5545 2118 5616; x_wconf 82' lang='lat' dir='ltr'><strong>ejusque</strong></span> <span class='ocrx_word' id='word_1_779' title='bbox 2148 5544 2263 5600; x_wconf 84' lang='lat' dir='ltr'><strong>vice</strong></span> <span class='ocrx_word' id='word_1_780' title='bbox 2324 5544 2542 5614; x_wconf 78' lang='lat' dir='ltr'><strong>ponitur</strong></span> <span class='ocrx_word' id='word_1_781' title='bbox 2605 5544 2792 5601; x_wconf 85' lang='lat' dir='ltr'><strong>Isidori</strong></span> <span class='ocrx_word' id='word_1_782' title='bbox 2826 5561 2876 5600; x_wconf 86' lang='lat' dir='ltr'><strong>lli</strong></span> <span class='ocrx_word' id='word_1_783' title='bbox 2914 5545 3050 5600; x_wconf 84' lang='lat' dir='ltr'><strong>libro</strong></span> <span class='ocrx_word' id='word_1_784' title='bbox 3077 5542 3389 5600; x_wconf 78' lang='lat' dir='ltr'><strong>Offiriortnn</strong></span> <span class='ocrx_word' id='word_1_785' title='bbox 3412 5585 3424 5604; x_wconf 88' lang='lat'><strong>.</strong></span> <span class='ocrx_word' id='word_1_786' title='bbox 3468 5547 3532 5598; x_wconf 66' lang='lat' dir='ltr'><strong>de</strong></span> 
     </span>
    </p>
   </div>
   <div class='ocr_carea' id='block_1_122' title="bbox 296 5636 537 5677">
    <p class='ocr_par' dir='ltr' id='par_1_122' title="bbox 296 5636 537 5677">
     <span class='ocr_line' id='line_1_124' title="bbox 296 5636 537 5677; baseline -0.008 0"><span class='ocrx_word' id='word_1_787' title='bbox 296 5636 449 5677; x_wconf 71' lang='grc' dir='ltr'>ιοιιδιι</span> <span class='ocrx_word' id='word_1_788' title='bbox 460 5636 537 5675; x_wconf 82' lang='lat' dir='ltr'><strong>ra.</strong></span> 
     </span>
    </p>
   </div>
  </div>
