3884 6192
367 258 469 311 εέὅ

365 463 555 527 salem,
577 460 776 531 quique
798 451 1042 527 [quippe]
1069 449 1305 505 ordinati
1325 462 1422 516 per
1443 446 1589 499 vices
1608 459 1735 499 suas
1753 442 1933 498 omnia

367 529 624 610 interiora
674 546 856 616 templi
888 543 972 598 vel
1012 540 1280 595 exteriora
1312 536 1491 610 [Deest
1519 535 1603 589 vel
1638 529 1936 605 exteriora]

368 639 761 697 custodiebant.
820 632 886 686 Hi
939 630 1170 698 denique
1221 625 1531 699 [lidemque
1579 623 1743 696 inter]
1796 624 1940 678 inter

368 737 618 787 sanctum
656 730 711 778 et
752 722 1001 790 iniquum
1032 718 1441 778 discernentes,
1485 727 1581 767 eos
1624 720 1838 765 tantum
1882 709 1939 764 in

366 816 599 873 ecclesia
640 813 733 884 qui
780 817 911 867 sunt
954 806 1140 862 ﬁdeles
1185 804 1470 872 recipiunt.
1537 800 1749 855 Intrare
1792 798 1938 854 enim

367 906 626 975 templum
669 902 776 957 nisi
814 914 910 971 per
947 899 1048 954 bos
1087 911 1194 951 non
1227 908 1532 965 possumus.
1556 891 1767 945 Habent
1794 888 1937 943 enim

365 1007 689 1073 potestatem
735 1004 845 1051 tam
888 994 1061 1049 bonos
1103 985 1400 1057 recipiendi
1446 998 1610 1054 quam
1662 980 1938 1051 rejiciendi

368 1091 640 1161 indignos.

979 1170 1205 1229 CAPUT
1242 1166 1329 1222 ill.

441 1271 623 1341 (Isid.,
656 1268 784 1322 ibid.
813 1283 859 1319 ο.
893 1261 1003 1334 11.)
1040 1262 1329 1316 Lectorum
1361 1257 1517 1328 [Item
1547 1254 1737 1309 lsidori
1770 1253 1835 1307 de
1866 1252 1940 1305 le-

368 1363 638 1424 ctoribus,
667 1351 978 1426 Lectorum]
1002 1353 1137 1408 ordo
1173 1351 1402 1407 formam
1433 1356 1489 1402 et
1522 1346 1734 1400 initium
1756 1360 1785 1397 a
1816 1359 1940 1412 pro-

368 1454 567 1523 pbetis.
610 1450 751 1504 Sunt
779 1446 942 1518 igitur
968 1444 1218 1505 lectores,
1251 1440 1342 1508 qui
1373 1439 1598 1492 verbum
1625 1434 1722 1487 Dei
1750 1432 1941 1502 pracdi-

370 1554 525 1608 cant,
565 1542 761 1611 quibus
787 1537 1019 1593 dicitur:
1051 1532 1258 1596 Clama,
1297 1547 1359 1583 ne
1398 1541 1603 1582 cesses:
1635 1526 1787 1597 quasi
1816 1523 1940 1577 tuba

369 1632 544 1689 exalia
568 1645 741 1685 vocem
769 1636 915 1679 tuam
939 1622 1073 1695 (Isa.
1096 1620 1271 1690 Lvnt).
1300 1618 1393 1673 Isti
1419 1617 1616 1686 quippe
1643 1614 1771 1668 dum
1798 1613 1943 1667 ordi-

369 1732 592 1787 nantur,
622 1720 855 1790 primum
892 1715 958 1770 de
992 1728 1184 1768 eorum
1211 1708 1625 1767 conversatione
1654 1706 1938 1776 cpiscopus
1968 1693 2014 1751 B

372 1817 591 1871 verbum
612 1813 743 1867 facit
768 1809 834 1864 ad
854 1808 1129 1878 pupulum.
1162 1805 1367 1861 Deinde
1390 1817 1574 1858 coram
1594 1800 1750 1870 plebe
1772 1798 1937 1853 tradit

370 1912 449 1966 eis
474 1909 715 1965 codicem
743 1906 955 1975 apicum
983 1901 1287 1956 divinorum
1307 1939 1322 1963 ,
1368 1897 1434 1951 ad
1461 1895 1685 1950 verbum
1716 1892 1808 1948 Dei
1844 1906 1939 1961 an-

370 1997 746 2053 nuntiandum.
797 1993 898 2059 Qui
941 1999 1121 2046 autem
1165 1990 1233 2044 ad
1277 1984 1585 2055 huiusmodi
1625 1982 1940 2054 provehitur

369 2090 626 2161 gradum,
674 2088 777 2140 iste
808 2085 911 2140 erit
936 2082 1180 2137 doctrina
1225 2088 1281 2134 ct
1324 2078 1477 2131 libris
1507 2076 1778 2137 imbutus,
1818 2086 1940 2126 sen-

370 2197 636 2251 suumque
675 2195 740 2234 ac
777 2178 1065 2231 verborum
1108 2171 1335 2228 scientia
1373 2174 1733 2239 perornatus:
1779 2166 1853 2217 ita
1882 2170 1942 2216 ut

370 2272 809 2330 distinctionibus
846 2265 1238 2323 sententiarum
1281 2259 1546 2328 intelligat
1588 2256 1678 2311 ubi
1723 2254 1941 2308 liniatur

365 2364 651 2434 iunctura,
703 2360 796 2416 ubi
838 2359 1017 2412 adhuc
1044 2353 1278 2424 pendeat
1305 2351 1506 2414 oratio,
1552 2348 1644 2402 ubi
1673 2346 1938 2403 sententia

368 2461 613 2507 extrema
639 2448 939 2504 claudatur.
970 2443 1170 2514 Sicque
1190 2441 1471 2511 expeditus
1491 2439 1602 2493 vim
1631 2436 1922 2508 pronuntia-

370 2546 536 2602 tionis
573 2541 814 2605 tenebit,
862 2547 920 2593 ut
967 2538 1035 2591 ad
1081 2534 1410 2590 intellectum
1447 2531 1690 2587 omnium
1730 2537 1940 2584 mentes

369 2650 696 2705 sensumque
721 2638 1075 2705 promoveat,
1122 2627 1377 2683 discendo
1407 2620 1812 2696 [discernendo]
1843 2634 1937 2690 ge-

368 2745 500 2785 nera
525 2723 1026 2797 pronuntiationum
1053 2761 1067 2785 ,
1117 2727 1280 2789 atque
1310 2715 1662 2786 exprimendo
1691 2712 1940 2783 proprios

370 2817 760 2873 sententiarum
793 2814 1020 2867 allectus
1046 2829 1058 2864 :
1095 2810 1253 2865 modo
1283 2806 1576 2863 indicantis
1604 2820 1753 2869 voce,
1780 2803 1939 2859 modo

369 2911 623 2975 dolentis,
652 2908 812 2963 modo
839 2905 1190 2975 increpantis,
1235 2902 1394 2956 modo
1422 2897 1778 2960 exhortantis,
1825 2894 1939 2949 sive

370 3004 457 3059 his
473 3000 692 3064 similia,
709 2999 1002 3053 secundum
1026 3010 1193 3066 genus
1208 2992 1440 3062 propriae
1458 2986 1933 3060 pronuntiationis,

372 3092 560 3160 inquo
584 3087 756 3158 magis
794 3087 882 3139 illa
923 3085 1175 3154 ambigua
1213 3081 1605 3136 sententiarum
1633 3076 1937 3132 adhibenda

371 3184 608 3256 cognitio
643 3191 746 3238 est.
797 3180 960 3234 Multa
996 3178 1140 3245 enim
1179 3177 1233 3230 in
1271 3172 1569 3243 Scripturis
1606 3178 1773 3235 sunt,
1820 3184 1940 3239 qua:

371 3279 475 3335 nisi
504 3276 727 3347 proprio
755 3270 912 3328 modo
941 3268 1378 3343 pronuntientur,
1410 3266 1464 3319 in
1496 3262 1825 3319 contrariam
1854 3276 1936 3314 re-

371 3372 557 3427 cidunt
584 3365 927 3428 sententiam,
960 3361 1120 3416 sicuti
1149 3368 1234 3415 est
1259 3378 1273 3412 :
1310 3356 1439 3424 Quis
1466 3355 1731 3410 accusabit
1762 3351 1944 3406 adrer-

370 3476 459 3515 sus
507 3456 693 3512 electos
741 3454 885 3508 Dei?
940 3453 1077 3506 Deus
1120 3450 1209 3520 qui
1247 3447 1503 3519 justiﬁcat
1550 3443 1734 3516 (Rom.
1777 3440 1942 3512 vni)?

373 3550 633 3620 Quodque
667 3547 713 3602 si
747 3543 1116 3601 conlirmative
1158 3555 1265 3595 non
1311 3546 1525 3594 servato
1568 3549 1767 3606 genere
1810 3548 1938 3601 pro-

373 3641 724 3699 nuntiationis
753 3654 863 3693 suae
889 3636 1122 3699 dicatur,
1161 3647 1355 3703 magna
1384 3628 1714 3701 perversitas
1740 3625 1937 3682 oritur.

372 3734 462 3787 Sic
491 3746 621 3800 ergo
656 3725 1115 3798 prommtiainhnn
1158 3731 1277 3787 est,
1329 3737 1394 3775 ac
1437 3720 1680 3774 diceret:
1728 3717 1942 3771 Deusne

370 3822 460 3891 qui
485 3817 783 3891 justiﬁcat?
815 3814 1154 3873 subauditur.
1184 3808 1321 3865 Non.
1356 3809 1586 3864 Necesse
1614 3813 1700 3861 est
1725 3819 1855 3877 ergo
1886 3805 1940 3859 in

371 3910 534 3965 tantis
561 3908 723 3963 rebus
758 3905 996 3960 scicntia:
1027 3901 1322 3973 ingenium,
1352 3913 1458 3967 quo
1488 3894 1702 3967 proprie
1732 3891 1939 3964 singula

370 3999 860 4064 convenienterque
881 3991 1321 4064 pronuntientur.
1354 3987 1651 4057 Propterea
1676 3992 1729 4039 et
1750 3998 1944 4038 accen-

372 4100 522 4142 tuum
548 4085 658 4141 vim
683 4091 898 4156 oportet
924 4081 1184 4137 lectorem
1214 4078 1374 4141 scire,
1420 4085 1480 4129 ut
1509 4073 1723 4129 noverit
1750 4073 1803 4126 in
1833 4084 1940 4140 qua

371 4177 573 4250 syllaba
609 4192 712 4232 vox
755 4172 1107 4244 protendatur
1145 4166 1564 4239 pronuntiantis.
1617 4163 1942 4231 Plerumque

369 4268 512 4322 enim
545 4264 778 4336 imperiti
819 4262 1053 4317 lectores
1086 4260 1139 4313 in
1170 4256 1458 4312 verborum
1502 4251 1816 4307 accentibus
1850 4265 1938 4303 er-

368 4367 514 4421 rant,
535 4365 590 4413 et
613 4356 787 4413 solent
813 4354 1039 4408 irridere
1063 4368 1160 4405 nos
1182 4347 1467 4420 imperitiae
1491 4347 1548 4402 hi
1574 4346 1664 4415 qui
1686 4343 1942 4397 videntur

370 4447 569 4501 habere
597 4444 762 4518 [hanc
790 4441 1010 4512 habere]
1042 4440 1285 4499 notitiam
1304 4480 1317 4502 ,
1351 4436 1731 4498 detrahentes,
1774 4440 1830 4487 et
1854 4427 1942 4499 ju-

371 4545 551 4589 rantcs
580 4533 794 4604 penitus
823 4546 922 4585 nos
952 4543 1162 4584 nescire
1186 4527 1328 4598 quod
1359 4526 1608 4580 dicimus.
1640 4523 1812 4577 Porro
1837 4535 1941 4575 vox

370 4626 586 4680 lectoris
610 4623 837 4693 simplex
864 4622 968 4675 erit
992 4628 1047 4675 et
1071 4619 1238 4682 clara,
1265 4617 1331 4671 ad
1358 4630 1517 4670 omne
1542 4611 1944 4683 pronuntiatio-

371 4720 452 4774 nis
476 4734 645 4787 genus
668 4714 1091 4777 accommodata,
1112 4711 1273 4780 plena
1299 4723 1461 4763 succo
1486 4704 1647 4767 virili,
1672 4711 1942 4772 agrestem
1968 4700 1989 4713 ‘

369 4816 421 4861 et
450 4809 815 4862 subrusticum
841 4804 1098 4875 ellugiens
1125 4818 1315 4858 sonum
1335 4841 1349 4864 ,
1398 4814 1503 4853 non
1537 4795 1789 4860 humilis,
1839 4809 1941 4849 nec

372 4900 509 4953 adeo
540 4898 806 4962 sublimis,
838 4912 944 4951 non
969 4896 1164 4960 fracta,
1196 4908 1304 4948 non
1332 4899 1549 4954 tenera,
1583 4886 1826 4957 nihilque
1856 4887 1937 4941 fe-

373 4987 611 5041 mineum
640 5000 839 5041 sonans
865 5026 880 5049 ,
931 4999 1105 5055 neque
1149 4997 1272 5037 eum
1315 4987 1465 5034 motu
1509 4978 1756 5048 corporis
1781 5018 1795 5042 ,
1843 4977 1939 5033 sed

375 5085 581 5132 tantum
604 5092 728 5131 cum
755 5075 1039 5146 gravitatis
1053 5072 1252 5143 specie.
1277 5069 1457 5141 (Isid.,
1483 5068 1609 5123 ibid.
1635 5085 1681 5122 c.
1705 5068 1819 5139 15.)
1835 5066 1940 5122 Au-

375 5168 524 5222 ribus
570 5165 716 5221 enim
764 5171 821 5219 et
865 5164 1013 5218 cordi
1064 5161 1349 5218 consulere
1395 5161 1552 5216 debet
1594 5159 1783 5225 lector,
1829 5172 1937 5213 non

369 5256 582 5313 oculis:
635 5269 706 5309 ne
755 5252 931 5323 potius
981 5269 1048 5308 ex
1097 5252 1274 5320 seipso
1319 5258 1719 5321 exspectatores
1763 5248 1938 5321 magis

371 5365 535 5418 quam
555 5345 832 5402 auditores
849 5344 1031 5399 faciat.
1058 5344 1224 5398 Vetus
1243 5343 1424 5412 opinio
1444 5353 1547 5407 est,
1573 5343 1802 5397 lectores
1819 5356 1941 5413 pro-.

372 5438 653 5495 nuntiandi
679 5452 839 5492 causa
862 5435 1185 5505 praecipuam
1208 5449 1393 5487 curam
1414 5433 1561 5487 vocis
1585 5431 1858 5496 habuisse,
1879 5437 1940 5483 ut

373 5529 616 5583 exaudiri
648 5531 702 5582 in
730 5527 958 5581 tumultu
989 5525 1177 5594 possit.
1222 5524 1302 5578 Un
1325 5524 1372 5577 fe
1401 5532 1455 5577 et
1480 5522 1677 5576 dudum
1708 5522 1936 5576 lectores

369 5632 644 5688 precones
673 5619 753 5675 vel
783 5618 1203 5688 proclainatorcs
1232 5614 1584 5671 \oeahnntur.

1363 238 1765 296 AMALARIUS
1801 236 2210 293 PRESBYTER
2250 231 2609 294 METENSIS.

363 386 512 432 tores
542 368 730 442 templi
759 367 1119 426 vocabantur,
1150 361 1244 430 qui
1279 365 1552 430 praeerant
1580 355 1753 425 portis
1779 351 1934 409 Jeru-
1959 357 2012 416 Α

2722 281 2726 284 -
3498 237 3607 292 8Ξ⁵Δ

2640 345 2866 402 CAPUT
2904 345 2993 401 IV.

2108 464 2167 518 In
2187 464 2380 518 ordine
2401 460 2559 533 [Item
2586 460 2779 516 lsidori
2805 459 2871 515 de
2897 459 3207 514 exorcistis.
3236 459 3297 513 In
3321 459 3529 534 ordine]
3555 472 3622 518 et

2037 556 2344 611 ministerio
2369 554 2626 608 Ecclesia:
2656 553 2810 607 decet
2836 566 2957 607 esse
2985 551 3288 606 exorcistas
3317 555 3619 609 secundum

2037 646 2217 704 ofﬁcia
2259 660 2379 716 quas
2422 645 2477 698 in
2521 644 2722 713 templo
2754 642 3059 698 Salomonis
3105 651 3265 697 erant
3306 642 3615 713 disposita;

2038 753 2265 809 quicque
2292 737 2565 808 posterius
2592 743 2719 790 sunt
2744 735 2813 789 ab
2839 733 3007 789 Esdra
3035 734 3337 805 dispertita.
3372 736 3439 789 Et
3468 737 3621 792 inve-

2039 833 2218 887 nimus
2246 845 2339 884 eos
2368 844 2505 897 quos
2532 827 2736 881 scilicet
2766 825 2945 897 [Deest
2972 825 3204 897 scilicet]
3232 827 3437 881 Esdras
3463 838 3623 883 acto-

2039 937 2129 979 res
2158 930 2421 977 memnrat
2454 920 2669 989 templi,
2711 934 2856 973 nunc
2888 917 3005 989 [eos
3044 917 3213 989 nunc]
3244 934 3366 982 esse
3395 921 3621 975 exorci-

2039 1023 2151 1069 stas
2172 1014 2224 1067 in
2246 1012 2472 1067 ecclesia
2494 1010 2608 1065 Dei.
2647 1008 2887 1063 Fuerunt
2911 1007 3055 1061 enim
3082 1009 3183 1062 sub
3204 1008 3376 1062 Esdra
3400 1019 3624 1064 actores

2038 1101 2256 1172 templi,
2287 1114 2567 1157 servorum
2599 1098 2906 1152 Salomonis
2934 1097 3059 1162 lilii,
3091 1098 3182 1166 qui
3214 1106 3398 1167 actum
3431 1099 3621 1167 templi

2038 1196 2208 1252 totius
2234 1196 2334 1250 sub
2361 1208 2492 1249 cura
2523 1208 2620 1246 sua
2650 1190 2915 1244 traherent
2937 1230 2952 1254 ,
2997 1205 3063 1244 ac
3094 1188 3233 1260 [aut]
3263 1190 3438 1244 sacris
3465 1189 3624 1243 obla-

2041 1286 2278 1342 tionibus
2308 1285 2658 1341 deservirent.
2713 1282 2927 1335 Etcum
2957 1279 3183 1334 fuissent
3222 1295 3285 1335 ex
3327 1282 3524 1335 ordine
3566 1290 3626 1334 et

2041 1377 2341 1434 ministerio
2373 1374 2555 1444 templi
2581 1413 2598 1439 ,
2646 1373 2801 1442 longe
2829 1370 3045 1425 fuerunt
3075 1370 3255 1425 officio
3289 1370 3379 1441 [ab
3406 1370 3622 1443 officio]

2041 1469 2228 1525 altaris
2253 1467 2349 1522 Dei
2376 1484 2390 1520 :
2429 1466 2555 1536 quia
2588 1479 2686 1518 nec
2712 1461 3035 1533 psalmistis,
3075 1474 3176 1515 nec
3202 1460 3474 1524 ostiariis,
3516 1476 3628 1515 nec

2043 1571 2323 1615 sacrorum
2352 1554 2523 1611 servis
2548 1552 2814 1622 attingere
2838 1550 3034 1604 licebat
3059 1549 3126 1603 ad
3155 1564 3379 1603 munera
3407 1548 3623 1615 altaris,

2043 1648 2148 1701 nisi
2199 1644 2573 1701 tantummodo
2616 1642 2813 1697 lcvitis.
2867 1639 3007 1707 Quid
3050 1653 3180 1709 ergo
3225 1640 3354 1694 est?
3403 1638 3628 1693 Nullam

2042 1739 2202 1793 aliam
2231 1752 2417 1793 curam
2446 1735 2718 1790 habebant
2741 1740 2956 1788 actores
2985 1728 3190 1800 templi,
3219 1730 3321 1784 nisi
3351 1731 3419 1784 ad
3444 1739 3632 1783 sarta-

2044 1835 2183 1884 teeta
2212 1825 2457 1880 facienda
2484 1864 2499 1890 ,
2546 1830 2607 1876 ut
2636 1820 2771 1894 [aut]
2799 1834 3131 1890 quascunque
3160 1818 3390 1873 fuissent
3417 1830 3627 1873 vexata
3680 1802 3693 1815 ’

2040 1917 2096 1972 in
2123 1915 2350 1972 azdilicio
2379 1909 2774 1986 [aedificatione]
2817 1910 3037 1981 templi,
3084 1918 3177 1963 aut
3220 1908 3475 1978 delapsa,
3529 1924 3631 1977 per

2039 2006 2258 2063 eosdem
2285 2015 2501 2059 actores
2533 2004 2599 2057 dc
2634 2001 2906 2057 thesauris
2936 1999 3233 2054 Dominicis
3262 1998 3632 2053 reficerentur

2040 2106 2203 2167 atque
2228 2094 2624 2150 excolerentur.
2673 2093 2815 2164 Ergo
2844 2099 3055 2144 actores
3087 2088 3302 2158 templi,
3333 2088 3633 2143 exorcista:

2041 2199 2168 2245 sunt
2194 2190 2248 2244 in
2276 2187 2472 2259 pepulo
2498 2187 2612 2240 Dei.
2649 2184 2928 2252 Quomodo
2951 2183 3097 2237 enim
3122 2187 3274 2235 actor
3297 2180 3549 2252 prudens
3574 2190 3633 2234 et

2039 2282 2214 2336 bonus
2249 2279 2352 2334 scit
2379 2278 2499 2347 quis
2535 2278 2605 2331 sit
2635 2274 2837 2330 domini
2874 2273 2954 2326 sui
2987 2286 3185 2326 census
3205 2279 3259 2325 et
3281 2270 3461 2324 omnis
3494 2271 3633 2323 sub-

2041 2371 2254 2427 szantiaz
2281 2371 2493 2432 modus,
2518 2377 2573 2422 et
2601 2366 2795 2437 redigit
2818 2364 2958 2434 apud
2985 2378 3043 2418 se
3071 2363 3235 2417 totius
3262 2360 3633 2431 possessionis

2041 2463 2403 2517 instrumenta
2431 2457 2765 2529 originaria:
2806 2456 2887 2510 sic
2919 2465 2974 2510 et
3008 2458 3279 2510 exorcista
3319 2454 3527 2523 redigit
3572 2454 3632 2507 in

2039 2566 2194 2608 suam
2231 2548 2561 2619 diligentiam
2603 2546 2768 2601 totius
2813 2545 2963 2615 regni
3007 2543 3221 2599 Domini
3261 2550 3515 2604 secreta,
3569 2553 3629 2593 ut

2040 2641 2313 2697 memoria:
2334 2638 2551 2693 mandet
2570 2636 2637 2692 de
2656 2635 3044 2706 scripturarum
3069 2630 3447 2694 sacramentis,
3473 2631 3631 2684 unde

2039 2743 2294 2791 exerceat
2321 2730 2449 2804 [Ms.
2477 2730 2629 2796 add.,
2657 2726 2886 2800 scilicet]
2918 2725 3310 2795 donutn,'quod
3344 2723 3423 2777 illi
3454 2731 3551 2777 est
3593 2740 3627 2776 a

2041 2826 2244 2897 Spiritu
2278 2832 2468 2880 Sancto
2494 2838 2842 2885 concessum,
2875 2820 3170 2874 secundum
3201 2815 3442 2886 Apostoli
3473 2830 3625 2886 pne-

2040 2917 2276 2974 conium.
2327 2915 2640 2969 Exorcistas
2667 2914 2810 2967 enim
2839 2921 3103 2966 memorat
3127 2908 3450 2979 Apostolus,
3492 2924 3629 2962 cum

2041 3008 2207 3064 dicit:
2244 3004 2499 3077 Nunquid
2526 3020 2702 3058 omnes
2728 3002 3031 3056 donationes
3063 2999 3249 3054 habent
3278 2999 3626 3053 cenationum

2042 3098 2090 3168 (Ι
2121 3095 2243 3152 Cor.
2270 3094 2412 3168 xu)?
2453 3094 2519 3149 lii
2558 3095 2700 3149 enim
2730 3109 2852 3148 cum
2881 3092 3219 3154 ordinantur,
3249 3090 3393 3145 sicut
3421 3089 3503 3143 ait
3534 3103 3628 3143 ca-

2043 3205 2149 3244 non
2178 3187 2358 3261 (Cone.
2388 3184 2637 3256 ϐαι-Πίσῃ.
2666 3201 2739 3250 tv,
2766 3184 2903 3238 Dist.
2930 3182 3023 3237 25.
3056 3178 3505 3249 Exercistarum),
3533 3195 3629 3234 ac-

2042 3284 2247 3354 cipiunt
2267 3284 2332 3337 de
2352 3297 2514 3337 manu
2533 3281 2768 3352 episcOpi
2794 3280 3052 3343 libellum,
3075 3280 3128 3333 in
3152 3293 3259 3348 quo
3280 3277 3468 3345 scripti
3495 3284 3630 3330 sunt

2041 3376 2351 3438 exorcismi,
2380 3374 2706 3444 accipientes
2732 3380 3052 3443 potestatem
3082 3370 3392 3440 imponendi
3423 3382 3627 3421 manus

2043 3482 2206 3537 super
2231 3479 2644 3536 cncrgumcnos,
2674 3463 2788 3517 sive
2819 3462 3257 3526 catechumenos,
3302 3457 3418 3514 sive
3445 3456 3627 3528 bapti—

2042 3566 2194 3614 zatos
2221 3556 2397 3630 [Deest
2427 3556 2542 3610 sive
2568 3550 2912 3623 baptizatos].

2657 3683 2886 3741 CAPUT
2928 3681 2990 3736 ν.

2112 3777 2269 3851 (Isid.
2301 3775 2529 3846 Etymol.
2562 3774 2600 3827 Ι.
2629 3790 2728 3838 vn,
2760 3790 2806 3828 c.
2838 3772 2949 3842 12.)
2974 3768 3398 3843 Acolythi[ltcm
3426 3768 3623 3822 lsidori

2040 3869 2106 3923 de
2138 3865 2416 3937 acolythis.
2443 3862 2715 3935 Acolythi]
2743 3862 2947 3927 Graece,
2975 3861 3166 3917 Latine
3187 3858 3504 3916 cerol’erarii
3540 3858 3625 3910 di-

2041 3967 2238 4015 cuntur
2266 3974 2297 4011 a
2334 3955 2678 4026 deportandis
2707 3954 2881 4010 cereis
2904 3994 2919 4020 ,
2968 3952 3182 4026 quando
3214 3950 3503 4021 legendum
3542 3958 3626 4002 est

2042 4050 2412 4121 Evangelium,
2439 4057 2532 4103 aut
2558 4045 2881 4103 sacrificium
2907 4024 3259 4100 ollereiidum.
3293 4042 3448 4097 Tunc
3473 4042 3623 4095 enim

2043 4144 2410 4200 accenduntur
2441 4138 2729 4194 luminaria
2756 4138 2824 4193 ab
2850 4136 2930 4192 eis
2952 4176 2966 4202 ,
3010 4143 3064 4192 et
3101 4134 3478 4203 deportantur,
3512 4148 3624 4184 non

2043 4237 2107 4289 ad
2140 4233 2404 4305 fugandas
2436 4232 2719 4295 tenebras,
2761 4228 2890 4283 dum
2923 4227 3003 4283 sol
3032 4242 3096 4282 eo
3124 4233 3370 4296 tempore
3398 4223 3623 4286 rutilet,

2042 4324 2137 4379 sed
2166 4324 2232 4378 ad
2259 4324 2472 4394 signum
2501 4320 2699 4375 laetitia:
2725 4317 3203 4375 demonstrandum
3228 4333 3241 4369 :
3275 4324 3338 4370 ut
3367 4315 3467 4368 sub
3493 4322 3624 4383 typo

1966 4399 2018 4461 D
2046 4413 2262 4468 luminis
2309 4411 2633 4482 corporalis,
2678 4409 2769 4462 illa
2809 4408 2899 4462 lux
2939 4407 3279 4469 ostendatur,
3317 4404 3384 4459 de
3421 4419 3529 4474 qua
3572 4404 3625 4455 in

2040 4502 2335 4573 Evangelia
2363 4501 2561 4572 legitur
2597 4514 2612 4554 :
2642 4498 2771 4552 Erat
2799 4496 2892 4551 tua:
2929 4513 3050 4550 vera
3078 4510 3206 4569 qua.
3222 4492 3487 4547 illuminat
3519 4510 3627 4545 om-

2040 4608 2155 4649 nem
2180 4590 2440 4644 hominem
2468 4589 2751 4644 venientem
2781 4586 2835 4640 in
2866 4585 3004 4640 hunc
3033 4582 3284 4638 mundam
3309 4581 3492 4654 (Joan.
3524 4584 3586 4652 ι).

2656 4700 2885 4759 CAPUT
2924 4698 3010 4755 Ἦ.

2110 4798 2209 4871 (De
2235 4797 2365 4867 oﬁic.
2395 4797 2432 4847 ι.
2459 4811 2519 4858 ιι,
2549 4810 2594 4845 c.
2626 4790 2733 4860 10.)
2786 4788 3113 4845 Subdiaeoni
3152 4782 3310 4857 [Item
3333 4782 3527 4837 lsidori
3561 4783 3625 4835 de

2044 4887 2407 4946 subdia‘conis.
2434 4879 2807 4952 Subdiaconi],
2832 4879 2924 4949 qui
2951 4876 3092 4947 apud
3116 4873 3335 4931 Graecos
3364 4872 3627 4943 hypodia-

2043 4981 2162 5038 coni
2188 4986 2473 5039 vocantur,
2501 4975 2554 5029 in
2576 4971 2748 5028 Esdra
2776 4970 3146 5034 inveniuntur,
3173 4965 3624 5036 appellanturque

2039 5071 2114 5126 ibi
2142 5067 2425 5130 Nathinsei,
2454 5064 2509 5119 id
2534 5072 2641 5129 est,
2663 5062 2719 5117 in
2742 5059 3050 5115 humilitate
3071 5057 3299 5112 Domino
3320 5053 3625 5108 servientes

2043 5160 2094 5232 (1
2123 5158 2281 5212 Esdr.
2314 5170 2351 5211 ιι
2379 5166 2426 5210 εἰ
2452 5153 2595 5224 vin).
2631 5151 2709 5206 Ex
2739 5165 2931 5207 eorum
2958 5147 3148 5203 ordine
3175 5145 3276 5200 fuit
3305 5144 3394 5198 ille
3417 5143 3623 5196 Nauta-

2042 5251 2160 5306 nael
2187 5292 2204 5315 ,
2249 5248 2343 5318 qui
2390 5247 2445 5301 in
2491 5243 2766 5312 evangelio
2814 5240 3041 5296 Joannis
3084 5238 3262 5293 divina
3312 5234 3620 5306 proditione

2041 5339 2398 5397 commonitus
2424 5377 2438 5401 ,
2489 5334 2825 5389 Salvatorem
2856 5329 3055 5385 meruit
3083 5324 3351 5382 confiteri.
3406 5321 3619 5389 Quique

2041 5433 2204 5485 etiam
2237 5430 2302 5483 ad
2335 5428 2569 5498 primum
2595 5422 2896 5479 divinitatis
2921 5419 3175 5475 indicium
3206 5416 3374 5470 ﬁdelis
3399 5412 3615 5471 enituit,

2042 5526 2375 5591 protestante
2414 5510 2747 5586 [praestante]
2794 5510 3019 5563 Domino
3067 5523 3131 5560 ac
3177 5506 3428 5559 dicente:
3484 5500 3619 5553 Ecce

2045 5628 2157 5666 rere
2183 5607 2443 5673 Israelita,
2470 5608 2521 5661 in
2549 5622 2648 5677 quo
2677 5603 2828 5657 datt's
2857 5618 2957 5655 non
2986 5609 3057 5655 est
3082 5595 3343 5670 (10mm).
3376 5592 3618 5656 Deniqlzc
