3884 6192
339 285 447 340 εἰει

925 282 1203 339 REGULA
1241 280 1735 338 CANONICORUM
1771 281 1859 336 AB
1893 281 2248 339 AMALARIO
2284 282 2664 342 COLLECTA.
2701 317 2772 329 —-
2804 288 2932 343 LIB.
2972 290 3013 344 I.

3483 296 3591 357 826

342 396 432 454 isti
456 394 759 451 oblationes
783 394 837 447 in
862 393 1060 463 templo
1082 392 1291 447 Domini
1313 391 1612 462 suscipiunt
1633 408 1661 445 a
1683 392 1912 462 populis.
1942 402 1993 460 Α
2017 393 2124 462 Ipsi
2152 406 2366 464 quoque
2391 397 2780 467 evangeliza‘nt.
2815 399 2943 455 Sine
2967 403 3098 472 ipsis
3121 405 3374 462 sacerdos
3394 419 3588 467 nomen

341 487 434 543 isti
482 485 743 540 onediunt
785 482 982 538 ofﬁciis
1032 483 1341 538 levitarum.
1394 481 1485 536 Isti
1530 498 1745 552 quoque
1785 498 1916 539 vasa

337 576 590 648 corporis
628 584 684 630 et
726 573 1004 645 sanguinis
1029 572 1233 629 Christi
1262 573 1579 629 diaconilms
1616 574 1684 627 ad
1721 573 1915 628 altaria

337 672 555 729 Domini
603 669 835 726 oderunt
880 667 1065 742 (Cone.
1091 667 1339 737 Carthag.
1368 684 1444 733 tv,
1490 667 1626 721 Dist.
1655 668 1722 732 2,
1772 665 1914 722 Sub-

335 761 593 833 diaconi).
652 760 730 816 De
776 760 975 830 quibus
1002 760 1223 829 quidem
1272 758 1471 829 placuit
1518 758 1803 827 patribus,
1855 767 1916 812 nt

333 858 465 928 quia
510 870 667 911 sacra
708 853 966 925 mysteria
1008 850 1196 923 [Forte
1228 851 1421 916 verius,
1453 850 1773 904 ministeria.
1811 847 1913 921 ιλ]

332 958 715 1015 contrectant,
764 947 899 1002 casti
937 955 992 1001 et
1020 947 1359 1000 continentes
1387 946 1495 999 sint
1521 946 1587 999 ab
1615 944 1875 999 uxoribus
1893 984 1908 1007 ,

329 1043 476 1099 etab
496 1042 644 1098 omni
665 1039 869 1096 carnali
896 1038 1237 1093 immunditia
1261 1037 1439 1100 liberi,
1456 1035 1607 1104 juxta
1631 1036 1775 1106 quod
1802 1034 1910 1089 illis

326 1132 596 1203 propheta
623 1131 840 1185 dicente
860 1127 1117 1197 iubetur:
1145 1124 1479 1180 Mundamini
1500 1126 1589 1195 qui
1616 1124 1760 1194 fertis
1786 1140 1908 1178 vasa

330 1222 545 1278 Domini
571 1221 709 1294 (Isa.
736 1221 854 1290 ut).
911 1219 978 1273 lli
1020 1219 1183 1289 igitur
1219 1230 1343 1272 cum
1382 1217 1724 1278 ordinantur,
1768 1214 1909 1268 sicut

326 1312 640 1368 sacerdotes
695 1318 750 1366 et
809 1309 985 1364 levitas
1011 1350 1026 1373 ,
1094 1322 1286 1362 manus
1348 1307 1746 1376 impositionem
1798 1319 1905 1359 non

325 1402 665 1471 suscipiunt:
695 1399 790 1455 sed
814 1409 1067 1468 patenam
1092 1405 1299 1452 tantum
1325 1404 1381 1451 et
1401 1395 1627 1451 calicem
1652 1396 1721 1450 de
1742 1411 1904 1451 manu

323 1492 604 1563 episcopi,
640 1499 695 1545 et
729 1488 1113 1545 archidiacono
1147 1488 1407 1557 scyphum
1436 1502 1588 1556 aquae
1615 1498 1735 1542 cum
1765 1502 1903 1558 aqua

324 1584 513 1639 manili
539 1591 594 1639 et
620 1582 1015 1653 manutergium
1043 1580 1333 1649 accipiunt.

915 1671 1142 1728 CAPUT
1191 1669 1300 1727 VII.

396 1765 584 1837 (Isid,
612 1765 742 1819 ibid.
773 1782 819 1819 c.
850 1762 928 1834 8.)
980 1762 1343 1817 Diaconorum
1391 1760 1557 1834 [Item
1600 1761 1790 1819 Isidori
1834 1765 1900 1820 de
1926 1738 1973 1797 Β

319 1856 587 1912 οἷίίιροηὶε.
624 1855 1008 1927 Diaconorum]
1068 1855 1202 1909 ordo
1248 1870 1277 1908 a
1325 1856 1469 1910 tribu
1515 1846 1643 1910 Levi
1693 1857 1900 1926 accepit

320 1950 625 2005 exordium.
661 1948 923 2018 Prtecepit
948 1948 1091 2001 enim
1117 1945 1375 2001 Dominits
1399 1946 1555 2011 Mosi,
1580 1955 1641 2001 ut
1666 1956 1789 2016 post
1813 1964 1903 2001 or-

320 2039 658 2095 dinationem
677 2032 855 2092 Aaron
882 2037 1179 2092 sacerdotis
1208 2044 1264 2091 et
1288 2035 1521 2089 filiorum
1551 2034 1686 2104 ejus,
1710 2052 1900 2091 rursus

319 2131 452 2187 Levi
484 2132 658 2186 tribus
685 2130 740 2184 in
771 2128 948 2183 Divini
977 2127 1153 2183 cultus
1180 2126 1486 2181 ministerio
1515 2127 1902 2182 ordinarentur

318 2231 374 2278 et
396 2227 846 2277 consecrarentur
866 2220 1092 2274 Domino
1114 2233 1214 2288 pro
1233 2218 1482 2273 omnibus
1502 2218 1895 2289 primogenitis,

318 2324 374 2371 et
400 2315 668 2370 servirent
694 2328 793 2384 pro
820 2306 987 2368 Israel
1013 2326 1196 2367 comm
1220 2311 1422 2375 Aaron,
1447 2320 1503 2366 et
1531 2310 1654 2365 filiis
1680 2312 1814 2381 ejus,
1843 2312 1895 2366 in

318 2406 669 2463 tabernaculo
696 2406 817 2470 Dei,
847 2404 1175 2460 excubantes
1202 2403 1254 2456 in
1287 2401 1485 2472 templo
1513 2402 1600 2457 die
1627 2417 1692 2457 ac
1715 2413 1891 2458 nocte.

314 2498 530 2570 Ipsique
559 2503 836 2569 gestarent
865 2509 1046 2550 arcam
1087 2502 1142 2550 et
1183 2493 1586 2549 tabernaculum
1625 2503 1680 2548 et
1712 2496 1894 2550 omnia

318 2606 451 2647 vasa
475 2589 612 2659 ejus,
640 2595 697 2644 et
724 2589 780 2644 in
804 2589 1040 2646 circuitu
1072 2585 1406 2642 tabernaculi
1437 2594 1615 2641 castra
1646 2587 1746 2656 ipsi
1774 2603 1895 2642 rur-

318 2696 411 2738 sus
436 2679 615 2754 [Deest
642 2680 855 2751 rursus]
883 2678 1306 2742 constituerent,
1337 2683 1393 2731 et
1433 2675 1488 2730 in
1527 2679 1892 2745 promovendo

317 2771 666 2829 tabernaculo
696 2771 797 2841 ipsi
826 2771 1190 2840 deponerent,
1232 2784 1419 2823 rursus
1458 2768 1560 2837 ipsi
1598 2783 1889 2838 compone-

314 2871 453 2919 rent.
492 2862 536 2916 Α
563 2862 752 2933 viginti
781 2859 1022 2931 quinque
1051 2860 1227 2925 annis,
1258 2865 1312 2914 et
1337 2873 1523 2928 supra,
1556 2858 1612 2912 in
1643 2858 1892 2914 taberna-

314 2954 436 3010 culo
480 2953 689 3009 servire
724 2951 855 3023 ipsis
895 2951 1213 3006 mandatum
1255 2959 1357 3006 est.
1411 2949 1584 3016 Quam
1629 2949 1888 3022 Regulam

313 3042 485 3099 sancti
516 3038 705 3097 Patres
742 3051 800 3097 et
834 3041 889 3096 in
917 3040 1068 3095 Novo
1096 3040 1443 3096 Testamento
1470 3041 1883 3107 constituerunt.

311 3132 368 3187 In
397 3130 687 3200 Evangelia
714 3138 892 3185 autem
921 3130 1214 3200 primordia
1241 3142 1425 3185 eorum
1446 3170 1460 3194 ,
1496 3138 1549 3184 et
1578 3130 1631 3184 in
1656 3129 1879 3187 Actibus

312 3223 687 3295 Apostolorum
738 3221 1168 3295 [discipulorum]
1213 3223 1290 3277 ita
1338 3222 1625 3293 leguntur:
1676 3221 1882 3278 Convo-

312 3326 494 3371 cantes
526 3325 700 3371 autem
731 3313 1004 3369 duodecim
1044 3313 1263 3384 apostoli
1301 3311 1698 3366 multitudinem
1721 3313 1882 3368 disci-

310 3408 577 3475 pulorum,
599 3408 842 3463 dixerunt
866 3421 885 3458 :
920 3405 1045 3459 Non
1071 3414 1144 3459 est
1171 3422 1375 3476 (equum
1400 3403 1538 3477 [Non
1566 3405 1763 3476 placet]
1788 3422 1881 3459 nos

312 3499 601 3570 relinquere
646 3498 854 3552 verbum
889 3495 1007 3561 Dei,
1054 3504 1103 3550 et
1142 3496 1443 3549 ministrare
1477 3496 1687 3549 mensis.
1740 3493 1881 3560 Quid

309 3607 432 3659 ergo
475 3599 586 3654 est,
629 3574 818 3659 frhtres
843 3589 870 3641 τ’
911 3585 1252 3645 Considerate
1293 3602 1357 3640 ea;
1393 3584 1537 3639 vobis
1577 3586 1716 3640 uiros
1763 3587 1882 3641 boni

306 3679 590 3732 testimonii
621 3687 834 3747 septem,
861 3676 1039 3747 plenos
1069 3674 1254 3745 spiritu
1287 3676 1579 3745 sapientia',
1604 3692 1733 3745 quos
1757 3691 1881 3733 con-

308 3770 590 3822 stituamus
620 3769 675 3821 in
704 3768 843 3821 hanc»
869 3783 997 3821 rem.
1031 3763 1144 3820 Nos
1173 3782 1293 3819 vero
1322 3767 1550 3820 orationi
1575 3775 1622 3820 et
1649 3768 1881 3822 ministe-

311 3862 387 3912 rio
410 3858 663 3911 sermonis
684 3857 935 3911 instantes
954 3857 1169 3911 erimus.
1198 3854 1265 3909 Et
1289 3854 1486 3926 placuit
1511 3873 1679 3911 sermo
1704 3874 1880 3911 coram

305 3949 447 4003 omni
492 3945 849 4001 multitudine.
904 3946 975 4000 Et
1021 3945 1284 4015 elegerunt
1330 3946 1508 4000 statim
1556 3945 1879 4015 Stephanum

304 4038 475 4090 cirum
516 4036 725 4107 plenam
774 4037 876 4105 ﬁde
927 4047 975 4091 et
1019 4035 1220 4106 Spiritu
1259 4043 1479 4100 sancto,
1536 4034 1877 4106 Philippum,

314 4130 654 4194 Prochorum,
677 4139 726 4184 et
749 4128 1092 4194 Nicanorem,
1111 4137 1159 4181 et
1184 4114 1451 4182 Timonem
1464 4125 1877 4200 [Timotheum],

308 4231 355 4277 et
398 4220 738 4287 Parmenam,
777 4231 825 4276 et
858 4219 1142 4275 Nicolaum
1183 4219 1439 4273 advenam
1474 4218 1875 4273 Antiochenam.

308 4310 381 4365 lli
417 4320 669 4366 steterunt
714 4321 834 4365 ante
872 4308 1153 4380 apostolos.
1198 4309 1267 4363 Et
1315 4325 1431 4363 cum
1468 4317 1724 4374 orassent,
1772 4310 1873 4363 im-

301 4410 587 4472 posuerunt
625 4400 732 4456 illis
773 4417 980 4454 manus.
1028 4397 1349 4470 Verbumque
1385 4397 1483 4453 Dei
1526 4398 1803 4463 crescebat,
1826 4406 1875 4452 et

304 4488 755 4560 multiplicabatur
777 4505 1024 4543 numerus
1046 4487 1367 4543 credentium
1388 4486 1526 4558 (Act.
1544 4486 1641 4557 vi).
1665 4487 1877 4542 Exhinc

298 4579 411 4647 iam
437 4580 796 4635 decreverunt
821 4577 1080 4649 apostoli,
1109 4575 1585 4645 apostolorumqne
1614 4575 1720 4648 [vel
1750 4591 1876 4645 apo-

294 4667 587 4739 stolorum]
617 4682 960 4723 successores
978 4706 993 4732 ,
1036 4680 1138 4737 per
1161 4678 1350 4719 omnes
1378 4664 1635 4718 ecclesias
1664 4673 1874 4733 septem

294 4763 560 4817 diaconos
598 4760 925 4816 ordinandos
964 4773 1084 4814 esse
1124 4754 1304 4829 [Deest
1335 4756 1666 4810 ordinandos
1694 4757 1869 4827 esse],

296 4851 394 4919 qui
421 4850 721 4907 sublimiori
748 4850 916 4922 gradu
941 4849 1152 4905 caztcris
1174 4848 1418 4917 proxime
1440 4845 1670 4919 [pnelati
1697 4848 1875 4916 proxi-

299 4941 410 5014 me]
440 4942 589 4997 circa
622 4957 771 4996 aram
796 4939 1028 5006 Christi,
1064 4940 1222 5009 quasi
1264 4924 1529 4995 columine
1568 4937 1756 4992 altaris
1785 4953 1871 4993 as-

296 5033 595 5096 sisterent,
648 5041 706 5087 et
756 5048 862 5087 non
907 5033 1023 5087 sine
1065 5032 1247 5101 aliquo
1303 5031 1594 5100 septenarii
1658 5033 1869 5086 numeri

301 5124 579 5193 tnystetio.
615 5123 679 5177 Ili
704 5131 829 5178 sunt
853 5123 1014 5186 enim,
1039 5137 1173 5192 quos
1194 5121 1248 5175 in
1268 5120 1586 5192 Apocalypsi
1617 5120 1864 5190 legimus,

296 5222 506 5282 septem
556 5213 731 5282 angeli
782 5213 924 5267 tubis
967 5220 1223 5273 canentes
1252 5210 1436 5282 (Apoc.
1470 5226 1564 5265 vni
1598 5220 1643 5264 et
1676 5210 1752 5280 χ).
1800 5211 1865 5266 111

296 5312 428 5357 sunt
446 5311 648 5370 septem
670 5301 989 5357 candelabra
1011 5315 1200 5365 aurea,
1223 5299 1276 5352 hi
1303 5310 1459 5352 voces
1484 5298 1864 5352 tonitrnorum.

293 5392 402 5461 ipsi
431 5394 573 5446 enim
598 5393 744 5447 clara
774 5407 902 5447 voce
934 5392 985 5445 in
1019 5392 1233 5444 modum
1275 5389 1539 5459 prteeonis
1578 5389 1869 5442 admonent

292 5489 552 5548 cunctos,
597 5484 709 5537 sive
739 5484 793 5537 in
820 5482 1048 5546 orando,
1079 5483 1193 5535 sive
1221 5481 1276 5534 in
1305 5478 1584 5535 ﬂectendis
1619 5481 1860 5550 genibus,

292 5576 413 5626 sive
443 5575 493 5627 in
523 5575 819 5644 psallentlo,
851 5574 965 5630 sive
996 5574 1048 5628 in
1080 5571 1403 5628 lectionibus
1432 5571 1728 5626 audiendis.
1762 5571 1863 5641 ipsi
1905 5630 1910 5635 ,

302 5659 500 5734 etiam,
545 5676 599 5723 ut
632 5683 787 5725 aures
814 5668 1107 5724 habeamus
1139 5668 1204 5722 ad
1236 5666 1518 5722 Dominum
1545 5706 1560 5734 ,
1607 5665 1858 5725 clamant.

2016 482 2206 545 habet.
2244 483 2482 540 officium
2513 501 2620 541 non
2651 488 2834 543 habet.
2872 490 3007 546 Nam
3035 493 3175 548 sicut
3206 494 3261 549 in
3288 499 3591 558 sacerdotio

2014 577 2368 642 consecratio,
2391 577 2466 631 ita
2486 586 2541 632 et
2563 579 2615 633 in
2643 579 2895 635 ministro
2914 580 3244 652 dispensatio
3264 593 3589 647 sacramenti

2012 674 2113 720 est.
2151 666 2245 721 Ille
2271 682 2452 733 orare,
2484 669 2573 723 hic
2599 671 2830 740 psallere
2859 674 3099 727 mandat.
3140 675 3232 730 Ille
3260 677 3437 734 oblata
3463 696 3588 736 san-

2012 756 2235 822 ctiﬁcat,
2260 759 2347 813 hic
2373 759 2708 814 sanctiﬁcata
2736 762 3031 830 dispensat.
3062 765 3200 833 Ipsis
3222 770 3387 822 etiam
3410 786 3588 827 sacer-

2012 850 2226 905 dotibus
2254 860 2475 921 propter
2499 854 2978 922 prazsumptionem
3016 870 3123 911 non
3153 857 3280 913 licet
3304 861 3369 914 de
3397 876 3585 917 mensa

2011 942 2224 997 Domini
2269 944 2458 999 tollere
2499 945 2757 1009 calicem,
2810 946 2914 1001 nisi
2957 948 3038 1002 cis
3086 950 3312 1006 traditus
3350 951 3513 1009 fuerit
3552 972 3583 1009 a

2009 1033 2257 1088 diacono.
2309 1034 2510 1089 Levita:
2545 1034 2782 1089 inferunt
2813 1036 3116 1099 oblationes
3152 1039 3205 1092 in
3234 1040 3459 1106 altaria;
3510 1044 3585 1097 le-

2007 1124 2131 1179 vita:
2170 1138 2413 1178 mensam
2448 1124 2659 1179 Domini
2699 1136 3062 1195 componunt;
3116 1128 3291 1185 levitze
3333 1133 3583 1202 operiunt

2006 1230 2188 1270 arcam
2219 1216 2546 1270 testamenti.
2592 1216 2707 1271 Non
2736 1218 2880 1271 enim
2906 1234 3094 1274 omnes
3120 1222 3305 1277 vident
3332 1224 3441 1279 alta
3469 1242 3584 1295 my-

2004 1306 2295 1360 steriorum
2335 1321 2457 1375 qum
2493 1306 2812 1376 operiuntur
2838 1323 2869 1361 a
2903 1308 3108 1373 levitis,
3146 1326 3214 1365 ne
3242 1314 3462 1369 videant
3489 1316 3582 1383 qui

2004 1396 2188 1451 videre
2216 1411 2323 1451 non
2351 1397 2584 1462 debent,
2622 1405 2678 1451 et
2704 1407 2917 1451 sumant
2945 1401 3037 1468 qui
3065 1414 3285 1456 servare
3314 1419 3421 1458 non
3450 1419 3576 1472 pos-

2003 1494 2149 1542 sunt.
2186 1487 2287 1553 Qui
2316 1497 2605 1557 propterea
2636 1488 2796 1543 altari
2824 1489 2961 1543 albis
2990 1490 3165 1544 induti
3194 1493 3484 1559 assistunt,
3524 1504 3583 1549 ut

2003 1577 2283 1632 ctelestem
2309 1578 2478 1632 vitam
2505 1579 2778 1643 habeant,
2824 1579 3147 1649 candidique
3177 1583 3246 1637 ad
3279 1583 3483 1639 hostias
3527 1594 3583 1639 et

2005 1667 2329 1722 immaculati
2359 1668 2646 1732 accedant,
2685 1670 2868 1723 mundi
2900 1669 3106 1726 scilicet
3135 1688 3391 1743 corpore,
3421 1685 3477 1730 et
3502 1677 3583 1730 in-

2001 1759 2245 1828 corrupti
2270 1760 2495 1828 pudorc.
2530 1759 2690 1813 Tales
2716 1760 2858 1813 enim
2887 1760 3043 1814 decet
3069 1762 3353 1819 Dominum
3380 1766 3578 1821 habere

2001 1849 2300 1915 ministros,
2332 1849 2425 1918 qui
2454 1849 2603 1904 nullo
2634 1830 2817 1904 carnis
2847 1863 3265 1920 corrumpantur
3295 1859 3569 1927 contagio,

2000 1940 2094 1995 sed
2133 1940 2315 2008 potius
2353 1940 2615 1995 eminenti
2653 1941 2903 1995 castitate
2932 1940 3248 2012 [eminentia
3280 1946 3573 2018 castitatis]

1999 2029 2333 2099 splendeant.
2373 2029 2570 2096 Quales
2598 2034 2775 2083 autem
2808 2029 3020 2085 diaconi
3059 2031 3400 2099 ordinentur,
3433 2033 3576 2088 Pau-

1999 2122 2083 2177 lus
2106 2121 2382 2191 apostolus
2406 2121 2717 2191 plenissime
2742 2122 2930 2177 scribit
2955 2123 3022 2176 ad
3045 2123 3404 2179 Timotheum.
3436 2125 3570 2181 Nam

1996 2230 2119 2270 cum
2144 2215 2500 2285 praemisisset
2528 2215 2594 2269 de
2618 2215 2966 2270 Sacerdotem
2993 2215 3279 2279 electione,
3310 2218 3571 2271 continuo

1995 2298 2309 2375 subiunxit:
2342 2306 2565 2361 Diaconi
2594 2306 2833 2361 similiter
2860 2307 3403 2378 irreprehensibilesU
3432 2308 3567 2364 Tim.

1997 2401 2108 2470 ιιι),
2137 2400 2239 2455 hoc
2264 2408 2370 2465 est,
2400 2400 2518 2455 sine
2543 2399 2753 2454 macula
2782 2400 2925 2454 sicut
2951 2400 3211 2468 episcOpi.
3250 2397 3442 2453 Pudici
3466 2401 3574 2455 uti-

1994 2504 2129 2561 que,
2165 2491 2219 2546 id
2243 2497 2359 2557 est,
2398 2505 2428 2544 a
2465 2490 2689 2546 libidine
2721 2490 3081 2545 continentes.
3139 2489 3261 2543 Non
3292 2489 3566 2559 bilingues,

1992 2589 2200 2645 scilicet
2238 2602 2307 2644 ne
2345 2590 2673 2645 conturbent
2709 2602 2900 2657 pacem
2931 2588 3211 2642 habentes.
3251 2584 3374 2640 Non
3404 2588 3568 2641 multo

1991 2682 2112 2734 vino
2139 2680 2304 2734 dediti
2329 2696 2348 2735 :
2385 2680 2513 2749 quia
2542 2679 2632 2734 ubi
2660 2679 2917 2744 ebrietas,
2954 2678 3029 2732 ibi
3063 2678 3229 2733 libido
3259 2677 3571 2733 dominatur

1991 2779 2045 2828 et
2070 2771 2241 2827 furor.
2279 2771 2402 2826 Non
2432 2780 2580 2842 turpe
2606 2771 2814 2826 lucrum
2841 2778 3116 2838 sectantes,
3158 2786 3226 2827 ne
3261 2773 3327 2826 de
3354 2772 3567 2828 celesti

1992 2864 2298 2919 ministerio
2329 2862 2636 2935 [mysterio]
2680 2864 2831 2919 lucra
2872 2869 3088 2918 terrena
3122 2870 3418 2918 sectentur.
3471 2864 3568 2919 Est

1992 2955 2188 3025 quippe
2219 2954 2479 3027 [quoque]
2516 2962 2572 3010 et
2608 2954 2786 3025 turpis
2825 2954 2961 3009 lucri
3005 2954 3293 3024 appetitio,
3340 2954 3458 3024 plus
3501 2955 3567 3010 de

1991 3045 2346 3113 prtesentibus
2389 3060 2552 3115 quam
2602 3044 2667 3100 de
2717 3044 2910 3099 l'uturis
2958 3046 3220 3116 cogitare.
3254 3044 3408 3123 [Post
3454 3046 3569 3101 [nec

1989 3135 2254 3205 subjecit:
2294 3134 2368 3189 Hi
2395 3146 2570 3191 autem
2603 3137 2887 3207 probentur
2910 3137 3158 3207 primum,
3200 3144 3250 3191 et
3291 3136 3368 3190 sic
3406 3137 3565 3191 mini-

1983 3236 2190 3293 strent,
2243 3226 2448 3281 nullum
2501 3229 2697 3282 crimen
2746 3227 3011 3282 habentes.
3071 3227 3137 3282 Ili
3187 3228 3376 3297 utique
3425 3229 3565 3284 sicut

1982 3317 2244 3387 episcopi,
2268 3324 2394 3380 ante
2421 3318 2816 3372 ordinationem
2843 3318 3060 3387 probari
3095 3316 3311 3384 debent,
3342 3319 3387 3373 si
3415 3318 3563 3389 digni

1984 3408 2112 3471 sint,
2143 3415 2199 3461 et
2226 3406 2304 3460 sic
2329 3414 2519 3474 postea
2545 3407 2882 3460 ministrare.

2571 3493 2798 3548 CAPUT
2837 3492 2970 3550 VIII.

2054 3583 2236 3654 (Isid.,
2266 3583 2394 3637 ibid.
2426 3600 2472 3636 ε.
2501 3582 2577 3654 7.)
2604 3583 3048 3654 Preslsyterorum
3080 3582 3244 3655 [Item
3280 3585 3467 3641 Isidori
3495 3589 3560 3641 de

1980 3676 2332 3747 presbyteris.
2364 3674 2847 3746 Prcslnyterorum]
2877 3675 3011 3729 ordo
3032 3676 3313 3731 exordium
3338 3680 3567 3748 sumpsit

1982 3767 2063 3835 (ut
2086 3766 2288 3822 dictum
2319 3764 2423 3838 est)
2452 3780 2483 3819 a
2511 3764 2635 3819 ﬁliis
2665 3764 2866 3820 Aaron.
2912 3765 3014 3833 Qui
3061 3768 3205 3821 enim
3253 3770 3565 3825 sacerdotes

1983 3859 2315 3913 vocabantur
2340 3858 2395 3911 in
2425 3858 2610 3913 Veteri
2637 3858 2988 3913 Testamento
3007 3899 3021 3924 ,
3050 3858 3106 3913 hi
3136 3867 3261 3913 sunt
3299 3862 3391 3931 qui
3421 3879 3562 3916 nunc

1981 3958 2241 4005 vocantur
2261 3950 2587 4020 presbyteri.
2616 3950 2682 4003 Et
2707 3949 2799 4018 qui
2820 3950 3272 4018 nuncupabantur
3292 3952 3562 4022 principes

1981 4040 2341 4103 sacerdotum,
2372 4054 2515 4115 nunc
2552 4038 2793 4109 episcopi
2837 4039 3225 4094 nominantur:
3260 4042 3560 4112 presbyteri

1978 4142 2163 4187 autem
2205 4131 2631 4201 interpretantur
2669 4132 2942 4196 seniores,
2982 4133 3108 4201 quia
3135 4133 3377 4186 seniores
3402 4144 3560 4188 :etate

1978 4221 2152 4277 (Ἐπ’ωοί
2179 4222 2524 4291 presbyteros
2544 4229 2757 4275 vocant.
2784 4220 2878 4274 His
2901 4220 3069 4285 enim,
3099 4221 3238 4274 sicut
3265 4220 3554 4289 episcopis,

1977 4311 2310 4382 dispensatio
2333 4311 2715 4391 mysteriorum
2743 4310 2838 4365 Dei
2868 4311 3154 4365 commissa
3181 4321 3283 4365 est.
3310 4310 3556 4366 Prmsunt

1980 4405 2124 4458 enim
2151 4402 2405 4457 Ecclesia:
2428 4400 2652 4464 Christi,
2689 4408 2743 4453 et
2770 4400 2823 4453 in
2852 4399 3189 4455 confectione
3232 4400 3400 4454 divini
3429 4416 3553 4455 cor~

1976 4492 2122 4561 poris
2142 4499 2197 4546 et
2214 4490 2487 4560 sanguinis
2506 4497 2782 4544 consortes
2803 4505 2926 4543 eum
2946 4490 3213 4559 episc0pis
3234 4499 3378 4544 sunt.
3398 4491 3557 4545 Sinti.

1973 4586 2098 4639 liter
2127 4592 2182 4639 et
2213 4584 2268 4637 in
2294 4583 2538 4638 doctrina
2565 4583 2885 4653 populorum
2927 4583 3388 4657 [apostolorum],
3418 4595 3472 4639 et
3498 4586 3557 4642 in

1971 4674 2147 4732 cilicio
2171 4673 2521 4745 prmdicandi,
2545 4675 2635 4727 sed
2662 4674 2836 4728 solum
2864 4684 3088 4745 propter
3114 4674 3200 4747 [ac
3224 4675 3392 4730 solum
3417 4692 3554 4746 prae-

1972 4765 2077 4837 ter]
2107 4764 2484 4821 auctoritatem
2521 4764 2716 4817 summi
2762 4763 3078 4827 sacerdotii,
3116 4763 3434 4819 clericorum
3463 4780 3554 4819 or-

1973 4855 2177 4911 dinatio
2202 4861 2257 4909 et
2283 4852 2619 4908 consecratio
2646 4860 2917 4907 reservata
2956 4862 3070 4919 cst,
3101 4869 3167 4908 ne
3204 4869 3233 4908 a
3260 4854 3441 4911 multis
3472 4856 3551 4910 (li-

1976 4944 2201 5014 sciplina
2247 4941 2509 4997 Ecclesiae
2555 4941 2823 4995 vindicata
2877 4944 3220 4998 concordiam
3278 4944 3548 5011 solveret,

1972 5033 2224 5090 scandala
2255 5039 2558 5103 generaret.
2610 5029 2744 5085 Nam
2788 5030 2985 5087 Paulus
3026 5034 3301 5103 apostolus
3326 5035 3547 5089 eosdem

1973 5126 2336 5198 presbyteros,
2364 5133 2425 5178 nt
2449 5138 2574 5179 vere
2601 5124 2932 5189 sacerdotes,
2957 5126 3055 5180 sub
3084 5125 3164 5197 [ut
3193 5134 3400 5181 veteres
3424 5125 3549 5196 sub]

1952 5219 2188 5273 .nomine
2208 5216 2579 5284 episcoporum
2602 5216 2674 5269 ita
2700 5223 2991 5280 asseverat,
3006 5215 3232 5286 loquens
3249 5216 3313 5269 ad
3330 5215 3506 5268 Titum
3529 5232 3542 5268 :

1977 5307 2175 5377 Hujus,
2205 5306 2400 5374 inquit,
2426 5307 2498 5359 rei
2526 5307 2696 5376 gratia
2728 5305 2912 5376 reliqui
2944 5316 2992 5360 te
3018 5307 3216 5370 Creta',
3253 5316 3309 5358 ut
3341 5322 3400 5358 ea
3427 5320 3549 5372 qua:

1972 5398 2157 5451 desunt
2181 5398 2431 5466 corrigas,
2454 5406 2500 5449 et
2527 5398 2813 5451 consti.‘uas
2836 5414 2927 5467 per
2946 5398 3177 5451 civitates
3200 5396 3542 5465 presbyteros,

1970 5488 2402 5559 quemadmodum
2427 5505 2519 5558 ego
2546 5488 2637 5541 tibi
2670 5488 2921 5558 disposui.
2954 5486 3010 5540 Si
3040 5487 3156 5556 quis
3186 5486 3296 5538 sine
3324 5484 3543 5538 crimine

1969 5588 2063 5641 cst,
2096 5579 2245 5632 unius
2275 5578 2452 5631 uxoris
2486 5577 2582 5643 vir,
2613 5576 2751 5645 ﬁlios
2780 5576 2973 5629 habens
3006 5572 3205 5641 ﬁdeles,
3234 5590 3336 5626 non
3369 5571 3425 5625 in
3450 5588 3543 5625 ac-

1968 5670 2233 5723 cusatione
2273 5667 2531 5734 lttxuriw,
2576 5675 2665 5721 aut
2698 5682 2797 5719 non
2836 5662 3089 5718 subditos.
3144 5657 3357 5734 Oportet
3400 5662 3540 5719 enim
