3884 6192
336 266 436 324 3‘11

332 385 627 460 episcopum

332 446 594 539 dstendit,
611 470 773 525 etiam
794 462 1142 534 presbyteros
1169 456 1270 509 sub
1294 453 1667 523 episcoporum
1690 446 1910 503 nomine

335 565 531 626 taxari.
562 562 715 619 Unde
743 566 795 612 et
826 555 893 609 ad
933 550 1276 606 Timotheum
1321 545 1389 600 de
1433 541 1775 598 ordinatione
1799 539 1912 608 epi—

338 658 489 728 scopi
523 662 578 711 et
604 647 818 707 diaconi
847 645 1112 704 scribens,
1138 640 1205 693 de
1230 635 1563 706 presbyteris
1583 631 1804 686 omnino
1830 638 1912 683 ta-

336 718 469 809 cuil,
494 742 619 812 quia
648 751 742 791 eos
775 734 828 787 in
856 733 1233 801 episcoporum
1263 725 1479 780 nomine
1504 718 1914 790 comprehendit

339 838 401 912 (1
438 836 572 891 Tim.
617 829 733 900 ιιι).
784 827 1063 884 Secundus
1093 822 1237 878 enim
1267 820 1443 889 primo
1483 816 1802 885 coniunctus
1831 820 1914 866 est

338 905 557 1002 gradus,
583 925 726 981 sicut
754 929 810 976 ct
838 920 906 974 ad
936 916 1310 984 Philippenses
1347 909 1612 980 episcopis
1648 914 1703 960 et
1731 905 1912 958 diaco-

339 995 499 1078 nibus
529 1016 737 1077 scribit,
779 1027 900 1067 cum
927 1024 1032 1064 una
1068 1006 1260 1062 civitas
1293 1002 1476 1072 plures
1501 999 1781 1068 episcopos
1809 995 1913 1049 ba-

336 1115 465 1169 bere
487 1126 592 1166 non
618 1108 793 1179 possit
821 1102 1076 1174 (Philipp.
1108 1099 1171 1170 ι),
1203 1106 1259 1152 et
1290 1097 1345 1150 in
1381 1094 1609 1149 Actibus
1645 1087 1914 1159 apostolo-

339 1220 459 1259 rum
502 1200 849 1273 presbyteros
896 1192 1180 1255 Ecclesiae,
1228 1188 1402 1243 iturus
1449 1183 1912 1252 Hierosolymam,

337 1290 703 1363 congregavit,
740 1287 937 1356 quibus
968 1284 1109 1336 inter
1134 1288 1329 1335 czetera
1354 1277 1458 1331 ait:
1513 1273 1687 1327 Videte
1710 1286 1913 1340 gregem

338 1382 396 1436 in
422 1360 525 1451 quo
553 1396 639 1435 ros
671 1377 900 1447 Spiritus
938 1380 1149 1427 sanctus
1184 1368 1446 1440 episcopos
1476 1362 1735 1418 ordinavit
1763 1360 1911 1432 (Act.

339 1473 464 1545 xx).
494 1471 649 1528 Unde
676 1470 840 1525 etiam
872 1466 1005 1520 tales
1042 1467 1094 1519 in
1138 1460 1381 1516 Ecclesia
1410 1458 1754 1527 presbyteros
1783 1468 1913 1507 con-

340 1544 641 1622 stituendos
669 1574 808 1622 esse,
841 1558 980 1613 sicut
1008 1556 1318 1626 episcopos,
1348 1557 1403 1603 et
1424 1546 1710 1617 Apostolus
1733 1545 1801 1599 ad
1826 1544 1915 1598 Ti-

344 1668 459 1712 tum
486 1654 745 1725 loquitur,
773 1659 827 1705 et
849 1662 1084 1705 canones
1111 1646 1211 1715 ipsi
1240 1648 1530 1698 testantur.
1564 1638 1915 1708 Presbyteros

1258 288 1265 289 κ
1358 237 1755 299 AMALARIUS
1793 231 2205 291 PRESBYTER
2241 226 2598 284 METENSIS.

663 374 776 432 sine
816 371 1030 427 crimine
1067 382 1177 421 esse
1197 362 1358 437 (Cap.
1390 359 1463 432 ι).
1495 350 1903 425 Quasenteutia
1932 351 1981 411 Α
2008 344 2148 398 ﬁlios
2176 340 2414 410 ejusdem
2441 339 2643 402 Aaron,
2675 351 2768 405 qut
2795 343 2851 390 et
2893 334 2997 405 ipsi
3034 343 3191 390 erant
3233 334 3537 390 sacerdotes
3563 353 3581 390 :

3476 220 3578 278 δῖε

2011 433 2154 505 quod
2179 433 2360 486 Aaron
2390 445 2552 499 super
2583 429 2818 483 tunicam
2849 426 3149 495 accipiebat
3173 424 3452 494 poderem,
3477 436 3585 481 sto-

2002 513 2116 578 lam
2142 530 2404 585 sanctam,
2438 527 2495 574 et
2523 533 2779 574 coronam
2808 532 3048 581 auream,
3075 515 3292 572 mitram
3319 524 3375 570 et
3397 531 3589 570 zonam

2010 629 2251 679 auream,
2278 622 2332 668 et
2359 610 2819 682 superbumcrale,
2852 617 2906 664 et
2928 616 3122 664 caetera
3148 623 3266 677 qua:
3293 624 3459 679 supra
3480 624 3591 663 me-

2010 715 2220 762 morata
2247 713 2389 760 sunt.
2416 703 2538 757 Filii
2570 710 2751 756 autem
2774 702 2976 766 Aaron,
2999 715 3159 770 super
3182 700 3398 754 tunicas
3421 699 3597 753 lineas

2012 798 2173 853 cincti
2209 794 2580 851 tantummodo
2609 803 2663 848 et
2688 792 2868 848 tiarati
2891 792 3142 846 astabant
3171 791 3448 846 sacriﬁcio
3472 792 3591 848 Dei.

2015 890 2121 944 Scd
2150 889 2377 943 forsitan
2407 887 2667 957 quaeritur
2691 893 2747 939 ct
2775 885 2896 948 hoc,
2920 882 3082 951 cujus
3109 882 3333 952 ﬁguram
3362 882 3601 938 faciebat

2013 980 2267 1050 Moyses?
2306 978 2361 1033 Si
2393 978 2537 1033 enim
2563 977 2655 1030 ﬁlii
2688 976 2868 1030 Aaron
2898 977 3329 1045 presbyterorum
3366 974 3598 1045 ﬁguram

2013 1071 2307 1136 faciebant,
2339 1080 2392 1125 et
2428 1070 2608 1125 Aaron
2654 1069 2850 1122 summi
2892 1069 3224 1132 sacerdotis,
3275 1069 3328 1122 id
3373 1076 3458 1123 est
3483 1069 3604 1138 cpi-

2013 1163 2195 1232 scopi,
2247 1161 2454 1231 Moyses
2489 1159 2684 1230 cujus?
2722 1157 3093 1213 lndubitanter
3121 1157 3347 1224 Christi,
3386 1166 3441 1212 et
3469 1174 3599 1214 vere

2015 1270 2112 1325 per
2135 1255 2317 1309 omnia
2356 1252 2595 1307 Christi:
2630 1251 2882 1320 quoniam
2925 1249 3027 1304 fuit
3063 1234 3360 1304 similitudo
3393 1250 3604 1304 media.

2015 1349 2150 1402 toris
2181 1346 2310 1413 Dei,
2352 1345 2444 1413 qui
2482 1352 2565 1399 est
2608 1344 2750 1398 inter
2783 1342 2951 1396 Deum
2993 1349 3047 1395 et
3086 1342 3396 1406 hominem,
3437 1340 3606 1397 Jesus

2016 1438 2284 1503 Christus,
2312 1437 2403 1506 qui
2428 1443 2512 1490 est
2541 1449 2700 1489 verus
2743 1434 2847 1487 dux
2874 1431 3192 1502 populorum
3210 1470 3225 1496 ,
3256 1445 3418 1486 verus
3449 1431 3607 1501 prin-

2016 1545 2143 1598 ceps
2171 1527 2536 1592 sacerdotum,
2567 1535 2621 1579 et
2648 1525 2895 1579 dominus
2924 1522 3262 1593 pontiﬁcum,
3292 1522 3380 1577 cui
3402 1533 3487 1577 est
3508 1524 3608 1577 bo-

2016 1635 2119 1675 nor
2146 1628 2201 1674 et
2227 1617 2395 1689 gloria
2424 1617 2478 1670 in
2506 1614 2699 1670 saecula
2730 1613 3071 1668 saeculorum.
3099 1611 3292 1668 Amen.

857 1702 1294 1809 'sapiemia'dici’
1337 1748 1443 1788 non
1488 1738 1646 1786 amne
1671 1702 1821 1799 (σξη),
1852 1725 1912 1797 ι),
1946 1702 1992 1760 Β
2090 1708 2365 1763 Hactenus
2411 1707 2478 1761 de
2519 1704 2829 1775 primordiis
2859 1703 3283 1758 sacerdotalibus
3321 1704 3373 1757 in
3415 1702 3609 1757 Veteri

698 1806 713 1820 \
1769 1819 1774 1820 ,
1796 1819 1804 1820 κ
1871 1819 1880 1820 ,
2019 1799 2360 1820 11η--ι----..ι-
2382 1816 2392 1820 -
2436 1797 2488 1820 Ξ..
2515 1795 2664 1820 ἉῒΑ-η-ι
2697 1803 2872 1820 -..ιιι-ει
2903 1794 3244 1820 ΨΑηοΑΜΛ-ιιιι
3294 1802 3413 1820 ἎΑΑΙ
3444 1792 3581 1820 Ριιηέ

341 1836 477 1891 Nam
498 1842 552 1889 et
576 1819 740 1904 Moysi
762 1831 1093 1900 prazcipitur,
1109 1836 1169 1882 ut
1189 1826 1352 1896 eligat
1372 1823 1737 1894 presbyteros.
1764 1819 1918 1874 Unde

341 1936 398 1983 et
421 1927 476 1982 in
497 1925 806 1981 Proverbiis
830 1924 1056 1978 dicitur:
1081 1919 1263 1977 Gloria
1289 1933 1469 1972 senum
1493 1915 1707 1968 canities
1734 1911 1914 1980 (Prov.

342 2015 459 2088 xx).
490 2015 619 2083 Quae
644 2022 727 2070 est
752 2015 868 2069 lucc
894 2010 1166 2068 canities?
1203 2007 1361 2062 Haud
1395 2006 1617 2061 dubium
1659 2004 1790 2074 quin
1832 2018 1919 2057 sa-

343 2107 582 2178 pientia,
634 2105 701 2159 de
745 2119 850 2173 qua
884 2102 1145 2171 scriptum
1193 2107 1324 2153 est:
1366 2096 1595 2151 Canities
1650 2096 1919 2149 hominum

344 2196 623 2267 prudentia
664 2204 738 2249 est
778 2192 940 2265 (Sap.
982 2190 1088 2261 ιν).
1130 2188 1372 2258 Cumque
1401 2193 1700 2255 nongentos
1726 2190 1780 2238 et
1810 2198 1921 2237 am-

344 2287 487 2359 plius
513 2302 682 2342 annos
708 2285 776 2341 ab
795 2284 966 2339 Adam
988 2296 1158 2352 usque
1192 2281 1257 2335 ad
1283 2280 1553 2334 Abraham
1589 2277 1793 2333 vixisse
1825 2277 1921 2331 ho-

348 2380 521 2434 mines
546 2377 853 2449 legerimus,
884 2373 1061 2429 nullus
1090 2372 1226 2427 alius
1252 2371 1460 2442 primus
1489 2368 1665 2441 [Deest
1692 2365 1919 2438 primus]

350 2470 651 2542 appellatus
691 2476 775 2525 est
804 2466 1108 2537 presbyter,
1143 2465 1199 2519 id
1240 2470 1325 2519 est
1365 2462 1567 2526 senior,
1605 2460 1705 2515 nisi
1745 2458 1921 2512 Abra-

349 2562 497 2623 ham,
537 2559 630 2629 qui
662 2557 833 2612 multo
853 2555 1195 2626 paucioribus
1233 2552 1388 2609 annis
1411 2551 1613 2606 vixisse
1649 2547 1925 2604 convinci-

348 2661 459 2707 tur.
503 2649 623 2705 Non
660 2664 788 2719 ergo
822 2654 1042 2718 propter
1084 2644 1412 2713 decrepitam
1442 2649 1796 2705 senectutem,
1830 2638 1925 2694 sed

349 2750 572 2814 propter
599 2739 942 2811 sapientiam,
970 2735 1273 2807 presbyteri
1298 2734 1666 2789 nominantur.
1699 2730 1851 2798 Quod
1878 2728 1926 2785 si

350 2832 428 2891 ita
467 2838 579 2895 est,
620 2830 816 2885 mirum
846 2843 944 2884 cur
971 2826 1289 2897 insipientes
1325 2823 1726 2881 constituantur
1766 2820 1927 2894 [con-

354 2919 699 2994 stituuntur.]

960 3010 1187 3068 CAPUT
1218 3010 1311 3064 IX.

430 3106 607 3180 (lsid.,
628 3105 756 3158 ibid.
785 3120 831 3157 c.
857 3100 936 3173 5.)
960 3094 1250 3157 Veniamus
1270 3100 1425 3172 [Item
1444 3098 1637 3154 lsidori
1665 3097 1731 3152 de
1751 3111 1929 3152 sacer-

357 3199 590 3256 dotibus.
621 3192 937 3265 Veniamus]
969 3207 1096 3263 ergo
1125 3206 1272 3267 nunc
1300 3190 1367 3245 ad
1412 3188 1808 3244 sacratissimos
1843 3201 1933 3240 or-

358 3290 533 3355 dines,
563 3295 619 3344 et
643 3286 988 3358 singulariter
1014 3285 1445 3358 demonstremus
1475 3279 1617 3349 quod
1648 3288 1729 3333 est
1754 3292 1934 3333 sacer-

358 3378 491 3433 dotii
515 3348 940 3437 iundamlantum,
965 3372 1050 3427 vel
1075 3387 1182 3442 quo
1207 3348 1429 3425 auctore
1451 3348 1781 3438 pontiﬁcalis
1801 3366 1934 3421 ordo

360 3467 595 3524 adolevit
623 3467 676 3521 in
704 3462 922 3520 saeculo.
949 3461 1164 3517 Initium
1193 3460 1408 3530 quidem
1439 3457 1723 3513 sacerdotii
1754 3454 1935 3511 Aaron

362 3558 483 3623 fuit,
519 3561 826 3627 quanquam
859 3561 913 3609 et
939 3552 1292 3607 Melchisedec
1316 3549 1467 3619 prior
1491 3547 1747 3603 obtulerit
1769 3546 1939 3601 sacri-

363 3648 564 3711 ﬁcium,
597 3654 651 3701 et
676 3652 798 3715 post
826 3644 971 3698 hunc
1004 3642 1277 3697 Abraham
1299 3681 1314 3705 ,
1342 3639 1492 3694 Isaac
1525 3647 1579 3692 et
1614 3637 1799 3692 Jacob.
1833 3636 1938 3691 Sed

363 3738 453 3793 isti
482 3748 777 3806 spontanea
801 3735 1092 3798 voluntate,
1115 3749 1223 3787 non
1253 3730 1573 3786 sacerdotali
1598 3729 1938 3793 auctoritate,

2019 1799 2393 1855 Testamento:
2436 1797 2490 1850 in
2515 1795 2667 1849 Novo
2696 1803 2877 1849 autem
2903 1794 3267 1859 Testamento,
3294 1802 3419 1863 post
3444 1792 3614 1847 Chri-

2020 1898 2186 1954 stum,
2219 1884 2570 1943 sacerdotalis
2609 1883 2744 1938 ordo
2789 1900 2820 1936 a
2863 1883 3023 1938 Petro
3062 1882 3246 1951 coepit.
3296 1882 3403 1950 lpsi
3450 1883 3613 1935 enim

2019 1983 2251 2052 primum
2298 1980 2455 2035 datus
2495 1985 2578 2033 est
2606 1976 2950 2047 pontiﬁcatus
2997 1975 3051 2029 in
3097 1974 3342 2028 Ecclesia
3372 1972 3611 2027 Christi.

2023 2075 2111 2131 Sic
2136 2075 2278 2128 enim
2311 2072 2548 2141 loquitur
2573 2070 2639 2124 ad
2667 2085 2792 2124 eum
2821 2068 3081 2123 Dominus
3106 2085 3120 2122 ;
3161 2066 3239 2119 Tu
3279 2084 3331 2119 es
3351 2107 3367 2129 ,
3401 2066 3610 2134 inquit,

2022 2166 2248 2231 Petrus,
2293 2173 2340 2218 et
2383 2179 2541 2234 super
2580 2163 2717 2215 hanc
2751 2168 2950 2230 petram
2993 2157 3264 2227 mdiﬁcabo
3302 2156 3613 2209 Ecclesium

2022 2274 2214 2323 meam,
2240 2265 2289 2310 et
2310 2264 2475 2326 porta:
2497 2252 2655 2322 inferi
2677 2268 2780 2305 non
2803 2248 3152 2320 prwvalebunt
3174 2246 3426 2300 adversus
3446 2262 3575 2299 eam
3595 2262 3613 2299 :

2021 2360 2068 2405 et
2098 2349 2191 2402 tibi
2232 2348 2366 2401 dabo
2395 2345 2562 2399 claves
2597 2342 2742 2414 regni
2780 2340 3025 2395 ccelorum
3057 2336 3283 2407 (Matth.
3316 2338 3462 2406 xvr).
3508 2335 3616 2389 Hic

2022 2461 2152 2515 ergo
2180 2440 2380 2512 ligandi
2409 2439 2757 2508 solvendique
2783 2444 3109 2507 potestatem
3132 2433 3338 2503 primus
3357 2431 3613 2500 accepit,

2021 2537 2336 2606 primusque
2363 2532 2432 2586 ad
2462 2530 2621 2585 ﬁdem
2648 2527 2903 2598 populum
2940 2526 3139 2580 virtute
3182 2537 3295 2579 suae
3337 2523 3616 2592 praedica-

2025 2628 2187 2683 tionis
2217 2624 2458 2680 adduxit.
2493 2621 2770 2695 Siquidem
2799 2627 2854 2674 et
2879 2618 3063 2674 caeteri
3089 2615 3315 2686 apostoli
3344 2630 3465 2669 cum
3507 2614 3617 2670 Per

2025 2728 2111 2774 tro
2138 2733 2238 2788 par
2265 2715 2599 2771 consortium
2630 2712 2768 2785 [pari
2795 2709 3088 2781 consortio]
3130 2708 3351 2764 honoris
3373 2716 3429 2761 et
3452 2716 3615 2776 pote-

2026 2809 2184 2864 statis
2223 2813 2566 2875 acceperunt.
2599 2803 2701 2869 Qui
2730 2803 2892 2857 etiam
2935 2801 2988 2854 in
3035 2809 3145 2854 toto
3174 2800 3306 2853 orbe
3334 2799 3615 2867 dispersi,

2026 2902 2377 2973 Evangelium
2405 2899 2864 2969 prmdicaverunt;
2894 2896 3196 2966 quibusque
3220 2894 3618 2950 decedentibus

2030 3002 2411 3051 successerunt
2432 2991 2688 3060 episcopi,
2716 2990 2807 3059 qui
2839 2997 2965 3044 sunt
2997 2987 3273 3042 constituti
3305 3001 3402 3056 per
3435 2994 3618 3040 totum

2030 3084 2290 3140 mundum
2338 3082 2394 3136 in
2441 3081 2659 3136 sedibus
2699 3079 3080 3149 apostolorum.
3123 3078 3225 3146 Qui
3268 3094 3374 3133 non
3400 3080 3521 3149 jam
3548 3095 3617 3134 ex

2031 3188 2228 3247 genere
2251 3174 2434 3229 carnis
2457 3179 2514 3228 et
2541 3171 2818 3242 sanguinis
2846 3170 3118 3241 eliguntur
3139 3210 3155 3235 ,
3196 3170 3338 3224 sicut
3370 3169 3615 3237 primum

2033 3267 2327 3323 secundum
2369 3264 2615 3321 ordinem
2646 3262 2856 3326 Aaron,
2906 3261 2999 3316 sed
3044 3276 3142 3331 pro
3185 3259 3619 3330 uniuscujusque

2035 3357 2249 3421 merito,
2275 3355 2418 3424 quod
2447 3355 2504 3408 in
2531 3367 2654 3407 eum
2688 3354 2861 3421 gratia
2892 3352 3068 3406 divina
3108 3350 3417 3405 contulerit.
3457 3351 3618 3404 Sicut

2034 3447 2197 3501 etiam
2232 3446 2298 3499 ad
2324 3444 2440 3498 Heli
2471 3444 2726 3497 Dominus
2762 3441 3168 3512 pramuntiavit,
3212 3442 3436 3495 dicens:
3482 3440 3617 3495 "(ec

2036 3537 2161 3590 dicit
2194 3535 2447 3588 Dominus
2470 3532 2611 3588 Deus
2636 3531 2846 3587 Israel:
2886 3532 3032 3597 Diri,
3069 3532 3254 3586 domus
3294 3543 3387 3585 tua
3432 3542 3477 3585 et
3524 3534 3621 3586 do-

2037 3648 2152 3684 mus
2174 3630 2337 3699 putris
2366 3628 2740 3698 permanebunt
2768 3642 2943 3679 coram
2973 3643 3054 3679 me
3076 3642 3235 3694 usque
3255 3624 3309 3678 in
3336 3636 3618 3683 (sternunt.

2039 3720 2109 3774 Et
2132 3736 2269 3773 nunc
2293 3719 2404 3771 Ita'c
2434 3718 2558 3770 dicit
2592 3716 2847 3770 Dominus
2873 3731 2890 3769 :
2932 3714 3296 3785 Nequaquam,
3336 3715 3427 3768 sed
3454 3714 3622 3783 glori-

366 3828 472 3882 ista
499 3805 763 3880 iecerunt.
802 3822 1069 3878 Caeterum
1092 3823 1270 3876 Aaron
1300 3821 1505 3889 primus
1532 3820 1585 3873 in
1610 3819 1725 3890 lege
1756 3835 1940 3874 saccr-
2039 3810 2253 3879 ﬁcanles
2296 3825 2375 3861 me
2408 3806 2755 3877 gloriﬁcabo:
2797 3805 2900 3891 Qui
2947 3823 3028 3859 me
3071 3807 3299 3876 spernit,
3344 3818 3625 3876 spenmur

368 3913 548 3970 dotale
582 3927 780 3966 nomen
824 3911 1063 3978 accepit,
1100 3911 1413 3979 primusque
1441 3908 1575 3964 stola
1615 3906 1941 3979 [pontiﬁcali
2043 3901 2096 3973 (I
2124 3900 2248 3970 Reg.
2283 3899 2366 3964 ιι).
2395 3897 2638 3964 Quatuor
2668 3898 2813 3951 enim
2853 3904 2981 3951 sunt
3006 3911 3204 3967 genera
3227 3896 3617 3963 apostolorum.

368 4001 544 4075 stola]
575 4003 799 4057 indutus
828 4001 1075 4055 victimas
1124 3999 1336 4065 obtulit,
1365 3998 1588 4066 iubente
1621 3998 1847 4054 Domino
1881 4013 1946 4052 ac
2047 3990 2222 4044 Unum
2252 4005 2279 4042 ³
2309 3988 2419 4043 Deo
2442 3995 2671 4052 tantum,
2696 3997 2757 4043 ut
2781 3986 3007 4057 Moyses.
3047 3986 3289 4041 Alterum
3321 4002 3420 4057 per
3448 3987 3618 4041 bomi~

369 4097 622 4167 loquente
666 4095 735 4150 ad
782 4092 1019 4164 Moysem
1047 4091 1243 4164 (Exod.
1273 4089 1423 4163 χχιχ)
1451 4110 1463 4145 :
1500 4091 1707 4161 Accipe,
1739 4091 1942 4160 inquit,
2046 4097 2168 4136 nem
2199 4088 2252 4135 et
2273 4080 2462 4144 Deum,
2494 4087 2552 4132 ut
2579 4077 2759 4133 Josue.
2793 4077 3030 4132 Tertium
3072 4086 3276 4131 tantum
3306 4092 3407 4146 per
3444 4079 3623 4132 homi-

370 4187 550 4243 Anron
579 4195 627 4241 et
657 4186 795 4256 ﬁlios
819 4184 955 4254 ejus,
983 4194 1031 4237 et
1069 4182 1354 4255 applicabis
1388 4181 1456 4236 ad
1486 4183 1672 4236 ostium
1700 4181 1947 4234 taberna-
2047 4189 2202 4237 nem,
2254 4173 2392 4227 sicut
2438 4172 2522 4226 his
2571 4171 2902 4240 temporibus
2950 4171 3102 4224 multi
3137 4169 3322 4226 favore
3355 4172 3541 4241 populi
3570 4181 3627 4226 et

373 4277 478 4333 culi
504 4275 806 4331 testimonii.
830 4271 1061 4344 Cumque
1082 4272 1268 4326 laveris
1287 4280 1485 4341 patrem
1505 4287 1622 4323 cum
1643 4268 1948 4346 ﬁliisaqua,
2047 4271 2376 4333 potestatum
2424 4263 2478 4316 in
2522 4262 2880 4316 sacerdotium
2924 4261 3305 4332 subrogantur.
3353 4262 3623 4329 Quartum

374 4368 557 4422 iudues
581 4367 757 4420 Aaron
783 4364 1098 4418 uestimentis
1123 4363 1254 4425 suis,
1281 4360 1336 4414 id
1365 4370 1459 4425 est,
1494 4360 1630 4414 linea
1660 4368 1708 4415 et
1734 4359 1911 4412 tunica
1931 4398 1945 4424 ,
1974 4393 2027 4452 Β
2054 4363 2233 4409 autem
2262 4368 2430 4424 genus
2460 4368 2523 4407 ex
2551 4368 2608 4408 se
2637 4361 2740 4418 est,
2770 4352 2909 4406 sicut
2945 4352 3533 4422 pseudoprophetarum
3572 4364 3628 4408 et

375 4467 424 4512 et
447 4454 942 4529 superhumerali,et
967 4452 1386 4523 rationali,quod
1410 4454 1728 4523 constringes
1753 4450 1946 4521 balteo,
1974 4441 2021 4452 ”
2051 4441 2639 4513 pseudoapostolorum.
2670 4441 2807 4508 Quid
2838 4448 2922 4496 est
2950 4450 3131 4496 autem
3176 4457 3371 4497 nomen
3410 4453 3630 4513 aposto—

377 4558 425 4605 et
459 4564 617 4619 pones
640 4547 801 4619 [pone
821 4544 1002 4617 super]
1032 4546 1246 4609 tiaram,
1272 4552 1320 4597 et
1346 4543 1516 4597 oleum
1548 4544 1806 4597 unctionis
1828 4544 1953 4612 fuit.
2050 4532 2268 4589 lorum?
2295 4530 2538 4601 Apostoli
2566 4531 2619 4585 iu
2650 4531 2838 4585 Latina
2868 4531 3048 4602 lingua
3078 4531 3226 4585 missi
3262 4533 3630 4602 interpretan-

379 4638 470 4692 des
496 4653 653 4708 super
677 4644 833 4705 caput
857 4635 1003 4704 ejus,
1052 4644 1207 4703 atque
1250 4632 1347 4685 hoc
1393 4633 1502 4687 ritu
1542 4631 1949 4685 consecrabitur.
2055 4631 2174 4685 tur,
2216 4623 2342 4690 qnia
2390 4621 2533 4690 ipsos
2560 4621 2706 4676 misit
2734 4621 2992 4675 Dominus
3017 4621 3387 4692 evangslizare
3416 4625 3484 4677 ad
3514 4624 3634 4677 illu-

384 4704 772 4798 Filios—quoque
791 4724 931 4780 illius
960 4724 1265 4795 applicabis,
1284 4732 1330 4777 et
1352 4724 1534 4777 indues
1558 4722 1748 4776 tunicis
1777 4721 1949 4787 lineis,
2056 4704 2408 4767 minationem
2446 4712 2686 4769 omnium
2713 4711 3049 4781 populorum.
3099 4712 3395 4782 Episcopus
3423 4723 3635 4779 autem,

386 4820 656 4888 cingesque
684 4816 875 4881 balteo,
903 4817 1078 4870 Aaron
1108 4815 1299 4870 scilicet
1325 4824 1371 4868 et
1401 4814 1590 4867 liberos
1613 4813 1726 4881 ejus
1744 4854 1757 4877 ,
1780 4823 1826 4867 et
1856 4814 1927 4866 im

2059 4810 2118 4855 ut
2143 4801 2359 4871 quidam
2388 4802 2731 4871 prudentium
2758 4802 2855 4867 ait,
2904 4817 3099 4856 nomen
3145 4812 3228 4857 est
3267 4803 3483 4872 operis,
3525 4819 3636 4858 non

389 4922 543 4963 nones
556 4907 631 4961 eis
652 4906 856 4970 mitras,
878 4917 1127 4978 eruntque
1147 4905 1443 4960 sacerdotes
1458 4906 1561 4958 mei
1583 4904 1827 4975 religione
1847 4922 1957 4975 per-

390 5004 562 5057 petua.
586 4993 703 5060 Quo
726 4992 844 5050 loco
862 4995 1213 5064 contemplari
1234 5001 1464 5062 oportet,
1485 4992 1666 5047 Aaron
1690 5009 1959 5049 summum

390 5082 749 5148 sacerdotem,
779 5082 833 5137 id
865 5090 964 5147 est,
995 5083 1306 5153 episcopum
1332 5082 1593 5150 fuisse,et
1619 5081 1790 5156 [nam]
1824 5083 1962 5139 ﬁlios

391 5171 526 5242 ejus,
541 5174 979 5244 presbyterorum
997 5173 1219 5245 ﬁguram
1240 5182 1704 5243 praemonstrasse.
1720 5174 1962 5230 Fuerunt

390 5265 538 5320 enim
581 5263 676 5318 ﬁlii
702 5262 881 5318 Aaron
916 5272 972 5319 et
999 5264 1100 5332 ipsi
1141 5264 1486 5331 sacerdotes,
1528 5265 1723 5335 quibus
1767 5264 1962 5320 merito

395 5365 577 5412 astare
599 5356 909 5413 debuissent
932 5356 1126 5421 levitae,
1149 5358 1289 5413 sicut
1316 5372 1527 5412 summo
1546 5358 1830 5413 sacerdoti.
1856 5356 1965 5411 Sed

397 5446 500 5502 hoc
533 5446 632 5502 fuit
674 5447 816 5503 inter
855 5445 1035 5501 Aaron
1069 5462 1336 5502 summum
1382 5446 1715 5503 sacerdotem
1742 5454 1798 5501 et
1827 5447 1967 5499 inter

2059 4892 2298 4946 honoris.
2325 4892 2571 4945 Graecum
2596 4900 2677 4946 est
2702 4892 2866 4957 enim,
2896 4903 3060 4963 atque
3086 4892 3210 4947 inde
3234 4893 3454 4948 ductum
3478 4909 3645 4949 voca—

2061 4982 2268 5049 bulum,
2306 4984 2450 5053 quod
2470 4983 2558 5038 ille
2591 4985 2682 5053 qui
2710 4984 3002 5054 praeﬁcitur
3026 4983 3522 5057 [supereﬁicitur],
3556 5002 3641 5040 su-

2060 5075 2409 5145 perintendit,
2447 5090 2634 5130 curam
2659 5076 2865 5130 scilicet
2898 5076 3235 5131 subditorum
3273 5091 3472 5146 gerens
3499 5076 3641 5147 (Au-

2063 5175 2198 5235 gust.
2221 5167 2285 5219 de
2310 5165 2421 5221 Civ.
2438 5165 2664 5233 Dei,lib.
2697 5182 2869 5232 xu,c.
2898 5167 3007 5240 19).
3035 5179 3060 5207 α
3088 5167 3201 5223 Ἐπὶ
3221 5167 3443 5236 quippe,
3461 5182 3641 5236 super,

2068 5259 2259 5319 σκοπὸς
2301 5266 2501 5323 autem,
2543 5259 2759 5313 intentio
2797 5267 2917 5314 est:
2959 5274 3088 5330 ergo
3119 5259 3429 5328 episcopum
3450 5258 3644 5313 Latine

2072 5350 2602 5421 superintendeutem
2630 5366 2915 5421 possumus
2938 5352 3144 5405 dicere:
3169 5362 3228 5405 ut
3254 5349 3517 5421 intelligat
3538 5364 3643 5402 non

2074 5458 2132 5498 se
2161 5456 2279 5498 esse
2323 5443 2654 5512 episcopum,
2686 5443 2776 5511 qui
2821 5457 2925 5497 non
2967 5442 3257 5511 prodesse,
3288 5441 3381 5496 sed
3414 5455 3648 5512 prausse

474 5636 499 5665 ι
532 5625 768 5696 Sequens
796 5626 1047 5697 periodus
1092 5630 1199 5679 tota
1247 5621 1392 5678 deest
1433 5638 1599 5692 usque
1643 5620 1707 5675 ad
1755 5622 1973 5677 intentio
2007 5634 2100 5675 cst.
