3884 6192
333 261 440 319 8‘19

902 255 1182 314 RECULA
1219 257 1715 315 CANONICORUM
1755 257 1844 312 AB
1880 259 2242 317 AMALARIO
2280 261 2661 320 CULLECTA.
2701 297 2773 307 -—-
2811 266 2940 323 LIB.
2979 268 3022 323 ι.

3499 277 3605 336 830
3658 262 3661 269 ’

331 371 606 432 dilexerit.
636 367 790 437 Quod
817 384 945 425 vero
962 385 1060 441 per
1085 384 1282 425 manus
1303 369 1703 440 impositionem
1725 384 1756 422 a
1784 383 1921 438 prae-
1947 369 1997 428 A
2022 371 2262 438 prosint.
2313 374 2404 429 sed
2439 389 2574 443 quos
2605 376 2690 431 vel
2733 377 2834 447 ipsi
2865 388 3066 445 amant,
3099 380 3184 436 vel
3219 396 3448 451 quorum
3484 392 3611 438 sum

332 464 644 522 cessoribus
672 462 769 519 Dei
796 462 1167 517 sacerdotibus
1193 461 1430 532 episcopi
1454 461 1794 525 ordinantur,
1819 475 1918 514 an-

332 559 487 628 tiqua
516 564 601 612 est
625 554 910 610 institutio.
956 553 1106 609 Isaac
1145 562 1326 608 autem
1363 552 1674 623 patriarcha
1702 559 1922 606 sanctus

332 662 544 721 ponens
574 661 792 702 manum
821 660 975 703 suam
1017 660 1182 715 super
1209 650 1369 713 caput
1402 641 1600 707 Jacob,
1647 642 1924 698 benedixit

331 744 384 798 ei
413 739 567 812 (Gen.
599 737 793 810 xxvn).
826 735 1088 792 Similiter
1112 744 1167 792 ct
1196 734 1363 790 Iacob
1390 734 1516 790 ﬁliis
1551 734 1663 790 suis
1696 733 1920 789 benedi-

334 834 572 889 ctionem
599 830 750 886 dedit
779 827 970 898 (Num.
1015 827 1207 897 xxvu).
1258 825 1365 882 Sed
1405 835 1459 882 et
1509 825 1720 897 Moyses
1761 840 1924 894 super

333 932 502 994 caput
516 920 679 977 Iosue
699 934 920 974 manum
940 933 1093 973 suam
1117 917 1417 987 imponens,
1435 916 1582 971 dedit
1601 916 1653 971 ei
1673 915 1922 985 spiritum

334 1017 557 1071 virtutis
576 1022 633 1068 et
662 1013 888 1068 ducatus
913 1011 967 1065 in
1000 1009 1197 1080 populo
1224 1009 1409 1064 Israel.
1453 1008 1546 1065 Sic
1574 1018 1630 1063 et
1653 1009 1922 1079 superim-

333 1107 513 1178 pletor
545 1104 680 1176 legis
712 1110 767 1158 et
804 1102 1189 1172 prophetarum
1232 1100 1492 1157 Dominus
1535 1108 1723 1155 noster
1766 1098 1923 1156 Jesus

337 1198 588 1254 Christus
610 1210 710 1266 per
737 1209 931 1249 manus
970 1193 1368 1263 impositionem
1402 1192 1675 1262 apostolos
1700 1190 1924 1247 benedi-

334 1289 439 1354 xit,
470 1287 609 1342 sicut
642 1285 699 1340 in
728 1284 1019 1355 Evangelio
1046 1284 1205 1339 Lucae
1241 1284 1501 1354 scriptum
1545 1292 1668 1338 est:
1706 1283 1775 1338 Et
1805 1300 1923 1354 per-

331 1380 487 1437 duxit
510 1378 631 1435 illos
660 1388 809 1433 trans
832 1377 1187 1433 Βειήαηίαωῖ
1223 1387 1271 1433 et
1284 1371 1522 1433 ’elevavit
1554 1394 1745 1432 manus
1773 1394 1919 1441 suas,

331 1482 383 1529 et
415 1471 675 1528 benedixit
703 1487 810 1525 eos.
841 1468 1167 1540 Factumque
1190 1479 1266 1525 est
1290 1486 1408 1523 cum
1428 1468 1771 1523 benedixisset
1793 1467 1920 1535 illis,

330 1565 572 1619 discessit
602 1564 668 1617 ab
692 1565 802 1618 eis:
833 1573 880 1617 et
907 1563 1008 1635 ipsi
1040 1564 1228 1618 reversi
1255 1572 1374 1617 sunt
1405 1563 1461 1616 in
1484 1561 1781 1617 Jerusalem
1804 1579 1923 1616 cum

326 1655 529 1725 gaudio
552 1672 740 1725 magno
768 1654 932 1727 (Luc.
978 1653 1158 1727 xxxv).
1195 1655 1264 1710 Et
1298 1654 1351 1709 in
1393 1652 1617 1710 Actibus
1652 1654 1923 1722 apostolo-

328 1764 561 1814 rutn,ex
585 1757 854 1817 praecepto
884 1748 1055 1803 sancti
1093 1747 1350 1818 Spiritus,
1381 1747 1549 1802 Paulo
1579 1756 1633 1803 et
1660 1748 1923 1803 Barnaba:

328 1847 405 1901 ab
434 1841 615 1915 [Deest
646 1841 737 1915 ab]
776 1843 1038 1912 apostolis
1080 1857 1271 1896 manus
1303 1843 1557 1911 imposita
1602 1849 1688 1897 est
1724 1842 1778 1895 in
1808 1842 1925 1910 epi-

327 1943 635 2004 scopatum,
668 1942 722 1988 et
748 1934 827 1988 sic
848 1933 999 1988 missi
1029 1941 1157 1987 sunt
1181 1932 1248 1987 a1
1277 1932 1755 2002 evangelizandum
1780 1932 1917 2001 (Act.

329 2026 477 2098 xm).
505 2026 658 2094 Quod
682 2035 862 2080 autem
892 2042 923 2079 a
954 2027 1175 2097 triginta
1207 2026 1365 2081 annis
1390 2027 1644 2081 sacerdos
1670 2024 1918 2089 efﬁcitur,

328 2121 405 2176 ab
436 2128 597 2175 :etate
624 2119 831 2174 scilicet
860 2117 1061 2172 Christi
1099 2127 1373 2188 sumptum
1404 2126 1508 2181 est,
1541 2133 1609 2172 ex
1636 2133 1741 2186 qua
1779 2118 1920 2171 idem

325 2226 492 2266 orsus
535 2218 621 2264 est
663 2209 980 2279 pnndicare.
1020 2207 1146 2262 Haec
1184 2208 1330 2262 enim
1373 2216 1503 2261 aetas
1537 2205 1783 2276 profectu
1806 2204 1920 2273 jam

330 2318 445 2359 non
491 2300 695 2371 indiget
739 2299 1111 2370 parvulorum,
1150 2297 1243 2354 sed
1290 2297 1637 2368 perfectionis
1667 2299 1718 2352 vi
1763 2297 1921 2367 plena

326 2401 438 2459 est,
463 2400 518 2448 et
544 2393 784 2454 robusta,
815 2398 873 2445 et
904 2390 970 2444 ad
1001 2404 1164 2445 omne
1198 2389 1497 2457 disciplina:
1532 2403 1596 2443 ac
1622 2386 1920 2458 magisterii

326 2488 651 2544 exercitium
694 2491 1020 2556 praeparata.
1069 2483 1224 2550 Quod
1270 2497 1399 2537 vero
1443 2481 1601 2536 unius
1643 2479 1922 2551 virginalis

331 2575 665 2634 matrimonii
702 2576 812 2629 sint
836 2574 929 2643 qui
956 2573 1229 2643 eliguntur
1255 2572 1309 2626 in
1334 2571 1522 2626 ordine
1549 2570 1918 2640 pontiﬁcatus,

327 2679 389 2725 et
420 2669 475 2723 in
508 2666 680 2722 veteri
719 2666 836 2736 lege
881 2666 1193 2720 mandatum
1229 2670 1343 2726 est,
1383 2669 1438 2716 et
1479 2660 1690 2732 plenius
1731 2660 1921 2717 scribit

323 2759 620 2830 Apostolus
646 2757 870 2813 dicens:
915 2753 1081 2809 Unius
1115 2754 1294 2809 uxoris
1329 2754 1499 2807 virum
1540 2750 1613 2824 (Ι
1646 2751 1780 2806 Tim.
1812 2768 1914 2818 ut;

327 2851 439 2904 Tit.
466 2849 538 2920 ι).
574 2847 924 2904 Sacerdotem
949 2845 1142 2915 quaerit
1167 2843 1428 2909 Ecclesia,
1447 2851 1542 2898 aut
1569 2844 1636 2899 de
1664 2857 1919 2913 monoga-

325 2941 438 2996 mia
466 2939 799 3004 ordinatum,
839 2946 935 2992 aut
961 2937 1025 2991 dc
1049 2936 1357 3006 virginitate
1394 2943 1661 2991 sanctum.
1699 2946 1725 2974 α
1751 2934 1917 3005 Dign-

324 3050 453 3090 mus
473 3033 618 3088 enim
636 3033 780 3087 haud
806 3031 976 3087 fertur
992 3045 1155 3101 agere
1176 3029 1562 3085 sacerdotium.
1583 3027 1753 3082 Porro
1774 3029 1918 3097 quod

322 3128 617 3198 episcopus
645 3141 754 3182 non
799 3125 866 3179 ab
896 3138 1023 3188 uno,
1060 3122 1153 3177 sed
1174 3137 1226 3193 ~a
1255 3120 1468 3177 cunctis
1495 3118 1916 3191 provincialibus

327 3216 605 3290 episcopis
633 3216 947 3280 ordinatur,
980 3213 1102 3267 idco
1144 3212 1450 3267 institutum
1482 3218 1585 3273 est,
1621 3224 1687 3264 ne
1714 3209 1916 3278 aliquid

323 3320 522 3367 contra
572 3309 729 3370 ﬁdem
777 3307 1034 3363 Ecclesim
1079 3306 1240 3360 unius
1297 3304 1573 3377 tyrannica
1624 3303 1916 3358 auctoritas

325 3401 630 3457 moliretur.
645 3399 936 3469 Propterea
966 3398 1032 3451 ab
1052 3397 1304 3452 omnibus
1325 3394 1769 3450 convenientibus
1793 3409 1918 3447 eon-

322 3492 594 3556 szituitur,
622 3506 688 3546 ac
715 3505 821 3544 non
852 3490 1050 3554 minus,
1078 3503 1242 3558 quam
1273 3503 1303 3541 a
1332 3487 1505 3541 tribus
1532 3485 1915 3555 praesentibus,

322 3582 541 3640 caeteris
567 3589 747 3636 tamen
771 3579 1231 3636 consentientibus
1251 3577 1561 3633 testimonio
1584 3576 1911 3630 litterarum.

323 3677 467 3731 lluic
495 3685 699 3739 autem,
722 3675 847 3730 dum
869 3679 1240 3735 consecratur,
1266 3671 1427 3726 datur
1448 3670 1695 3735 baculus,
1719 3678 1778 3723 ut
1799 3668 1916 3737 ejus

325 3767 530 3821 indicio
557 3765 828 3820 subditam
857 3764 1068 3835 plebem
1098 3763 1181 3816 vel
1216 3769 1388 3833 regat,
1421 3763 1505 3816 vel
1535 3762 1796 3832 corrigat,
1830 3761 1914 3815 vel

322 3855 675 3911 inﬁrmitates
703 3854 1039 3909 inﬁrmorum
1069 3854 1354 3909 sustineat.
1384 3854 1552 3908 Datur
1578 3865 1631 3908 et
1660 3854 1911 3920 annulus,

324 3957 551 4020 propter
578 3948 788 4018 signum
817 3946 1141 4018 pontiﬁCalis
1166 3946 1419 4012 honoris,
1451 3945 1535 4001 vel
1575 3947 1912 4015 signaculum

324 4047 687 4095 secretorum.
718 4037 851 4092 Nam
878 4037 1045 4091 multa
1070 4045 1215 4103 sunt,
1243 4052 1363 4106 qua:
1392 4035 1689 4091 carnalium
1715 4037 1916 4092 minus—

324 4146 435 4200 que
464 4129 876 4200 intelligentium
914 4128 1164 4183 sensibus
1200 4125 1536 4198 [mentibus]
1576 4125 1915 4182 occultantes

327 4219 663 4284 sacerdotes,
686 4218 840 4289 quasi
866 4218 966 4273 sub
995 4216 1273 4287 signaculo
1298 4216 1556 4280 condunt,
1579 4231 1647 4271 ne
1675 4216 1919 4287 indignis

328 4309 634 4379 quibusque
652 4313 991 4363 sacramenta
1014 4305 1109 4360 Dei
1131 4306 1462 4374 aperiantur.
1478 4304 1599 4359 Jam
1618 4321 1749 4360 vero
1769 4307 1912 4375 quod

1950 1718 1997 1776 Β

2024 463 2298 533 obsequiis
2322 466 2554 533 deliniti,
2587 468 2669 521 vel
2697 484 2797 538 pro
2826 471 3023 540 quibus
3046 473 3315 543 majorum
3342 473 3614 544 quispiam

2024 554 2333 623 rogaverit;
2374 561 2429 609 et
2456 564 2514 609 ut
2541 555 2813 612 deteriora
2839 559 3045 624 dicam,
3086 562 3177 631 qui
3211 570 3270 616 ut
3297 563 3616 617 ordinaren-

2026 656 2136 714 tur,
2167 649 2479 705 muneribus
2515 651 2893 721 impetrarunt.
2940 654 3117 712 Taceo
3144 656 3211 710 de
3238 657 3481 726 reliquis.
3506 655 3614 711 Alii

2024 755 2368 796 successores
2408 742 2547 798 ﬁlios
2573 745 2655 799 vel
2683 754 2938 813 parentes
2968 745 3203 813 faciunt,
3247 758 3303 803 et
3347 762 3617 809 conantur

2022 832 2255 900 posteris
2275 834 2597 903 praesulatus
2622 836 2929 905 relinquere
2968 839 3306 909 dignitatem,
3359 858 3480 897 cum
3513 846 3617 900 hoc

2023 938 2124 980 nec
2150 924 2363 995 Moyses
2398 927 2605 982 amicus
2634 928 2728 983 Dei
2768 928 2949 985 facere
2992 930 3200 1001 potuit',
3233 935 3326 988 sed
3356 932 3519 989 Josue
3551 939 3617 993 de

2022 1015 2128 1070 alia
2156 1016 2297 1071 tribu
2328 1016 2511 1087 elegit,
2544 1026 2604 1072 ut
2632 1019 2898 1074 sciremus
2943 1022 3307 1091 principatum
3340 1024 3391 1077 in
3417 1026 3617 1094 populo

2023 1124 2132 1163 non
2167 1108 2430 1177 sanguine
2472 1108 2869 1165 defendendum
2912 1128 3061 1177 esse,
3111 1115 3205 1167 sed
3250 1115 3373 1169 vitae
3407 1117 3616 1172 meritis

2024 1199 2214 1271 (Num.
2243 1199 2438 1270 xxv”).
2465 1200 2742 1255 Interdum
2763 1210 2944 1256 autem
2966 1213 3020 1256 ct
3041 1203 3196 1273 juxta
3227 1205 3477 1260 meritum
3502 1207 3617 1274 ple-

2022 1289 2171 1345 bium
2219 1290 2495 1361 eliguntur
2537 1306 2785 1361 personae
2831 1301 3144 1347 rectorum:
3185 1295 3327 1350 unde
3365 1298 3618 1351 noverint

2022 1381 2204 1451 populi
2230 1381 2312 1435 sui
2341 1379 2506 1436 fuisse
2534 1382 2736 1447 meriti,
2770 1382 3013 1452 regimen
3036 1386 3280 1455 perversi
3312 1387 3617 1455 suscepisse

2021 1472 2311 1541 pontiﬁcis.
2342 1472 2493 1539 Quod
2517 1480 2698 1527 autem
2728 1474 2796 1539 is,
2823 1475 2915 1544 qui
2938 1485 3058 1545 post
3081 1476 3410 1545 baptismum
3436 1477 3616 1546 aliquo

2023 1564 2240 1619 mortali
2270 1572 2499 1633 peccato
2526 1573 2833 1633 corruptus,
2862 1569 2931 1620 ad
2957 1566 3323 1622 sacerdotium
3352 1583 3458 1621 non
3494 1584 3617 1638 pro-

2026 1656 2276 1720 vehatur,
2306 1654 2395 1709 lex
2424 1654 2539 1723 ipsa
2572 1663 2821 1709 testatur.
2851 1655 3061 1726 Moyses
3087 1658 3231 1711 enim
3257 1658 3311 1712 in
3342 1658 3457 1729 lege
3480 1675 3617 1729 prae-

2024 1747 2168 1817 cepit
2199 1747 2602 1813 sacerdotibus,
2647 1763 2716 1802 ne
2755 1748 2973 1818 aliquod
3002 1750 3251 1804 vitiatum
3286 1750 3521 1823 [pecus]
3549 1752 3617 1806 ad

2024 1854 2173 1892 aram
2202 1839 2297 1893 Dei
2322 1837 2550 1893 oﬁ‘erant
2582 1837 2767 1910 (Leuit.
2804 1856 2820 1893 ι
2852 1849 2901 1893 et
2932 1840 2993 1911 ιι)
3016 1858 3029 1906 ;
3056 1840 3198 1910 quod
3226 1841 3401 1910 ipsum
3427 1851 3617 1912 postea

2021 1930 2371 1985 offerentibus
2403 1931 2777 1986 sacerdotibus
2811 1931 2978 1985 Israel
3012 1947 3109 2002 per
3142 1932 3466 1986 Malachiam
3507 1933 3614 1986 im-

2022 2023 2335 2093 properavit
2358 2023 2522 2088 Deus,
2554 2024 2741 2078 dicens
2767 2042 2779 2077 :
2829 2023 2934 2079 Vos
2973 2025 3271 2078 sacerdotes
3299 2025 3388 2094 qui
3412 2024 3611 2093 pollui-

2021 2117 2113 2171 stis
2144 2133 2330 2170 nomen
2360 2131 2549 2180 meum,
2577 2126 2625 2169 et
2655 2116 2898 2169 dixistis:
2928 2114 2995 2169 In
3025 2133 3126 2187 quo
3149 2115 3431 2185 polluimus
3455 2132 3571 2185 eum
3593 2118 3619 2170 ?

1981 2198 1991 2209 ’
2023 2204 2312 2275 Olferentes
2340 2221 2498 2276 super
2525 2204 2696 2259 altare
2720 2222 2891 2259 meum
2922 2223 3107 2275 panem
3138 2204 3416 2275 pollutum,
3458 2214 3505 2258 et
3535 2204 3618 2273 of—

2024 2298 2271 2365 ferebatis
2316 2312 2511 2352 cwcum
2541 2306 2588 2350 et
2619 2295 2931 2366 languidum
2962 2295 3220 2370 (ΜαΙαεΙι.
3266 2294 3326 2366 ι).
3380 2294 3531 2349 Unde
3562 2303 3617 2349 et

2023 2391 2076 2445 in
2107 2388 2361 2443 Numeris
2406 2387 2572 2442 vitula
2602 2387 2753 2453 rufa,
2792 2386 2947 2456 cujus
2975 2387 3114 2442 cinis
3142 2386 3377 2455 expiatiu
3404 2394 3487 2439 est
3512 2400 3613 2454 po-

2020 2480 2157 2550 puli,
2182 2496 2288 2534 non
2316 2479 2476 2536 aliter
2496 2477 2721 2547 jubetur
2746 2478 2931 2533 oﬁ‘erri
2955 2479 3021 2532 ad
3054 2477 3223 2532 altare
3248 2477 3483 2542 Domini,
3510 2475 3612 2529 nisi

2022 2587 2141 2639 qua:
2174 2579 2388 2625 terrena
2420 2584 2584 2640 opera
2607 2585 2713 2623 non
2747 2568 2955 2633 fecerit,
2973 2568 3272 2638 jugumque
3304 2565 3481 2621 delicti
3508 2581 3613 2619 non

2022 2663 2288 2729 traxerit,
2349 2676 2451 2717 nec
2502 2661 2734 2717 vinculis
2784 2668 3129 2728 peccatorum
3184 2657 3351 2711 fuerit
3400 2656 3615 2727 alligata

2022 2755 2212 2828 (Num.
2259 2752 2398 2824 xxx).
2433 2752 2540 2807 Sed
2574 2752 2702 2822 quid
2747 2752 2904 2821 plura
2940 2748 3337 2818 subjiciamus?
3376 2745 3433 2801 Si
3468 2747 3615 2801 enim

2020 2847 2087 2909 is,
2119 2846 2211 2914 qui
2236 2844 2289 2898 in
2310 2844 2627 2915 episcopatu
2656 2842 2742 2898 vel
2769 2840 3113 2911 presbyterio
3134 2838 3360 2909 positus,
3386 2837 3616 2891 mortale

2020 2938 2236 3009 aliquod
2262 2946 2548 3008 peccatum
2577 2935 2882 3001 admiserit,
2912 2932 3240 2988 retrahitur:
3273 2939 3477 3002 quanto
3502 2947 3614 2984 ma-

2020 3036 2102 3107 gis
2133 3043 2258 3089 ante
2302 3033 2699 3088 ordinationem
2738 3028 3012 3100 repudiari
3060 3036 3316 3096 peccator
3364 3026 3613 3080 inventus

2021 3130 2201 3194 debet,
2218 3135 2278 3182 ut
2294 3143 2400 3182 non
2417 3124 2732 3181 ordinetur?
2753 3121 2820 3194 [si
2842 3129 3095 3193 peccator
3111 3120 3366 3174 inventus
3384 3127 3488 3182 est,
3508 3134 3611 3171 non

2018 3218 2343 3292 ordinetur.]
2371 3218 2711 3288 Quapropter
2738 3216 2864 3285 quia
2898 3215 2981 3269 lex
3010 3220 3328 3283 peccatores
3366 3227 3395 3264 a
3424 3225 3610 3265 sacer-

2018 3319 2164 3373 dotio
2193 3324 2455 3382 removet,
2487 3317 2794 3372 consideret
2823 3330 2881 3370 se
2910 3312 3311 3382 unusquisque:
3345 3318 3403 3365 et
3431 3309 3610 3364 sciens

2017 3411 2145 3480 quia
2189 3417 2441 3480 potenter
2480 3408 2751 3480 [potentes
2780 3406 3053 3478 potenter]
3103 3411 3369 3459 tormenta
3400 3402 3611 3471 patien-

2019 3511 2125 3565 tur,
2150 3500 2393 3555 retrahat
2424 3516 2483 3555 se
2510 3500 2579 3554 ab
2608 3500 2709 3554 hoc
2733 3514 2838 3553 non
2870 3506 2977 3550 tam
3002 3497 3207 3550 honore
3235 3509 3400 3563 quam
3419 3508 3607 3557 onere,

2015 3604 2072 3648 et
2096 3593 2325 3647 aliorum
2357 3592 2448 3661 qui
2480 3591 2625 3660 digni
2663 3597 2823 3655 sunt,
2856 3588 3035 3643 locum
3071 3604 3178 3641 non
3215 3586 3421 3640 ambiat
3447 3600 3607 3638 occu-

2016 3700 2168 3754 pare.
2201 3682 2303 3749 Qui
2345 3682 2489 3737 enim
2536 3683 2588 3736 in
2635 3681 2945 3737 erudiendis
2975 3689 3138 3749 atque
3170 3677 3504 3733 instruendis
3541 3676 3608 3729 de

2018 3776 2216 3830 virtute
2241 3774 2452 3843 populis
2482 3774 2719 3843 praeerit,
2754 3786 2977 3828 necesse
3010 3780 3094 3826 est
3126 3778 3185 3824 ut
3213 3770 3267 3823 in
3298 3767 3483 3841 [Deest
3516 3764 3605 3836 in]

2015 3865 2267 3919 omnibus
2290 3872 2510 3918 sanctus
2546 3865 2645 3928 sit,
2677 3872 2734 3918 et
2761 3865 2816 3918 in
2848 3862 2997 3917 nullo
3037 3860 3479 3931 reprehensibilis
3512 3861 3607 3914 ha-

2016 3961 2229 4015 beatur.
2274 3959 2379 4026 Qui
2414 3960 2559 4014 enim
2592 3958 2758 4013 alium
2801 3959 2868 4013 de
2909 3957 3149 4026 peccatis
3189 3955 3385 4025 arguit,
3432 3955 3549 4025 ipse
3575 3971 3605 4007 a

2016 4058 2244 4120 peccato
2269 4050 2426 4105 debet
2454 4063 2573 4104 esse
2603 4049 2830 4105 alienus.
2880 4048 3017 4102 Nam
3061 4063 3166 4116 qua
3209 4046 3387 4101 fronte
3428 4043 3608 4111 subje-

2016 4150 2134 4197 ctos
2178 4156 2408 4211 arguere
2452 4142 2683 4210 poterit,
2728 4156 2851 4196 cum
2892 4139 2966 4193 illi
2998 4139 3180 4193 statim
3224 4137 3394 4205 possit
3422 4149 3608 4190 corrc-

2011 4242 2142 4303 ptus
2170 4234 2459 4303 ingerere?
2495 4233 2635 4286 Ante
2674 4232 2808 4285 doce
2851 4238 2905 4284 te
2948 4244 3067 4298 quae
3112 4236 3257 4281 recta
3299 4234 3459 4289 sunt,
3491 4225 3596 4293 epi-

2016 4340 2197 4396 scope.
2227 4325 2566 4393 Quapropter
2590 4324 2680 4391 qui
2713 4322 2936 4391 negligit
2974 4329 3123 4374 recta
3152 4318 3359 4382 facere,
3391 4317 3602 4371 desinat

331 4399 621 4455 saeculares
644 4398 748 4452 viri
778 4411 1121 4489 nequaquam
1155 4396 1221 4489 ad
1263 4395 1625 4489 ministerium
1655 4396 1911 4452 Ecclesiae
1937 4432 1989 4489 Β
2016 4395 2165 4472 τθείει
2212 4417 2426 4470 docere.
2476 4414 2635 4469 prius
2681 4415 2878 4483 quippe
2927 4412 3280 4483 semetipsum
3328 4410 3603 4480 corrigere

328 4496 711 4553 assumantur,
762 4487 952 4542 eadem
984 4487 1278 4542 auctoritas
1323 4488 1616 4557 apostolica
1647 4488 1808 4543 docet
1855 4496 1912 4542 et

328 4581 498 4638 dicit:
541 4579 734 4633 Manus
760 4578 861 4632 cito
892 4577 1085 4632 nemini
1116 4576 1423 4646 imposueris
1462 4576 1522 4648 (Ι
1553 4576 1689 4631 Tim.
1721 4577 1809 4648 v).
1845 4578 1912 4631 Et

328 4675 531 4729 iterum
554 4688 569 4726 :
614 4669 737 4724 Non
763 4668 1073 4739 neophytum
1101 4666 1265 4739 (Ibid.
1300 4665 1403 4737 ιιι),
1429 4683 1496 4720 ne
1527 4668 1578 4721 in
1603 4669 1910 4737 superbiam

327 4764 543 4829 elatus,
586 4768 738 4829 putet
778 4775 836 4814 se
884 4774 991 4814 non
1038 4766 1148 4813 tam
1194 4757 1552 4813 ministerium
1590 4759 1910 4814 humilitatis

324 4869 491 4925 quam
547 4849 1074 4908 administrationem
1124 4849 1397 4905 saecularis
1452 4849 1738 4919 potestatis
1785 4850 1909 4904 ade-

328 4956 517 5016 ptum;
559 4951 616 4999 et
654 4944 708 4997 in
752 4941 1256 4997 condemnationem
1294 4942 1579 5013 superbiae,
1614 4942 1756 4997 sicut
1789 4942 1906 4996 dia-

329 5037 506 5102 bolus,
535 5051 632 5106 per
657 5033 977 5104 iactantiam
1004 5032 1305 5101 dejiciatur.
1334 5035 1612 5102 Quomodo
1638 5037 1783 5091 enim
1814 5052 1910 5091 va-

327 5126 461 5181 L-bit
502 5125 774 5181 saecularis
809 5124 972 5180 homo
1008 5124 1295 5179 sacerdotii
1330 5126 1698 5196 magisterium
1727 5129 1900 5183 adim-

329 5216 506 5287 plere,
560 5215 714 5284 cujus
755 5230 859 5270 nec
902 5213 1137 5269 olIicium
1178 5216 1388 5280 tenuit,
1426 5232 1525 5271 nec
1567 5219 1904 5288 disciplinam

327 5307 624 5376 cognovit?
662 5315 755 5361 aut
787 5305 917 5375 quid
967 5307 1161 5362 docere
1206 5307 1439 5376 poterit,
1485 5323 1608 5363 cum
1655 5309 1768 5379 ipse
1800 5327 1909 5365 non

328 5398 623 5452 didicerit?
656 5396 810 5452 Nunc
834 5411 965 5451 vero
998 5411 1140 5466 sa‘pe
1176 5396 1449 5451 cernimus
1480 5397 1740 5466 plurimos
1767 5405 1913 5459 ordi—

327 5489 605 5545 nationem
647 5491 842 5546 talibus
871 5488 1088 5546 facere:
1138 5505 1239 5546 nec
1286 5489 1490 5555 eligunt
1518 5494 1610 5562 qui
1658 5495 1912 5555 Ecclesia:

2017 4507 2197 4571 debet,
2225 4505 2316 4573 qui
2342 4503 2479 4559 alios
2499 4503 2566 4558 ad
2588 4503 2728 4558 bene
2749 4501 3035 4557 vivendum
3056 4514 3278 4555 monere
3303 4498 3503 4563 studet,
3526 4497 3602 4551 ita

2018 4607 2077 4653 ut
2107 4599 2161 4652 in
2182 4597 2431 4653 omnibus
2461 4596 2811 4666 semetipsum
2842 4594 3071 4649 formam
3099 4591 3315 4646 vivendi
3342 4591 3594 4662 praebeat,

2017 4698 2348 4758 cunctosque
2377 4689 2444 4742 ad
2472 4690 2674 4744 bonum
2704 4704 2840 4758 opus
2862 4695 2918 4742 et
2944 4684 3190 4741 doctrina
3216 4691 3272 4739 et
3293 4696 3457 4754 opere
3476 4697 3601 4752 pro—

2016 4778 2323 4859 vocet.\Cui
2368 4777 2532 4833 etiam
2577 4777 2802 4832 scicntia
2846 4776 3248 4846 Scripturarum
3292 4771 3599 4828 necessaria

2016 4878 2139 4925 est:
2173 4870 2297 4940 quia
2329 4868 2374 4924 si
2401 4869 2638 4938 episcopi
2673 4876 2880 4922 tantum
2908 4867 2979 4921 sit
3006 4874 3196 4921 sancta
3220 4865 3350 4930 vita,
3377 4864 3479 4919 sibi
3499 4862 3598 4919 soli

2016 4966 2198 5029 potest
2218 4959 2476 5030 prodesse
2510 4959 2590 5014 sic
2616 4958 2823 5012 vivens.
2855 4956 3026 5012 Porro
3056 4956 3103 5012 si
3131 4964 3187 5011 et
3208 4955 3455 5011 doctrina
3485 4953 3599 5009 fue-

2016 5050 2089 5104 rit
2119 5049 2380 5114 eruditus,
2396 5055 2575 5118 potest
2600 5058 2825 5105 caeteros
2844 5066 3087 5121 quosque
3118 5051 3480 5115 instruere,et
3506 5045 3598 5099 do-

2008 5155 2133 5197 cere
2164 5155 2315 5205 suos,
2344 5149 2399 5195 et
2427 5142 2770 5199 adversarios
2797 5154 3159 5214 repercutere.
3190 5146 3291 5214 Qui
3322 5146 3422 5201 nisi
3452 5142 3596 5198 refu-

2018 5231 2114 5284 tati
2147 5228 2349 5284 fuerint
2378 5238 2538 5300 atque
2569 5233 2820 5299 convicti,
2843 5234 2998 5291 facile
3017 5245 3245 5307 possunt
3268 5237 3591 5307 simplicium

2015 5318 2178 5372 corda
2205 5328 2533 5387 pervertere.
2567 5320 2736 5391 Ilujus
2761 5332 2939 5378 autem
2968 5340 3148 5380 sermo
3176 5325 3334 5381 debet
3361 5340 3480 5380 esse
3500 5339 3598 5393 pus

2016 5424 2143 5474 rus,
2190 5410 2417 5480 simplex
2458 5422 2513 5467 et
2540 5423 2781 5483 apertus,
2813 5415 3004 5485 plenus
3046 5415 3309 5486 gravitate
3341 5423 3398 5472 et
3424 5416 3591 5472 hunc-

2019 5511 2180 5568 stale,
2212 5503 2401 5574 plenus
2431 5507 2695 5561 suavitate
2721 5516 2775 5560 et
2804 5506 2999 5577 gratia,
3035 5514 3270 5561 tractans
3294 5507 3363 5562 de
3391 5520 3590 5578 mystc-

401 5614 427 5681 ξ·
460 5600 590 5655 Post
615 5611 877 5664 sanctum,
910 5600 1091 5692 statim
1118 5599 1362 5692 succedit
1389 5615 1544 5679 porro
1579 5605 1717 5692 quod
1734 5646 1746 5669 ,
1778 5608 1914 5674 νιτρώ

2025 5630 2048 5668 :5
2082 5616 2259 5670 verbis
2324 5616 2679 5684 intermediis,
2713 5626 2766 5671 ct
2827 5615 3106 5690 praemisso
3150 5615 3315 5675 titulo
3369 5623 3582 5692 :Qum‘e

326 5672 601 5741 episcopus
630 5689 659 5726 α
691 5670 1205 5742 εοιιιρνοιτὶιισὶαίιὺιιε
1231 5670 1479 5742 episcopis
1506 5670 1791 5734 ordinetur,
