3884 6192
357 213 456 269 831

1368 213 1769 269 AMALARIUS
1806 213 2216 268 PRESBYTER
2256 212 2617 268 METENSIS.

3528 214 3629 271 852

360 333 444 389 rio
476 330 630 402 legis,
659 331 725 386 de
753 330 999 386 doctrina
1026 328 1183 393 fidei,
1226 304 1292 382 de
1325 328 1526 381 virtute
1562 326 1905 381 continentiae
1924 368 1938 391 ,
1969 328 2016 387 Α
2045 326 2377 381 damentum.
2409 327 2565 394 Quod
2594 332 2777 382 autem
2804 327 2902 395 ait,
2930 337 2988 382 ut
3017 346 3079 383 ea
3104 347 3223 402 qua:
3248 332 3437 387 desunt
3468 338 3630 392 coni.

360 423 428 479 de
453 421 737 493 disciplina
762 420 1022 491 justitim:
1056 431 1495 487 unumquemque
1518 418 1728 472 diversa
1764 417 1947 472 admo-

361 529 495 570 nens
517 513 913 575 exhortatione,
933 510 1085 580 juxta
1118 509 1509 580 professionem
1544 507 1941 580 [professionis]

362 618 683 673 morumque
709 601 1054 672 qualitatem:
1089 599 1337 654 videlicet
1358 608 1753 668 utpernoscat,
1790 599 1940 669 quid,

361 695 469 759 cui,
494 692 727 763 quando,
756 691 838 747 vel
868 694 1137 760 quomodo
1169 688 1429 758 proferat.
1455 688 1618 757 Cujus
1647 704 1759 758 pne
1784 697 1944 744 caete-

356 787 433 841 ris
472 784 703 855 speciale
732 782 963 839 ofﬁcium
1005 789 1121 848 est,
1162 781 1472 851 Scripturas
1501 782 1694 851 legere,
1726 796 1942 851 percur-

355 889 481 931 rere
524 887 781 937 canones,
812 872 1058 942 exempla
1102 882 1411 926 sanctorum
1444 871 1665 925 imitari.
1696 872 1938 942 Vigiliis,

352 964 594 1037 jejuniis,
626 965 962 1019 orationibus
993 964 1345 1018 incumbere:
1388 979 1510 1018 cum
1548 963 1808 1018 fratribus
1844 966 1940 1019 ha-

351 1059 482 1113 bere
502 1071 715 1127 pacem,
748 1070 848 1110 nec
878 1068 1203 1125 quemquam
1230 1069 1295 1109 ex
1325 1054 1582 1108 membris
1609 1055 1721 1108 suis
1741 1054 1940 1109 disccr.

350 1162 499 1220 pere.
531 1147 747 1202 Nullum
775 1148 1052 1210 damnare,
1094 1144 1199 1199 nisi
1239 1143 1644 1213 comprobatum
1675 1162 1686 1197 :
1732 1145 1936 1198 nullum

350 1241 840 1302 excommunicare,
872 1238 977 1292 nisi
1006 1237 1328 1292 discussum.
1373 1235 1582 1305 Quique
1612 1236 1684 1290 ita
1718 1236 1937 1291 humili-

351 1340 465 1388 tate
504 1334 712 1401 pariter
745 1336 798 1384 et
828 1328 1154 1384 auctoritate
1179 1328 1481 1398 przcstabit,
1514 1336 1572 1382 ut
1600 1342 1699 1382 nee
1727 1343 1824 1398 per
1854 1328 1936 1382 ni-

350 1424 517 1479 miam
546 1423 907 1479 humilitatem
945 1436 1120 1485 suam,
1158 1419 1496 1474 subditorum
1522 1420 1649 1475 vitia
1686 1421 1935 1476 convale-

350 1528 504 1569 scere
552 1513 745 1579 faciat;
797 1528 896 1567 nec
947 1526 1046 1581 per
1093 1495 1509 1565 immoderatam
1556 1511 1933 1565 auctoritatem

348 1606 654 1662 severitatis
701 1611 1021 1675 potestatem
1064 1611 1353 1656 exerceat:
1390 1602 1484 1657 sed
1534 1611 1685 1657 tanto
1717 1603 1931 1657 cautius

2045 434 2138 490 gas
2170 416 2406 490 [deerant
2433 419 2737 488 corrigeres,
2764 427 2821 473 et
2845 418 2925 474 sic
2944 419 3189 493 ubique],
3222 423 3463 479 ostendit
3493 440 3628 483 nee-

2043 511 2170 565 dunt
2206 525 2300 566 eos
2330 511 2394 566 ad
2426 509 2641 581 plenam
2671 512 2889 567 venisse
2931 513 3215 569 scientiam
3241 517 3491 574 veritatis
3522 538 3535 573 :
3578 529 3633 577 et

2042 602 2169 657 licet
2207 612 2277 658 ab
2310 603 2555 673 apostolo
2591 603 2824 659 correcti
2864 603 3084 671 fuerint,
3121 614 3302 662 tamen
3338 609 3519 666 adhuc
3552 612 3632 668 in-

2042 696 2226 765 digere
2260 704 2619 752 correcttone.
2649 693 2717 749 Et
2743 697 3033 751 constituas
3050 715 3143 767 per
3171 700 3402 755 civitates
3425 704 3632 774 presby-

2040 795 2199 850 teros,
2241 787 2377 840 sicut
2416 796 2465 840 et
2504 802 2597 856 ego
2635 786 2729 841 tibi
2764 787 3017 857 disposui.
3066 788 3362 860 Diligenter
3386 793 3630 863 Apostoli

2040 874 2383 929 at'endamus
2425 874 2615 939 verba,
2658 874 2925 930 dicentis:
2953 873 3021 929 Ut
3061 879 3352 934 constituas
3381 898 3476 951 per
3500 886 3629 939 civi-

2039 973 2172 1018 tates
2193 963 2541 1034 presbyteros,
2568 966 2704 1019 sicut
2732 975 2779 1020 et
2803 982 2896 1037 ego
2926 967 3019 1020 tibi
3043 969 3298 1039 disposui.
3328 972 3433 1039 Qui
3455 975 3629 1045 qualis

2039 1054 2326 1124 presbyter
2369 1055 2561 1110 debeat
2589 1056 2854 1123 ordinari,
2884 1059 2938 1112 in
2970 1066 3430 1131 consequentibus
3460 1070 3626 1125 disse-

2014 1152 2183 1209 ‘rcns,
2224 1144 2328 1200 hoc
2356 1146 2431 1200 ait
2456 1167 2471 1200 :
2496 1146 2555 1201 Si
2588 1149 2704 1218 quis
2736 1150 2851 1203 sine
2882 1152 3107 1207 crimine
3133 1165 3229 1221 est,
3267 1159 3423 1213 unius
3445 1165 3624 1219 uxoris

2036 1235 2136 1301 vir,
2177 1244 2284 1290 etc.
2360 1237 2554 1293 Postea
2599 1240 2781 1295 intulit
2819 1260 2832 1295 :
2877 1241 3089 1313 Oportet
3136 1249 3273 1301 ertim
3329 1253 3623 1325 episcopum

2034 1325 2147 1379 sine
2182 1327 2399 1381 crimine
2431 1345 2561 1388 esse.
2593 1326 2846 1402 tanquam
2876 1330 2974 1386 Dei
3014 1333 3447 1405 dispensatorem.
3479 1342 3624 1399 Idem

2034 1426 2164 1502 ergo
2190 1422 2271 1469 est
2294 1417 2601 1489 presbyter,
2632 1419 2724 1488 qui
2757 1418 2857 1492 [et]
2893 1423 3199 1494 episcopus.
3235 1427 3302 1481 Et
3333 1439 3627 1502 antequam

2034 1499 2238 1556 diaboli
2286 1504 2544 1560 instinctu
2591 1508 2771 1562 studia
2812 1518 2868 1564 et
2911 1511 3205 1569 schismata
3254 1515 3422 1588 [deest
3453 1499 3627 1578 schis-

2038 1595 2209 1667 mata]
2244 1597 2297 1650 in
2333 1599 2594 1668 religione
2634 1602 2849 1669 tierent,
2888 1618 2955 1659 ac
2988 1605 3260 1663 diceretur
3300 1611 3356 1665 in
3388 1615 3623 1684 populis,

349 1712 475 1767 erga
505 1697 606 1751 sibi
637 1692 956 1751 commissos
990 1702 1147 1765 agat,
1192 1703 1396 1764 quanto
1442 1693 1628 1748 durius
1656 1708 1687 1746 a
1714 1692 1931 1747 Christo
1966 1678 2006 1736 Β
2037 1686 2150 1756 Ego
2182 1705 2300 1742 sum
2324 1688 2502 1756 Pauli,
2543 1709 2637 1762 ego
2660 1694 2866 1764 Apollo,
2893 1711 2987 1766 ego
3027 1708 3201 1751 autem
3225 1678 3438 1771 (Iephte,
3460 1678 3626 1761 com;

345 1786 573 1856 iudicari
617 1785 891 1841 formidat.
943 1785 1171 1840 Tenebit
1215 1799 1430 1854 quoque
1458 1783 1605 1837 illam
1632 1783 1929 1852 superemi-

346 1886 563 1933 nentem
595 1878 750 1933 donis
776 1878 1028 1932 omnibus
1065 1876 1385 1931 charitatem
1407 1916 1421 1940 ,
1472 1875 1587 1931 sine
1624 1889 1726 1943 qua
1752 1874 1929 1929 omnis

344 1970 518 2025 virtus
546 1967 679 2024 nihil
726 1973 828 2022 est.
878 1967 1074 2021 Custos
1111 1966 1256 2020 enim
1307 1964 1640 2031 sanctitatis,
1690 1966 1929 2020 Charitas

342 2069 465 2117 est:
505 2061 656 2115 locus
682 2069 863 2113 autem
886 2057 1047 2126 lmjus
1081 2057 1339 2124 custodis,
1378 2056 1655 2112 humilitas
1690 2064 1792 2112 est.
1822 2056 1927 2111 Ha-

343 2150 493 2206 bebit
521 2151 685 2205 etiam
724 2150 864 2203 inter
894 2149 1009 2203 haec
1056 2148 1235 2202 omnia
1274 2142 1340 2201 et
1383 2147 1652 2201 castitatis
1685 2147 1929 2202 eminen-

344 2242 509 2305 tiam,
560 2241 633 2296 ita
682 2249 743 2294 ut
787 2254 941 2294 mens
970 2237 1170 2292 Christi
1218 2253 1415 2307 corpus
1463 2236 1806 2301 confectura,
1857 2240 1926 2293 ab

343 2332 489 2386 omni
518 2332 928 2402 inquinamento
953 2329 1134 2385 carnis
1160 2329 1233 2384 sit
1256 2330 1453 2383 munda
1480 2339 1534 2384 et
1560 2329 1744 2384 libera.
1778 2330 1927 2386 Inter

343 2426 459 2481 haec
493 2432 707 2496 oportet
735 2439 857 2479 eum
887 2423 1114 2478 sollicita
1142 2423 1544 2493 dispensatione
1580 2438 1765 2477 curam
1792 2439 1924 2493 pau-

342 2534 529 2589 perum
555 2533 762 2590 gerere,
789 2518 1093 2574 esurientes
1113 2531 1353 2586 pascere,
1372 2516 1571 2571 vestire
1591 2515 1786 2581 nudos,
1807 2532 1925 2571 sus—

341 2612 551 2681 scipcre
594 2610 939 2683 peregrinos,
994 2610 1238 2679 captivos
1280 2609 1579 2673 redimere,
1627 2608 1816 2663 viduas
1861 2624 1925 2663 ac

343 2700 571 2769 pupillos
600 2700 758 2765 tueri,
788 2700 1102 2771 pervigilem
1127 2701 1182 2755 in
1211 2701 1421 2755 cunctis
1445 2698 1702 2754 exhibere
1733 2715 1921 2754 curam

338 2790 675 2860 providentia
700 2799 756 2845 et
782 2791 1163 2847 distributione
1209 2792 1463 2847 discreta.
1510 2790 1568 2845 In
1611 2807 1718 2861 quo
1757 2791 1920 2845 etiam

337 2890 392 2935 et
422 2881 758 2951 hospitalitas
788 2884 861 2938 ita
892 2883 996 2937 erit
1027 2883 1295 2953 praecipua
1315 2925 1329 2949 ,
1359 2892 1418 2937 ut
1455 2896 1644 2937 omnes
1670 2898 1792 2937 cum
1823 2883 1921 2937 be-

338 2972 603 3042 nignitate
633 2981 690 3028 et
717 2973 979 3028 charitate
1007 2974 1280 3042 suscipiat.
1311 2972 1368 3027 Si
1408 2973 1552 3027 enim
1575 2986 1764 3027 omnes
1791 2969 1922 3027 tide-

2032 1777 2179 1831 muni
2226 1779 2671 1850 presbyterorum
2713 1784 2942 1841 consilio
2965 1785 3220 1844 Eeelesim
3243 1793 3627 1861 gubernaban-

2031 1873 2156 1921 tur.’
2172 1867 2465 1939 Postquam
2491 1887 2621 1927 vero
2653 1875 3029 1957 unusquisque
3063 1892 3161 1934 eos
3200 1895 3337 1950 quos
3379 1883 3626 1954 baptiza-

2027 1968 2196 2022 verat,
2236 1962 2459 2030 putabat
2494 1978 2644 2029 suos,
2694 1980 2804 2021 non
2832 1965 3056 2032 Christi,
3107 1969 3161 2023 in
3207 1978 3322 2025 toto
3365 1975 3503 2029 orbe
3528 1977 3625 2033 do-

2028 2058 2241 2105 cretum
2275 2060 2378 2117 est,
2408 2062 2469 2107 ut
2494 2070 2634 2110 unus
2664 2056 2730 2111 de
2760 2057 3096 2130 presbyteris
3120 2060 3326 2117 electus
3359 2079 3627 2137 superpo-

2027 2150 2248 2197 neretur
2271 2146 2507 2210 caeteris,
2538 2147 2605 2201 ad
2634 2162 2795 2216 quem
2822 2149 3002 2204 omnis
3036 2166 3167 2207 cura
3205 2153 3467 2210 Ecclesiae
3494 2173 3624 2227 pcr-

2028 2233 2244 2299 tineret,
2297 2246 2358 2291 ut
2403 2236 2757 2292 schismatum
2812 2242 3017 2295 semina
3072 2242 3411 2300 tollerentur.
3460 2247 3627 2304 Putat

2026 2324 2241 2394 aliquis,
2290 2340 2396 2380 non
2434 2325 2867 2397 Scripturarum,
2913 2331 3011 2387 sed
3044 2344 3289 2388 nostram
3322 2350 3450 2392 esse
3494 2353 3626 2394 sen-

2027 2415 2273 2480 tentiam,
2312 2417 2624 2487 episcopum
2653 2428 2709 2474 et
2732 2423 3111 2492 presbyterum
3160 2441 3327 2481 unum
3367 2442 3513 2493 esse,
3556 2443 3622 2488 et

2025 2504 2169 2560 aliud
2200 2506 2397 2572 aetatis,
2423 2507 2571 2563 aliud
2598 2525 2720 2565 esse
2744 2526 2942 2567 nomen
2967 2514 3177 2570 cilicii?
3216 2516 3444 2590 Relegat
3474 2521 3627 2592 Apo—

2025 2596 2147 2651 szoli
2171 2598 2237 2652 ad
2255 2597 2627 2670 Philippenses
2654 2604 2834 2669 verba,
2865 2604 3127 2662 dicentis:
3147 2606 3352 2665 Paulus
3372 2624 3421 2667 et
3443 2612 3629 2670 Timo-

2025 2686 2175 2739 theus
2218 2688 2353 2741 servi
2396 2688 2593 2744 Christi
2612 2690 2766 2759 Jesu,
2807 2695 3045 2750 omnibus
3090 2700 3288 2754 sanctis
3324 2702 3381 2756 in
3409 2700 3626 2760 Christo

2023 2777 2176 2843 Jesu,
2202 2779 2292 2849 qui
2311 2790 2431 2835 sunt
2462 2780 2740 2854 Philippis,
2767 2802 2885 2840 cum
2927 2790 3181 2860 episc0pis
3204 2801 3253 2845 et
3279 2793 3622 2860 diaconibus,

2022 2871 2197 2938 gratia
2226 2870 2365 2926 vobis
2396 2882 2445 2926 et
2465 2888 2593 2942 pax,
2622 2884 2680 2931 et
2722 2876 2930 2947 reliqua
2976 2877 3234 2952 (Philipp.
3269 2883 3332 2955 ι).
3379 2884 3624 2957 Philippi

2028 2976 2133 3015 una
2182 2972 2267 3017 est
2309 2964 2441 3019 urbs
2466 2964 2809 3023 Macedoniae.
2851 2969 2920 3025 Et
2959 2980 3109 3027 certe
3153 2973 3209 3028 in
3250 2991 3360 3030 una
3396 2978 3626 3035 civitate

249 3096 264 3111 ι
340 3025 428 3117 te;
446 3063 572 3118 illud
603 3065 970 3137 evangelicum
1001 3025 1189 3119 audire
1217 3064 1544 3129 desiderant,
1576 3062 1778 3135 Hospes
1811 3064 1920 3133 fui,
1950 3025 1994 3087 Ο
2024 3052 2228 3122 Plures,
2264 3063 2325 3110 ut
2353 3071 2499 3112 nunc
2522 3065 2763 3127 putatur,
2793 3061 3034 3132 episcopi
3065 3079 3187 3120 esse
3210 3081 3319 3121 non
3340 3076 3622 3138 poteram.

340 3164 388 3208 ct
422 3155 721 3227 suscepistis
751 3172 832 3211 me
860 3154 1077 3228 (Matth.
1109 3155 1262 3226 xxv),
1292 3163 1494 3226 quanto
1523 3155 1697 3226 magis
1723 3155 1925 3226 episco-

337 3259 460 3314 pus,
504 3244 657 3314 cujus
698 3244 1054 3301 diversorium
1080 3253 1399 3301 cunctorum
1434 3245 1596 3300 debet
1619 3259 1738 3300 esse
1780 3258 1926 3299 rece-

336 3336 657 3407 ptaculum?
691 3336 886 3393 Laicus
908 3338 1051 3392 enim
1095 3352 1261 3392 unutn
1291 3346 1386 3391 aut
1421 3336 1555 3391 duos
1599 3334 1919 3405 suscipiens,

339 3428 581 3499 implebit
611 3430 997 3499 hospitalitatis
1032 3428 1264 3485 ollicium
1291 3447 1304 3480 :
1347 3429 1629 3499 cpisc0pus
1661 3427 1708 3483 si
1734 3442 1926 3482 omnes

335 3536 446 3577 non
474 3523 757 3593 receperit,
785 3523 1111 3578 inhumanus
1136 3531 1239 3578 est.
1270 3522 1328 3576 ln
1360 3522 1591 3591 negotiis
1615 3529 1795 3576 autem
1827 3536 1925 3576 sae-

332 3612 613 3668 cularibus
654 3612 1000 3679 dirimendis,
1048 3620 1262 3683 oportet
1292 3627 1414 3667 eum
1460 3627 1680 3667 causam
1728 3610 1926 3666 merito

341 3702 676 3767 discernere,
705 3718 811 3756 non
835 3697 1025 3771 gratia.
1056 3701 1239 3771 Neque
1268 3703 1412 3755 enim
1437 3702 1515 3756 sic
1542 3702 1701 3756 debet
1724 3702 1927 3770 episeo-

336 3804 442 3861 pus
478 3791 756 3859 suscipere
782 3799 1076 3860 potentem,
1114 3800 1174 3845 ut
1207 3792 1492 3846 contristet
1537 3800 1726 3846 contra
1765 3790 1925 3859 justi-

342 3880 474 3934 tiam
501 3895 792 3950 pauperem
821 3898 833 3932 :
877 3895 1052 3949 neque
1093 3896 1192 3951 pro
1218 3896 1477 3949 paupere,
1510 3880 1723 3936 auferre
1760 3879 1923 3950 justi-

342 3969 474 4023 tiam
503 3984 534 4023 a
564 3977 802 4040 potente.
830 3969 949 4025 Non
977 3969 1229 4025 defendat
1260 3970 1583 4041 improbum,
1615 3986 1716 4027 nec
1736 3979 1923 4027 sancta

342 4061 562 4134 indigno
595 4063 981 4118 committenda
1027 4063 1360 4118 arbitretur:
1401 4077 1577 4132 neque
1613 4073 1802 4133 arguat
1832 4073 1925 4121 aut

337 4155 643 4226 impugnet,
673 4154 825 4225 cujus
854 4154 1060 4210 crimen
1100 4170 1209 4209 non
1240 4154 1604 4224 reprehendit.
1638 4154 1756 4208 Erit
1788 4169 1923 4223 quo-

342 4262 448 4317 que
476 4248 554 4302 illi
579 4247 745 4303 etiam
769 4245 924 4318 juxta
947 4246 1261 4318 Apostolum
1299 4244 1674 4311 mansuetudo,
1715 4245 1924 4313 patien-

2028 3141 2136 3198 Sed
2184 3144 2309 3218 quia
2357 3147 2576 3203 eosdem
2628 3149 2910 3220 episcopos
2958 3152 3051 3207 illo
3099 3154 3154 3207 in
3202 3164 3447 3226 tempore
3485 3173 3626 3229 quos

2026 3236 2371 3305 presbyteros
2412 3238 2775 3309 appellabant,
2821 3252 3109 3312 propterea
3135 3244 3512 3305 indifferenter
3556 3252 3624 3306 de

2027 3327 2501 3399 episcopis,'quasi
2538 3331 2603 3385 de
2637 3333 2969 3405 presbyteris
3010 3344 3095 3391 est
3136 3336 3373 3394 locutus.
3421 3339 3623 3397 Adhuc

2027 3421 2188 3476 alicui
2224 3423 2325 3478 hoc
2351 3423 2599 3479 videatur
2638 3427 2974 3498 ambiguum,
3009 3430 3113 3484 nisi
3156 3431 3329 3487 altero
3373 3435 3623 3491 testimo-

2026 3511 2118 3565 nio
2149 3513 2553 3583 comprobetur.
2591 3515 2651 3570 In
2676 3514 2904 3573 Actibus
2946 3519 3319 3588 apostolorum
3353 3524 3623 3594 scriptum

2025 3611 2128 3668 est,
2170 3604 2315 3672 quod
2361 3620 2485 3658 cum
2523 3606 2762 3662 venisset
2803 3609 3081 3677 apostolus
3123 3610 3322 3666 Paulus
3353 3612 3621 3681 Miletum,

2025 3695 2237 3750 miserit
2263 3695 2558 3765 Ephesum,
2593 3705 2648 3752 et
2679 3701 3062 3756 convocaverit
3096 3703 3446 3774 presbyteros
3478 3706 3629 3774 ejus-

2025 3785 2150 3840 dem
2170 3786 2435 3853 ecclesite,
2461 3789 2660 3857 quibus
2680 3799 2867 3858 postea
2893 3792 3034 3847 inter
3055 3803 3251 3849 caatera
3278 3796 3352 3849 sit
3375 3796 3621 3852 locutus:

2026 3876 2292 3932 Attendite
2333 3879 2476 3932 vobis
2513 3889 2561 3933 et
2593 3882 2835 3936 universo
2876 3888 3043 3954 gregi,
3080 3886 3137 3937 in
3175 3902 3281 3956 quo
3318 3904 3407 3941 ros
3444 3891 3623 3957 posuit

2027 3969 2261 4041 Spiritus
2300 3983 2514 4027 sanctus
2547 3975 2813 4045 episcopos
2837 3992 3051 4046 pascere
3083 3978 3355 4034 ecclesiam
3378 3980 3622 4046 Domini,

2024 4078 2183 4132 quam
2209 4065 2479 4135 acquisivit
2499 4082 2592 4135 per
2624 4067 2933 4136 sanguinem
2967 4084 3121 4123 suum
3144 4067 3284 4140 (Act.
3313 4072 3393 4139 κ).
3435 4071 3505 4125 Et
3534 4074 3627 4128 hic

2026 4151 2336 4220 diligentius
2359 4154 2665 4220 observate,
2681 4157 2951 4225 quomodo
2966 4158 3127 4213 unius
3148 4159 3389 4216 civitatis
3416 4160 3625 4230 Ephesi

2025 4240 2374 4310 presbyteros
2400 4258 2622 4309 vocans,
2648 4253 2835 4314 postea
2869 4246 3089 4301 eosdem
3122 4248 3408 4318 episcopos
3453 4252 3621 4306 dixe-

339 4337 434 4402 tia,
462 4338 749 4403 sobrietas,
777 4338 1097 4401 moderatio,
1124 4336 1472 4400 abstinentia,
1504 4336 1617 4390 sive
1640 4334 1919 4405 pudicitia,
1946 4372 2001 4432 Β
2027 4329 2119 4383 rit.
2149 4330 2441 4387 Videamus
2475 4331 2642 4402 igitur
2678 4333 2856 4402 qualis
2898 4336 3204 4406 presbyter,
3253 4338 3371 4393 sive
3400 4342 3624 4409 episco-

337 4435 401 4481 ut
432 4442 539 4483 non
568 4428 740 4483 solum
780 4427 848 4482 ab
884 4443 1048 4498 opere
1086 4428 1363 4483 immundo
1388 4442 1447 4482 se
1487 4427 1783 4493 abstineat,
1822 4427 1919 4482 sed
1946 4423 1992 4432 ’⁷
2025 4437 2127 4492 pus
2152 4423 2485 4479 ordinandus
2520 4426 2626 4479 sit:
2658 4423 2716 4480 Si
2751 4428 2867 4496 quis
2901 4437 2977 4481 est
3012 4429 3123 4484 sine
3163 4432 3410 4496 crimine,
3457 4437 3627 4491 unius

336 4517 503 4572 etiam
531 4517 599 4571 ab
627 4517 768 4573 oculi
792 4558 806 4582 ,
845 4518 990 4583 oris,
1035 4526 1093 4573 et
1119 4517 1461 4588 cogitationis
1497 4531 1705 4571 errore.
1754 4516 1832 4570 Ita
1860 4526 1921 4571 ut

338 4607 468 4660 dum
495 4606 700 4660 nullum
747 4607 800 4661 in
842 4623 902 4662 se
940 4607 1127 4661 vitium
1160 4622 1387 4677 regnare
1416 4606 1712 4676 permittit,
1746 4606 1917 4674 impe-

341 4706 489 4751 trare
516 4698 653 4768 apud
676 4698 847 4753 Deum
869 4700 1082 4754 veniam
1106 4715 1203 4770 pro
1229 4701 1564 4755 subditorum
1588 4699 1919 4773 facinoribus

340 4787 533 4843 valeat.
553 4789 653 4855 Qui
680 4789 825 4843 enim
850 4790 953 4844 ista
974 4790 1283 4855 sectaverit,
1307 4800 1363 4844 et
1382 4790 1477 4844 Dei
1502 4790 1751 4845 minister
1774 4791 1919 4846 utilis

337 4878 468 4947 erit,
498 4886 554 4936 et
578 4878 877 4950 perfectum
906 4881 1268 4935 sacerdotium
1297 4878 1712 4935 consummabit.

952 4970 1179 5026 CAPUT
1242 4969 1309 5025 Χ.

415 5063 745 5136 (Hieronymi
782 5076 1079 5136 excerptum
1123 5082 1189 5120 ea:
1214 5064 1316 5135 Ep.
1369 5064 1439 5118 ad
1470 5064 1691 5136 Titum.)
1744 5063 1919 5133 Hujus

340 5158 419 5213 rei
462 5155 804 5230 [Excerptum
843 5157 910 5212 Β.
940 5156 1247 5228 Hieronymi
1270 5173 1335 5211 ea:
1359 5154 1601 5226 Epistola
1622 5156 1690 5211 ad
1720 5155 1914 5211 Titum.

342 5251 522 5324 Hujus
538 5253 659 5325 rei,]
698 5255 871 5324 gratia
901 5253 1085 5326 reliqui
1123 5263 1171 5308 te
1192 5251 1384 5318 Crette,
1417 5262 1474 5307 ut
1508 5270 1569 5307 ea
1589 5270 1707 5324 quia
1731 5253 1918 5309 desunt

341 5348 577 5417 corrigas
605 5345 831 5418 (Tit.,t).
869 5346 1108 5414 Reliquit
1153 5345 1334 5399 Titum
1373 5344 1692 5414 discipulum
1723 5343 1917 5410 Cretae,

343 5446 404 5490 ut
434 5418 757 5494 rudimenta
779 5435 1057 5493 nascentis
1086 5434 1341 5490 Ecclesiae
1389 5434 1761 5499 confirmaret,
1791 5444 1847 5488 et
1873 5435 1916 5489 si

339 5529 473 5596 quid
501 5529 783 5584 videbatur
810 5529 1021 5592 deesse,
1069 5526 1368 5597 corrigeret
1398 5544 1409 5579 :
1444 5526 1560 5596 ipse
1588 5540 1815 5595 pergens
1855 5526 1920 5580 ad

349 5618 483 5675 alias
510 5620 770 5687 nationes,
806 5628 863 5675 ut
890 5630 1106 5675 rursum
1134 5616 1189 5672 in
1224 5618 1301 5676 eis
1332 5616 1532 5675 Christi
1567 5616 1772 5689 jaceret
1800 5616 1921 5673 fun-

2026 4514 2207 4567 uxoris
2246 4514 2345 4578 vir,
2387 4515 2527 4583 ﬁlios
2565 4516 2761 4570 habens
2790 4516 2993 4585 ﬁdeles,
3037 4537 3140 4574 non
3179 4522 3234 4574 in
3274 4527 3629 4581 accusatione

2025 4604 2276 4670 luxuriae,
2312 4615 2405 4659 aut
2436 4623 2539 4661 non
2569 4608 2824 4661 subditos.
2882 4607 3097 4679 Oportet
3133 4612 3273 4666 enim
3311 4614 3627 4687 episcopum

2026 4699 2138 4753 sine
2180 4698 2526 4768 crimineesse
2566 4710 2815 4771 tanquam
2860 4700 2954 4755 Dei
2998 4701 3436 4773 dispensatorem.
3492 4708 3629 4763 Non

2025 4802 2354 4863 protervum,
2398 4810 2500 4846 non
2547 4792 2898 4859 iracundum,
2963 4811 3068 4848 non
3108 4796 3469 4864 vinolentum,
3514 4818 3629 4856 non

2019 4900 2397 4953 percussorem,
2421 4901 2522 4939 non
2544 4885 2711 4956 turpis
2733 4885 2866 4939 lucri
2900 4888 3241 4956 appetitorem
3264 4887 3317 4960 (Ι
3337 4889 3480 4946 Tim.
3508 4896 3627 4965 In).

2020 4974 2263 5030 Primum
2314 4976 2497 5046 itaque
2548 4977 2665 5033 sine
2717 4978 2948 5034 crimine
2995 4978 3085 5043 sit,
3134 4981 3281 5048 quod
3330 4990 3467 5052 puto
3506 4985 3629 5040 alio

2019 5068 2186 5124 verbo
2205 5069 2274 5124 ad
2297 5068 2663 5134 Timotheum,
2688 5068 3219 5140 inreprehensibilem
3246 5072 3627 5130 nominatum.

2020 5160 2137 5216 Non
2175 5160 2269 5231 qui
2302 5174 2369 5215 eo
2403 5166 2615 5214 tantum
2653 5166 2930 5231 tempore,
2968 5175 3078 5228 quo
3120 5160 3459 5217 ordinandus
3510 5174 3629 5229 est.

2025 5254 2144 5310 sine
2188 5252 2296 5308 ullo
2340 5253 2412 5308 sit
2453 5252 2705 5317 crimine,
2734 5260 2790 5307 et
2834 5251 3142 5323 praeteritas
3183 5253 3425 5309 maculas
3470 5271 3633 5311 nova

2025 5343 2439 5399 conversatione
2481 5341 2741 5398 deleverit
2786 5357 2799 5393 :
2844 5342 2941 5396 sed
2983 5357 3050 5397 ex
3085 5334 3152 5397 eo
3193 5350 3460 5413 tempore,
3509 5360 3633 5414 quo

2027 5435 2081 5489 in
2122 5434 2339 5489 Christo
2389 5441 2611 5489 renatus
2655 5440 2770 5497 est,
2824 5432 2969 5488 nulla
3021 5433 3230 5503 peccati
3276 5434 3636 5492 conscientia

2027 5525 2355 5580 mordeatur.
2388 5523 2670 5592 Quomodo
2707 5523 2851 5579 enim
2897 5534 3078 5594 potest
3120 5539 3321 5596 praeses
3346 5524 3634 5583 Ecclesiae

2028 5617 2237 5673 auferre
2261 5616 2462 5672 malum
2486 5614 2552 5671 de
2578 5612 2755 5697 medio
2781 5611 2916 5695 ejus,
2943 5615 3036 5687 qui
3066 5615 3121 5671 iu
3146 5614 3403 5671 delictum
3429 5615 3637 5675 simile
