3884 6192
346 354 454 409 833

921 348 1196 404 REGULA
1236 344 1728 402 CANONICORUM
1767 343 1854 397 AB
1892 340 2246 398 AMALARIO
2284 338 2661 396 COLLECTA.
2702 368 2771 379 —
2807 339 2934 393 LIB.
2974 340 3012 394 l.

3505 346 3607 402 87,4

344 464 659 520 corruerit?
693 470 785 516 aut
827 477 932 532 qua
976 463 1225 531 ljbertate
1264 460 1539 528 corripere
1590 465 1925 526 peccantem,
1960 465 2010 525 Α
2036 453 2411 519 Salomonem,
2470 452 2676 505 modica
2733 451 2962 520 accep.‘io
3021 467 3136 503 cum
3175 454 3413 520 Justitia,
3451 472 3606 526 quam

347 570 474 612 cum
507 553 703 608 tacitus
730 552 829 606 sibi
864 553 977 620 ipse
1002 551 1323 619 respondeat
1346 549 1533 603 eadem
1564 562 1622 601 se
1650 546 1933 600 admisisse

346 662 472 717 qua:
512 643 779 712 corripit?
823 642 1062 696 Primum
1113 642 1296 710 itaque
1338 639 1626 694 dicendum
1656 646 1758 699 est,
1791 637 1932 705 quod

347 746 464 792 tam
513 743 758 789 sanctum
782 733 852 787 sit
883 747 1077 786 nomen
1112 730 1427 793 sacerdotii,
1471 737 1531 782 ut
1576 727 1733 781 nobis
1770 728 1931 781 etiam

348 846 417 885 ea
466 843 585 897 qua:
631 834 786 880 extra
832 839 933 879 nos
988 830 1113 878 sunt
1161 822 1357 892 posita,
1417 828 1781 889 repetentur:
1825 834 1931 874 non

346 896 498 990 quod
553 925 774 987 propter
820 914 951 968 vitia
1016 922 1202 968 nostra
1256 911 1492 981 episcopi
1550 926 1657 963 non
1719 910 1929 976 ﬁamus,

314 1007 447 1062 'sed
495 1005 639 1075 quod
692 1010 910 1073 propter
959 1000 1189 1055 filiorum
1245 998 1685 1054 incontinentiam
1737 999 1804 1051 ab
1832 998 1933 1052 hoc

349 1095 526 1167 gradu
570 1091 787 1147 arcendi
846 1090 1035 1145 simus.
1086 1090 1201 1156 Qua
1250 1088 1396 1143 enim
1446 1087 1693 1141 libertate
1742 1101 1933 1155 possu-

349 1199 478 1238 mus
524 1181 729 1237 alienns
771 1179 911 1233 ﬁlios
965 1179 1259 1248 corripere,
1310 1186 1365 1233 et
1407 1177 1599 1231 docere
1630 1190 1749 1244 qure
1784 1184 1931 1231 recta

352 1265 514 1337 sunt,
567 1286 690 1325 cum
750 1269 906 1324 nobis
965 1268 1145 1322 statim
1201 1268 1393 1337 possit,
1446 1266 1535 1336 qui
1596 1265 1758 1320 fuerit
1810 1282 1931 1321 cor-

353 1368 562 1430 reptus,
610 1360 884 1430 ingerere,
925 1357 1065 1411 Ante
1109 1357 1243 1411 doce
1292 1357 1428 1411 ﬁlios
1478 1356 1638 1411 tuos?
1672 1356 1781 1410 Aut
1824 1373 1929 1427 qua

353 1452 534 1506 fronte
583 1459 897 1506 extraneum
942 1448 1177 1517 corripio
1226 1446 1604 1512 fornicantem,
1636 1463 1758 1502 cum
1798 1448 1928 1502 mihi

351 1540 684 1595 conscientia
740 1554 858 1594 mea
901 1539 1018 1608 ipsa
1065 1537 1405 1607 respondeat,
1451 1538 1747 1592 Exhtereda
1800 1553 1929 1607 ergo

352 1634 527 1687 tilium
562 1632 935 1697 fornicantem,
982 1632 1153 1701 abjice
1186 1630 1323 1685 ﬁlios
1359 1640 1480 1687 tuos
1507 1631 1653 1685 vitiis
1688 1630 1929 1685 servien-

354 1725 482 1780 tes?
523 1723 653 1779 Cum
686 1732 865 1779 autem
912 1739 1142 1794 nequam
1187 1722 1363 1794 [Deest
1394 1722 1651 1795 nequam]
1702 1722 1844 1778 ﬁlius
1873 1723 1925 1776 in

2034 544 2200 599 multa
2223 546 2481 615 genimina
2506 561 2621 597 cum
2646 544 2916 614 iniquitate
2938 563 2955 599 :
2978 552 3026 595 et
3056 545 3217 613 magis
3231 544 3521 614 eiigendum
3552 550 3607 603 in

2029 644 2334 706 paupertate
2379 652 2564 689 nomen
2605 634 2818 697 bonum,
2862 650 3019 704 quam
3072 634 3123 687 in
3172 634 3363 689 divitiis
3419 653 3607 693 nomen

2029 727 2311 796 pessimum
2353 724 2538 797 (Prov.
2572 725 2704 794 xvi).
2734 726 3051 795 Episcopus,
3078 725 3167 794 qui
3204 726 3443 781 imitator
3460 728 3606 799 Apo-

1994 821 2155 878 stoli
2205 837 2327 877 esse
2374 821 2544 890 cupit,
2595 821 2801 874 habens
2853 820 3055 873 victum
3106 826 3160 872 et
3200 819 3477 884 vestitum,
3525 823 3610 876 bis

2031 918 2240 964 tantum
2271 909 2434 965 debet
2470 926 2591 963 esse
2622 917 2927 964 contentus.
2981 907 3084 972 Qui
3123 907 3315 962 altario
3355 911 3608 977 serviunt,

2029 1002 2095 1055 de
2126 1000 2319 1055 altario
2351 1001 2522 1054 vivant
2560 1000 2610 1069 (Ι
2638 999 2771 1053 'l'im.
2796 999 2893 1071 γι).
2942 999 3148 1062 l’irant,
3185 1000 3380 1069 inquit,
3415 1009 3469 1054 ct
3500 1018 3607 1056 non

2030 1089 2226 1145 divites
2258 1088 2411 1142 ﬁant.
2442 1089 2594 1145 Unde
2634 1098 2691 1144 et
2726 1105 2802 1143 tes
2840 1091 2994 1144 nobis
3032 1091 3306 1145 excutitur
3342 1092 3409 1146 de
3448 1107 3604 1154 zona,

2029 1188 2085 1234 et
2128 1193 2235 1234 una
2281 1187 2490 1233 tantum
2540 1179 2720 1233 tunica
2770 1180 3079 1243 induimur,
3135 1196 3202 1234 ne
3252 1181 3320 1236 de
3362 1183 3602 1237 crastino

2029 1270 2348 1341 cogitemus.
2374 1270 2581 1339 .Turpis
2625 1285 2838 1340 quoque
2882 1270 3015 1324 lucri
3066 1271 3323 1340 appetitio
3349 1279 3451 1338 est,
3480 1272 3600 1342 plus

2030 1362 2096 1416 de
2153 1362 2512 1431 praesentibus
2563 1377 2726 1430 quam
2782 1361 2849 1414 de
2904 1359 3100 1415 futuris
3149 1362 3406 1428 cogitare.
3482 1362 3600 1418 Huc

2029 1468 2202 1522 usque
2226 1453 2354 1521 quid
2390 1468 2494 1507 non
2525 1452 2717 1506 debeat
2739 1451 2939 1506 habere
2975 1451 3280 1522 episcopus,
3310 1453 3422 1508 sive
3451 1469 3602 1523 presa

2029 1544 2219 1614 byter,
2268 1543 2496 1612 apostoli
2545 1557 2793 1597 sermone
2838 1554 3169 1612 praeceptum
3222 1552 3304 1598 est
3342 1561 3354 1597 :
3391 1560 3535 1599 nunc
3570 1562 3598 1598 e

2029 1632 2324 1697 contrario,
2355 1633 2482 1701 quid
2518 1632 2717 1687 habere
2754 1632 2968 1697 debeat,
3012 1633 3335 1702 explicatur.
3368 1634 3475 1690 Sed
3512 1637 3611 1689 hoe

2028 1722 2288 1792 spitalem,
2331 1725 2586 1777 bonorum
2621 1732 2929 1788 amatorem,
2966 1734 3192 1789 castum,
3226 1727 3455 1794 justum,
3483 1744 3606 1782 san-

352 1832 463 1870 una
503 1825 674 1871 tecum
716 1816 1031 1870 convivatur
1065 1813 1197 1886 [Αι.,
1225 1807 1831 1886 communicat]'domo,
1868 1822 1922 1868 tu
1956 1791 2002 1849 Β
2029 1822 2191 1877 ctum,
2225 1813 2593 1876 continentem,
2625 1811 2988 1874 abstinentem,
3017 1813 3328 1867 obtinentem
3353 1832 3490 1879 eum,
3516 1818 3606 1886 qui

353 1906 526 1960 audes
579 1904 657 1976 [tu
707 1903 884 1977 addis]
936 1905 1004 1960 de
1052 1905 1273 1959 alterius
1316 1904 1473 1959 oculo
1520 1903 1781 1960 festucam
1829 1905 1924 1959 de-
2024 1902 2308 1956 secundum
2335 1902 2627 1956 doctrinam
2658 1911 2755 1966 est,
2788 1902 2995 1971 ﬁdelem
3017 1920 3325 1971 sermonem,
3349 1916 3402 1959 ut
3424 1919 3605 1977 potens

358 1996 597 2059 trahere,
627 1996 679 2049 in
715 2002 805 2049 tuo
832 1996 1039 2050 trabem
1080 2010 1185 2049 non
1213 1996 1436 2050 videns?
1469 1995 1586 2048 Non
1624 1996 1807 2065 itaque
1838 1996 1927 2065 ju-
2025 1995 2092 2048 sit
2122 1992 2386 2048 consolari
2418 1993 2473 2047 in
2511 1992 2752 2047 doctrina
2783 2010 2940 2059 sana,
2967 2004 3012 2048 et
3055 1997 3473 2052 contradicentes
3512 2014 3607 2051 at“

354 2098 475 2143 stus
496 2087 751 2157 polluitur
778 2102 846 2142 ex
870 2087 1015 2142 vitiis
1046 2087 1294 2151 filiorum,
1329 2088 1421 2142 sed
1457 2088 1678 2143 libertas
1706 2088 1775 2143 ab
1800 2104 1928 2158 apo—
2024 2098 2199 2153 gnere.
2228 2078 2369 2137 Ante
2413 2082 2593 2138 omnia
2624 2082 2963 2152 hospitalitas
2996 2082 3177 2138 futuro
3218 2085 3469 2155 episcopo
3509 2087 3605 2141 de-

357 2177 501 2231 stolo
544 2176 785 2232 ecclesia:
821 2176 1051 2246 principi
1088 2185 1416 2241 reservatur,
1450 2185 1510 2231 ut
1542 2176 1665 2231 talis
1694 2176 1808 2243 fiat,
1836 2178 1926 2245 qui
2026 2172 2329 2227 nuntiatur.
2376 2172 2431 2227 Si
2464 2171 2608 2226 enim
2634 2187 2823 2227 omnes
2853 2172 2980 2226 illud
3010 2173 3075 2227 de
3096 2173 3387 2241 Evangelia
3416 2176 3606 2230 audire

354 2281 467 2320 non
513 2266 697 2320 timeat
736 2273 952 2334 propter
996 2265 1126 2319 vitia
1170 2264 1463 2320 liberorum
1514 2274 1802 2321 extraneos
1839 2280 1928 2321 reo
2027 2261 2359 2326 desiderant,
2411 2260 2614 2332 Hospes
2658 2261 2769 2331 fui,
2811 2272 2859 2316 et
2911 2264 3210 2333 suscepistis
3253 2281 3333 2317 me
3384 2265 3600 2336 (Matth.

356 2354 714 2424 prehendere.
749 2352 972 2424 Oportet
1009 2354 1152 2408 enim
1184 2355 1495 2425 episcopum
1542 2355 1660 2409 sine
1700 2355 1931 2411 crimine
2026 2356 2177 2422 xxv),
2203 2361 2405 2423 quanto
2438 2352 2610 2423 magis
2636 2352 2942 2422 cpiscopus,
2970 2353 3123 2421 cujus
3146 2355 3338 2410 domus
3364 2356 3603 2410 ninnium

353 2457 501 2508 esse,
560 2451 810 2514 tanquam
852 2444 947 2498 Dei
988 2445 1434 2513 dispensatorem.
1482 2442 1754 2512 Quaeritur
1803 2459 1931 2516 ergo
2028 2453 2314 2494 commune
2345 2440 2504 2495 debet
2541 2454 2663 2494 esse
2690 2440 3024 2510 hospitium?
3049 2441 3240 2497 Laieus
3273 2442 3417 2497 enim
3442 2459 3609 2497 unum

357 2534 502 2588 inter
548 2532 968 2602 dispensatores,
995 2541 1054 2587 ut
1100 2533 1273 2589 ﬁdelis
1320 2534 1441 2602 quis
1492 2533 1838 2588 inveniatur:
1877 2540 1934 2589 et
2030 2538 2126 2585 aut
2161 2546 2365 2601 paucos
2403 2532 2723 2600 suscipiens,
2779 2532 3020 2601 implevit
3046 2530 3454 2602 hospitalitatis
3489 2533 3609 2590 olli-

356 2639 468 2678 non
521 2625 806 2679 comedens
862 2632 916 2679 et
962 2624 1154 2679 bibens
1202 2639 1323 2678 cum
1375 2624 1623 2689 ebriosis,
1667 2625 1935 2694 percutiat
2036 2622 2174 2676 cium
2204 2640 2215 2675 :
2243 2623 2529 2692 episcopus
2568 2624 2670 2678 nisi
2719 2639 2907 2678 omnes
2945 2627 3233 2694 receperit,
3285 2626 3613 2682 inhumanus

356 2729 549 2770 servos
592 2724 644 2770 et
692 2716 936 2781 ancillas,
974 2716 1069 2772 sed
1117 2717 1383 2772 incertum
1411 2716 1621 2772 Domini
1660 2724 1937 2786 exspectet

357 2807 671 2870 adventum,
721 2814 776 2860 et
817 2807 909 2861 det
967 2807 1242 2862 conservis
1295 2807 1350 2860 in
1403 2793 1641 2877 tempore
1707 2806 1930 2862 cibaria.

356 2899 510 2955 lnter
534 2898 776 2953 villicum
803 2906 983 2953 autem
1017 2907 1072 2953 et
1100 2898 1360 2953 familiam
1397 2899 1509 2953 hac
1542 2898 1655 2953 sola
1678 2898 1935 2953 distantia

357 2996 466 3052 est,
496 2989 636 3057 quod
671 3003 966 3043 conservus
1002 2988 1325 3058 praepositus
1350 2996 1455 3053 est,
1481 2988 1759 3043 conservis
1798 2988 1930 3042 suis.

2031 2718 2135 2765 est.
2171 2710 2449 2778 Quomodo
2480 2712 2661 2781 itaque
2696 2715 3069 2773 mansuetudo,
3100 2715 3376 2784 patientia,
3406 2716 3615 2771 sobrie-

2034 2809 2138 2864 tas,
2180 2801 2503 2864 moderatio,
2545 2802 2871 2857 abstinentia
2922 2803 3080 2868 lucri,
3116 2805 3453 2873 hospitalitas
3484 2821 3619 2875 quo-

2035 2906 2138 2960 que
2168 2900 2223 2946 et
2249 2893 2550 2962 benignitas
2583 2894 2850 2964 prmcipue
2880 2909 2999 2949 esse
3029 2896 3227 2950 debent
3256 2896 3308 2948 in
3340 2896 3616 2966 episcopo,

2035 2991 2090 3037 ct
2123 2983 2263 3038 inter
2298 2992 2519 3038 cunctos
2571 2983 2736 3039 laicos
2788 2986 3080 3040 eminentia
3126 3003 3141 3041 :
3187 2986 3269 3041 sic
3309 2995 3367 3041 et
3399 2989 3619 3043 castitas

360 3078 515 3134 Sciat
548 3079 729 3147 itaque
772 3079 1055 3148 episcopus
1100 3089 1156 3134 et
1192 3080 1497 3150 presbyter,
1548 3079 1651 3135 sibi
1681 3078 1934 3150 populum
1968 3139 2004 3150 Α
2036 3076 2273 3145 proprie,
2315 3082 2390 3140 et,
2436 3084 2497 3131 ut
2543 3077 2616 3131 ita
2655 3075 2909 3143 dixerim,
2942 3077 3200 3146 pudicitia
3235 3078 3615 3134 sacerdotalis:

357 3188 485 3229 esse
519 3187 860 3236 conservum,
890 3188 998 3227 non
1029 3188 1267 3228 servum.
1314 3172 1520 3228 Cmtera
1544 3187 1664 3242 qum
1698 3187 1933 3241 sequun-
1961 3139 2005 3202 C
2037 3173 2097 3218 ut
2122 3181 2227 3220 non
2250 3164 2420 3220 solum
2448 3166 2515 3220 ab
2537 3181 2698 3235 opere
2726 3160 3089 3222 se'immundo
3114 3168 3403 3235 abstineat,
3433 3184 3641 3225 verum.

360 3272 475 3329 tur,
517 3262 573 3316 in
613 3261 772 3317 nobis
813 3262 983 3331 posita
1036 3269 1179 3317 sunt.
1229 3261 1354 3316 Non
1394 3272 1709 3331 protervum,
1752 3261 1805 3315 id
1828 3268 1933 3324 est,
2036 3270 2069 3309 a
2115 3254 2269 3324 jactu
2324 3255 2465 3309 oculi
2508 3264 2562 3311 et
2611 3257 2956 3326 cogitationis
3003 3273 3190 3313 errore
3239 3272 3395 3315 mens
3421 3259 3627 3315 Christi

358 3369 471 3409 non
520 3360 814 3408 tumentem
858 3360 913 3407 et
953 3353 1255 3423 placentem
1304 3353 1406 3407 sibi
1454 3352 1598 3422 quod
1644 3351 1936 3421 episcopus
2036 3361 2233 3415 corpus
2262 3345 2579 3401 confectura
2611 3346 2683 3401 sit
2712 3347 2910 3402 libera.
2934 3347 3121 3403 Justus
3164 3364 3379 3418 quoque
3408 3350 3620 3420 episco-

362 3444 439 3498 sit
467 3457 482 3496 :
507 3441 602 3497 sed
627 3442 782 3513 quasi
811 3443 1013 3498 bonum
1034 3442 1291 3507 villicum,
1325 3442 1379 3497 id
1410 3438 1537 3513 [est]
1573 3440 1936 3509 requirentem
2036 3451 2138 3505 pus
2172 3450 2294 3490 esse
2332 3436 2491 3491 debet
2523 3445 2578 3491 et
2624 3444 2867 3503 sanctus,
2905 3444 2965 3491 ut
3000 3436 3269 3506 justitiam
3315 3439 3369 3493 in
3410 3439 3625 3509 populis

364 3536 509 3607 quod
529 3535 774 3607 pluribus
802 3535 990 3605 prosit.
1016 3534 1141 3588 Non
1167 3533 1498 3587 iracundum.
1515 3531 1809 3597 iracundus
1832 3538 1935 3591 est.

364 3628 460 3696 qui
497 3641 710 3696 semper
739 3625 1014 3691 irascitur,
1048 3633 1103 3680 et
1132 3624 1201 3679 ad
1231 3623 1402 3679 levem
1451 3622 1816 3693 responsionis
1845 3638 1939 3676 au-

348 3730 488 3770 ram
516 3722 677 3784 atque
702 3717 931 3786 peccati,
974 3717 1129 3787 quasi
1181 3732 1212 3771 a
1256 3723 1417 3771 vento
1466 3714 1650 3770 folium
1704 3729 1940 3769 commo-

367 3814 545 3861 vetur.
582 3806 766 3877 Neque
801 3824 931 3864 vero
964 3809 1055 3878 qui
1092 3808 1380 3878 aliquando
1422 3808 1692 3871 irascitur,
1724 3807 1941 3862 iracun-

368 3895 476 3949 dus
501 3903 622 3949 est:
657 3897 749 3951 sed
784 3897 873 3952 ille
904 3898 1102 3953 dicitur
1147 3898 1460 3962 iracundus,
1498 3898 1589 3967 qui
1620 3896 1813 3951 crebro
1840 3897 1943 3950 hac

369 3987 627 4058 passione
686 3998 994 4060 superatur.
1050 3989 1308 4043 Prohibet
1363 4004 1575 4058 quoque
1632 3988 1940 4058 episcopum

370 4092 497 4134 esse
522 4077 873 4146 vinolentum,
911 4095 978 4134 ne
1007 4079 1093 4135 vel
1141 4094 1301 4134 sensu
1349 4087 1610 4150 occupato
1637 4077 1839 4133 exaltet
1872 4077 1945 4131 ri-

374 4184 497 4223 sum
531 4178 719 4224 contra
753 4171 1037 4240 gravitatis
1085 4169 1373 4242 [veritatis]
1400 4171 1669 4234 decorem,
1702 4176 1756 4222 et
1790 4167 1946 4222 labiis

375 4260 655 4316 dissolutis
695 4261 982 4316 cachinnet
1007 4278 1018 4312 :
1047 4261 1129 4316 vel
1167 4261 1212 4314 si
1250 4260 1522 4330 paululum
1564 4259 1734 4313 tristis
1764 4257 1945 4325 cujus-

378 4350 503 4405 dam
531 4352 609 4406 rei
646 4350 806 4405 fuerit
842 4351 1156 4406 recordatus
1194 4350 1334 4404 inter
1356 4349 1567 4418 pocula,
1601 4348 1653 4402 in
1681 4347 1947 4419 singultus

2038 3526 2235 3597 quibus
2282 3534 2480 3596 praeest
2525 3536 2800 3593 exerceat,
2855 3529 3089 3585 reddens
3138 3529 3428 3599 unicuique
3477 3534 3623 3599 quod

2042 3624 2304 3685 meretur,
2353 3633 2456 3673 nec
2498 3618 2730 3687 accipiat
2772 3631 3058 3688 personam
3104 3618 3159 3673 in
3198 3616 3425 3686 judicio.
3478 3620 3627 3675 inter

2043 3707 2166 3763 laici
2207 3716 2389 3762 autem
2418 3717 2473 3763 et
2501 3708 2740 3778 episcopi
2771 3707 3042 3779 justitiam
3074 3709 3177 3764 hoc
3205 3709 3453 3776 interest,
3482 3712 3632 3781 quod

2042 3800 2214 3856 laicus
2246 3808 2424 3871 potest
2458 3814 2722 3870 apparere
2761 3797 2944 3868 justus
2985 3799 3039 3853 in
3082 3799 3268 3868 paucis
3293 3815 3309 3854 :
3334 3800 3625 3871 episcopus

2043 3906 2171 3946 vero
2223 3892 2278 3946 in
2328 3899 2405 3946 tot
2461 3904 2714 3947 exercere
2752 3889 3054 3961 justitiam,
3099 3899 3231 3962 quot
3275 3898 3334 3948 et
3379 3893 3623 3949 subditos

2048 3981 2229 4036 habet.
3406 3988 3411 4001 λ

2671 4072 2897 4128 CAPUT
2936 4073 3028 4128 Xl.

2119 4163 2226 4235 (Ea:
2245 4163 2445 4230 eodem,
2470 4180 2551 4232 ep.
2579 4164 2648 4216 ad
2672 4162 2983 4235 Oceanum.)
3045 4162 3105 4218 Si
3130 4151 3247 4233 quis
3271 4166 3625 4235 episcopatum

2049 4252 2391 4325 [Excerptum
2432 4269 2498 4307 ea:
2531 4252 2750 4322 epistola
2780 4252 3088 4323 Hieronymi
3127 4256 3195 4307 ad
3233 4252 3520 4310 Oceanum.
3566 4257 3629 4312 Si

2048 4345 2169 4413 quis
2191 4343 2595 4415 Episcopatum]
2629 4343 2914 4408 desiderat,
2954 4343 3145 4397 bonum
3181 4360 3309 4415 opus
3341 4346 3629 4401 desiderat.

376 4450 694 4511 prorumpat
722 4448 776 4495 et
799 4440 1083 4511 lacrymas.
1111 4438 1353 4508 Longum
1379 4446 1463 4493 est
1488 4438 1565 4491 ire
1590 4452 1686 4507 per
1715 4436 1944 4506 singula,
1972 4476 2025 4534 Β
2049 4434 2213 4502 Opus,
2246 4448 2353 4488 non
2380 4432 2695 4534 dignitatem
2722 4449 2735 4487 :
2761 4431 3023 4498 laborem,
3049 4449 3156 4488 non
3201 4435 3441 4490 delicias.
3477 4435 3647 4505 0plt8‘

379 4538 440 4584 et
483 4529 751 4596 insanias,
830 4545 965 4600 quas
1033 4528 1267 4583 ebrietas
1325 4528 1599 4598 suggerit,
1652 4526 1945 4597 explicare.

379 4618 512 4674 Post
540 4619 889 4676 vinolentiam
924 4618 1086 4673 etiam
1118 4618 1220 4671 hoc
1255 4617 1532 4687 przecepit,
1567 4632 1634 4670 ne
1666 4630 1953 4686 percussor
1993 4646 1996 4649 λ

380 4711 476 4767 sit.
515 4710 669 4778 Quod
706 4712 944 4780 quidem,
988 4717 1043 4765 et
1086 4708 1402 4778 simpliciter
1435 4707 1782 4772 intellectum,
1827 4707 1956 4762 mdi-

382 4801 512 4856 ﬁcat
550 4802 873 4865 audientem,
920 4815 987 4855 ne
1025 4798 1182 4854 facile
1221 4813 1439 4852 manum
1476 4797 1717 4868 porrigat
1759 4797 1825 4851 ad
1854 4812 1957 4851 cte-

382 4891 641 4955 dendum,
686 4906 756 4945 ne
802 4890 856 4943 in
896 4904 956 4943 os
1033 4888 1256 4943 alterius
1297 4886 1687 4942 verberandum
1732 4886 1953 4941 insanus

383 4986 653 5048 erumpat.
703 4977 891 5033 Melius
935 4986 1019 5032 est
1062 4984 1263 5043 autem,
1306 4984 1368 5031 ut
1419 4991 1527 5031 non
1580 4990 1951 5046 percussorem

386 5073 538 5129 illum
566 5087 686 5129 esse
715 5073 977 5137 dicamus,
1014 5071 1107 5141 qui
1139 5078 1449 5125 mansuetus
1476 5077 1531 5126 et
1558 5071 1791 5140 patiens,
1820 5070 1957 5124 sciat

386 5164 517 5235 quid
567 5163 622 5218 in
663 5171 903 5232 tempore
954 5161 1278 5230 loquendum
1331 5160 1423 5225 sit,
1480 5160 1608 5230 quid
1644 5160 1950 5225 tacendum,

387 5268 457 5309 ne
489 5269 737 5309 sermone
781 5252 954 5307 inutili
996 5251 1381 5307 conscientiam
1418 5251 1687 5321 percutiat
1716 5250 1956 5306 inﬁrmo-

389 5363 530 5401 rum.
570 5346 764 5416 Turpis
788 5360 1000 5416 quoque
1038 5345 1170 5399 lucri
1202 5344 1495 5413 appetitus,
1527 5342 1594 5397 ab
1630 5357 1696 5397 eo
1723 5343 1813 5412 qui
1842 5343 1957 5412 epi-

392 5450 586 5505 scopus
618 5434 831 5491 futurus
864 5444 969 5499 est,
1010 5449 1129 5488 esse
1164 5434 1321 5488 debet
1355 5432 1601 5486 alienus:
1638 5439 1764 5485 sunt
1811 5431 1957 5485 enim

394 5526 570 5591 multi,
614 5527 869 5580 docentes
900 5522 1188 5598 [dicentes]
1225 5537 1345 5593 quas
1385 5537 1493 5577 non
1529 5529 1739 5590 oportet
1785 5521 1959 5603 turpis

394 5613 528 5670 lucri
568 5616 881 5687 gratia,‘qui
910 5623 1050 5669 totas
1078 5614 1268 5668 domos
1298 5611 1637 5677 subvertant,
1681 5619 1735 5665 et
1765 5618 1959 5679 putant

395 5716 658 5776 quaestum
694 5720 831 5783 (esse
880 5706 1150 5775 pietatem.
1211 5701 1400 5756 Melior
1444 5709 1518 5754 est
1568 5710 1765 5767 autem,
1799 5700 1956 5771 juxta

2049 4537 2156 4593 quo
2185 4537 2281 4590 per
2308 4521 2666 4576 humilitatem
2696 4522 2993 4585 decrescat,
3027 4538 3132 4577 non
3182 4524 3508 4579 intumescat
3545 4525 3627 4578 fa-

2049 4616 2227 4686 stigio.
2263 4614 2473 4685 Oportet
2510 4630 2631 4683 ergo
2658 4615 2955 4685 episcopum
2995 4616 3495 4683 irrepreltensibilem
3517 4635 3629 4673 esse

2052 4705 2102 4776 (I
2130 4705 2263 4760 Tim.
2292 4703 2397 4777 Ill).
2439 4705 2498 4760 ld
2535 4706 2710 4775 ipsum
2744 4720 2960 4774 quoque
2988 4706 3053 4759 ad
3079 4705 3257 4760 Titum
3283 4723 3299 4759 :
3325 4706 3383 4761 Si
3414 4709 3531 4779 quis
3552 4719 3630 4763 est

2050 4798 2162 4853 sine
2185 4797 2400 4852 crimine
2459 4796 2585 4866 (Tit.
2617 4796 2677 4869 ι).
2740 4798 2941 4855 Omnes
2985 4801 3213 4856 virtutes
3260 4803 3316 4857 in
3361 4818 3469 4859 uno
3513 4820 3629 4859 ser-

2057 4902 2216 4944 mone
2262 4888 2694 4958 comprehendit,
2730 4900 2784 4945 et
2814 4906 2952 4961 pene
2986 4907 3099 4947 rem
3147 4901 3334 4948 contra
3378 4902 3631 4950 naturam

2059 4979 2246 5049 exigit.
2296 4977 2354 5034 Si
2400 4979 2543 5035 enim
2590 4996 2754 5036 omne
2802 4991 3107 5052 peccatum,
3155 4986 3319 5040 etiam
3362 4986 3418 5040 in
3454 4986 3629 5041 otioso

2058 5069 2248 5135 verbo,
2277 5071 2698 5140 reprehensnone
2724 5073 2943 5143 dignum
2969 5084 3070 5138 est,
3097 5076 3221 5145 quis
3249 5076 3356 5141 ille,
3388 5076 3479 5144 qui
3506 5075 3630 5131 abs-

2059 5175 2164 5228 que
2188 5168 2426 5229 peccato,
2460 5161 2515 5216 id
2541 5170 2647 5227 est,
2680 5164 2796 5219 sine
2832 5165 3264 5234 reprehensione,
3297 5172 3540 5220 versetur
3573 5164 3628 5218 in

2060 5248 2300 5303 mundo?
2336 5249 2443 5304 Sed
2472 5248 2684 5307 futurus
2717 5262 2902 5322 pastor
2930 5255 3186 5310 Ecclesiae
3225 5255 3345 5309 talis
3389 5254 3626 5324 eligitur,

2064 5337 2128 5392 ad
2163 5338 2315 5407 cujus
2358 5343 2817 5409 comparationem
2867 5351 3014 5398 recte
3060 5360 3191 5413 grex
3225 5341 3407 5397 cazteri
3451 5343 3628 5397 nomi-

2064 5435 2280 5483 nentur.
2312 5429 2585 5485 Deﬁniunt
2615 5433 2861 5488 rhetores
2894 5441 3162 5487 oratorem
3194 5431 3285 5500 qui
3324 5431 3393 5483 sit
3417 5430 3501 5483 vir
3529 5430 3630 5486 bo~

2064 5536 2182 5583 nus,
2210 5522 2416 5576 dicendi
2444 5523 2669 5591 peritus.
2697 5523 2836 5578 Ante
2860 5524 2967 5577 vita
2999 5536 3159 5589 quam
3189 5520 3366 5589 lingua
3398 5518 3499 5591 [sic
3523 5520 3630 5574 lin-

2064 5608 2189 5681 gua]
2250 5611 2739 5679 irreprehensibilis
2780 5609 3059 5681 qumritur,
3100 5616 3159 5661 ut
3200 5609 3391 5664 doctus
3438 5609 3632 5664 merito

2066 5701 2406 5771 suscipiatur.
2437 5700 2622 5756 Perdit
2648 5692 2792 5755 enim
2819 5697 3197 5756 auctoritatem
3221 5698 3455 5768 dicendi,
3479 5698 3633 5773 cujus
