3884 6192
216 440 237 453 κ
296 373 400 428 835

1288 357 1689 415 AMALARIUS
1726 352 2137 413 PRESBYTER
2175 350 2539 412 METENSIS.

3448 346 3549 401 835

296 502 478 545 sermo
514 499 674 555 Opt‘t‘c
705 481 1016 537 destruilur.
1054 476 1220 529 huius
1260 475 1441 529 uxoris
1473 474 1664 527 virum.
1707 470 1869 527 Certe
1896 470 1945 529 Α
1974 469 2212 532 veniant,
2238 476 2294 522 et
2320 464 2659 536 superﬁciem
2689 465 2932 519 carnium
2963 476 3067 518 non
3095 460 3397 555 dissolvant
3423 461 3553 516 artic

298 580 364 634 de
390 576 677 647 baptizatis
722 570 946 640 apostoli
974 584 1152 623 sermo
1183 575 1280 629 est,
1323 581 1482 620 nemo
1507 565 1734 619 dubitet.
1769 562 1871 617 So—

299 670 491 732 brium,
534 666 858 737 prudentem,
906 671 1169 720 ornatum,
1216 656 1543 727 hospitalem,
1584 656 1870 720 doctorem,

296 761 566 825 pudicum,
590 765 691 810 etc.
727 750 1046 825 Sacerdotes
1076 752 1167 817 qui
1218 750 1526 803 ministrant
1573 747 1625 800 in
1672 746 1873 814 templo

298 854 410 911 Ilei.
442 824 794 920 prohibentu‘r
828 846 1011 897 vinum
1044 849 1098 894 et
1135 841 1366 893 siceram
1403 839 1609 901 bibere,
1649 852 1717 891 ne
1750 852 1872 891 cra-

298 938 419 1009 pula
463 943 517 990 ct
565 935 827 989 ebrietate
868 938 1230 999 aggraventur
1264 928 1424 982 corda
1462 941 1647 981 eorum
1686 925 1872 996 (Leuit.

298 1028 354 1097 x)
382 1046 394 1080 :
420 1034 476 1079 et
509 1031 568 1077 ut
603 1037 792 1077 sensus
820 1019 1051 1075 oIIicium
1087 1018 1348 1072 exhibens
1374 1018 1503 1081 Deo,
1533 1017 1709 1085 vigeat
1736 1030 1877 1068 sem-

298 1133 394 1187 per
441 1124 494 1170 et
544 1114 721 1169 tenuis
751 1114 840 1167 sit.
893 1111 1045 1178 Quod
1094 1120 1273 1163 autem
1326 1108 1508 1172 infert,
1549 1107 1871 1176 prudentem,

297 1209 535 1263 excludit
566 1223 661 1261 eos
699 1207 791 1276 qui
826 1206 926 1259 sub
955 1205 1171 1258 nomine
1212 1202 1572 1272 simplicitatis
1612 1208 1878 1255 excusant

296 1297 579 1352 stultitiam
607 1296 963 1349 sacerdotum.
1012 1294 1123 1347 Nisi
1169 1293 1311 1346 enim
1352 1293 1633 1346 cerebrum
1685 1307 1875 1345 sanum

299 1387 482 1451 fuerit,
516 1386 697 1440 omnia
726 1386 966 1438 membra
1007 1385 1060 1437 in
1092 1384 1223 1437 vitio
1256 1392 1433 1437 erunt.
1466 1381 1747 1435 Ornatum.
1776 1381 1877 1447 Qui

296 1479 427 1531 vitia
464 1493 569 1530 non
624 1475 806 1538 habet,
859 1474 1352 1542 irreprcheusibilis
1404 1472 1727 1541 appellatur,
1784 1471 1877 1539 qui

299 1567 586 1624 virtutibus
623 1564 807 1634 pollet,
866 1573 1088 1617 ornatus
1128 1573 1240 1627 cst;
1300 1550 1586 1632 possumus
1639 1572 1693 1617 et
1734 1562 1879 1616 aliud

301 1658 601 1726 intelligere
640 1672 705 1709 ex
748 1656 851 1708 hoc
887 1654 1066 1715 verbo,
1114 1652 1266 1722 juxta
1320 1653 1450 1707 illud
1475 1653 1672 1706 Tullii:
1706 1651 1879 1723 Caput

302 1756 386 1802 est
435 1748 589 1811 artis,
640 1744 835 1799 decere
877 1743 1006 1812 quid
1043 1743 1231 1797 facias.
1287 1742 1425 1797 Sunt
1475 1744 1617 1797 enim
1660 1744 1877 1811 quidam

1974 560 2059 614 fici
2092 563 2517 628 temperamento
2545 573 2556 609 :
2590 556 2685 609 sed
2714 563 2773 609 ut
2799 555 2940 625 quod
2964 554 3161 625 populo
3181 562 3555 623 prtecepturus

1973 660 2077 714 est,
2100 650 2254 720 prius
2288 665 2317 702 a
2347 648 2660 702 domesticis
2686 647 2885 715 exigat.
2929 645 3095 698 Filios
3133 644 3403 697 habentem
3436 645 3557 698 sub-

1974 739 2111 793 ditos
2152 755 2270 791 cum
2314 738 2455 790 omni
2500 737 2755 789 castitate.
2803 735 2881 788 Ne
2917 734 3124 789 scilicet
3163 734 3559 791 incontinentes

1975 830 2257 883 imitentur
2307 827 2448 882 ﬁlios
2488 826 2628 890 Ileli,
2656 827 2745 894 qui
2786 826 2838 879 in
2885 824 3151 879 vestibulo
3200 825 3382 894 templi
3434 841 3555 879 cum

1978 918 2294 972 mulieribus
2323 916 2666 971 dormiebant
2700 915 2751 987 (I
2776 914 2905 985 Reg.
2937 915 3019 984 ιι).
3058 913 3181 968 Non
3219 916 3553 986 neaphytum;

1978 1026 2040 1063 ne
2078 1012 2131 1063 in
2164 1010 2461 1080 superbiam
2501 1008 2694 1072 elatus,
2732 1009 2787 1062 in
2814 1008 3086 1077 judicium
3112 1008 3313 1061 incidat
3336 1008 3555 1061 diaboli.

1977 1102 2103 1156 Ileri
2137 1104 2583 1166 catechumenus,
2618 1102 2777 1155 hodie
2805 1099 3083 1170 pontifex;
3118 1101 3239 1156 beri
3267 1100 3322 1154 in
3349 1101 3561 1170 amphi-

1978 1195 2216 1259 theatro,
2249 1195 2409 1249 ιιοῖῖἱο
2445 1195 2497 1248 in
2535 1192 2794 1256 ecclesia;
2844 1202 3072 1261 vespere
3118 1192 3173 1246 in
3199 1193 3373 1254 circa,
3402 1206 3561 1246 mane

1978 1283 2034 1337 in
2064 1284 2253 1349 altari;
2296 1284 2495 1338 dudum
2528 1281 2709 1336 fautor
2737 1282 3082 1344 histrionum,
3113 1296 3259 1335 nunc
3285 1282 3563 1350 virginu-

1978 1384 2348 1430 consecrator.
2374 1373 2526 1440 Quoi
2556 1382 2737 1427 autem
2768 1374 2864 1435 ait,
2897 1389 2959 1425 ne
2979 1374 3035 1425 in
3054 1372 3352 1441 superbiam
3369 1371 3563 1436 elatus,

1979 1467 2035 1518 in
2068 1465 2321 1533 iudicium
2344 1464 2543 1518 incidat
2576 1460 2798 1525 diaboli,
2821 1462 2945 1531 quis
2970 1478 3076 1516 non
3102 1461 3349 1531 exemplo
3373 1476 3560 1515 verum

1978 1555 2206 1624 probet?
2231 1554 2448 1624 Ignorat
2476 1550 2885 1608 momentaneus
2916 1554 3169 1608 sacerdos
3198 1553 3562 1606 humilitatem

1980 1656 2037 1701 et
2084 1646 2557 1700 mansuetudinem
2612 1644 2962 1709 rusticorum,
3015 1644 3224 1714 ignorat
3271 1641 3561 1697 blanditias

1983 1738 2351 1803 Christianas,
2393 1738 2568 1792 nescit
2611 1738 2845 1807 seipsum
2881 1746 3243 1792 contemnere.
3283 1737 3361 1791 De
3387 1737 3566 1807 digni-

302 1808 612 1906 ignorautes
671 1808 975 1888 mensuram
1025 1850 1200 1898 suam,
1247 1841 1301 1887 ct
1354 1842 1516 1888 tanta:
1570 1808 1881 1888 stoliditatis
1910 1808 1954 1866 B
1986 1840 2094 1885 tate
2125 1830 2451 1885 transfertur
2487 1831 2555 1883 ad
2593 1830 2931 1899 dignitatem.
2978 1828 3092 1883 Non
3124 1826 3414 1896 jejunavit,
3457 1840 3566 1882 non

304 1943 369 1980 ac
399 1925 684 1988 vecordia),
714 1933 773 1977 ut
794 1933 849 1978 ct
890 1924 945 1977 in
982 1933 1149 1987 motu,
1179 1930 1232 1977 et
1271 1922 1324 1977 in
1351 1923 1585 1988 incessu,
1615 1932 1671 1978 ct
1704 1924 1756 1976 in
1786 1925 1880 1978 ha-

302 2019 435 2083 bitu,
481 2027 535 2073 et
579 2018 631 2072 in
674 2033 923 2073 sermone
970 2018 1264 2084 communi,
1301 2019 1469 2071 risum
1513 2018 1881 2088 spectantibus

300 2110 580 2173 tribuant;
631 2116 685 2162 et
739 2108 894 2178 quasi
938 2108 1301 2178 intelligentes
1347 2108 1475 2176 quid
1526 2110 1597 2163 sit
1634 2117 1877 2175 ornatus,

299 2204 519 2252 comunt
552 2212 610 2251 se
641 2197 879 2251 vestibus
915 2204 971 2251 et
996 2197 1273 2250 munditiis
1306 2197 1573 2266 corporis,
1610 2207 1663 2251 et
1687 2199 1882 2254 lautio-

298 2288 374 2341 ris
424 2301 623 2341 mensae
677 2287 863 2355 epulas
913 2296 1126 2355 parant,
1176 2300 1299 2339 cum
1353 2287 1529 2342 omnis
1578 2287 1881 2343 istiusmodi

300 2385 527 2432 ornatus
566 2385 618 2431 et
659 2377 837 2432 cultus
885 2378 1134 2431 sordibus
1165 2376 1362 2431 foedior
1396 2378 1484 2433 sit.
1521 2377 1674 2444 Quod
1702 2388 1881 2434 autem

300 2469 543 2524 doctrina
593 2484 623 2521 a
657 2469 1027 2549 sacerdptibus
1073 2477 1376 2538 expetatur,
1413 2478 1467 2524 et
1498 2472 1702 2526 veteris
1740 2487 1881 2541 prte-

301 2566 456 2629 cepta
508 2567 634 2613 sunt
684 2557 835 2628 legis,
894 2566 949 2612 et
1002 2559 1069 2613 ad
1119 2557 1300 2612 Titum
1358 2558 1570 2628 plenius
1628 2561 1884 2615 scribitur

302 2648 429 2720 (Tit.
457 2647 517 2719 ι).
558 2648 820 2702 lnnoceus
856 2648 995 2700 enim
1046 2655 1100 2701 et
1129 2648 1332 2715 absque
1370 2663 1619 2703 sermone
1659 2665 1885 2703 conver-

300 2737 461 2799 satio,
507 2745 768 2806 quantum
818 2738 1063 2807 exemplo
1112 2740 1359 2807 prodest,
1407 2746 1614 2793 tantum
1668 2740 1883 2794 silentio

301 2834 479 2880 nocet.
520 2825 653 2879 Nam
695 2827 891 2880 latratu
941 2844 1159 2893 cauum,
1189 2829 1487 2899 baculoque
1514 2832 1770 2900 pastoris,
1806 2831 1885 2885 Iu-

301 2930 492 2986 porum
519 2917 697 2972 rabies
741 2919 1061 2973 deterrenda
1101 2928 1202 2973 est.
1242 2920 1364 2975 Non
1408 2921 1749 2986 vinolentum,
1783 2941 1884 2976 non

301 3022 677 3077 percussorem.
728 3006 1031 3062 Virtutibus
1082 3008 1212 3061 vitia
1261 3010 1532 3078 opposuit.
1592 3011 1887 3066 Didicimus

304 3093 602 3166 [dicimus],
632 3095 817 3163 quales
854 3109 975 3150 esse
1024 3097 1313 3151 debeamus
1344 3115 1355 3151 :
1390 3098 1661 3153 discamus
1699 3100 1884 3168 quales

303 3200 409 3238 non
439 3200 558 3239 esse
585 3185 816 3239 debeant
841 3187 1167 3240 sacerdotes.
1201 3187 1523 3251 Vinolentia,
1556 3204 1877 3244 scurronum

302 3282 387 3328 est
415 3282 469 3328 et
494 3284 917 3329 comessatorum
946 3294 958 3328 :
986 3285 1279 3345 venterque
1306 3293 1455 3332 mero
1483 3290 1742 3345 aestuans,
1771 3283 1878 3335 cito

303 3365 585 3433 despumat
598 3364 651 3418 in
672 3365 939 3421 libidines.
957 3367 1014 3420 In
1029 3367 1154 3421 vino
1172 3367 1407 3433 luxuria,
1427 3369 1478 3422 in
1494 3369 1706 3425 luxuria
1723 3372 1881 3426 volu—

304 3461 443 3521 ptas,
466 3453 519 3507 in
540 3455 811 3523 voluptate
836 3455 1167 3525 impudicitia
1190 3466 1291 3512 est.
1323 3459 1421 3524 Qui
1451 3459 1772 3527 luxuriatur,
1799 3464 1879 3517 vi-

303 3558 436 3598 vens
464 3553 706 3599 mortuus
733 3554 817 3599 est
842 3564 853 3598 :
880 3561 1007 3616 ergo
1030 3548 1120 3615 qui
1146 3547 1462 3615 inebriatur,
1482 3559 1535 3604 et
1557 3561 1800 3607 mortuus
1826 3561 1880 3608 ct

302 3632 541 3699 sepultus
567 3642 669 3687 est.
704 3633 816 3687 Noe
843 3635 911 3687 ad
941 3636 1098 3688 unius
1128 3637 1273 3691 horte
1303 3639 1620 3695 ebrietatem
1655 3644 1879 3698 nudavit

304 3721 509 3776 femora
553 3738 673 3787 sua,
712 3739 832 3792 quae
882 3740 978 3792 per
1019 3735 1303 3781 sexcentos
1358 3744 1528 3783 annos
1586 3733 1877 3789 sobrietate

301 3819 614 3865 contexerat
645 3811 797 3880 (Gen.
825 3811 921 3882 ιχ).
955 3814 1091 3866 Loth
1115 3830 1213 3882 per
1234 3818 1599 3873 temulentiam
1630 3822 1877 3878 nesciens

302 3899 512 3953 libidini
550 3901 739 3954 miscet
774 3900 1039 3956 incestum
1068 3921 1080 3955 :
1109 3911 1162 3957 ct
1196 3921 1354 3974 quem
1387 3906 1618 3963 Sodoma
1662 3928 1770 3967 non
1801 3915 1877 3968 vi-

303 4000 474 4057 cerat,
498 3994 623 4047 vina
648 3994 894 4049 vicerunt
929 3995 1079 4068 (Gen.
1105 3999 1240 4070 xix).
1288 4001 1668 4060 Percussorem
1696 4017 1874 4063 autem

303 4083 611 4154 episcopum
665 4084 753 4138 ille
802 4088 1146 4155 condemnat,
1194 4092 1285 4159 qui
1330 4094 1547 4149 dorsum
1590 4100 1770 4167 posuit
1807 4102 1875 4155 ad

300 4175 531 4245 tlagella,
578 4186 634 4230 et
686 4178 1003 4235 maledictus
1053 4196 1159 4235 non
1204 4185 1561 4240 remaledixit.
1612 4188 1719 4243 Sed
1765 4208 1876 4244 mo-

299 4266 521 4319 destum.
594 4267 813 4322 Duobus
878 4270 1035 4325 malis
1093 4288 1257 4325 unum
1325 4277 1576 4345 opposuit
1649 4280 1871 4348 bonum,

301 4362 357 4405 ut
403 4355 713 4410 temulentia
763 4365 819 4410 et
878 4357 955 4411 ira
1005 4361 1265 4414 modestia
1312 4363 1684 4421 refrtenentur.
1749 4369 1873 4423 Non

1982 1922 2149 1986 ﬂevit,
2186 1937 2291 1976 non
2332 1936 2509 1975 mores
2538 1935 2666 1975 suos
2700 1935 2839 1990 saepe
2870 1920 3233 1989 reprehendit,
3261 1929 3317 1975 et
3347 1919 3566 1974 assidua

1981 2013 2333 2067 meditatione
2377 2012 2633 2067 correxit.
2682 2011 2797 2065 Non
2840 2011 3197 2065 substantiam
3237 2011 3569 2081 pauperibus

1982 2103 2245 2173 erogavit.
2276 2103 2351 2157 De
2376 2102 2633 2157 cathedra
2662 2101 2898 2170 quodam
2926 2100 3087 2155 modo
3111 2100 3333 2155 ducitur
3370 2101 3439 2155 ad
3474 2116 3568 2154 ca—

1983 2195 2252 2260 thedram,
2276 2194 2329 2248 id
2355 2194 2525 2249 estde
2548 2194 2798 2263 superbia
2824 2193 2891 2247 ad
2919 2193 3248 2262 superbiam.
3293 2191 3566 2247 Iudicium

1982 2290 2162 2337 autem
2199 2291 2255 2337 et
2291 2283 2449 2337 ruina
2468 2282 2666 2337 diaboli
2692 2282 2824 2336 nulli
2853 2282 3074 2336 dubium
3097 2283 3225 2351 quin
3253 2283 3569 2352 arrogantia

1983 2375 2071 2432 sit.
2097 2375 2343 2430 Incidunt
2370 2376 2422 2429 in
2453 2390 2596 2439 eam,
2614 2374 2704 2443 qui
2733 2374 2784 2427 in
2809 2381 3009 2442 puncto
3036 2373 3456 2435 horae,necdum
3483 2373 3565 2427 dia

1982 2465 2198 2535 scipuli,
2209 2464 2321 2533 jam
2346 2464 2590 2533 magistri
2617 2471 2762 2517 sunt.
2782 2461 2994 2533 Oportet
3016 2474 3190 2517 autem
3209 2480 3329 2517 eum
3352 2474 3400 2518 et
3424 2463 3567 2517 testi-

1982 2557 2215 2608 monium
2246 2555 2437 2609 habere
2473 2554 2662 2608 bonum
2696 2553 2761 2607 ab
2797 2555 2879 2607 his
2912 2555 3001 2625 qui
3039 2555 3169 2624 foris
3208 2564 3349 2608 sunt.
3400 2554 3569 2622 Quale

1982 2645 2331 2714 principium,
2370 2644 2495 2699 talis
2523 2652 2579 2699 et
2606 2644 2870 2699 clausula.
2923 2646 3022 2711 Qui
3075 2645 3568 2714 irreprehensibilis

1984 2748 2086 2800 est,
2141 2751 2249 2790 non
2301 2736 2475 2797 solum
2532 2752 2561 2790 a
2613 2737 2961 2802 domesticus,
3015 2738 3109 2792 sed
3153 2746 3208 2790 et
3257 2739 3327 2793 ab
3376 2738 3568 2792 alienis

1986 2840 2226 2879 consono
2258 2838 2354 2879 ore
2388 2825 2657 2879 laudatur.
2694 2825 2870 2880 Alieni
2916 2836 3071 2881 extra
3098 2826 3399 2881 Ecclesiam
3443 2837 3567 2882 sunt

1985 2914 2175 2982 Judaei,
2214 2919 2478 2984 hmretici,
2511 2925 2673 2987 atque
2713 2918 2961 2989 gentiles.
2992 2917 3138 2973 Talis
3164 2933 3293 2987 ergo
3320 2920 3395 2974 sit
3435 2936 3567 2990 pon-

1989 3006 2116 3061 tifex
2152 3007 2374 3074 Christi,
2404 3018 2463 3063 ut
2496 3010 2588 3079 qui
2636 3010 2885 3081 religioni
2916 3011 3231 3076 detrahunt,
3272 3011 3402 3065 vitae
3451 3010 3569 3078 ejus

1988 3097 2273 3154 detrahere
2308 3116 2415 3155 non
2445 3103 2696 3156 audeant.
2731 3101 2841 3157 Ilos
2871 3109 2925 3156 tu
2953 3103 3331 3159 sacerdotibus
3359 3103 3566 3175 eligen-

1986 3190 2070 3244 dis
2096 3206 2334 3247 canones
2359 3194 2651 3249 observare
2677 3202 2912 3264 oportet.

2548 3285 2775 3341 CAPUT
2804 3286 2917 3341 XII.

2056 3372 2140 3444 (S.
2165 3373 2301 3445 Aug.
2320 3374 2407 3429 lib.
2429 3377 2497 3430 ad
2519 3388 2771 3447 pastores.
2791 3376 2809 3449 )
2826 3376 2926 3444 Qui
2952 3387 3229 3448 pastorum
3259 3380 3567 3454 [Augustini

1980 3469 2045 3524 de
2064 3467 2398 3523 Pastoribus.
2424 3466 2522 3534 Qui
2546 3469 2861 3542 pastorum]
2890 3471 3107 3526 nomina
3137 3473 3324 3529 audire
3358 3475 3568 3533 volunt.

1979 3568 2027 3613 et
2056 3566 2332 3627 pastorum
2356 3558 2588 3613 officium
2616 3559 2839 3629 implere
2864 3560 3071 3628 nolunt,
3101 3563 3231 3634 quid
3264 3565 3331 3620 ad
3356 3580 3450 3619 eos
3474 3580 3574 3635 per

1976 3653 2293 3722 prophetam
2318 3653 2546 3717 dicatur,
2577 3653 2719 3711 sicut
2758 3653 2956 3710 lectum
2999 3656 3323 3722 audivimus,
3383 3669 3574 3713 recen-

1979 3741 2432 3797 seamus.Auditc
2459 3759 2555 3798 vos
2599 3758 2722 3797 cum
2772 3744 3088 3811 intentione,
3140 3747 3427 3805 audiamus
3473 3763 3574 3803 nos

1978 3850 2099 3888 cum
2129 3842 2387 3889 tremore.
2417 3833 2487 3887 Et
2518 3835 2717 3903 factum
2746 3846 2821 3889 est
2856 3837 3064 3891 verbum
3109 3838 3345 3905 Domini,
3396 3841 3574 3913 inquit

1978 3924 2245 3990 Ezechiel,
2273 3925 2342 3978 ad
2367 3941 2446 3979 me
2485 3924 2661 3980 dicens
2692 3941 2702 3979 :
2742 3925 2853 3980 Fili
2895 3929 3138 3995 hominis,
3192 3933 3444 4002 propheta
3480 3952 3573 3988 su-

1976 4031 2068 4085 per
2097 4024 2332 4085 pastores
2357 4014 2549 4080 Israel,
2571 4025 2618 4070 et
2652 4016 2736 4070 dic
2768 4016 2837 4070 ad
2860 4026 3094 4087 pastores
3130 4017 3300 4074 Israel
3338 4022 3359 4093 (
3376 4021 3571 4077 διετῆ.

1977 4107 2198 4179 xxxiv).
2229 4107 2379 4162 Hanc
2412 4108 2696 4163 lectionem
2725 4109 2906 4176 modo,
2946 4126 3069 4167 cum
3094 4113 3383 4183 legeretur,
3415 4121 3573 4174 audi-

1974 4196 2151 4252 vimus
2178 4215 2191 4251 :
2219 4198 2346 4253 hinc
2374 4214 2494 4253 cum
2537 4210 2714 4256 vestra
2743 4204 3033 4259 sanctitate
3072 4205 3275 4276 aliquid
3304 4209 3450 4280 loqui
3481 4212 3573 4267 de-

1975 4287 2263 4343 crevimus.
2293 4286 2581 4357 Adjuvabit
2625 4284 2848 4361 ipsefut
2893 4308 3021 4348 vera
3069 4295 3335 4366 dicamus,
3385 4302 3429 4355 si
3457 4318 3570 4356 non

1974 4389 2158 4433 nostra
2188 4380 2452 4435 dicamus.
2494 4380 2629 4435 Nam
2659 4383 2703 4437 si
2728 4394 2913 4438 nostra
2958 4386 3274 4454 dixerimus,
3321 4402 3571 4461 pastores

297 4443 617 4548 litigiosum,
661 4463 784 4549 non.
816 4465 1081 4555 avarum;
1117 4450 1260 4505 Nihil
1311 4455 1456 4508 enim
1509 4457 1872 4526 impudentius
1900 4498 1948 4555 Ι)
1974 4470 2176 4524 erimus
2203 4481 2487 4538 pascentes
2508 4487 2626 4536 nos,
2657 4488 2761 4526 non
2790 4488 2937 4529 oves.
2964 4474 3021 4530 Si
3045 4486 3227 4533 autem
3254 4443 3397 4537 illius
3441 4496 3571 4539 sunt

298 4537 604 4604 arrogantia
653 4538 1007 4592 rusticorum"
1022 4540 1197 4612 [Deest
1221 4545 1594 4619 rusticorum],
1623 4551 1713 4618 qui
1749 4568 1874 4621 gar-

297 4623 566 4679 rulitatem
612 4628 987 4682 auctoritatem
1020 4640 1234 4698 putant,
1271 4642 1325 4686 et
1351 4636 1525 4703 parati
1557 4651 1771 4706 semper
1801 4642 1867 4695 ad

295 4713 437 4780 lites,
471 4717 524 4770 in
555 4717 852 4786 subjectum
891 4721 992 4775 sibi
1018 4737 1233 4792 gregem
1275 4727 1496 4781 tumidis
1528 4732 1865 4788 sermonibus

297 4816 503 4860 tonant.
531 4808 827 4863 Avaritiam
863 4811 918 4864 in
950 4815 1230 4869 sacerdote
1260 4817 1532 4872 vitandam
1559 4827 1614 4873 et
1646 4820 1862 4879 Samuel

294 4898 489 4961 docet,
536 4899 668 4953 nihil
714 4915 897 4955 coram
942 4905 1138 4974 populo
1184 4907 1450 4977 eripuisse
1499 4925 1557 4965 se
1605 4913 1857 4983 cuiquam

293 4989 527 5057 probans
576 4988 629 5060 (I
658 4989 787 5060 Reg.
817 4993 917 5061 xu)
967 5012 979 5047 :
1028 5002 1082 5048 et
1131 4998 1497 5066 apostolorum
1543 5015 1859 5075 paupertas,

294 5079 384 5148 qui
436 5077 712 5148 refrigeria
759 5092 1064 5150 sumptuum
1117 5101 1147 5139 a
1193 5086 1453 5145 fratribus
1504 5093 1860 5164 accipiebant,

294 5180 349 5221 et
375 5177 570 5237 praeter
593 5168 794 5223 victum
827 5181 987 5242 atque
1013 5178 1293 5245 vestitum,
1325 5182 1457 5235 nihil
1494 5199 1553 5239 se
1584 5186 1729 5242 aliud
1760 5203 1862 5246 nec

294 5258 517 5313 habere.
543 5272 644 5312 nec
665 5259 800 5316 velle
824 5263 1208 5333 gloriabantur.
1235 5270 1404 5338 Quam
1431 5277 1495 5331 ad
1520 5278 1858 5339 Timotheum

294 5346 600 5443 avaritiam,
641 5348 709 5403 ad
734 5350 912 5406 Titum
952 5356 1124 5425 turpis
1160 5359 1294 5414 lucri
1325 5366 1673 5433 cupiditatem
1702 5388 1860 5443 aper»

297 5437 501 5530 tissime
537 5449 691 5497 notat
731 5444 858 5515 (Tit.
884 5447 945 5517 ι).
986 5447 1212 5504 Domum
1249 5470 1401 5508 suam
1432 5457 1556 5512 bene
1581 5437 1859 5530 regentem.

298 5526 413 5583 Non
455 5545 518 5586 ut
556 5548 687 5604 opes
730 5548 942 5608 augeat,
990 5556 1098 5596 non
1143 5554 1202 5598 ut
1244 5547 1420 5617 regias
1460 5561 1613 5620 paret
1637 5526 1860 5624 chulas,

298 5632 401 5719 non
432 5629 485 5672 ut
513 5624 727 5719 Galatas
755 5631 965 5697 patinas
990 5632 1251 5710 [pateras]
1281 5647 1474 5707 struat,
1505 5660 1609 5699 non
1639 5656 1699 5701 ut
1726 5651 1859 5719 pha-

295 5705 440 5760 sidcs
462 5722 590 5766 aves
630 5713 788 5772 lentis
813 5724 1102 5792 vaporibus
1128 5705 1341 5800 coquat,
1368 5705 1469 5803 qui
1489 5736 1555 5790 ad
1589 5753 1709 5793 ossa
1728 5705 1859 5809 'pcr-

1979 4575 2099 4628 qua:
2129 4559 2377 4626 dicimus,
2418 4576 2515 4630 per
2549 4564 2841 4633 quemlibet
2896 4566 3010 4636 ipse
3062 4583 3156 4624 vos
3202 4575 3400 4641 pascit.
3443 4576 3570 4634 llaec

1976 4652 2106 4707 dicit
2128 4653 2387 4710 Dominus
2420 4656 2561 4711 Deus
2592 4675 2605 4711 :
2638 4659 2729 4713 Va:
2768 4662 3073 4731 pastoribus
3108 4664 3297 4734 Israel,
3326 4669 3418 4739 qui
3441 4688 3570 4743 pas-

1974 4753 2098 4800 cunt
2130 4760 2188 4800 se
2232 4746 2397 4801 solos.
2452 4747 2703 4818 Nunquid
2747 4766 2875 4808 oves
2924 4765 3152 4824 pascunt
3190 4765 3483 4829 pastores?
3514 4767 3571 4821 id

1971 4842 2188 4890 estnon
2220 4852 2277 4892 se
2305 4847 2535 4923 pascunt
2571 4849 2835 4908 pastores,
2876 4844 2970 4898 sed
3017 4860 3164 4902 oves.
3210 4847 3342 4905 Hmc
3387 4854 3568 4923 prima

1969 4935 2252 4992 causaest,
2284 4922 2450 4996 quare
2483 4939 2778 4999 arguantur
2804 4931 2891 4987 isti
2918 4938 3570 5010 pastores:quiaseipsos

1968 5024 2215 5083 pascunt,
2246 5031 2351 5071 non
2382 5032 2529 5073 oves.
2572 5018 2673 5089 Qui
2717 5031 2860 5090 sunt,
2907 5025 2997 5095 qui
3035 5025 3241 5096 seipsos
3288 5039 3569 5100 pascunt?

1968 5107 2045 5162 De
2065 5108 2257 5177 quibus
2282 5107 2568 5180 Apostolus
2588 5113 2717 5168 dicit
2740 5132 2759 5172 ξ
2785 5112 2975 5171 Omnes
3004 5119 3141 5173 enim
3177 5138 3273 5176 sua
3293 5140 3542 5195 quaerunt

1970 5213 2071 5250 non
2098 5214 2213 5268 qua:
2241 5197 2370 5253 Jesu
2393 5198 2586 5255 Christi
2631 5210 2647 5273 (
2674 5201 2905 5275 Philipp.
2945 5205 3044 5278 ιι
3072 5206 3179 5264 Nos
3228 5187 3373 5266 enim
3426 5187 3568 5286 quos

1969 5289 2021 5342 in
2053 5289 2171 5344 loco
2193 5290 2318 5356 isto,
2352 5293 2417 5347 de
2441 5308 2548 5362 quo
2569 5296 2871 5364 periculosa
2900 5299 3038 5354 ratio
3066 5301 3330 5369 redditur,
3378 5305 3569 5363 Domi-

1972 5395 2072 5434 nus
2099 5383 2389 5437 secundum
2417 5383 2783 5454 dignationem
2806 5403 2976 5451 suam,
3003 5404 3107 5443 non
3130 5392 3426 5449 secundum
3456 5412 3571 5453 me-

1971 5473 2130 5525 ritum
2177 5483 2444 5540 nostrum,
2494 5477 2794 5546 constituit,
2846 5478 3107 5537 habemus
3149 5482 3257 5539 duo
3285 5489 3563 5555 quendam.

1973 5561 2167 5629 Unum,
2204 5566 2345 5634 quod
2373 5565 2662 5622 Christiani
2690 5585 2878 5625 sumus
2908 5588 2920 5624 :
2948 5570 3197 5641 alterum,
3225 5576 3369 5643 quod
3423 5593 3567 5647 pm

1968 5653 2125 5723 positi
2150 5671 2353 5711 sumus.
2395 5657 2550 5722 Illud,
2585 5662 2725 5730 quod
2755 5660 3046 5717 Christiani
3078 5679 3285 5733 sumus,
3337 5682 3574 5741 pmplt'r

1969 5763 2066 5802 nos
2088 5756 2169 5802 est
2196 5767 2207 5803 :
2237 5750 2378 5817 quod
2403 5752 2675 5820 prtepositi
2704 5769 2908 5820 sumus,
2955 5766 3175 5827 propter
3221 5773 3318 5813 vos
3362 5772 3470 5818 est.
3502 5764 3567 5820 In
