3884 6192
329 348 435 402 857

885 350 1162 408 REGULA
1200 352 1698 412 CANONICORUM
1736 358 1823 412 AB
1860 359 2218 418 AMALARIO
2256 362 2636 424 COLLECTA.
2675 399 2745 410 -—
2775 369 2900 426 LIB.
2944 374 2985 427 I.

3476 382 3581 437 858
3630 454 3649 467 κ

327 477 398 516 eo
447 462 590 531 quod
643 462 936 517 Christiani
978 480 1181 530 sumus,
1228 470 1521 524 attenditur
1570 471 1774 526 utilitas
1827 488 1922 526 no-
1950 472 2149 540 Aquid
2196 476 2419 547 amplius
2447 482 2760 549 erogaveris,
2817 484 2873 536 in
2920 484 3182 540 redeundo
3241 487 3455 543 reddam
3495 494 3588 546 tibi

325 560 447 605 stra
476 569 489 604 :
516 551 568 605 in
597 566 662 606 eo
699 553 843 621 quod
882 555 1154 623 praepositi
1195 571 1397 621 sumus,
1450 575 1554 613 non
1582 561 1683 614 nisi
1711 571 1908 616 vestra.

329 641 399 695 Et
426 649 553 696 sunt
588 641 760 705 multi,
789 644 881 711 qui
908 642 1222 711 Christiani,
1249 656 1304 701 et
1330 663 1436 702 non
1470 650 1765 718 przepositi,
1793 665 1913 719 per-

328 730 554 784 veniunt
575 730 640 784 ad
673 730 840 784 Deum
866 730 1106 789 faciliore
1136 733 1366 790 fortasse
1405 737 1619 801 itinere,
1663 746 1718 793 ct
1763 748 1912 792 tanto

325 819 471 876 forte
496 820 797 888 expeditius
836 821 1193 889 ambulantes,
1216 834 1418 893 quanto
1450 826 1712 881 minorem
1747 828 1931 903 sarci-1

326 924 458 964 nam
484 918 722 978 portant.
760 909 869 965 Nos
916 919 1115 978 autem,
1158 922 1382 983 excepto
1430 915 1573 982 quod
1616 914 1911 970 Christiani

326 1016 542 1065 sumus,
568 1001 710 1056 unde
737 1002 998 1057 rationem
1030 1003 1314 1057 reddemus
1358 1004 1469 1059 Deo
1494 1005 1561 1059 de
1591 1006 1698 1058 vita
1726 1014 1913 1060 nostra

328 1093 435 1166 [de
459 1092 913 1165 dispensatione],
941 1075 1175 1149 “sumus
1221 1096 1384 1149 etiam
1431 1098 1718 1167 praepositi,
1773 1098 1912 1152 unde

327 1173 597 1238 rationEm
627 1183 911 1238 reddemus
936 1183 1047 1239 Deo
1072 1184 1138 1238 de
1176 1185 1573 1254 dispensatione
1598 1195 1799 1242 nostra.
1828 1188 1911 1242 Ad

325 1275 437 1330 hoc
475 1275 631 1329 istam
682 1273 1046 1329 difﬁcultatem
1097 1290 1358 1345 propono,
1411 1285 1472 1331 ut
1526 1279 1911 1347 compatientes

328 1365 510 1430 nobis,
540 1366 707 1419 oretis
735 1380 834 1434 pro
858 1366 1034 1421 nobis.
1071 1367 1255 1422 Veniet
1281 1369 1425 1422 enim
1461 1369 1596 1435 dies,
1637 1386 1743 1439 quo
1778 1386 1911 1425 cun-

328 1465 422 1511 cta
456 1456 791 1511 adducantur
836 1456 890 1509 in
922 1455 1206 1524 judicium,
1252 1466 1308 1513 et
1346 1460 1436 1514 ille
1472 1460 1586 1516 dies
1620 1462 1664 1517 si
1713 1463 1909 1517 szeculo

328 1545 490 1616 longe
514 1554 619 1611 est,
646 1546 934 1615 unicuique
966 1548 1171 1603 homini
1201 1565 1311 1604 suae
1343 1551 1469 1605 vitae
1507 1551 1725 1606 ultimus
1742 1568 1908 1623 prope

324 1643 455 1690 est:
489 1643 666 1688 tamen
704 1643 990 1706 utrumque
1017 1636 1182 1692 latere
1213 1638 1380 1693 voluit
1419 1640 1579 1705 Deus,
1615 1650 1669 1695 et
1694 1644 1907 1711 quando

325 1724 514 1777 veniat
570 1723 693 1778 linis
742 1725 944 1791 saeculi,
1002 1735 1057 1782 et
1114 1729 1328 1797 quando
1365 1731 1437 1784 sit
1490 1732 1541 1785 in
1579 1748 1905 1803 unoquoque

323 1812 549 1866 homine
576 1811 733 1881 hujus
758 1813 880 1867 vita:
907 1812 1049 1869 linis.
1075 1814 1169 1871 Vis
1189 1832 1295 1873 non
1332 1819 1519 1893 timere
1548 1821 1689 1875 diem
1727 1822 1906 1876 occul-
1933 1812 1980 1870 Β

322 1904 493 1957 tum?
528 1904 661 1958 Dum
686 1905 913 1971 venerit,
940 1906 1178 1961 inveniat
1204 1919 1255 1964 te
1290 1920 1557 1980 paratum.
1599 1912 1731 1967 Cum
1778 1928 1905 1983 ergo

324 1996 603 2065 praepositi
632 1996 700 2049 ad
728 1997 831 2052 hoc
855 1997 986 2065 sint,
1012 2006 1071 2053 ut
1094 1999 1180 2054 his
1213 2001 1301 2069 qui
1332 2002 1555 2072 subjecti
1589 2013 1734 2067 sunt,
1776 2020 1906 2059 con-

323 2085 506 2139 sulant
542 2103 555 2139 :
594 2101 695 2141 nec
720 2086 840 2141 ideo
871 2088 1012 2157 quod
1055 2100 1308 2158 prtesunt,
1348 2092 1567 2145 omnino
1620 2093 1902 2147 utilitatem

321 2190 482 2230 suam
507 2177 802 2241 attendant,
829 2177 923 2232 sed
952 2192 1139 2232 eorum
1160 2178 1354 2246 quibus
1385 2179 1690 2235 ministrant
1716 2199 1727 2233 :
1760 2183 1903 2251 quis-

321 2266 450 2334 quis
479 2266 551 2319 ita
586 2267 904 2335 praepositus
940 2275 1043 2334 est,
1080 2279 1138 2321 ut
1173 2268 1229 2322 in
1284 2283 1348 2323 eo
1393 2270 1538 2338 quod
1584 2272 1902 2340 praepositus

318 2366 432 2422 est,
458 2357 704 2428 gaudeat,
733 2366 787 2412 et
815 2359 1071 2413 honorem
1104 2374 1259 2414 suum
1283 2368 1507 2428 quaerat,
1538 2370 1592 2414 et
1621 2362 1899 2416 commoda

318 2461 426 2499 sua
453 2446 565 2499 sola
593 2446 866 2515 respiciat,
896 2461 954 2501 se
979 2447 1173 2516 pascit,
1199 2462 1306 2502 non
1325 2463 1470 2503 oves.
1492 2448 1573 2502 Ad
1594 2449 1697 2504 hoc
1723 2464 1901 2504 sermo

317 2534 592 2604 dirigitur.
622 2534 836 2600 Audite,
864 2543 1115 2606 tanquam
1144 2552 1272 2592 oves
1293 2536 1409 2602 Dei,
1434 2545 1486 2591 ct
1512 2537 1684 2593 videte
1710 2555 1897 2609 quem-

317 2625 610 2681 admodum
666 2642 762 2681 vos
810 2642 1029 2684 securos
1075 2628 1261 2684 fecerit
1295 2629 1453 2683 Deus.
1495 2626 1899 2699 Qualcscunque

316 2719 436 2774 sint
472 2718 564 2787 qui
593 2718 745 2773 vobis
769 2728 1030 2787 praesunt,
1061 2719 1113 2773 id
1145 2727 1249 2784 est,
1277 2719 1673 2789 qualescunque
1695 2736 1791 2774 nos
1827 2722 1898 2774 si-

314 2824 462 2874 mus,
498 2809 649 2864 vobis
676 2810 1021 2865 securitatem
1049 2811 1213 2876 dedit,
1241 2812 1333 2882 qui
1362 2813 1534 2882 pascit
1558 2827 1687 2867 oves
1710 2813 1893 2867 Israel.

311 2904 458 2959 Nam
493 2905 538 2959 si
575 2906 717 2960 Deus
751 2922 858 2961 non
886 2908 1085 2963 deserit
1109 2922 1238 2962 oves
1264 2923 1410 2972 suas,
1427 2915 1481 2961 et
1505 2908 1628 2962 mali
1650 2919 1896 2978 pastores

311 2993 530 3049 debitas
555 3008 743 3063 pcenas
783 2995 952 3060 luent,
1002 3004 1058 3051 et
1096 3012 1226 3051 oves
1274 2998 1535 3067 promissa
1575 2999 1890 3069 percipient.

311 3085 610 3139 Videamus
646 3099 771 3156 ergo
793 3087 921 3157 quid
946 3088 1248 3158 alloquatur
1265 3098 1509 3158 pastores
1537 3091 1743 3160 seipsos
1774 3106 1894 3161 pas-

310 3183 524 3240 centes,
552 3192 656 3231 non
683 3192 827 3239 oves,
863 3194 1039 3233 sermo
1075 3179 1286 3233 divinus
1322 3181 1588 3235 neminem
1616 3183 1839 3252 palpaus
1872 3200 1884 3236 :
1916 3163 1960 3224 (ἶ

309 3264 456 3319 Ecce
477 3264 561 3319 lac
593 3269 914 3335 consumitis,
951 3278 998 3322 et
1031 3267 1165 3322 lanis
1196 3286 1283 3323 vos
1305 3270 1496 3340 tegitis,
1518 3282 1564 3323 et
1584 3271 1722 3341 quod
1745 3289 1888 3326 cras-

304 3371 432 3410 sum
456 3368 530 3409 est
556 3357 866 3426 interﬁcitis,
897 3368 943 3412 et
984 3375 1098 3413 oves
1138 3376 1278 3414 meas
1321 3378 1425 3414 non
1460 3362 1690 3431 pascitis.
1738 3362 1890 3427 Quod

306 3443 579 3512 inﬁrmum
618 3454 714 3510 est,
736 3463 839 3500 non
875 3448 1230 3516 confortastis,
1256 3459 1302 3502 et
1339 3450 1478 3520 quod
1508 3461 1744 3520 tegi-atat,
1785 3469 1889 3507 non

307 3537 728 3590 corroborastis:
758 3539 963 3609 etquod
1000 3539 1402 3594 contribulatum
1454 3552 1548 3607 est,
1601 3559 1704 3596 non
1743 3542 1889 3596 colli-

304 3628 475 3699 gastis
501 3641 519 3679 :
542 3637 590 3681 et
610 3628 749 3697 quod
771 3630 999 3696 errabat,
1021 3647 1124 3684 non
1149 3633 1421 3686 revocastis
1443 3647 1461 3684 :
1483 3644 1529 3686 et
1551 3634 1687 3703 quod
1706 3636 1884 3704 periit,

306 3733 419 3771 non
446 3718 727 3788 requisistis
748 3732 767 3769 :
788 3728 835 3773 et
856 3720 995 3791 quod
1017 3721 1152 3790 forte
1172 3721 1290 3791 fuit,
1336 3723 1661 3795 confregistis
1680 3740 1695 3777 .'
1711 3738 1758 3780 et
1806 3729 1887 3782 di-

303 3826 504 3879 spersa:
534 3821 651 3864 sunt
679 3827 794 3865 oves
814 3828 965 3877 mem,
988 3829 1046 3866 eo
1075 3814 1213 3885 quod
1238 3831 1342 3869 non
1362 3817 1427 3869 sit
1448 3826 1627 3886 pastor
1658 3818 1676 3889 (
1691 3819 1880 3873 Ezeclt.

304 3901 528 3972 xxxrv).
554 3900 762 3955 Dicitur
790 3903 859 3956 ad
883 3911 1127 3971 pastores
1150 3914 1435 3974 pascentes
1490 3908 1717 3977 seipsos,
1777 3927 1882 3964 non

300 4007 457 4056 oves,
485 3991 614 4061 quid
643 3992 883 4064 diligant,
909 3994 1035 4063 quid
1062 3996 1353 4067 negligant.
1400 3997 1539 4064 Quid
1591 4017 1719 4072 ergo
1764 4002 1883 4057 dili-

298 4081 475 4151 gunt?
511 4081 617 4134 Lac
639 4083 959 4136 consumitis.
990 4083 1216 4154 Pr0pter
1242 4086 1384 4155 quod
1417 4101 1470 4142 et
1494 4087 1784 4158 Apostolus
1806 4092 1882 4146 di-

298 4172 378 4226 cit
409 4185 424 4224 :
457 4170 587 4236 Quis
607 4172 809 4243 plantat
836 4176 1056 4241 vineam,
1094 4187 1140 4231 et
1169 4178 1234 4231 de
1281 4178 1454 4247 fructu
1500 4182 1613 4251 ejus
1651 4200 1753 4237 non
1792 4201 1880 4238 su-

296 4263 394 4315 mit
410 4262 436 4314 Ρ
461 4264 575 4333 quis
602 4264 766 4329 pascit
794 4281 1014 4335 gregem,
1039 4276 1084 4319 et
1107 4267 1171 4319 de
1196 4266 1328 4322 lacte
1347 4286 1516 4341 gregis
1541 4289 1644 4327 non
1663 4275 1877 4344 percipit

299 4350 357 4422 (Ι
387 4349 511 4405 Cor.
535 4368 587 4405 ιχ
611 4352 665 4422 )?
693 4352 999 4410 Invenimus
1024 4371 1153 4427 ergo
1174 4358 1255 4413 lac
1303 4374 1425 4415 esse
1472 4364 1667 4433 gregis,
1718 4365 1876 4435 quid-

296 4441 427 4508 quid
452 4457 483 4494 a
513 4442 667 4511 plebe
695 4445 1031 4500 distribuitur
1055 4450 1377 4517 praepositis,
1416 4452 1483 4507 ad
1526 4468 1713 4509 eorum
1757 4472 1876 4511 sus-

2022 563 2183 633 (Luc.
2201 565 2286 635 'x).
2329 567 2403 622 De
2429 567 2514 623 his
2543 584 2673 639 ergo
2695 572 2786 639 qui
2808 588 2914 627 non
2945 574 3186 644 indigent
3207 576 3347 635 lacte
3378 590 3578 652 gregis,

2015 655 2145 724 quid
2183 657 2335 725 plura
2364 659 2640 715 dicamus?
2667 663 3126 723 Misericordiores
3177 666 3321 737 sunt,
3375 674 3457 729 vel
3486 692 3586 745 po-

2015 747 2122 801 tius
2149 746 2317 817 ipsius
2338 750 2722 807 misericordiae
2747 753 2977 810 cilicium
3008 757 3208 829 largius
3242 762 3587 831 impendunt:

2012 845 2239 904 possunt
2262 839 2428 904 enim,
2460 848 2515 895 et
2560 844 2701 910 quod
2742 856 2964 913 possunt
3008 847 3230 903 faciunt.
3282 852 3593 910 Laudentur

2013 927 2087 991 hi,
2113 944 2214 983 nec
2240 930 2565 986 damnentur
2586 934 2680 987 illi.
2708 934 2842 989 Nam
2869 945 2923 991 et
2952 938 3063 1007 ipse
3089 941 3376 1009 Apostolus
3405 946 3588 1000 datum

2011 1034 2119 1074 non
2158 1023 2452 1088 quaerebat.
2506 1014 2833 1081 Fructuosas
2886 1037 3061 1084 tamen
3114 1034 3243 1086 oves
3286 1049 3412 1088 suas
3471 1053 3591 1091 esse

2011 1107 2278 1177 cupiebat,
2301 1124 2407 1164 non
2440 1113 2670 1178 steriles,
2701 1115 2818 1169 sine
2871 1116 3029 1173 lactis
3081 1121 3344 1177 ubertate.
3404 1125 3591 1195 Itaque

2011 1211 2134 1250 cum
2159 1207 2305 1253 esset
2355 1202 2586 1269 quodam
2643 1211 2884 1272 tempore
2933 1207 2984 1260 in
3035 1224 3226 1279 magna
3274 1213 3587 1283 indigentia,

2008 1285 2223 1341 vinctus
2242 1287 2296 1341 in
2318 1288 2655 1344 confessione
2684 1293 2951 1360 veritatis,
2983 1298 3207 1353 missum
3233 1311 3313 1356 est
3342 1303 3416 1357 illi
3435 1320 3464 1358 a
3483 1304 3590 1359 fra-

2009 1374 2202 1441 tribus,
2232 1378 2372 1432 unde
2397 1381 2701 1435 necessitati
2729 1392 2784 1437 et
2812 1384 3116 1453 indigentia:
3153 1388 3269 1456 ejus
3316 1395 3589 1449 ministra-

2008 1475 2178 1521 retur.
2210 1468 2507 1539 Respondit
2544 1481 2723 1528 autem
2755 1474 2860 1530 illis
2885 1479 3091 1546 gratias
3119 1496 3302 1550 agens,
3336 1492 3390 1537 et
3413 1486 3545 1538 dixit
3572 1529 3583 1540 .

2006 1558 2345 1629 Benefecistis
2384 1566 2825 1620 communicantes
2869 1572 3261 1626 necessitatibus
3306 1577 3467 1630 meis:
3495 1595 3586 1647 ego

2005 1651 2140 1704 enim
2162 1650 2324 1703 didici
2360 1652 2414 1704 in
2435 1652 2618 1721 quibus
2638 1670 2753 1706 sum
2774 1658 3029 1726 sulﬁciens
3050 1677 3179 1713 esse.
3214 1662 3332 1715 Scio
3356 1675 3403 1718 et
3426 1666 3591 1719 abun-

2006 1739 2154 1804 dare,
2182 1740 2300 1793 noui
2321 1748 2368 1792 et
2392 1743 2664 1809 penuriam
2687 1745 2817 1813 pati.
2853 1745 3041 1800 Omnia
3062 1768 3272 1819 possum
3300 1755 3354 1807 in
3398 1772 3457 1808 co
3498 1759 3588 1826 qui

2005 1846 2087 1883 me
2111 1831 2392 1900 confortut.
2428 1831 2619 1888 Verum
2648 1845 2819 1890 tamen
2875 1855 2960 1891 vos
3014 1839 3371 1915 benefecistis,
3409 1851 3587 1901 usibus

2005 1924 2207 1976 mittere
2249 1925 2374 1978 meis
2405 1922 2667 1997 (Philipp.
2692 1928 2798 1999 ιν).
2852 1928 2956 1984 Sed
2997 1940 3056 1986 ut
3091 1937 3401 1992 ostenderet
3440 1941 3491 1993 in
3523 1960 3587 1995 eo

2006 2011 2148 2079 quod
2172 2011 2248 2066 illi
2273 2013 2672 2081 beneleccrunt,
2697 2019 2824 2087 quid
2863 2020 2977 2088 ipse
3012 2034 3299 2091 qumrcrct,
3334 2042 3401 2081 ne
3445 2029 3588 2083 inter

2004 2101 2125 2156 illos
2147 2112 2310 2167 esset,
2340 2105 2509 2173 quise
2529 2106 2668 2176 ipsos
2697 2118 2945 2176 pascunt,
2975 2128 3081 2166 non
3124 2129 3253 2169 oves
3278 2136 3290 2169 :
3317 2133 3421 2171 non
3476 2128 3583 2175 tam

2004 2207 2113 2247 sua:
2134 2194 2329 2263 gaudet
2348 2196 2666 2251 subventum
2711 2205 2834 2254 esse
2872 2203 3201 2269 necessitati,
3252 2221 3412 2274 quam
3467 2208 3585 2263 illo-

2005 2298 2122 2336 rum
2150 2284 2449 2353 gratulatur
2474 2284 2809 2342 fecunditati.
2841 2289 2977 2357 Quid
3008 2308 3135 2361 ergo
3184 2294 3256 2349 ibi
3279 2298 3585 2364 quaerebat?

2000 2371 2120 2427 Non
2148 2373 2274 2442 quia
2298 2390 2499 2444 quaero,
2523 2377 2718 2448 inquit,
2743 2380 2949 2447 datum,
2968 2384 3064 2437 sed
3086 2386 3301 2453 requiro
3322 2385 3578 2443 fructum.

2001 2460 2117 2516 Non
2144 2473 2204 2517 ut
2236 2479 2354 2534 ego,
2391 2466 2584 2535 inquit,
2612 2469 2848 2539 cxplear,
2877 2472 2972 2526 sed
3012 2488 3079 2527 ne
3111 2490 3205 2529 vos
3260 2477 3454 2534 inanes
3501 2497 3585 2536 re-

2003 2553 2282 2608 maneatis.
2321 2554 2419 2621 Qui
2449 2572 2577 2627 ergo
2607 2574 2711 2612 non
2741 2571 2964 2629 possunt
2993 2562 3170 2617 facere
3189 2567 3330 2633 quod
3363 2567 3577 2633 Paulus,

1998 2649 2059 2717 ut
2085 2644 2334 2697 manibus
2384 2647 2498 2701 suis
2539 2663 2598 2702 se
2648 2651 2963 2720 transigant,
3024 2655 3292 2724 accipiant
3335 2659 3400 2712 de
3442 2659 3579 2713 lacte

1996 2730 2221 2785 ovium:
2254 2743 2556 2790 sustentent
2574 2753 2724 2792 suam
2756 2740 3151 2808 necessitatem,
3197 2744 3293 2800 sed
3338 2762 3445 2801 non
3485 2765 3581 2803 ne—

1996 2819 2197 2890 gligant
2214 2823 2395 2877 ovium
2423 2825 2814 2884 infirmitatem.
2859 2828 2974 2884 Non
3026 2832 3129 2886 hoc
3174 2832 3247 2888 ibi
3307 2846 3576 2904 qurerant,

1997 2920 2249 2981 tanquam
2282 2918 2619 2972 commodum
2660 2935 2838 2986 suum,
2864 2931 3003 2977 utex
3041 2928 3363 2983 necessitate
3412 2944 3581 2999 penu-

1994 2999 2088 3055 rite
2116 3017 2227 3057 suae
2263 3004 2545 3060 videantur
2577 3010 2897 3066 annuntiarc
2934 3016 3288 3084 evangelium,
3340 3019 3434 3073 sed
3475 3019 3572 3072 ho-

1995 3091 2231 3147 minibus
2258 3093 2624 3152 illuminandis
2663 3109 2853 3167 parent
2888 3101 3059 3156 lucem
3109 3105 3259 3159 verbi
3309 3107 3573 3161 veritatis.

1994 3180 2131 3237 Sunt
2160 3184 2302 3239 enim
2333 3194 2583 3256 tanquam
2608 3189 2863 3256 lucernm,
2888 3193 3026 3247 sicut
3054 3193 3254 3248 dictum
3303 3206 3387 3251 est
3412 3216 3423 3250 :
3453 3196 3573 3251 Sint

1994 3269 2157 3325 lumbi
2178 3275 2333 3326 vestri
2351 3278 2640 3343 prmcincti,
2663 3288 2710 3331 et
2735 3278 2961 3333 lucerna:
2983 3282 3222 3336 ardentes
3254 3284 3413 3355 (Luc.
3450 3287 3572 3360 xu).

1993 3359 2081 3425 Et,
2114 3358 2283 3413 Nemo
2318 3364 2552 3416 accendit
2587 3364 2878 3431 lucernam,
2914 3378 2960 3420 et
2990 3372 3134 3433 ponit
3157 3387 3271 3423 eam
3319 3373 3412 3425 sub
3460 3358 3573 3428 mo-

1991 3450 2237 3504 dio:sed
2261 3468 2416 3519 super
2458 3453 2851 3520 candelabrum,
2893 3466 2952 3508 ut.
2987 3456 3160 3510 luceat
3202 3461 3439 3515 omnibus
3484 3465 3576 3533 qui

1988 3542 2044 3595 in
2068 3542 2219 3596 domo
2241 3552 2380 3597 sunt.
2410 3543 2501 3598 Sic
2521 3544 2689 3599 luceat
2711 3548 2884 3602 lumen
2924 3560 3144 3604 vestrum
3189 3569 3365 3607 coram
3409 3557 3576 3611 Itami-

1990 3631 2159 3696 nibus,
2184 3642 2237 3685 ut
2260 3632 2464 3686 videant
2488 3651 2643 3704 opera
2668 3646 2836 3690 vestra
2863 3638 3016 3699 bona.
3053 3650 3100 3694 et
3146 3640 3436 3712 g'oriﬁcent
3478 3664 3573 3716 pa-

1987 3731 2117 3774 (rem
2147 3730 2367 3774 vestrum
2389 3724 2478 3793 qui
2507 3724 2562 3777 in
2590 3725 2730 3780 cwlis
2755 3737 2828 3781 est
2853 3728 2870 3800 (
2892 3728 3077 3783 .llattlt.
3096 3747 3126 3782 ν
3155 3730 3195 3801 ).
3226 3731 3281 3786 Si
3308 3749 3438 3805 ergo
3478 3737 3570 3790 tibi

1986 3810 2204 3867 lucerna
2224 3814 2610 3870 accenderetur
2625 3817 2677 3871 in
2702 3818 2885 3884 domo,
2908 3836 3086 3877 nonne
3110 3822 3376 3891 adjiceres
3390 3828 3568 3883 oletnn

1984 3920 2052 3960 ne
2118 3908 2582 3978 exstinguerctur?
2608 3911 2778 3967 Porro
2820 3914 2864 3967 si
2910 3914 3128 3970 lucerna
3174 3928 3396 3988 accepto
3453 3921 3573 3975 oleo

1985 4011 2089 4051 non
2121 3997 2346 4061 luceret,
2381 4014 2486 4053 non
2524 4012 2643 4055 erat
2670 4002 2825 4072 plane
2850 4004 3032 4074 digna,
3070 4022 3189 4076 quae
3220 4010 3272 4062 in
3320 4012 3571 4066 catnlcla-

1982 4086 2080 4141 bro
2106 4098 2417 4156 poneretur,
2446 4092 2538 4145 sed
2559 4108 2678 4161 qua:
2713 4095 2968 4150 continuo
3007 4096 3364 4167 frangeretur.
3422 4102 3572 4157 Unde
3610 4102 3617 4107 ’

1980 4189 2110 4245 ergo
2131 4176 2352 4242 vivitur,
2383 4180 2725 4236 necessitatis
2747 4190 2829 4237 est
2857 4185 3123 4253 accipere,
3165 4187 3446 4242 charitatis
3488 4199 3571 4243 est

1981 4264 2240 4331 praebere.
2290 4263 2406 4319 Non
2459 4275 2716 4335 tanquam
2759 4270 2943 4323 venale
2995 4272 3065 4325 sit
3109 4273 3465 4343 evangelium,
3510 4286 3589 4330 ut'

1979 4349 2120 4403 istud
2151 4351 2223 4404 sit
2256 4352 2487 4419 pretium
2518 4352 2635 4420 ejus
2658 4356 2801 4423 quod
2832 4366 3050 4411 sumunt
3077 4358 3169 4427 qui
3216 4362 3563 4427 annuutiant,

1980 4436 2121 4490 unde
2140 4438 2342 4492 vivant.
2375 4438 2432 4493 Si
2456 4443 2596 4494 enim
2626 4443 2703 4497 sic
2722 4445 2982 4511 vendunt,
3013 4462 3262 4519 magnam
3306 4466 3422 4505 rem
3472 4454 3562 4510 vili

293 4536 612 4586 mutandum
639 4535 839 4588 victum
871 4514 1235 4607 tempojalcin.
1265 4514 1392 4595 Inde
1421 4543 1567 4597 enim
1620 4544 1873 4614 loqueba-
1905 4514 1951 4572 D
1976 4527 2149 4596 pretio
2180 4528 2435 4582 vendunt.
2466 4529 2747 4600 Accipiant
2777 4514 3224 4595 sustentationem
3276 4543 3564 4598 necessita-

292 4631 384 4676 tur
410 4623 721 4692 Apostolus,
748 4641 869 4679 cum
895 4627 1010 4683 ιιωο
1034 4628 1236 4683 diceret
1262 4646 1382 4699 qua:
1432 4637 1869 4691 commemoravi.

288 4710 360 4764 Et
383 4711 602 4782 quidem
631 4714 926 4783 apostolus,
977 4732 1284 4788 quanquam
1342 4720 1568 4790 elegerit
1626 4727 1874 4782 manibus

285 4804 405 4859 suis
439 4806 682 4876 transigi,
705 4814 758 4861 et
790 4824 891 4862 nec
912 4809 1083 4879 ipsqu
1108 4810 1191 4864 lac
1210 4827 1451 4881 qumrerc
1482 4815 1548 4868 ab
1570 4816 1779 4881 ovibus,
1801 4827 1873 4873 ta-

286 4913 413 4951 men
434 4896 589 4952 lactis
610 4900 939 4970 percipiendi
968 4911 1288 4972 potestatem
1310 4907 1507 4962 habere
1533 4922 1590 4963 se
1634 4910 1788 4975 dixit,
1816 4919 1871 4967 et

284 4989 367 5042 sic
393 4988 678 5044 Dominum
705 4992 1053 5061 disposuisse,
1082 5004 1139 5050 ut
1168 4998 1257 5066 qui
1286 5000 1619 5071 evangelium
1658 5017 1868 5059 annun—

287 5080 446 5145 tiant,
484 5080 548 5135 de
570 5083 847 5152 evangelio
874 5085 1071 5140 vivant.
1100 5087 1168 5141 Et
1196 5088 1326 5143 dicit
1352 5090 1484 5146 alios
1529 5095 1867 5163 coapostolos

281 5186 415 5226 suos
438 5187 566 5227 usos
597 5172 763 5229 fuisse
784 5176 885 5230 hac
909 5186 1195 5245 potestate,
1228 5197 1332 5235 non
1359 5195 1637 5254 usurpata,
1658 5188 1754 5241 sed
1776 5189 1869 5242 da-

284 5272 359 5317 ta.
391 5260 519 5315 Plus
551 5262 639 5317 ille
663 5265 812 5330 fecit,
846 5276 905 5319 ut
931 5282 1029 5321 nee
1053 5271 1193 5337 quod
1230 5272 1541 5337 debebatur,
1576 5278 1864 5346 acciperet.

279 5351 405 5421 Ipse
432 5367 559 5423 ergo
586 5354 805 5410 donavit
827 5365 882 5411 et
904 5358 1159 5425 debitum,
1188 5363 1281 5415 sed
1307 5364 1375 5417 ab
1398 5365 1517 5419 aliis
1545 5382 1650 5420 non
1689 5370 1865 5438 exegit

279 5441 585 5495 indebitum
618 5441 733 5515 [ΑΙ.
764 5485 777 5509 ,
803 5446 897 5501 sed
926 5447 1062 5504 alius
1111 5466 1216 5504 non
1264 5453 1443 5522 exegit
1489 5456 1782 5511 indebitum
1807 5459 1860 5531 ].

278 5531 375 5585 Ille
401 5532 521 5603 plus
547 5532 675 5589 fecit
703 5555 717 5587 :
746 5535 990 5593 fortassis
1021 5541 1165 5594 enim
1200 5544 1371 5612 ipsum
1399 5546 1865 5620 significabat,qui

276 5640 489 5696 aegrum
533 5642 654 5682 cum
702 5629 998 5686 adduceret
1042 5634 1108 5688 ad
1157 5635 1530 5703 stabularium,
1587 5640 1721 5696 dixit
1756 5661 1767 5695 :
1801 5643 1862 5697 Si

356 5751 384 5780 ι
407 5739 539 5795 Tota
579 5756 811 5813 sequens
839 5746 1093 5816 periodus
1117 5749 1285 5805 deest.

1977 4616 2045 4669 tis
2088 4631 2118 4669 a
2154 4616 2369 4686 populo,
2427 4621 2731 4675 mercedem
2785 4624 3202 4695 dispensationis
3239 4644 3269 4682 a
3308 4629 3559 4687 Domino.

1977 4705 2091 4761 Non
2119 4708 2263 4762 enim
2297 4717 2381 4776 est
2411 4710 2634 4767 idoneus
2692 4716 2919 4786 populus
2983 4721 3210 4777 reddere
3256 4727 3559 4782 mercedem

1975 4795 2103 4861 illis,
2135 4799 2225 4867 qui
2254 4798 2357 4852 sibi
2392 4800 2446 4853 in
2498 4802 2762 4859 charitate
2799 4805 3074 4876 Evangelii
3116 4812 3380 4868 serviunt.
3440 4814 3556 4870 Non

1973 4896 2288 4956 exspectent
2310 4888 2383 4944 illi
2414 4894 2739 4960 mercedem,
2771 4895 2872 4949 nisi
2902 4898 3042 4952 unde
3080 4908 3135 4955 et
3167 4900 3254 4955 isti
3305 4902 3554 4962 salutem.

1975 4976 2113 5043 Quid
2155 4994 2284 5050 ergo
2327 4980 2447 5036 istis
2490 4982 2823 5054 increpatur,
2873 4987 3016 5041 unde
3059 4994 3392 5062 arguuntur?
3432 4995 3556 5063 quia

1975 5084 2097 5124 cum
2129 5071 2211 5126 lac
2240 5083 2539 5142 sumerent,
2563 5085 2618 5130 et
2642 5076 2778 5132 lanis
2807 5094 2866 5133 se
2891 5086 3154 5151 tegerent,
3206 5099 3334 5139 oves
3384 5086 3555 5156 negli-

1975 5161 2189 5229 gebant.
2219 5160 2327 5215 Sua
2353 5178 2482 5248 ergo
2512 5173 2715 5220 tantum
2744 5169 3080 5237 qumrebant,
3105 5187 3211 5227 non
3259 5189 3378 5243 quae
3421 5173 3550 5229 Jesu

1974 5249 2196 5305 Christi.
2226 5251 2329 5307 Sed
2367 5257 2617 5323 quoniam
2645 5253 2899 5327 diximus,
2941 5263 3068 5332 quid
3115 5265 3186 5318 sit
3228 5264 3313 5319 lac
3356 5280 3551 5320 consu-

1976 5356 2122 5395 mere
2150 5358 2475 5412 quaeramus,
2508 5350 2635 5420 quid
2661 5351 2730 5406 sit
2759 5351 2897 5409 lanis
2944 5364 3145 5427 tegere.
3192 5356 3292 5423 Qui
3346 5359 3550 5424 praebet

1971 5431 2072 5498 lac,
2101 5444 2283 5503 potum
2313 5441 2542 5507 prmbet;
2569 5450 2625 5497 et
2655 5444 2746 5513 qui
2787 5447 2989 5514 prmhet
3037 5448 3236 5512 lanam,
3288 5447 3544 5503 honorem

1972 5528 2191 5593 prtebct.
2220 5527 2322 5583 Ista
2346 5541 2472 5585 sunt
2496 5533 2619 5599 duo,
2655 5550 2774 5604 quze
2798 5552 2827 5589 a
2857 5538 3163 5604 pastoribus
3209 5546 3542 5605 quaeruntur,

1971 5610 2063 5681 Qui
2116 5615 2319 5685 seipsos
2372 5629 2620 5690 pascunt,
2668 5637 2774 5678 non
2835 5638 3004 5679 oves:
3034 5625 3372 5681 commodum
3419 5639 3546 5699 sup-
