3884 6192
510 359 611 414 839

1520 344 1925 403 AMALAIUUS
1962 342 2373 401 PRESBYTER
2416 344 2774 402 METENSIS.
3609 358 3686 413 ειο

508 468 714 543 pianda:
760 463 1112 522 necessitatis,
1150 469 1204 514 et
1250 459 1486 533 fat/vorem
1539 457 1760 511 honoris
1807 464 1861 509 ct
1916 453 2086 508 laudis
2112 453 2160 513 Α
2190 453 2253 506 ba
2282 452 2481 509 Christi
2511 456 2771 520 dicentes,
2796 455 2888 509 sed
2915 462 3125 521 nostra;
3149 458 3345 511 erimus
3364 468 3579 527 pastores
3595 479 3686 531 pas-

508 568 774 634 quaerunt.
820 558 1032 613 Etenim
1079 552 1460 609 vestimentum
1497 557 1782 620 propterea
1815 547 1951 601 bene
2002 545 2085 599 in-

510 652 762 721 telligitur
813 648 865 701 in
912 649 1137 708 honore,
1163 641 1286 711 quia
1329 640 1627 693 nuditatem
1675 637 1930 704 contegit.
1989 635 2085 689 Est

505 745 648 798 enim
684 739 1048 807 unusquisque
1076 735 1234 787 homo
1263 730 1525 784 infirmus.
1552 728 1617 781 Et
1639 728 1767 798 quid
1790 736 1895 789 ρει,
1939 725 2086 794 quis-

506 837 625 905 quis
670 834 821 888 vobis
874 838 1084 900 prmcst,
1148 828 1252 881 nisi
1312 824 1454 895 quod
1501 836 1597 876 vos
1645 817 1817 874 estis?
1853 816 2083 870 Carnem

503 934 700 997 portat,
737 923 978 977 mortalis
1006 929 1105 981 cst,
1138 919 1441 981 manducat,
1484 913 1701 975 dormit,
1753 909 1947 978 surgit,
1985 922 2083 960 na-

503 1028 590 1071 tus
613 1025 714 1081 cst,
739 1014 1032 1069 moriturus
1057 1017 1158 1064 est.
1187 1010 1245 1063 Si
1277 1023 1405 1078 ergo
1446 1006 1650 1075 cogites
1694 1002 1821 1073 quid
1868 1002 1957 1063 sit,
2002 1013 2086 1053 se-

502 1107 734 1161 cundum
772 1105 1007 1174 seipsum
1065 1103 1226 1155 homo
1283 1108 1407 1155 est:
1442 1106 1498 1153 et
1539 1106 1718 1151 tamen
1772 1091 2085 1148 honorando

501 1214 626 1253 eum
658 1198 804 1252 velut
838 1195 1103 1266 angelum,
1128 1191 1369 1262 contegis
1399 1188 1492 1263 [et
1538 1198 1593 1243 tu
1636 1185 1952 1265 honorando
2004 1190 2085 1237 ta-

502 1305 623 1345 men
678 1289 908 1358 amplius
940 1287 1086 1340 velut
1115 1281 1400 1353 contegis]
1452 1281 1594 1350 quod
1640 1278 1911 1332 inﬁrmum
1976 1283 2079 1329 est.

502 1383 691 1436 Videte
755 1378 1050 1449 cujusmodi
1115 1377 1486 1431 indumentum
1542 1377 1825 1439 acceperat
1861 1385 1891 1422 a
1942 1369 2083 1423 bona

483 1456 596 1527 'Dei
627 1473 779 1541 plebe
803 1471 944 1526 idem
975 1468 1192 1530 Paulus,
1232 1482 1353 1522 cum
1391 1460 1793 1518 diceret:Sicut
1842 1458 2083 1528 angelum

502 1561 597 1613 Dei
625 1561 894 1630 excepistis
918 1575 1016 1611 me.
1060 1556 1427 1610 Testimonium
1464 1553 1600 1607 enim
1646 1552 1784 1605 vobis
1820 1550 2081 1620 perhibeo,

499 1652 622 1720 quia
649 1652 692 1703 si
713 1652 830 1718 fieri
849 1657 1038 1719 posset,
1069 1645 1244 1700 oculos
1271 1653 1464 1698 vestros
1509 1642 1796 1707 eruissctis,
1838 1652 1884 1695 et
1913 1640 2084 1694 dedis-

501 1744 621 1795 setis
643 1737 998 1809 mihi((.‘alat.
1029 1737 1130 1807 ιι).
1177 1735 1283 1791 Sed
1314 1751 1436 1790 cum
1465 1742 1647 1788 tantus
1670 1732 1747 1787 illi
1784 1734 1956 1787 honor
1988 1746 2083 1786 cx-

2188 555 2371 601 centes
2396 549 2771 617 nosmetipsos,
2801 564 2907 602 non
2946 563 3092 602 oves.
3133 548 3264 603 Cum
3316 560 3480 605 autem
3517 554 3691 610 dixisset

2187 650 2306 705 quae
2327 637 2545 707 diligant
2590 639 2681 692 isti
2732 647 2997 708 pastores,
3052 640 3254 693 dicitet
3294 656 3409 709 qua:
3456 643 3689 713 negligant.

2188 728 2330 782 Vitia
2356 730 2498 783 enim
2527 730 2706 783 ovium
2736 729 2841 783 late
2889 737 3096 799 patent.
3143 728 3301 784 Sanae
3354 739 3502 800 atque
3542 749 3693 787 crasse

2138 865 2148 876 .
2187 833 2315 873 oves
2343 834 2623 889 perpaucae
2649 828 2795 887 sunt,
2820 821 2873 874 id
2897 830 2980 876 cst
3008 820 3191 875 solidae
3231 823 3283 875 in
3332 822 3444 877 cibo
3481 826 3694 888 veritatis.

2187 919 2403 967 utentes
2431 914 2646 983 pascuis
2678 914 2815 969 bene
2852 914 2918 968 de
2958 928 3179 968 munere
3225 914 3337 969 Dei.
3383 915 3478 970 Sed
3509 919 3614 971 mali
3640 921 3694 973 illi

2186 1011 2434 1073 pastores
2461 1020 2565 1057 non
2587 1013 2817 1075 parcunt
2841 1003 3056 1059 talibus.
3091 1004 3285 1058 Parum
3317 1017 3396 1061 est
3445 1010 3569 1076 quod
3609 1012 3698 1065 illas

2188 1092 2523 1164 languentes,
2558 1103 2613 1150 et
2637 1094 2898 1160 inﬁrmas,
2930 1104 2984 1149 et
3001 1104 3267 1161 errantes,
3293 1104 3344 1151 et
3371 1100 3581 1166 perditas
3615 1117 3695 1156 non

2187 1197 2383 1245 curant
2406 1207 2419 1243 :
2440 1190 2602 1246 etiam
2631 1191 2763 1246 istas
2786 1188 2954 1245 fortes
2981 1176 3033 1245 et
3066 1191 3289 1261 pingues
3338 1200 3527 1247 necant.
3563 1208 3697 1262 quan-

2187 1286 2302 1333 tum
2328 1279 2459 1349 ipsis
2484 1287 2594 1347 est;
2623 1290 2679 1333 et
2708 1279 2811 1333 illae
2837 1280 2882 1333 si
2915 1280 3120 1344 vivunt,
3163 1280 3229 1334 de
3266 1279 3603 1335 misericordia
3628 1282 3695 1337 Dei

2187 1367 2410 1432 vivunt;
2448 1376 2627 1422 tamen
2662 1376 2918 1438 quantum
2958 1368 3024 1421 ad
3049 1376 3294 1436 pastores
3333 1369 3485 1423 malos
3528 1371 3694 1431 attinet.

2180 1457 2458 1511 occidunt.
2490 1457 2787 1524 Quomodo,
2813 1456 3004 1525 inquit,
3038 1455 3468 1512 occidunt?Male
3497 1458 3694 1517 vivendo.

2188 1547 2389 1601 malum
2416 1546 2718 1617 exemplum
2742 1546 3049 1615 praebendo.
3079 1545 3162 1599 An
3193 1544 3385 1600 frustra
3427 1547 3601 1601 dictum
3635 1558 3697 1602 est

2188 1655 2348 1694 servo
2394 1640 2489 1695 Dei
2536 1640 2793 1694 eminenti
2823 1639 2877 1694 in
2932 1638 3194 1693 membris
3243 1639 3429 1693 summi
3480 1640 3693 1707 pastoris:

2188 1730 2343 1785 Circa
2371 1747 2545 1785 omnes
2574 1731 2793 1800 teipsum
2814 1728 3067 1782 bonorum
3090 1744 3303 1798 operum
3322 1728 3536 1800 pivrbens
3567 1746 3697 1782 exem-

500 1792 699 1883 bibitus
726 1792 889 1890 esset,
922 1792 1162 1894 nunquid
1185 1832 1404 1894 propter
1439 1825 1611 1894 ipsum
1665 1824 1923 1877 honorem
1978 1821 2078 1876 sibi
2112 1792 2160 1851 Β
2185 1818 2328 1890 plum
2350 1833 2367 1871 :
2391 1828 2438 1872 et
2458 1819 2629 1888 forma
2644 1792 2758 1873 uesta
2779 1817 3019 1886 ﬁdelibus
3043 1819 3060 1881 ί
3078 1792 3182 1871 Τ
3212 1834 3248 1872 ιι
3268 1792 3564 1887 )tAttendit
3588 1819 3694 1871 enim

499 1918 815 1981 exhibitum,
850 1932 918 1971 ne
946 1915 1084 1970 forte
1130 1922 1438 1985 negaretur,
1480 1923 1535 1969 et
1583 1914 1761 1968 minus
1822 1912 1910 1967 ille
1957 1928 2078 1968 cum

497 2017 747 2078 argueret
797 2007 1129 2070 laudaretur,
1175 2005 1417 2075 pepercit
1464 2004 1808 2059 errantibus?
1848 2002 1984 2057 Nam
2034 2003 2080 2057 si

497 2102 596 2154 hoc
619 2099 861 2164 fecisset,
892 2107 1035 2153 esset
1056 2098 1198 2152 inter
1238 2096 1357 2151 illos
1393 2097 1484 2164 qui
1527 2111 1586 2149 se
1634 2096 1779 2164 ipsos
1831 2102 2077 2164 pascunt,

495 2208 600 2245 non
632 2207 780 2246 oves.
810 2191 1029 2244 Diceret
1057 2190 1198 2260 apud
1223 2190 1478 2258 seipsum.
1511 2187 1649 2254 Quid
1684 2188 1750 2240 ad
1789 2203 1873 2241 me
1908 2187 2077 2255 perti-

495 2282 618 2336 net?
644 2281 872 2349 quisque
891 2281 1032 2348 quod
1058 2280 1200 2345 velit,
1228 2287 1368 2350 agat.
1396 2278 1583 2333 Victus
1606 2293 1757 2332 meus
1771 2277 1951 2332 salvus
1974 2285 2076 2341 est,
2100 2296 2106 2303 ί

495 2371 669 2424 honor
705 2385 858 2423 meus
884 2370 1065 2424 salvus
1087 2376 1190 2433 est,
1219 2378 1273 2422 et
1295 2369 1379 2422 lac
1406 2376 1462 2423 et
1486 2367 1609 2422 lana
1632 2367 1765 2422 satis
1790 2377 1874 2422 est
1922 2367 2075 2421 mihi.

494 2460 595 2515 Eat
623 2461 848 2530 quisque
869 2474 974 2528 qua
1004 2466 1197 2528 potest.
1226 2471 1250 2498 α
1282 2458 1425 2528 Ergo
1444 2458 1651 2528 integra
1696 2457 1792 2511 tibi
1820 2466 1947 2510 sunt
1966 2472 2081 2509 om-

492 2553 603 2618 nia,
637 2552 682 2605 si
704 2558 792 2605 eat
814 2551 1039 2619 quisque
1067 2565 1173 2619 qua
1200 2548 1412 2619 potest?
1455 2547 1589 2603 Nolo
1634 2555 1687 2602 te
1730 2547 2079 2617 prtepositum

494 2640 674 2696 facere
706 2655 720 2694 :
750 2655 916 2694 unum
946 2648 999 2694 te
1020 2639 1290 2694 constituo
1323 2639 1388 2692 de
1419 2638 1532 2707 ipsa
1558 2637 1733 2708 plebe.
1779 2635 1837 2691 Si
1875 2637 2081 2707 patitur

494 2746 663 2784 unum
718 2730 1040 2793 membrum,
1109 2727 1515 2796 compatiuntur
1578 2726 1760 2782 omnia
1814 2728 2074 2780 membra.

491 2820 727 2876 Proinde
756 2820 869 2888 ipse
888 2818 1162 2888 apostolus
1186 2832 1310 2871 cum
1333 2817 1413 2871 eis
1441 2825 1849 2882 commemorat,
1893 2815 2079 2885 quales

496 2910 695 2963 fuerint
722 2923 851 2976 erga
885 2908 1058 2973 illum,
1088 2922 1156 2961 ne
1173 2907 1327 2977 quasi
1348 2906 1547 2961 oblitus
1584 2922 1772 2961 eorum
1821 2906 2081 2960 honoriﬁ-

494 3002 684 3056 centia:
712 3001 1000 3062 videretur,
1033 2998 1395 3052 testimonium
1424 2998 1692 3067 perhibet,
1745 2997 1888 3065 quod
1938 2996 2078 3052 sicut

494 3093 741 3164 angelum
764 3091 859 3146 Dei
885 3091 1220 3161 susceperint
1258 3106 1379 3145 eum
1413 3108 1426 3143 :
1460 3090 1602 3159 quod
1629 3090 1674 3144 si
1703 3089 1821 3144 ﬁeri
1871 3100 2073 3160 posset,

493 3184 679 3240 oculos
709 3185 835 3238 suos
856 3182 1053 3236 vellent
1072 3196 1283 3247 eruere,
1307 3189 1361 3236 et
1388 3181 1461 3234 illi
1489 3181 1634 3235 dare.
1672 3181 1740 3234 Et
1771 3187 1952 3235 tamen
1988 3197 2079 3238 ac-
2105 3151 2151 3215 Ο

494 3277 642 3332 cedit
671 3275 733 3329 ad
769 3288 922 3329 ovem
941 3272 1245 3344 languidam
1266 3274 1354 3341 ,ad
1378 3287 1531 3326 ovem
1570 3272 1862 3342 putridam,
1897 3289 2082 3330 secare

494 3367 708 3433 vulnus,
743 3380 847 3420 non
883 3380 1105 3435 parcere
1139 3364 1430 3435 putredini.
1470 3363 1633 3434 Ergo,
1676 3364 1872 3435 inquit,
1908 3365 2081 3419 inimi~

492 3474 585 3511 cus
607 3456 777 3526 factus
823 3470 938 3507 sum
991 3452 1130 3507 vobis
1184 3451 1474 3523 prwdicans
1516 3453 1821 3506 veritatem?
1852 3452 1990 3507 Ecce
2029 3462 2083 3507 et

495 3546 703 3616 accepit
725 3546 788 3599 de
813 3544 951 3599 lacte
980 3544 1183 3609 ovium,
1205 3543 1343 3597 sicut
1370 3542 1529 3611 paulo
1549 3551 1674 3597 ante
1695 3558 2083 3598 commemora-

496 3640 700 3703 vimus;
733 3644 785 3692 et
813 3636 1030 3690 indutus
1060 3644 1140 3690 cst
1184 3634 1322 3689 lanis
1351 3634 1572 3689 ovium:
1609 3634 1702 3688 sed
1743 3642 1922 3688 tamen
1954 3650 2083 3689 oves

494 3747 601 3786 non
629 3729 884 3799 neglexit.
917 3726 1034 3779 Non
1062 3724 1204 3779 enim
1233 3741 1328 3780 sua
1356 3727 1654 3796 qumrebat,
1686 3725 1781 3780 sed
1805 3742 1923 3794 qua:
1956 3723 2079 3779 Jeszt

494 3821 714 3878 Christi.
739 3818 896 3872 Absit
913 3832 1039 3885 ergo
1062 3825 1117 3870 ut
1140 3818 1381 3871 dicamus
1403 3816 1587 3871 vobis:
1614 3815 1788 3870 Vivite
1808 3826 1865 3870 ut
1886 3814 2079 3883 vultis;

496 3909 673 3966 securi
707 3914 903 3970 estote,
944 3905 1086 3959 Deus
1118 3906 1387 3960 neminem
1430 3907 1635 3976 perdet.
1687 3906 2082 3963 Tantummodo

498 4002 657 4055 tidem
697 3996 1060 4053 Christianam
1093 4003 1271 4050 tenete
1306 4013 1318 4047 :
1358 4011 1464 4049 non
1502 3996 1692 4064 perdet
1730 3997 1815 4050 ille
1844 3999 1985 4066 quod
2000 4016 2084 4053 rc-

496 4091 692 4156 demit;
716 4104 822 4143 non
838 4087 1027 4158 perdet
1043 4100 1144 4155 pro
1168 4085 1364 4156 quibus
1384 4087 1699 4157 sanguinem
1737 4086 1889 4145 fudit.
1935 4090 2002 4143 Et
2037 4091 2080 4144 si

497 4180 813 4253 spectaculis
835 4178 1118 4233 volueritis
1139 4177 1416 4232 oblectare
1447 4168 1658 4233 animos
1699 4188 1928 4245 vestros,
1969 4181 2078 4245 ite;

500 4272 627 4342 quid
652 4270 771 4324 mali
803 4267 987 4323 est?et
1009 4265 1145 4321 festa
1170 4267 1293 4332 ista,
1316 4281 1434 4337 qute
1465 4266 1809 4325 celebrantur
1839 4282 1936 4337 per
1963 4269 2082 4322 uni-

497 4378 708 4417 versam
735 4360 1007 4416 civitatem
1039 4358 1093 4411 in
1124 4357 1308 4411 lietitia
1346 4358 1767 4423 convivantium,
1811 4367 1865 4414 et
1906 4360 2082 4429 publi-

2182 1909 2318 1973 ovis,
2371 1909 2534 1962 etiam
2594 1906 2769 1972 fortis,
2834 1908 3155 1978 plerumque
3207 1911 3528 1980 prmpositum
3579 1926 3694 1964 suum

2182 1997 2322 2052 male
2355 1998 2648 2063 viventem,
2679 1998 2725 2052 si
2753 1998 2986 2052 declinet
3021 1999 3210 2054 oculos
3238 2015 3268 2053 a
3295 2000 3481 2069 regulis
3513 1999 3692 2054 Domini.

2181 2088 2414 2144 lntendit
2443 2089 2824 2153 imbominem,
2852 2088 3037 2157 incipit
3069 2089 3255 2144 dicere
3305 2090 3356 2143 in
3409 2090 3553 2151 corde
3591 2102 3691 2141 suo:

2183 2179 2241 2234 Si
2267 2179 2585 2250 prazpositus
2616 2194 2766 2233 meus
2789 2179 2867 2233 sic
2888 2180 3038 2243 vivit,
3067 2195 3172 2249 ego
3202 2179 3322 2249 quis
3358 2194 3483 2240 sum,
3510 2177 3585 2246 qui
3618 2191 3692 2229 non

2182 2262 2377 2326 faciam
2400 2273 2541 2342 quod
2566 2272 2655 2327 ille
2685 2272 2850 2326 facit?
2883 2273 3079 2327 occidit
3104 2289 3260 2329 ovem
3293 2273 3488 2327 fortem.
3527 2271 3572 2325 Si
3617 2270 3695 2323 far.

2181 2371 2291 2417 tem
2319 2378 2447 2433 ergo
2474 2363 2674 2417 occidit
2698 2377 2877 2427 ovem,
2898 2362 3010 2432 jam
3043 2363 3113 2417 de
3162 2365 3365 2418 czcteris
3404 2363 3518 2433 quid
3560 2360 3689 2415 faciet.

2182 2453 2275 2521 qui
2312 2453 2462 2519 illud,
2494 2454 2636 2522 quod
2666 2468 2774 2507 non
2828 2453 2943 2522 ipse
2994 2453 3431 2517 fructiﬁcaverat,
3474 2453 3554 2507 sed
3593 2450 3693 2504 forte

2183 2555 2276 2599 aut
2323 2545 2601 2599 robustum
2658 2546 2959 2611 invenerat,
3003 2546 3150 2600 male
3199 2548 3416 2601 vivendo
3458 2542 3692 2599 interfecit?

2182 2636 2313 2690 Dico
2339 2635 2593 2689 charitati
2641 2643 2838 2690 vcstrte
2885 2652 2950 2691 ac
2989 2637 3191 2691 iterum
3238 2636 3511 2690 dicozEIsi
3552 2635 3689 2687 vivunt

2181 2740 2330 2791 oves,
2356 2727 2457 2780 etsi
2485 2725 2652 2781 fortes
2675 2736 2804 2780 sunt
2829 2742 2958 2782 oves
2984 2728 3038 2781 in
3065 2728 3236 2782 verbo
3260 2727 3537 2791 Domini,et
3555 2732 3691 2778 tenent

2181 2815 2311 2870 illud
2346 2817 2488 2886 quod
2512 2817 2799 2871 audierunt
2829 2833 2858 2870 a
2878 2817 3115 2872 Domino
3141 2833 3275 2874 suo:
3313 2818 3432 2883 Qua:
3456 2818 3618 2879 dicunt,
3632 2814 3684 2883 [a-

2181 2905 2279 2959 cite
2304 2920 2321 2957 :
2343 2922 2460 2976 qua:
2489 2916 2662 2960 autem
2685 2906 2908 2975 faciunt,
2940 2907 3121 2977 facere
3142 2908 3299 2963 nolite
3320 2906 3518 2979 (Matth.
3540 2903 3682 2975 χιιιι)ἱ

2181 3005 2363 3051 tamen
2388 2996 2480 3066 qui
2507 2996 2562 3051 in
2591 3007 2879 3066 conspectu
2919 2997 3102 3067 populi
3142 2998 3281 3053 male
3313 2999 3451 3063 vivit,
3485 3003 3685 3065 quantum

2183 3088 2239 3142 in
2266 3088 2358 3143 illo
2387 3096 2491 3153 est,
2518 3104 2641 3142 eum
2671 3105 2701 3141 a
2730 3104 2836 3157 quo
2877 3089 3204 3154 attenditur,
3246 3089 3452 3145 occidit.
3485 3086 3578 3142 Non
3615 3082 3686 3138 sibi

2182 3194 2311 3251 ergo
2333 3180 2659 3243 blandiatur,
2685 3180 2809 3249 quia
2839 3179 2929 3233 ille
2977 3196 3084 3233 non
3143 3189 3226 3235 est
3274 3187 3496 3235 mortuus
3520 3196 3530 3229 :
3552 3183 3594 3229 et
3627 3172 3687 3225 ille

2182 3274 2337 3339 vivit,
2373 3278 2427 3325 et
2461 3270 2562 3326 iste
2602 3270 2869 3326 homicida
2900 3279 3001 3325 est.
3046 3269 3333 3337 Quomodo
3374 3286 3481 3326 cum
3516 3265 3687 3321 lascivus

2184 3370 2344 3424 homo
2367 3366 2598 3421 intendit
2620 3364 2671 3418 in
2699 3362 3077 3437 mulierem_ad
3098 3363 3553 3436 concupiscendum
3582 3372 3681 3415 eam.

2183 3475 2312 3516 ecce
2342 3458 2431 3512 illa
2466 3464 2616 3512 casta
2662 3463 2765 3519 est,
2822 3461 2877 3508 et
2910 3456 3218 3511 mtechatus
3261 3463 3342 3511 est
3384 3455 3488 3509 iste.
3529 3445 3680 3505 Domini

2183 3554 2327 3609 enim
2359 3566 2487 3606 vera
2512 3557 2565 3604 et
2591 3548 2775 3618 aperta
2824 3555 2907 3602 est
2950 3549 3223 3603 sententia
3249 3566 3263 3602 :
3290 3546 3510 3617 Quisquis
3550 3538 3680 3595 viderit

2183 3641 2452 3697 mulierem
2479 3640 2547 3694 ad
2569 3637 3033 3708 concupiscendum
3061 3655 3198 3703 eain,
3217 3639 3331 3708 jam
3363 3634 3599 3691 moechatus
3629 3635 3679 3680 est

2182 3752 2295 3790 eam
2323 3735 2379 3787 in
2412 3731 2567 3786 corde
2586 3747 2680 3785 suo
2708 3730 2934 3803 (Matth.
2958 3747 2990 3783 v
3010 3728 3055 3802 ).
3090 3730 3206 3785 Non
3229 3714 3457 3801 pervenit
3487 3725 3542 3779 ad
3580 3720 3679 3775 illius

2183 3822 2510 3887 cubicnltun,
2537 3829 2591 3876 et
2606 3822 2659 3874 in
2675 3821 2932 3875 interiore
2947 3818 3062 3889 jam
3080 3837 3178 3876 suo
3204 3818 3434 3875 cubiculo
3458 3815 3678 3870 volutatur-

2185 3916 2276 3970 Sic
2299 3913 2474 3968 omnis
2502 3911 2593 3981 qui
2617 3909 2757 3965 male
2782 3910 2916 3963 vivit
2940 3910 2993 3963 in
3031 3918 3322 3980 conspectu
3351 3921 3514 3963 eorum
3541 3901 3680 3970 quibus

2182 4003 2497 4076 prazpositus
2509 4009 2613 4067 est,
2624 4008 2883 4069 quantum
2897 4000 2950 4054 in
2968 4000 3088 4069 ipso
3099 4009 3202 4067 est,
3216 3999 3402 4076 occidit
3412 3997 3549 4053 etiam
3561 3992 3680 4046 fortis

2182 4108 2333 4148 oves.
2372 4091 2474 4158 Qui
2523 4105 2652 4160 ergo
2681 4089 2923 4143 imitatur
2946 4092 3297 4159 praepositum
3333 4068 3528 4148 malum,
3558 4079 3680 4136 mori-

2185 4194 2303 4249 tur;
2332 4183 2423 4251 qui
2442 4197 2548 4235 non
2571 4181 2830 4243 imitatur,
2854 4180 3016 4232 vivit:
3045 4188 3226 4236 tamen
3248 4187 3487 4251 quantum
3500 4174 3554 4229 ad
3572 4170 3677 4224 illum

2182 4276 2440 4345 pertinet,
2464 4271 2652 4326 ambos
2678 4270 2897 4325 occidit.
2928 4269 2996 4323 Et
3026 4273 3168 4342 quod
3189 4287 3413 4324 crassum
3431 4276 3511 4330 est,
3536 4258 3678 4329 inquii.

2182 4367 2538 4436 interfecistis,
2578 4374 2627 4418 et
2666 4380 2780 4418 oves
2813 4380 2953 4416 meas
2984 4380 3090 4417 non
3127 4364 3352 4435 pascitis.
3381 4362 3484 4416 Jam
3511 4349 3679 4409 audistis

497 4455 577 4510 cis
603 4452 803 4506 mensis
832 4449 1035 4518 scipsos
1065 4450 1153 4519 (ut
1179 4447 1401 4521 putant)
1417 4448 1851 4518 jucundantium,
1891 4467 1948 4507 re
1990 4468 2081 4507 γον
2109 4493 2158 4552 D
2183 4458 2313 4530 quid
2357 4456 2599 4525 diligant,
2642 4455 2817 4509 videte
2846 4454 2973 4522 quid
3003 4456 3298 4526 negligant.
3325 4451 3464 4519 Quod
3498 4445 3678 4513 inﬁrma

501 4561 559 4598 ra
586 4541 948 4613 perdentium,
983 4539 1074 4602 ite,
1106 4539 1375 4595 celebrate
1402 4540 1578 4593 securi
1607 4558 1619 4592 :
1648 4556 1839 4611 magna
1869 4550 1952 4596 est
1982 4542 2077 4595 Dci

501 4631 895 4693 misericordia,
924 4643 1042 4697 quae
1071 4636 1242 4681 totum
1285 4629 1543 4698 ignoscat.
1576 4628 1842 4684 Coronate
1876 4646 1969 4684 vos
1995 4646 2083 4684 ro-

501 4723 596 4784 sis,
669 4728 955 4787 antequam
1007 4726 1364 4773 marcescant.
1424 4719 1481 4772 ln
1528 4718 1687 4773 domo
1739 4719 1832 4772 Dei
1893 4720 2079 4783 vestri,

501 4813 716 4882 quando
742 4809 1041 4873 volueritis,
1082 4808 1795 4877 convivamini:implemini
1852 4809 1972 4862 cibo
2029 4818 2083 4865 et

503 4902 630 4953 vino
655 4916 774 4955 cum
806 4899 1019 4953 vestris.
1048 4901 1128 4954 Ad
1154 4900 1254 4955 hoc
1278 4899 1419 4953 enim
1451 4899 1573 4953 data
1589 4906 1672 4953 est
1696 4899 1794 4952 ista
1812 4911 2077 4967 creatura,

503 5000 565 5043 ut
594 5005 655 5043 ea
678 4988 1054 5058 pe.fruamini.
1085 4990 1199 5046 Non
1226 4991 1370 5045 enim
1394 4990 1619 5059 paganis
1653 4999 1708 5043 et
1734 4989 1913 5060 impiis
1961 5007 2081 5046 eam

505 5082 652 5135 dedit
675 5080 839 5145 Deus,
867 5088 922 5134 et
946 5080 1098 5134 vobis
1135 5096 1240 5135 non
1290 5080 1453 5135 dedit.
1505 5080 1628 5134 llaec
1674 5080 1721 5133 si
1766 5080 2081 5147 dixerimus,

506 5171 645 5225 forte
684 5171 1127 5241 congregabimns
1168 5171 1353 5224 turbas
1399 5169 1706 5238 ampliores.
1762 5171 1830 5225 Et
1872 5173 1915 5225 si
1962 5180 2087 5226 sunt

506 5259 743 5331 quidam,
778 5260 868 5329 qui
911 5260 1149 5314 sentiant
1181 5276 1279 5316 nos
1322 5261 1437 5314 haec
1491 5259 1732 5315 dicentes
1781 5279 1886 5316 non
1938 5271 2086 5318 recte

508 5368 714 5421 sapere,
745 5367 945 5423 paucos
973 5352 1315 5418 offendimus,
1362 5353 1453 5406 sed
1503 5351 1896 5409 multitudinem
1950 5371 2080 5410 con-

510 5443 773 5498 ciliamus.
804 5444 955 5510 Quod
976 5443 1021 5496 si
1055 5442 1336 5497 let-erimus
1365 5457 1467 5495 non
1498 5442 1659 5497 verba
1696 5442 1811 5507 Dei,
1839 5461 1945 5499 non
1965 5460 2084 5499 ver-

582 5589 607 5647 e
642 5577 797 5632 Deest
829 5587 938 5635 tota
970 5578 1085 5633 [KRC
1113 5576 1564 5647 periodusiusque
1592 5578 1659 5632 ad
1688 5579 1805 5633 nolo
1833 5588 1901 5633 te.

523 5712 534 5722 .
648 5647 702 5698 in
733 5650 963 5701 editione
1012 5646 1281 5722 Sirtnondi
1311 5663 1328 5722 ἶ
1363 5646 1675 5722 Infirmatur
1711 5650 1837 5722 ovis,
1885 5650 1941 5703 id
1968 5658 2076 5715 est,

515 5715 777 5778 infirmum
807 5734 895 5770 cor
932 5718 1081 5784 geri.‘,
1111 5727 1165 5769 ut
1190 5717 1349 5787 possit
1381 5716 1557 5770 cedere
1599 5719 1968 5773 tentationibus
1997 5721 2081 5773 in-

2189 4561 2299 4605 tum
2337 4557 2433 4613 est,
2464 4564 2568 4601 non
2599 4547 2933 4616 confortastis
2950 4564 2969 4611 ;
2996 4557 3042 4601 et
3072 4549 3212 4618 quod
3247 4545 3377 4600 male
3400 4540 3569 4600 habuit,
3606 4548 3678 4585 που

2187 4632 2597 4702 corro'borastis;
2623 4646 2671 4691 et
2695 4637 2833 4707 quod
2857 4638 3260 4692 contribulatum
3282 4646 3371 4701 est,
3396 4644 3439 4688 et
3457 4627 3573 4702 quod
3592 4637 3679 4677 con-

2186 4729 2415 4799 fractum
2454 4738 2552 4793 est,
2576 4743 2679 4780 non
2702 4726 3020 4797 colligastis;
3050 4738 3097 4781 et
3119 4728 3257 4798 quod
3293 4725 3499 4785 errabat,
3522 4733 3603 4771 non
3624 4727 3674 4763 rc-

2187 4818 2453 4880 vocastis;
2482 4826 2528 4870 et
2553 4816 2690 4886 quod
2713 4817 2887 4885 periit,
2920 4833 3020 4870 non
3050 4817 3368 4887 inquisistis;
3391 4806 3566 4880 etquod
3582 4803 3677 4872 l0?"

2189 4906 2310 4975 fuit,
2351 4906 2697 4977 confregistis,
2722 4905 3073 4975 interfecistis,
3098 4906 3374 4960 occidistis.
3410 4901 3439 4940 »ι’
3460 4895 3675 4951 inﬁrmum

2186 4999 2384 5068 quippe
2407 4996 2647 5051 animum
2688 4997 2828 5066 gerit
2881 4998 3014 5063 ovis,
3052 4998 3265 5067 quando
3294 4989 3582 5050 tentationes
3602 4978 3674 5034 sibi

2183 5086 2492 5159 profuturas
2511 5101 2618 5142 non
2648 5087 2842 5141 credit.
2873 5089 3067 5143 Pastor
3090 5086 3377 5158 negligens,
3411 5075 3593 5149 quando
3619 5069 3675 5121 sic

2186 5179 2361 5234 credit
2403 5178 2527 5233 talis
2569 5178 2839 5245 inﬁrmus,
2871 5194 2978 5234 non
3020 5179 3094 5233 illi
3127 5178 3293 5234 dicit:
3322 5172 3440 5237 Fili,
3480 5161 3672 5221 accedens

2188 5268 2255 5321 ad
2281 5268 2574 5322 servitutem
2600 5267 2719 5332 Dei,
2744 5277 2825 5321 sta
2847 5269 2901 5321 in
2922 5268 3133 5338 Justitia
3156 5267 3407 5325 ettimone,
3424 5268 3466 5313 et
3486 5258 3671 5327 prima”

2187 5361 2419 5415 animam
2454 5369 2599 5413 tuam
2633 5360 2702 5413 ad
2741 5361 3073 5414 tentationcm
3110 5357 3293 5430 (Eccli.
3340 5354 3415 5424 ιι).
3445 5348 3531 5416 Qui
3563 5338 3668 5396 enim

2119 5522 2122 5525 Α
2185 5454 2300 5509 haec
2337 5453 2592 5522 loquitur,
2645 5454 2916 5509 confortat
2961 5454 3250 5515 infirmum,
3289 5456 3343 5504 et
3392 5461 3463 5505 ex,
3504 5437 3668 5494 infirm0

2187 5596 2341 5639 cauto
2369 5594 2416 5638 et
2444 5584 2700 5654 imparato
2731 5583 3216 5655 supervenientibus.
3245 5578 3423 5655 Pastgr
3440 5572 3664 5655 malitﬁ‘;

2186 5656 2395 5764 qiuando
2420 5641 2580 5707 credit
2609 5656 2756 5713 talis,
2794 5641 2897 5709 non
2927 5654 3000 5709 illi
3031 5654 3175 5715 dicit,
3203 5659 3302 5704 etc.
3348 5641 3666 5726 Ημιοζιςρηο

2238 5724 2429 5764 mil-nni
2461 5724 2662 5764 nmiipic
2684 5727 2929 5764 nnnvnnil
2969 5739 3084 5764 ριιιη
3122 5722 3337 5764 lectione
3364 5715 3621 5764 διτωοῖιειι-

2236 5724 2429 5778 aticani
2461 5724 2662 5778 codicis
2684 5727 2933 5779 convenit
2969 5739 3084 5778 cum
3120 5722 3337 5776 lectione
3364 5715 3621 5768 Sirmomti.
