3884 6192
224 230 332 284 εει

813 229 1091 287 REGULA
1132 231 1630 293 CANONICORUM
1672 236 1758 290 AB
1794 236 2155 294 AMALARIO
2193 238 2570 296 COLLECTA.
2613 273 2681 282 —
2717 243 2843 299 LIB.
2887 247 2924 298 l.

3391 251 3495 306 8:9.

228 347 370 403 facit
399 345 634 409 ﬁrmum,
687 354 744 399 ut
773 362 878 401 non
909 347 1000 402 ille
1042 365 1164 403 cum
1200 332 1510 414 crediderit,
1558 365 1815 421 prospera
1846 356 1893 414 Α
1921 366 1989 406 ne
2038 353 2091 406 in
2124 351 2322 406 futuris
2373 355 2763 410 tcntationibus
2809 355 3025 410 deﬁciat
3079 358 3350 424 inﬁrmus,
3401 379 3503 420 nec

227 439 396 507 hujus
425 438 606 493 saeculi
651 449 852 508 speret.
886 439 942 494 Si
969 441 1114 496 enim
1141 443 1331 498 doctus
1383 442 1548 497 fuerit
1589 459 1811 512 Sperare

225 545 494 600 prospera
533 529 690 600 hujus
722 531 942 594 szeculi,
981 532 1093 602 ipsa
1123 535 1485 604 prosperitate
1515 539 1815 606 corrumpi-

227 631 344 685 tur,
375 621 886 690 supervenientibus
921 624 1342 679 adversitatibus
1372 626 1671 690 sauciatur,
1720 637 1816 681 aut

228 712 486 768 fortassis
524 713 907 782 exstinguitur.
940 713 1055 768 Non
1085 731 1217 786 ergo
1245 730 1366 770 eum
1392 718 1626 772 aediﬁcat
1652 733 1816 788 super

223 814 462 873 petram,
513 803 606 872 qui
635 803 716 858 sic
754 803 1009 868 aediﬁcat,
1038 806 1132 860 sed
1155 821 1319 875 super
1348 823 1566 862 arenam
1600 808 1816 880 [funda-

223 892 500 965 mentum]
531 894 702 964 ponit.
738 892 896 948 Petra
919 904 1094 949 autem
1136 906 1249 950 erat
1273 896 1511 952 Christus
1557 899 1645 970 (II
1686 898 1810 954 Cor.

225 988 309 1054 ς).
342 984 540 1039 Christi
575 985 858 1053 passiones
887 984 1162 1040 imitandae
1187 995 1332 1053 sunt,
1357 1004 1462 1043 non
1488 1005 1518 1043 a
1550 989 1815 1045 Christia-

227 1079 318 1131 nis
351 1076 558 1130 delicize
592 1077 993 1145 conquirendm.
1026 1076 1380 1133 Confortatur
1403 1080 1652 1135 inﬁrmus
1687 1097 1811 1135 cum

223 1171 279 1223 ei
306 1169 525 1232 dicitur,
559 1167 750 1238 Spera.
781 1169 1069 1222 lmminent
1094 1171 1314 1239 quidem
1356 1175 1687 1229 tentationes
1710 1176 1810 1230 hu-

216 1258 316 1326 jus
340 1257 541 1320 szeculi,
571 1258 665 1312 sed
695 1258 763 1311 ab
789 1258 1042 1314 omnibus
1067 1268 1119 1314 te
1135 1257 1303 1316 ~eruet
1326 1262 1606 1329 Dominus,
1657 1267 1704 1319 si
1744 1267 1812 1320 ab

227 1348 328 1402 illo
369 1363 473 1401 non
501 1347 800 1402 recesserit
829 1357 977 1403 retro
1002 1364 1096 1404 cor
1124 1359 1296 1406 tuum.
1331 1353 1464 1408 Nam
1489 1357 1556 1409 ad
1593 1356 1813 1411 confor-

227 1438 453 1492 tandam
476 1451 572 1492 cor
597 1445 747 1491 tuum
777 1439 927 1493 venit
955 1439 1042 1494 ille
1068 1443 1200 1510 pati,
1228 1444 1380 1498 venit
1411 1445 1500 1500 ille
1530 1449 1687 1509 mori,
1719 1463 1812 1503 ve-

225 1524 515 1598 nit'sputis
541 1527 746 1594 illiniri,
779 1529 927 1582 venit
955 1531 1125 1600 spinis
1147 1535 1417 1599 coronari,
1445 1537 1593 1590 venit
1614 1553 1811 1607 oppro-

223 1619 352 1673 bria
393 1620 601 1684 audire,
638 1621 787 1675 venit
832 1631 1108 1691 postremo
1143 1625 1288 1696 ligno
1337 1629 1553 1699 conﬁgi.
1614 1631 1808 1685 Omnia

1919 441 2053 497 falsa
2099 458 2196 513 spe
2223 444 2573 514 decipiendus
2598 455 2700 509 est,
2745 462 2848 501 nec
2890 455 3098 503 terrore
3150 451 3496 524 frangendus.

1917 530 2076 587 Dices
2112 533 2160 587 ei
2195 551 2207 586 :
2243 533 2499 604 Pra’para
2547 536 2778 589 animum
2826 545 2971 590 tuam
3024 539 3092 592 ad
3131 545 3500 611 tentationem,

1916 630 1970 675 ct
2002 622 2140 677 forte
2179 624 2368 694 incipit
2402 624 2532 689 labi,
2567 629 3008 694 contremiscere,
3042 631 3183 686 nolle
3217 637 3500 690 accedere.

1917 715 2096 770 Habes
2122 727 2176 770 et
2199 717 2343 772 aliud
2370 735 2381 769 :
2415 716 2616 771 Fidelis
2653 718 2794 772 Deus
2820 722 2909 790 qui
2935 739 3039 776 non
3071 740 3157 776 vos
3206 725 3338 780 sinet
3391 737 3502 782 ten--

1916 811 2020 862 tari
2055 826 2214 880 supra
2253 827 2411 880 quam
2437 813 2648 882 potestis
2671 812 2807 881 ferre
2853 813 2902 885 (1
2936 815 3058 869 Cor.
3093 815 3168 886 Χ).
3199 817 3500 874 llludcnini

1916 903 2252 969 promittere,
2302 910 2357 956 et
2381 903 2680 972 praedicere
2707 914 2967 985 venturas
2997 909 3296 976 passiones,
3351 913 3498 967 inﬁr-

1917 1009 2063 1046 mum
2103 994 2428 1050 conﬁrmare
2453 1006 2556 1051 cst.
2589 996 2820 1052 Timenti
2851 1011 3030 1054 autem
3064 1003 3315 1071 nimium,
3353 1015 3408 1060 et
3433 1023 3499 1061 ex

1916 1083 2018 1136 hoc
2051 1083 2334 1148 deterrito,
2389 1101 2511 1140 cum
2563 1087 2838 1156 polliceris
2890 1091 3316 1150 misericordiam
3372 1095 3500 1162 Dei,

1915 1187 2020 1226 non
2052 1175 2177 1242 quia
2209 1176 2538 1231 tentationes
2569 1178 2820 1243 deerunt,
2853 1181 2947 1233 sed
2977 1181 3102 1250 quia
3135 1199 3240 1238 non
3269 1188 3497 1256 permit-

1916 1264 1980 1317 tit
2013 1267 2213 1320 tentari
2239 1281 2402 1337 supra
2430 1283 2593 1338 quam
2627 1267 2772 1324 ferre
2814 1279 3012 1339 potest,
3065 1273 3296 1330 fructum
3345 1279 3498 1333 colli-

1913 1369 2042 1424 gere
2072 1365 2177 1411 est.
2228 1356 2534 1426 Sequitur:
2569 1357 2723 1424 Quod
2774 1361 3100 1429 inﬁrmatam
3143 1375 3238 1432 est,
3285 1368 3499 1438 inquit,

1913 1463 2016 1500 non
2046 1448 2404 1517 confortastis.
2433 1450 2754 1505 Pastoribus
2800 1453 2956 1509 malis
2985 1455 3137 1522 dicit,
3195 1461 3502 1528 pastoribus

1914 1537 2087 1604 falsis,
2115 1542 2429 1609 pastoribus
2480 1558 2576 1597 sua
2635 1545 3021 1613 quaerentibus,
3056 1564 3162 1603 non
3212 1566 3332 1620 quae
3373 1552 3499 1609 Jesu

1912 1631 2139 1697 Christi,
2195 1642 2250 1688 et
2287 1637 2574 1690 commodo
2625 1635 2782 1690 lactis
2827 1646 2882 1692 et
2927 1638 3064 1693 lana:
3116 1643 3494 1710 gaudentibus,

221 1709 346 1763 haec
376 1708 462 1762 ille
484 1725 581 1779 pro
610 1720 700 1764 te:
727 1718 782 1764 tu
815 1712 949 1766 nihil
978 1729 1077 1782 pro
1099 1715 1211 1780 illo,
1254 1717 1350 1772 sed
1377 1733 1478 1788 pro
1511 1727 1582 1774 te.
1609 1719 1809 1788 Quales
1838 1715 1884 1774 B
1912 1736 2042 1777 oves
2071 1724 2292 1778 omnino
2328 1741 2433 1780 non
2465 1727 2802 1781 curantibus.
2833 1727 2902 1780 Et
2929 1718 3067 1798 quod
3105 1708 3242 1784 male
3290 1735 3496 1800 habuit,

217 1809 412 1854 autem
443 1810 587 1865 sunt,
617 1803 711 1872 qui
744 1803 998 1860 timentes
1018 1807 1118 1860 hos
1145 1807 1339 1863 lasdcre
1359 1810 1556 1878 quibus
1581 1813 1810 1882 loquun-

221 1899 337 1953 tur,
371 1907 475 1944 non
497 1891 670 1946 solum
692 1908 800 1948 non
827 1905 1133 1966 praeparant
1153 1899 1224 1954 ad
1254 1900 1602 1959 imminentes
1632 1913 1810 1960 tenta-

221 1981 424 2045 tiones,
440 1981 533 2036 sed
555 1984 722 2037 etiam
747 1985 1073 2054 promittunt
1099 1987 1411 2046 felicitatem
1443 1993 1600 2064 hujus
1625 1998 1806 2053 saeculi

221 2087 394 2141 quam
437 2073 581 2128 Deus
625 2075 728 2143 ipsi
763 2079 959 2133 smculo
987 2094 1092 2135 non
1121 2084 1400 2151 promisit;
1439 2087 1526 2142 ille
1561 2092 1808 2159 przedicit

219 2163 446 2218 labores
475 2179 638 2234 super
683 2167 892 2224 labores
922 2187 1092 2240 usque
1126 2174 1178 2228 in
1213 2175 1373 2231 ﬁnem
1397 2189 1656 2238 venturos
1704 2185 1807 2254 ipsi

220 2251 452 2316 saeculo,
488 2263 543 2306 et
574 2262 627 2308 tu
663 2257 747 2312 vis
772 2259 841 2312 ab
868 2260 998 2330 ipsis
1025 2262 1300 2321 laboribus
1347 2279 1634 2340 exceptum
1687 2251 1807 2330 esse

213 2345 628 2403 Christianum?
651 2352 777 2420 quia
804 2352 1146 2413 Christianus
1171 2369 1278 2426 est,
1311 2361 1514 2433 aliquid
1542 2366 1663 2435 plus
1682 2385 1807 2439 pas-

214 2451 389 2491 surus
421 2447 506 2493 est
561 2440 618 2494 in
667 2443 770 2498 hoc
809 2447 1024 2502 steculo.
1064 2449 1276 2506 Etenim
1324 2455 1402 2508 ait
1447 2455 1741 2527 Apostolus
1788 2477 1802 2515 :

221 2527 425 2583 Omnes
455 2532 546 2600 qui
579 2533 753 2588 volunt
802 2536 859 2589 in
901 2536 1110 2594 Christo
1136 2541 1218 2611 pie
1256 2545 1438 2609 vivere,
1487 2551 1806 2617 persecutio-

215 2637 342 2674 nem
362 2623 628 2691 patientur
657 2625 710 2696 (1
742 2626 876 2682 Tim.
905 2630 1011 2701 ιιι).
1042 2631 1161 2688 Jam
1192 2635 1236 2690 si
1264 2635 1359 2690 tibi
1386 2638 1565 2706 placet
1615 2651 1806 2711 pastor

213 2726 319 2766 sua
351 2728 620 2781 quaerens,
655 2733 760 2772 non
785 2734 904 2789 quae
928 2721 1055 2778 Jesu
1079 2724 1303 2790 Christi,
1332 2729 1419 2784 ille
1460 2732 1604 2786 dicat
1633 2751 1646 2786 :
1676 2733 1804 2789 Om-

213 2820 312 2858 nes
345 2805 436 2874 qui
465 2807 641 2860 volunt
690 2809 743 2862 iu
793 2809 1004 2867 Christo
1027 2817 1110 2883 pie
1161 2818 1344 2885 vivere,
1390 2826 1802 2891 persecutionem

211 2896 490 2965 patientur
509 2912 528 2949 :
560 2907 616 2953 et
645 2909 699 2954 tu
725 2903 834 2968 die,
867 2905 912 2962 si
937 2905 990 2959 in
1021 2907 1239 2964 Christo
1269 2913 1355 2980 pie
1390 2915 1613 2984 vixeris,
1637 2919 1803 2974 abun-

213 2986 429 3040 dabunt
453 2988 547 3042 tibi
569 2991 749 3045 omnia
773 2994 934 3059 bona,
964 3004 1019 3050 et
1047 2998 1090 3052 si
1119 2999 1255 3055 ﬁlios
1278 3017 1386 3057 non
1416 3005 1644 3075 habens,
1675 3024 1798 3066 sus-

1911 1832 2016 1869 non
2043 1816 2441 1872 corroborastis.
2491 1819 2638 1875 Inter
2692 1819 2962 1875 inﬁrmum
3003 1821 3078 1893 (id
3123 1831 3228 1888 est,
3261 1841 3366 1879 non
3397 1826 3491 1879 ﬁr-

1910 1907 2081 1979 mum)
2110 1918 2165 1963 et
2192 1916 2454 1980 tegrotum
2485 1909 2561 1982 (id
2590 1919 2693 1975 est,
2719 1911 2860 1966 male
2891 1913 3203 1984 habentem)
3232 1917 3335 1971 hoc
3363 1918 3495 1972 mibi

1909 1997 2128 2052 videtur
2152 1998 2436 2055 interesse.
2454 2001 2668 2056 Etenim
2694 2002 2837 2058 inter
2863 2005 2988 2069 ista,
3005 2006 3218 2073 fratres,
3245 2023 3364 2079 quae
3386 2011 3497 2066 dis-

1913 2092 2158 2160 tinguere
2212 2102 2490 2164 utcunque
2540 2109 2825 2159 conamur,
2876 2097 3016 2152 forte
3067 2107 3122 2154 et
3160 2115 3259 2157 nos
3306 2119 3496 2173 possu-

1908 2193 2030 2233 mus
2058 2181 2247 2251 majori
2297 2183 2577 2255 diligentia
2628 2185 2823 2240 melius
2863 2187 3222 2260 distinguere,
3253 2200 3309 2248 et
3356 2195 3494 2250 alius

1906 2271 2153 2339 peritior,
2180 2275 2264 2328 vel
2295 2275 2499 2332 lumine
2529 2279 2710 2333 cordis
2731 2279 2961 2349 plenior.
2996 2282 3218 2339 lnterim
3247 2301 3317 2342 ne
3344 2287 3492 2343 frau-

1907 2361 2126 2423 demini,
2157 2367 2301 2434 quod
2346 2369 2542 2434 sentio,
2598 2369 2809 2439 loquor.
2866 2372 3108 2441 inﬁrmo,
3154 2391 3226 2432 ne
3285 2379 3495 2434 accidat

1908 2455 2154 2521 tentatio,
2187 2466 2241 2511 et
2286 2473 2408 2513 eum
2440 2459 2674 2531 frangat,
2727 2463 3024 2518 timendum
3055 2473 3158 2520 est.
3204 2466 3491 2539 Languens

1905 2554 2112 2611 autem,
2136 2546 2251 2615 jam
2285 2552 2584 2621 cupiditate
2627 2554 2805 2624 aliqua
2855 2565 3102 2626 aegrotat,
3126 2558 3238 2628 jam
3287 2561 3492 2630 cupidi—

1905 2642 2016 2690 tate
2062 2635 2242 2707 aliqua
2275 2639 2566 2709 impeditur
2592 2642 2661 2696 ab
2690 2644 2941 2700 intranda
2989 2645 3073 2700 via
3125 2647 3241 2713 Dei,
3281 2664 3311 2703 a
3361 2651 3487 2704 sub-

1903 2725 2082 2780 eundo
2103 2727 2235 2798 jugo
2262 2727 2487 2784 Christi.
2540 2729 2642 2798 Qui
2699 2748 2830 2804 ergo
2878 2734 3132 2791 videntur
3178 2737 3388 2794 fervere
3435 2741 3489 2796 in

1903 2819 2163 2888 operibus
2207 2821 2397 2887 bonis,
2430 2824 2526 2879 sed
2579 2825 2924 2883 imminentes
2953 2830 3233 2899 passiones
3261 2832 3493 2890 tolerare

1904 2906 2066 2974 nolle,
2098 2919 2193 2964 aut
2229 2927 2337 2966 non
2365 2928 2547 2983 posse,
2578 2915 2778 2971 inﬁrmi
2827 2928 2971 2974 sunt.
3020 2919 3122 2988 Qui
3154 2937 3284 2978 vero
3307 2924 3488 2996 aliqua

1903 3001 2202 3071 cupiditate
2232 3003 2376 3058 mala
2407 3014 2684 3062 amatores
2713 3009 2898 3064 mundi
2921 3011 2990 3065 ab
3016 3012 3148 3081 ipsis
3171 3013 3328 3070 bonis
3357 3031 3487 3087 Ope-

213 3075 395 3144 cipies
449 3085 505 3130 et
551 3081 760 3136 nutries
807 3099 1018 3150 omnes,
1070 3099 1125 3142 et
1178 3105 1338 3146 nemo
1365 3092 1462 3147 tibi
1511 3099 1797 3156 morietur.

1905 3091 2056 3147 ribus
2081 3103 2433 3161 revocantur,
2467 3097 2708 3169 languidi
2736 3109 2790 3156 et
2815 3103 3002 3172 aegroti
3035 3075 3246 3172 iacent.
3279 3075 3489 3178 Quippe

215 3168 470 3225 Ηίθοοίηο
515 3181 600 3227 est
650 3175 940 3233 aediﬁcatio
981 3183 1110 3236 tua?
1161 3181 1395 3241 Attende
1425 3189 1555 3257 quid
1605 3191 1796 3262 facias,

212 3263 308 3315 ubi
345 3279 535 3332 ponas.
565 3265 739 3337 Super
763 3285 982 3327 arenam
1013 3284 1098 3331 est
1133 3280 1275 3346 quod
1313 3284 1617 3340 constituis.
1656 3286 1798 3344 Ven-

213 3362 375 3406 turus
414 3364 498 3409 cst
528 3355 702 3412 imber
731 3377 744 3411 :
788 3359 1088 3420 inﬂuxurus
1112 3376 1196 3422 est
1219 3367 1430 3438 ﬂuvius,
1464 3373 1689 3432 ﬂaturus
1715 3387 1799 3434 est

212 3535 312 3588 ﬁet
344 3537 499 3590 ruina
525 3538 643 3605 ejus
674 3557 887 3612 magna.
923 3545 1064 3602 Leva
1111 3550 1177 3604 de
1224 3566 1410 3620 arena,
1440 3571 1580 3626 pone
1632 3574 1794 3630 supra

210 3637 429 3698 petram
461 3648 474 3682 :
507 3631 564 3685 in
590 3630 805 3690 Christo
832 3637 921 3702 sit,
953 3655 1113 3709 quem
1138 3643 1222 3697 vis
1247 3659 1368 3700 esse
1397 3647 1790 3707 Christianum.

211 3722 477 3777 Attendat
527 3724 595 3778 ad
641 3727 922 3794 passiones
959 3730 1162 3788 Christi
1210 3735 1459 3808 indignas
1500 3759 1512 3794 :
1548 3745 1795 3799 attendat

212 3811 369 3866 illum
398 3812 514 3867 sine
540 3814 649 3869 ullo
675 3827 920 3884 peccato,
972 3836 1092 3890 qua:
1138 3840 1245 3879 non
1277 3831 1475 3897 rapuit,
1507 3833 1790 3889 exsolven-

212 3915 325 3958 tem
355 3923 367 3958 :
401 3908 650 3962 attendat
689 3908 1025 3981 Scripturam
1050 3916 1319 3973 dicentem
1344 3921 1444 3976 sibi
1481 3941 1494 3978 :
1530 3922 1794 3996 Flagellat

209 4011 424 4049 omnem
462 3997 632 4065 ﬁlium
679 4015 831 4070 quem
859 4005 1038 4074 recipit
1078 4007 1265 4078 (Hebr.
1319 4011 1454 4084 xxii)
1490 4054 1505 4079 ,
1563 4023 1618 4070 et
1661 4032 1791 4086 para

213 4086 405 4157 [quem
436 4090 628 4160 recipit
667 4107 889 4162 prorsus
914 4095 1149 4167 ﬂagellat
1179 4116 1395 4158 omnem
1448 4104 1615 4161 ﬁlium
1645 4118 1704 4163 ut
1738 4119 1794 4165 et

212 4179 439 4233 unicum
466 4181 674 4249 unicus,
699 4192 757 4239 et
784 4200 936 4254 para,
967 4189 1100 4260 ἀξια]
1130 4199 1184 4245 te
1212 4191 1472 4264 ﬂagellari
1504 4207 1601 4252 aut
1642 4210 1791 4257 certe

213 4284 323 4321 non
359 4284 572 4338 quaeras
593 4274 780 4343 recipi.
814 4275 1072 4346 Flagellat
1102 4290 1284 4335 autem
1327 4299 1564 4352 omnem,
1591 4289 1790 4358 inquit,

213 4358 388 4412 ﬁlium
415 4376 573 4429 quem
604 4364 814 4432 recipit,
830 4374 884 4420 et
911 4376 966 4420 tu
995 4369 1150 4436 dicis,
1170 4370 1334 4428 Forte
1363 4386 1622 4446 exceptus
1647 4381 1792 4435 eriS?

1902 3184 1996 3253 qui
2049 3184 2101 3238 in
2151 3186 2269 3256 ipso
2294 3187 2571 3258 languore,
2608 3197 2865 3260 tanquam
2914 3192 3142 3264 [gravati
3197 3199 3484 3270 tanquam]

1902 3273 2020 3328 sine
2041 3273 2166 3328 ullis
2193 3274 2422 3338 viribus,
2453 3277 2586 3330 nihil
2618 3277 2745 3330 boni
2772 3289 2998 3347 possent
3022 3284 3258 3350 operari.
3290 3284 3485 3355 Sequi-

1902 3369 1992 3416 tur
2017 3380 2028 3415 :
2062 3361 2130 3415 Et
2155 3363 2296 3432 quod
2319 3364 2548 3427 errabat,
2583 3383 2688 3420 non
2717 3371 3030 3435 revocastis;
3061 3381 3108 3425 et
3135 3375 3278 3442 quod
3305 3377 3484 3445 periit,

1901 3469 2005 3508 non
2037 3455 2330 3524 inquisistis
2353 3453 2708 3529 [requisistis].
2740 3459 2954 3522 (Ezech.
2987 3464 3309 3533 xxxuv).}lic
3340 3467 3484 3523 inter

1899 3557 2092 3598 manus
2107 3544 2398 3611 latronum,
2420 3547 2677 3604 etdentes
2696 3549 2946 3620 luporum
2972 3553 3484 3622 furentium,uteun-

1897 3646 2004 3700 que
2016 3647 2328 3689 versamur:
2346 3646 2759 3695 etcontumaces
2772 3650 2897 3696 sunt
2912 3658 3062 3706 oves,
3080 3647 3203 3715 quia
3221 3663 3476 3717 quierun-

1897 3728 1988 3775 tur
2013 3732 2277 3779 errantes.
2301 3726 2521 3783 Alienas
2547 3744 2607 3783 se
2628 3745 2658 3784 a
2674 3732 2831 3787 nobis
2852 3733 3055 3800 dicunt,
3086 3750 3274 3794 errore
3297 3756 3395 3796 suo
3415 3731 3478 3797 et

1895 3812 2195 3877 perditione
2216 3829 2312 3868 sua
2346 3833 2359 3868 :
2389 3815 2527 3883 Quid
2563 3834 2662 3876 nos
2703 3821 2893 3888 vultis,
2918 3823 3194 3895 inquiunt,
3222 3830 3352 3898 quid
3380 3846 3481 3887 nos

1895 3905 2176 3970 quaeritis?
2206 3904 2262 3960 Si
2293 3908 2348 3961 in
2389 3925 2598 3977 errore,
2647 3913 2844 3982 inquit,
2876 3931 3020 3984 sum,
3054 3919 3099 3974 si
3131 3919 3185 3973 in
3233 3921 3479 3988 interitu,

1895 3995 2024 4062 quid
2051 4011 2138 4051 me
2167 3997 2284 4052 vis?
2313 4001 2442 4069 quid
2477 4016 2564 4056 me
2597 4007 2834 4074 quieris?
2859 4007 2996 4074 Quia
3047 4011 3102 4064 in
3157 4027 3342 4068 errore
3391 4031 3473 4080 es,

1896 4099 2153 4142 revocare
2181 4088 2335 4153 volo;
2367 4091 2492 4159 quia
2522 4094 2735 4161 peristi,
2780 4097 3028 4152 invenire
3050 4099 3192 4154 volo.
3226 4100 3319 4156 Sic
3347 4103 3471 4157 volo

1892 4186 2101 4237 errare,
2148 4175 2227 4229 sic
2251 4177 2372 4230 volo
2413 4179 2613 4248 perire.
2651 4180 2742 4236 Sic
2764 4184 2845 4238 vis
2869 4187 3094 4240 errare?
3121 4188 3201 4242 sic
3249 4189 3332 4244 vis
3378 4207 3476 4261 pe-

1893 4261 2034 4314 rire?
2061 4261 2271 4327 Quanto
2299 4265 2492 4321 melius
2510 4282 2610 4336 ego
2633 4269 2790 4324 nolo?
2813 4271 3044 4329 Prorsus
3064 4275 3238 4331 audeo
3263 4277 3464 4342 dicere,

1894 4350 2237 4419 importunus
2260 4369 2400 4409 sum.
2432 4358 2609 4413 Audio
2638 4360 2908 4416 dicentem
2930 4363 3251 4435 Apostolum
3279 4382 3294 4421 :
3325 4368 3478 4423 Prw-

212 4449 272 4502 ει
302 4428 565 4519 exceptus
587 4468 616 4506 a
659 4428 912 4522 passione
933 4428 1288 4528 ﬂagellorum,
1311 4428 1792 4533 exceptii‘sﬂaﬂnu;
1818 4428 1872 4487 Β
1896 4439 2016 4533 (Ξίεέ
2041 4441 2268 4509 verbum’
2300 4445 2438 4500 imm
2465 4459 2771 4519 Opportune’
2803 4453 3100 4523 “manu”
3128 4457 3184 4528 (Ι
3207 4458 3343 4512 Tim'
3374 4461 3473 4531 Iv)’

211 4554 369 4592 mero
403 4538 652 4596 ﬁliorum.
698 4543 867 4610 Itane,
914 4546 1147 4616 inquies,
1189 4547 1421 4620 ﬂagellat
1462 4569 1676 4610 omnem
1727 4559 1792 4612 ﬂ-

217 4631 391 4683 lium?
418 4630 648 4687 Prorsus
682 4634 914 4707 ﬂagellat
942 4654 1160 4694 omnem
1191 4639 1523 4707 ﬁlium,utet
1548 4649 1788 4704 unicum.

214 4720 424 4774 Unicus
451 4721 541 4776 ille
569 4723 636 4777 de
663 4723 842 4780 Patris
885 4728 1189 4783 substantia
1221 4740 1402 4796 natus,
1439 4735 1665 4804 aequalis
1689 4736 1794 4792 Pa-

211 4811 284 4864 tri
310 4811 364 4863 in
396 4809 568 4866 forma
589 4812 709 4878 Dei,
744 4814 977 4871 Verbum
999 4834 1098 4888 per
1110 4822 1252 4890 quod
1277 4822 1416 4878 facta
1440 4833 1567 4880 sunt
1585 4829 1788 4897 omnia,

213 4919 322 4957 non
349 4900 581 4960 habebat
602 4907 748 4962 unde
784 4908 1164 4980 ﬂagellaretur.
1199 4915 1280 4970 Ad
1308 4917 1410 4972 hoc
1439 4933 1607 4975 carne
1634 4920 1792 4976 indu-

213 5003 302 5050 tus
331 5005 435 5062 est,
461 5005 519 5051 ut
542 5000 657 5054 sine
701 5001 910 5073 ﬂagello
939 5020 1046 5059 non
1077 5017 1239 5062 esset.
1271 5008 1373 5075 Qui
1409 5027 1536 5082 ergo
1562 5013 1793 5084 ﬂagellat

213 5089 437 5142 unicum
464 5090 579 5145 sine
603 5101 848 5160 peccato,
885 5095 1140 5166 relinquit
1164 5114 1288 5152 cum
1315 5114 1540 5170 peccato
1571 5107 1793 5174 adopta-

212 5186 330 5232 tum
361 5177 506 5251 [eum
535 5192 876 5250 peccatorem
921 5187 1304 5260 adoptatum]?
1350 5191 1406 5245 ln
1446 5195 1790 5263 adoptionem

209 5280 439 5324 vocatos
470 5286 566 5326 nos
601 5287 722 5328 esse
745 5274 1036 5344 Apostolus
1063 5277 1197 5334 dicit
1227 5299 1238 5332 :
1273 5282 1631 5351 Adoptionem
1657 5287 1789 5341 tilio-

212 5374 337 5413 rum
365 5362 696 5430 accepimus,
738 5373 798 5418 ut
819 5380 1065 5422 essemus
1090 5370 1252 5425 unico
1275 5373 1606 5440 colueredes,
1636 5392 1788 5433 esse-

213 5467 335 5506 mus
361 5453 525 5507 etiam
556 5454 844 5511 limreditas
869 5457 984 5525 ejus
1012 5456 1212 5528 (Calat.
1243 5463 1340 5534 iv).
1373 5463 1592 5520 Postula
1624 5485 1656 5521 a
1688 5485 1790 5534 me,

211 5555 259 5598 et
285 5544 532 5599 dabatibi
549 5556 722 5616 gentes
743 5549 1099 5605 [nereditatem
1121 5563 1266 5608 tuam
1289 5553 1462 5626 (Psal.
1495 5557 1577 5628 ιι).
1604 5560 1795 5615 Exem-

215 5633 363 5703 plum
392 5635 552 5690 nobis
572 5638 848 5706 proposuit
873 5639 926 5692 in
951 5641 1294 5708 passionibus
1317 5646 1449 5703 suis.
1478 5647 1582 5704 Sed
1610 5650 1792 5720 plane,

539 5730 814 5791 Parnoc.
865 5730 990 5795 CV.

1896 4529 2102 4598 Quibus
2151 4538 2488 4604 opportune?
2533 4538 2730 4607 quibus
2771 4543 3114 4614 importune?
3161 4529 3478 4619 Opportune

1896 4620 2082 4689 utique
2128 4623 2455 4694 volentibus,
2508 4629 2816 4698 importune
2862 4634 3190 4693 nolentibus.
3222 4638 3473 4708 Prorsus,

1893 4711 2240 4782 lmportunus
2271 4731 2412 4784 sum,
2440 4720 2614 4775 audeo
2664 4721 2867 4778 dicere.
2916 4725 2996 4780 Tu
3043 4728 3126 4783 vis
3177 4745 3386 4796 errare,
3422 4741 3477 4786 tu

1892 4803 1974 4858 vis
2003 4805 2219 4873 perire?
2253 4807 2363 4879 Ego
2388 4810 2531 4865 nolo.
2561 4810 2850 4869 Revocabo
2873 4826 3171 4884 errantem,
3201 4822 3476 4892 requiram

1894 4895 2183 4963 perditam.
2211 4895 2358 4952 Velis
2387 4899 2548 4966 nolis,
2580 4902 2632 4955 id
2657 4917 2834 4974 agam,
2864 4907 2965 4962 etsi
3003 4923 3088 4962 me
3111 4910 3476 4980 inquirentem

1898 4983 2103 5039 laniant
2128 5001 2322 5056 vepres
2349 4989 2606 5046 silvarum
2637 4993 3035 5070 [syllabarum],
3059 5016 3156 5070 per
3175 5004 3355 5058 omnia
3383 5019 3480 5058 an-

1896 5084 2048 5145 gusta
2073 5092 2160 5132 me
2207 5082 2512 5137 coarctabo.
2539 5083 2738 5141 Omnes
2778 5102 2936 5158 sepes
2977 5094 3270 5160 excutiam,
3301 5110 3475 5164 quan-

1898 5177 2011 5223 tum
2061 5171 2194 5224 mihi
2245 5173 2441 5229 virium
2488 5188 2700 5236 terrens
2741 5182 3002 5241 Dominus
3051 5189 3234 5242 donat.
3280 5189 3474 5244 Omnia

1898 5261 2219 5330 peragrabo,
2248 5269 2513 5322 revocabo
2527 5281 2822 5340 errantem,
2847 5279 3115 5345 requiram
3137 5286 3472 5347 pereuntem.

1892 5349 1947 5403 Si
1974 5365 2059 5405 me
2087 5352 2197 5420 pati
2227 5368 2333 5408 nou
2362 5356 2466 5421 vis,
2497 5359 2606 5414 noli
2637 5375 2846 5429 errare,
2887 5365 2993 5418 noli
3044 5367 3241 5434 perire.
3272 5365 3474 5423 Parum

1892 5446 1978 5492 est
2005 5439 2147 5508 quod
2169 5440 2324 5498 doleo
2353 5452 2405 5498 te
2429 5457 2702 5503 errantem
2727 5459 2888 5520 atque
2902 5463 3236 5520 pereuntem.
3263 5455 3472 5522 Timeo,

1894 5542 1963 5581 ne
1995 5528 2272 5600 negligens
2303 5541 2373 5598 te,
2405 5536 2567 5591 etiam
2599 5541 2744 5607 quod
2775 5541 2912 5595 forte
2941 5551 3024 5595 est
3051 5543 3314 5600 occidam.
3343 5546 3474 5603 Vide

1895 5618 2040 5674 enim
2064 5620 2191 5689 quid
2220 5623 2465 5692 sequitur
2492 5644 2504 5679 :
2540 5626 2604 5680 Et
2625 5629 2764 5698 quod
2787 5628 2922 5698 forte
2968 5630 3093 5699 fuit,
3122 5625 3473 5706 confregistis

2963 5767 3040 5827 27
