3884 6192
460 267 566 321 843

1470 256 1873 312 AMALARIUS
1911 257 2323 313 PRESBYTER
2365 256 2719 313 ME'I‘ENSIS.

3593 265 3702 318 844

462 383 521 438 Si
542 389 829 450 negtexero
847 385 1121 434 errantem
1148 383 1311 445 atque
1339 383 1679 445 pereuntem,
1701 382 1758 429 et
1783 389 1904 429 eum
1936 373 2026 442 qui
2056 375 2106 435 Α
2131 380 2410 442 pturarum
2435 370 2760 425 divinarum.
2792 368 2868 423 1ιεί
2891 369 3117 438 pascite,
3147 379 3207 424 ut
3240 388 3428 429 secure
3455 382 3701 446 pascaris.

461 471 617 527 fortis
642 478 746 535 est,
772 467 1060 524 delectabit
1079 480 1265 522 errare
1281 474 1444 535 atque
1468 465 1669 534 perire.
1685 462 1856 532 Cupio
1878 463 2028 519 lucra

461 564 750 628 exteriora,
795 561 889 615 sed
921 559 1086 615 timeo
1107 557 1229 628 plus
1259 559 1454 613 damna
1477 556 1758 610 interiora.
1787 553 1845 610 Si
1869 553 2030 610 indif-

459 657 723 711 ferentem
749 652 990 706 habuero
1010 664 1252 705 errorem
1279 655 1451 714 tuum,
1480 647 1710 702 attendit
1736 647 1829 716 qui
1871 646 2028 702 fortis

457 753 561 811 est,
590 759 714 800 cum
746 752 800 797 te
831 741 1104 813 perditum
1152 755 1259 796 non
1312 739 1530 809 requiro
1565 755 1578 793 :
1608 745 1663 793 et
1687 746 1842 807 putat
1893 737 2028 792 nihil

456 851 578 894 esse
602 835 684 890 ire
735 834 790 888 in
834 847 1075 888 errorem
1105 831 1424 904 [haeresim].
1473 831 1589 886 Non
1626 830 1832 886 frustra
1875 846 2024 901 ergo,

457 941 578 981 cum
594 925 708 996 jam
735 923 967 979 dixisset
992 922 1262 992 superius,
1293 922 1433 992 quod
1471 937 1706 975 crassum
1727 929 1823 986 est,
1863 921 2025 974 inter-

455 1017 672 1085 fecistis,
694 1016 784 1070 hic
811 1015 1004 1070 iterum
1031 1013 1085 1067 in
1113 1012 1407 1069 novissimo
1434 1011 1636 1080 posuit,
1661 1020 1708 1064 et
1733 1011 1872 1081 quod
1893 1010 2028 1080 forte

455 1103 578 1171 fuit,
608 1101 955 1172 confregistis.
979 1101 1212 1156 Proinde
1235 1100 1360 1154 audi
1391 1099 1520 1169 quid
1551 1109 1812 1170 sequatur
1833 1099 1898 1154 de
1924 1099 2024 1154 ista

448 1193 780 1264 negligentia
823 1191 1112 1256 malorum,
1163 1191 1274 1244 imo
1301 1188 1557 1244 falsorum
1605 1199 1924 1258 pastorum:
1956 1187 2026 1242 Et

444 1287 701 1358 dispersa:
725 1293 848 1339 sunt
875 1299 991 1338 oves
1027 1297 1176 1345 mea,
1210 1297 1270 1336 eo
1298 1281 1438 1352 quod
1465 1297 1570 1335 non
1611 1281 1678 1334 sit
1725 1290 1905 1345 pastor
1932 1295 1951 1333 :
1978 1288 2028 1333 et

452 1380 611 1448 factm
635 1388 756 1433 sunt
786 1378 843 1431 in
872 1384 1218 1430 comesturam
1263 1373 1502 1428 omnibus
1532 1373 1707 1427 bestiis
1734 1373 1870 1441 agri.
1914 1369 2025 1424 Fu-

452 1478 647 1524 rantur
689 1467 802 1538 lupi
829 1465 1166 1528 insidiantes,
1217 1462 1434 1532 rapiunt
1473 1461 1657 1516 leones
1709 1460 2022 1525 frementes,

451 1575 577 1614 cum
604 1573 736 1614 oves
779 1556 1062 1612 adhaerent
1104 1553 1329 1623 pastori.
1382 1552 1516 1606 Nam
1547 1567 1788 1621 praesens
1815 1560 1898 1606 est
1924 1565 2023 1620 pa-

439 1661 604 1708 stor:
634 1651 730 1706 sed
751 1647 892 1704 male
913 1646 1197 1715 agentibus
1210 1659 1317 1699 non
1342 1651 1426 1699 est
1449 1653 1654 1712 pastor,
1683 1651 1737 1697 et
1762 1642 2027 1697 inhaerent

2131 476 2158 504 ι
2189 461 2457 532 Quidqui]
2489 460 2614 516 inde
2641 461 2945 525 audieritis,
2978 460 3082 516 hoc
3126 464 3282 518 vobis
3330 465 3462 522 bene
3488 471 3700 540 sapiat:

2129 552 2388 623 quidquid
2415 559 2566 607 extra
2591 558 2694 614 est,
2722 551 2976 622 respuite.
3029 549 3110 608 Ne
3139 554 3338 610 erretis
3375 557 3430 611 in
3480 559 3700 627 nebula,

2129 643 2310 698 audite
2334 657 2520 698 vocem
2544 641 2780 712 pastoris
2809 660 2822 695 :
2851 640 3089 711 colligite
3109 656 3208 697 vos
3233 644 3302 700 ad
3326 657 3533 703 montes
3557 648 3706 705 Scri-

2128 741 2302 804 ptura:
2331 741 2551 788 sanctae.
2602 732 2680 787 Ibi
2707 739 2833 786 sunt
2865 732 3070 788 delicia:
3097 734 3278 791 cordis
3302 738 3488 805 vestri,
3513 740 3579 795 ibi
3614 743 3712 796 ni—

2127 821 2205 876 hil
2246 836 2598 888 venenosum,
2660 820 2792 876 nihil
2842 820 3097 876 alienum.
3164 824 3446 880 Uberrima
3499 844 3706 898 pascua

2128 921 2277 978 sunt,
2306 927 2402 968 vos
2443 920 2658 966 tantum
2707 926 2854 966 same
2894 912 3093 978 venite,
3122 928 3270 970 sana:
3317 919 3586 984 pascimini
3643 922 3704 975 in

2128 1003 2400 1058 montibus
2447 1001 2632 1068 Israel,
2663 1010 2718 1057 et
2748 1001 2802 1056 in
2828 1001 2981 1066 rivis,
3020 1011 3076 1058 et
3111 1003 3166 1057 in
3192 1007 3339 1060 omni
3372 1007 3707 1068 habitatione

2128 1102 2308 1149 terrae.
2343 1093 2390 1147 Α
2437 1094 2710 1148 montibus
2735 1093 2882 1148 enim
2907 1109 3043 1163 quos
3079 1097 3415 1153 ostendimus
3442 1139 3458 1164 ,
3513 1117 3708 1158 mana-

2129 1193 2323 1240 verunt
2349 1185 2450 1239 rivi
2490 1185 2892 1255 pradicationis
2919 1188 3260 1256 evangelicae,
3310 1205 3433 1246 cum
3475 1194 3528 1248 in
3568 1209 3700 1249 om-

2125 1292 2250 1331 nem
2281 1284 2483 1332 terram
2509 1277 2676 1332 exivit
2705 1291 2870 1333 sonus
2897 1293 3104 1334 mrum.
3136 1280 3206 1336 Et
3241 1281 3383 1338 facta
3414 1293 3494 1340 est
3517 1289 3708 1343 omnis

2126 1366 2391 1422 habitatio
2415 1375 2574 1422 teme
2597 1368 2882 1438 pascendis
2909 1369 3098 1424 ovibus
3119 1371 3240 1426 laeta
3267 1383 3427 1443 atque
3446 1374 3701 1433 fecunda.

2124 1454 2184 1510 In
2210 1456 2430 1526 pascuis
2467 1455 2623 1512 bonis
2671 1473 2891 1528 pascam
2940 1474 3054 1526 eas,
3094 1462 3228 1518 etin
3255 1466 3526 1522 montibus
3565 1470 3708 1526 altis

2125 1549 2290 1606 Israel
2322 1559 2419 1607 :et
2460 1561 2620 1608 erunt
2657 1553 2872 1608 stabula
2901 1568 3086 1610 earum
3127 1556 3255 1623 illic,
3310 1559 3412 1615 hoc
3455 1569 3554 1624 est,
3604 1564 3704 1617 ubi

2126 1645 2492 1714 requiescant,
2524 1645 2616 1700 ubi
2645 1645 2847 1712 dicant,
2869 1645 3014 1702 Bene
3039 1656 3143 1714 est,
3167 1665 3355 1705 verum
3375 1662 3472 1713 est,
3505 1663 3560 1708 et
3580 1670 3710 1710 rna-

447 1742 756 1814 pastoribus
804 1754 914 1794 non
942 1736 1282 1808 pastoribus,
1313 1748 1372 1790 se
1425 1734 1572 1802 ipsos
1599 1732 1868 1798 videlicet,
1918 1746 2025 1786 non
2054 1722 2101 1781 B
2129 1736 2380 1793 nifestum
2411 1755 2423 1791 :
2450 1753 2560 1792 non
2603 1736 2859 1793 fallimur.
2901 1739 2961 1795 In
2988 1740 3159 1812 gloria
3187 1741 3285 1798 Dei
3338 1744 3707 1814 requiescant,

446 1847 598 1898 oves,
625 1828 1003 1900 pascentibus;
1039 1832 1097 1880 et
1144 1824 1360 1880 lethalis
1411 1838 1565 1878 error
1614 1821 1761 1894 [talis
1805 1819 2047 1907 horror].

443 1923 816 1994 consequitur.
867 1921 1012 1976 Eunt
1039 1920 1096 1975 in
1121 1921 1328 1975 bestias
1363 1918 1737 1988 depraedantes
1765 1932 1846 1982 se,
1875 1924 1930 1972 et
1959 1917 2026 1970 de

445 2016 659 2071 illarum
683 2023 861 2070 morte
892 2028 953 2069 se
980 2012 1184 2068 satiare
1225 2011 1523 2080 cupientes.
1550 2007 1709 2063 Tales
1729 2009 1874 2062 enim
1901 2014 2026 2062 sunt

443 2120 638 2160 omnes
663 2103 758 2174 qui
798 2103 1035 2173 gaudent
1061 2101 1128 2156 de
1182 2100 1461 2155 erroribus
1495 2100 1702 2154 alienis.
1761 2099 2026 2169 Dispersa;

441 2205 572 2253 sunt
593 2204 650 2251 et
677 2203 931 2252 errarunt
957 2209 1088 2250 oves
1116 2210 1250 2250 meae
1279 2194 1334 2248 in
1364 2207 1580 2248 omnem
1606 2200 1864 2258 montem,
1891 2199 1946 2247 et
1969 2193 2024 2247 in

439 2304 657 2345 omnem
698 2287 889 2344 collem
931 2287 1123 2352 altum,
1159 2287 1264 2341 hoc
1289 2294 1396 2350 est,
1425 2285 1477 2338 in
1504 2299 1720 2340 omnem
1752 2291 2023 2338 tumorem

441 2391 675 2436 terrenas
699 2379 986 2452 superbiat.
1021 2378 1174 2433 Mons
1202 2378 1347 2433 enim
1381 2385 1436 2432 et
1477 2376 1648 2442 collis,
1682 2385 1863 2431 tumor
1907 2384 2020 2430 ter-

440 2487 606 2528 renus
633 2479 688 2526 et
731 2470 982 2542 superbia
1031 2469 1210 2526 saeculi
1248 2469 1583 2540 intelligitur.
1616 2467 1754 2524 Sunt
1787 2468 1932 2524 enim
1969 2475 2024 2524 et

439 2572 654 2620 montes
682 2563 832 2628 boni,
865 2563 933 2618 de
962 2562 1158 2633 quibus
1186 2563 1456 2632 Propheta
1479 2561 1611 2617 dicit
1637 2579 1652 2616 :
1686 2560 1878 2617 Levavi
1897 2577 2021 2616 ocu—

438 2657 518 2711 los
545 2673 686 2711 meos
713 2657 768 2710 in
797 2665 1024 2721 montes,
1053 2656 1190 2710 unde
1219 2656 1385 2710 veniet
1407 2654 1667 2709 auxilium
1687 2654 1815 2708 mihi
1843 2652 2016 2725 (Psal.

437 2746 550 2817 cx).
578 2747 638 2802 1n
665 2761 885 2802 omnem
913 2755 1173 2812 montem,
1223 2755 1280 2802 et
1305 2747 1359 2802 in
1393 2761 1611 2802 omnem
1637 2745 1850 2816 collem,
1879 2755 1937 2801 et
1962 2745 2018 2800 in

428 2852 654 2892 omnem
682 2836 876 2893 faciem
909 2845 1067 2892 terrm
1097 2837 1300 2904 lucent,
1355 2846 1413 2893 et
1458 2838 1513 2893 in
1557 2851 1775 2893 omnem
1823 2836 2018 2893 faciem

438 2937 599 2984 terra;
622 2927 881 2996 dispersa:
920 2936 1068 2992 sunt,
1095 2928 1278 2984 omnia
1329 2936 1545 2985 terrena
1599 2935 1890 2984 sectantes.
1940 2928 2018 2984 Ea

2126 1836 2386 1898 tanquam
2415 1829 2469 1884 in
2502 1831 2732 1888 stabulis
2774 1831 2899 1898 illis,
2950 1841 3006 1888 et
3035 1833 3322 1900 dormient,
3351 1835 3454 1891 hoc
3477 1847 3563 1892 est
3615 1855 3709 1894 re-

2124 1921 2410 1991 quiescent
2435 1922 2491 1977 in
2521 1923 2728 1979 deliciis
2764 1922 3130 1996 [requiescent
3177 1934 3234 1980 et
3274 1929 3617 1998 requiescent
3649 1933 3709 1986 in

2125 2011 2356 2076 deliciis,
2381 2010 2515 2083 etc.]
2547 2013 2663 2067 suis
2687 2011 2867 2078 bonis,
2891 2022 2947 2068 et
2975 2015 3028 2068 in
3058 2016 3276 2084 pascuis
3298 2018 3584 2088 pinguibus
3604 2035 3710 2089 pa-

2124 2110 2342 2156 scentur
2380 2117 2541 2172 super
2574 2110 2788 2158 montes
2829 2102 3013 2158 Israel.
3053 2103 3352 2175 Sequitur:
3384 2108 3526 2176 quod
3553 2110 3708 2164 enim

2122 2192 2356 2261 primum
2401 2192 2632 2256 curavit,
2674 2193 2870 2248 iterum
2896 2192 3067 2248 dicit:
3101 2192 3228 2248 Ηιεο
3274 2194 3398 2248 dicit
3443 2195 3712 2254 Dominus

2121 2280 2305 2335 Deus:
2335 2283 2475 2352 quod
2508 2284 2685 2352 periit,
2727 2286 3022 2355 inquiram;
3050 2295 3099 2340 et
3139 2288 3282 2358 quod
3303 2291 3521 2355 erravit,
3550 2307 3709 2346 revo-

2121 2371 2281 2436 cabo;
2308 2382 2355 2427 et
2376 2373 2517 2443 quod
2543 2374 2874 2430 imminutum
2902 2385 3000 2442 est,
3025 2376 3315 2448 colligabo;
3348 2389 3398 2433 et
3429 2382 3569 2451 quod
3608 2399 3710 2436 es-

2121 2463 2294 2517 anime
2321 2473 2422 2529 est,
2455 2464 2762 2533 confortabo
2796 2479 2816 2517 :
2845 2475 2893 2521 et
2939 2468 3080 2538 quod
3123 2469 3315 2541 pingue
3352 2479 3428 2525 est
3457 2481 3511 2526 et
3539 2471 3708 2540 forte.

2120 2554 2434 2608 custodiam.
2479 2554 2632 2622 Quod
2684 2571 2791 2611 non
2841 2556 3118 2614 faciebant
3141 2561 3265 2616 mali
3295 2572 3565 2631 pastores,
3594 2567 3712 2620 sei-

2119 2661 2244 2716 psos
2272 2639 2580 2717 paseentes,
2635 2664 2744 2703 non
2782 2665 2931 2706 oves.
2964 2649 3081 2708 Non
3126 2653 3204 2708 ait
3250 2652 3531 2721 Dominus,
3557 2655 3712 2713 Con-

2119 2737 2340 2792 stituam
2368 2736 2504 2794 alios
2535 2739 2706 2794 bonos
2754 2749 3001 2811 pastores
3034 2743 3125 2815 qui
3153 2743 3358 2800 faciant
3402 2746 3541 2812 hac,
3578 2752 3708 2814 sed,

2117 2825 2252 2898 Ego,
2287 2827 2484 2899 inquit,
2517 2827 2735 2895 faciam,
2787 2847 2918 2889 oves
2970 2849 3119 2891 meas
3171 2837 3305 2894 nulli
3335 2841 3706 2896 committam.

2119 2916 2307 2974 Securi
2339 2934 2434 2974 vos
2462 2919 2678 2985 fratres,
2725 2937 2931 2978 secura:
2965 2940 3060 2981 vos
3088 2940 3236 2983 oves.
3275 2927 3444 2984 Nobis
3482 2931 3714 2987 videtur

427 3034 558 3089 quae
585 3020 640 3074 in
687 3017 883 3074 faciem
915 3028 1073 3074 term
1121 3019 1325 3085 lucent,
1359 3018 1476 3089 ipsa
1527 3028 1714 3074 amant
1762 3017 2013 3091 [emunt],
2043 3063 2087 3091 ﬁ
2120 3011 2417 3067 timendum
2468 3014 2621 3083 quasi
2654 3015 2793 3070 desit
2822 3017 2994 3073 bonus
3028 3028 3233 3088 pastor.
3261 3019 3332 3076 Ει
3376 3021 3530 3076 addit
3570 3024 3658 3080 sic
3689 3044 3702 3077 :

430 3108 554 3178 ipsa
578 3108 825 3179 diligunt.
858 3107 1058 3162 Nolunt
1083 3109 1246 3174 mori,
1270 3118 1332 3163 ut
1355 3109 1723 3164 abscondatur
1768 3110 1880 3164 vita
1917 3122 2013 3165 eo-

429 3214 559 3254 rum
584 3199 641 3253 in
666 3198 904 3255 Christo.
934 3200 1251 3270 Propterea,
1280 3207 1549 3270 pastores,
1579 3201 1764 3257 audite
1804 3216 2015 3257 sermo-

434 3305 560 3346 nem
589 3290 803 3346 Demini
837 3308 852 3344 :
898 3289 1025 3346 Vivo
1057 3307 1173 3362 ego,
1212 3292 1342 3346 dicit
1368 3291 1627 3347 Dominus
1655 3291 1797 3347 Deus
1827 3309 1847 3347 :
1878 3291 2014 3347 Ecce

423 3397 527 3451 ego
557 3382 667 3451 ipse
695 3381 959 3452 requirant
986 3399 1101 3436 oves
1139 3399 1302 3447 meas,
1333 3392 1384 3436 et
1411 3383 1631 3437 visitabo
1659 3399 1748 3438 eas
1773 3384 1907 3438 sicut
1933 3383 2013 3437 vi-

433 3474 556 3526 sitat
587 3484 770 3543 pastor
796 3490 1001 3544 gregem
1043 3490 1218 3528 suum.
1247 3473 1364 3528 Non
1391 3484 1722 3530 curaverunt
1747 3474 1874 3529 mali
1918 3489 2014 3544 pa-

432 3570 632 3627 stores,
664 3578 770 3617 non
801 3564 944 3617 enim
1000 3579 1100 3618 suo
1127 3565 1389 3634 sanguine
1439 3565 1804 3620 redemerunt.
1860 3564 2012 3620 Sicut

433 3652 636 3717 visitat,
668 3652 863 3721 inquit,
890 3660 1080 3720 pastor
1108 3668 1325 3724 gregem
1360 3669 1517 3708 suum
1562 3654 1617 3708 in
1644 3654 1752 3709 die.
1783 3653 1840 3708 In
1862 3653 2009 3722 quali

431 3739 554 3793 die?
591 3739 724 3794 Cum
757 3739 920 3794 fuerit
949 3742 1163 3797 nimbus
1190 3752 1244 3797 et
1295 3745 1488 3806 nubes,
1520 3743 1572 3798 id
1599 3751 1702 3810 est,
1741 3745 1795 3799 in
1826 3743 2008 3813 pluvia

432 3837 488 3882 et
513 3829 568 3882 in
594 3829 812 3884 nebula.
850 3829 1036 3885 Pluvia
1085 3839 1138 3885 et
1184 3833 1401 3896 nebula,
1434 3846 1589 3887 error
1617 3832 1796 3887 saeculi
1827 3833 2007 3902 hujus,

431 3919 604 3989 caligo
629 3936 853 3993 magna;
895 3937 1123 3994 surgens
1161 3924 1226 3978 de
1277 3924 1660 3993 cupiditatibus
1705 3925 2005 3991 hominum,

428 4022 484 4068 et
508 4014 700 4069 nebula
722 4015 898 4070 valida
916 4024 1201 4072 conterens
1217 4014 1422 4087 [ἔπει-ιε,
1440 4016 1754 4087 contegens]
1781 4026 2003 4071 terram.

429 4102 496 4157 Et
520 4101 736 4159 difﬁcile
763 4112 932 4160 estut
965 4121 1072 4160 non
1121 4113 1306 4162 errent
1354 4120 1482 4161 oves
1513 4108 1566 4160 in
1620 4106 1722 4160 ista
1769 4107 2003 4162 nebula:

428 4195 524 4249 sed
554 4204 738 4265 pastor
763 4212 869 4251 non
897 4197 1099 4251 deserit
1148 4212 1264 4260 eas,
1316 4197 1542 4266 inquirit
1589 4213 1701 4260 eas,
1757 4206 2005 4268 penetrat

431 4288 679 4343 nebulam
715 4289 885 4344 oculis
913 4288 1104 4343 validis
1127 4296 1181 4342 et
1214 4288 1390 4360 [Deest
1425 4289 1618 4343 validis
1645 4287 1722 4361 et]
1755 4289 2006 4343 acutissi-

2116 3102 2186 3159 Et
2223 3122 2441 3178 pascant
2465 3122 2554 3170 eas
2588 3123 2707 3161 cum
2728 3108 2956 3178 judicio.
2987 3110 3122 3165 Vide
3149 3111 3276 3182 quia
3303 3111 3452 3168 solus
3481 3116 3665 3184 pascit
3689 3158 3705 3179 ,

2113 3210 2237 3250 cum
2260 3195 2467 3266 judicio
2491 3197 2689 3266 pascit.
2720 3197 2851 3264 Quis
2899 3199 3044 3255 enim
3071 3201 3234 3256 homo
3256 3209 3465 3257 certum
3486 3203 3707 3273 iudicat

2114 3287 2182 3343 de
2205 3288 2461 3343 homine?
2510 3289 2838 3344 Temerariis
2881 3290 3102 3361 judiciis
3148 3293 3305 3363 plena
3325 3306 3460 3350 sunt
3488 3300 3702 3352 omnia.

2113 3378 2190 3434 De
2220 3395 2329 3450 quo
2357 3380 2763 3451 desperavimus
2781 3421 2796 3446 ,
2833 3383 3011 3455 subito
3040 3385 3398 3450 convertitur,
3427 3397 3481 3443 et
3511 3388 3574 3443 Iit
3595 3403 3699 3458 op-

2114 3472 2312 3538 timus;
2343 3473 2410 3527 de
2440 3487 2548 3542 quo
2591 3474 3056 3544 pricsumpsimus,
3086 3477 3267 3532 subito
3295 3477 3502 3542 deficit,
3533 3490 3590 3534 et
3637 3481 3698 3536 fit

2109 3564 2398 3633 pessimus.
2438 3562 2550 3620 Nec
2603 3565 2766 3620 timor
2804 3580 2934 3636 ergo
2962 3574 3149 3622 noster
3175 3576 3357 3623 certus
3381 3577 3466 3625 est
3516 3569 3698 3642 [Deest

2109 3656 2283 3710 media
2323 3657 2435 3710 hinc
2461 3657 2731 3730 periodus]
2763 3700 2778 3727 ,
2812 3674 2913 3714 nec
2941 3675 3095 3715 amor
3130 3670 3315 3716 noster
3351 3674 3538 3721 certus
3590 3676 3690 3720 est.

2109 3746 2249 3814 Quid
2277 3749 2347 3803 sit
2370 3749 2532 3804 hodie
2557 3750 2786 3820 quisque
2817 3751 3000 3817 homo,
3031 3753 3122 3808 vix
3146 3755 3298 3808 novit
3339 3757 3454 3825 ipse
3482 3759 3650 3812 homo
3676 3777 3686 3809 :

2111 3846 2289 3894 tamen
2318 3846 2592 3910 utcunque
2623 3841 2759 3910 ipse,
2788 3843 2915 3911 quid
2952 3843 3143 3910 hodie;
3169 3847 3301 3915 quid
3331 3854 3514 3902 autem
3539 3864 3686 3908 cras.

2108 3945 2209 3984 nec
2231 3931 2364 4000 ipse.
2400 3931 2584 3986 Pascit
2614 3947 2745 4004 ergo
2780 3933 2869 3990 ille
2919 3951 3042 3990 eum
3086 3935 3315 4004 judicio,
3367 3939 3688 4008 dispertiens

2106 4020 2324 4089 propria
2357 4021 2609 4092 propriis.
2641 4022 2798 4078 Novit
2827 4024 2971 4080 enim
3002 4027 3132 4096 quid
3159 4039 3305 4098 agat.
3331 4029 3466 4085 Cum
3482 4030 3686 4099 judicio

2106 4109 2298 4178 pascit,
2336 4124 2473 4179 quos
2512 4109 2856 4179 judicaturus
2907 4115 3154 4171 redemit.
3206 4117 3483 4188 Sequitur.
3532 4120 3684 4176 Absit

2105 4207 2165 4253 ut
2190 4201 2368 4255 desint
2395 4202 2556 4256 modo
2579 4201 2706 4257 boni
2729 4215 2996 4273 pastores.
3024 4205 3180 4262 Absit
3209 4223 3243 4284 .a
3272 4209 3429 4263 nobis
3478 4219 3540 4264 ut
3591 4210 3684 4264 de-

2104 4293 2231 4346 sint.
2268 4292 2424 4348 Absit
2445 4309 2476 4347 a
2503 4293 2874 4350 misericordia
2911 4296 3100 4368 ipsius,
3151 4308 3212 4354 ut
3238 4315 3346 4355 non
3376 4317 3470 4358 eos
3493 4303 3678 4372 gignat

431 4379 552 4441 mis,
578 4395 685 4435 non
709 4379 998 4449 impeditur
1020 4379 1248 4449 caligine
1272 4380 1512 4434 nubium.
1550 4381 1706 4435 Videt
1739 4380 1996 4449 undique,
2025 4402 2078 4462 D
2103 4391 2264 4451 atque
2295 4385 2605 4439 constituat.
2639 4384 2835 4454 Utique
2857 4386 2902 4441 si
2933 4395 3058 4442 sunt
3086 4389 3240 4444 bonas
3271 4404 3426 4456 oves,
3451 4400 3576 4445 sunt
3623 4398 3682 4442 et

427 4477 698 4524 errantem
725 4476 964 4535 revocat,
990 4476 1195 4524 tantum
1223 4478 1282 4524 ut
1303 4470 1398 4524 flat
1425 4473 1567 4540 quod
1590 4471 1718 4526 dicit
1745 4471 1799 4524 in
1823 4470 2000 4524 Evan-

427 4559 567 4628 gelio
598 4578 611 4613 :
646 4558 778 4625 Quae
801 4569 919 4614 sunt
945 4575 1059 4614 oues
1085 4575 1242 4625 meae,
1285 4560 1507 4614 audiunt
1533 4576 1705 4614 vocem
1731 4575 1922 4625 meum,
1950 4567 1999 4612 et

426 4660 715 4720 sequuntur
753 4667 834 4704 me
881 4649 1064 4720 (Joan.
1095 4651 1172 4723 ι).
1199 4652 1256 4706 In
1290 4653 1467 4708 medio
1495 4651 1676 4707 ovium
1728 4651 2000 4720 dispersa-

427 4754 547 4791 rum
578 4757 590 4790 :
624 4739 702 4792 sic
729 4739 995 4807 inquiram
1037 4755 1166 4796 oves
1207 4757 1388 4806 meas,
1421 4749 1476 4797 et
1519 4741 1769 4796 reducam
1801 4757 1896 4798 eas
1929 4743 1998 4797 ab

424 4829 573 4881 omni
626 4827 744 4882 loco
790 4844 898 4896 quo
947 4829 1205 4901 dispersae
1235 4841 1360 4885 sunt
1395 4831 1502 4885 illic
1531 4831 1706 4902 [Deest
1754 4832 1908 4905 illic].
1938 4833 1996 4888 In

429 4917 516 4970 die
545 4917 704 4971 nubis
731 4925 786 4972 et
811 4919 999 4983 nimbi,
1035 4923 1248 4990 quando
1273 4921 1484 4976 difﬁcile
1511 4930 1595 4975 est
1619 4923 1849 4977 inveniri
1881 4939 1994 4990 eas,

424 5017 555 5063 tunc
584 5024 684 5079 ego
713 5009 1004 5074 inveniam,
1036 5028 1222 5067 crassa
1251 5022 1332 5066 est
1379 5013 1588 5077 nebula,
1619 5014 1834 5083 pinguis
1857 5017 1996 5070 nim-

425 5099 527 5154 bus
554 5108 656 5166 est,
701 5102 886 5158 oculos
926 5101 1042 5170 ejus
1076 5103 1210 5157 nihil
1246 5103 1394 5156 latet.
1425 5103 1491 5157 Et
1517 5105 1742 5160 educam
1793 5121 1885 5162 eas
1929 5107 1997 5163 de

425 5194 692 5264 gentibus,
726 5202 781 5248 et
807 5193 1054 5263 colligam
1087 5207 1180 5247 eas
1209 5193 1275 5247 de
1299 5194 1627 5263 regionibus,
1655 5204 1710 5251 et
1741 5197 1994 5252 inducam

427 5296 516 5338 cas
565 5283 620 5336 in
650 5291 851 5338 terram
877 5299 1086 5347 earum,
1113 5291 1168 5337 et
1199 5297 1419 5352 pascam
1453 5301 1546 5341 eas
1593 5302 1756 5357 super
1784 5297 1996 5345 montes

430 5371 603 5428 Israel.
630 5373 923 5429 Constituit
950 5389 1116 5444 super
1143 5384 1355 5431 montes
1377 5377 1542 5432 Israel
1567 5390 1818 5435 auctores
1843 5382 1996 5436 Scri-

423 5503 701 5624 ιηίῡθθδί
725 5514 837 5561 tom
872 5507 988 5560 haec
1033 5507 1289 5576 Deriodus
1316 5525 1488 5581 usque
1525 5512 1593 5566 ad
1617 5512 1872 5584 quidquid
1904 5530 1995 5568 ex.

497 5641 524 5678 δ
547 5638 643 5694 Hic
675 5643 728 5695 in
757 5646 877 5700 cod.
909 5645 1080 5704 Vatic.
1133 5651 1407 5706 numerari
1447 5652 1680 5722 capitula
1709 5653 1990 5724 incipiunt,

2107 4476 2230 4530 boni
2260 4483 2522 4544 pastores.
2548 4475 2684 4532 Nam
2703 4477 2769 4532 de
2789 4477 2944 4532 bonis
2971 4478 3163 4535 ovibus
3184 4478 3324 4534 ﬁunt
3345 4481 3474 4537 boni
3500 4488 3680 4551 pasto-

2104 4581 2210 4621 res.
2238 4565 2345 4623 Sed
2373 4583 2562 4622 omnes
2589 4568 2712 4624 boni
2765 4576 3013 4638 pastores
3043 4571 3097 4625 in
3147 4586 3259 4626 uno
3308 4583 3454 4636 sunt,
3507 4585 3671 4625 mum

2102 4666 2246 4713 sunt.
2278 4657 2358 4713 Illi
2386 4666 2628 4727 pascant,
2657 4657 2904 4714 Christus
2936 4660 3131 4729 pascit.
3184 4659 3309 4715 Sint
3338 4676 3466 4732 ergo
3487 4672 3673 4716 omnes

2101 4749 2156 4804 in
2186 4757 2400 4819 pastore
2423 4765 2552 4816 uno,
2573 4758 2630 4805 et
2651 4749 2834 4805 dicant
2853 4766 3038 4806 vocem
3051 4752 3285 4820 pastoris
3305 4767 3481 4813 unam,
3507 4763 3666 4819 quam

2101 4841 2324 4896 audiant
2357 4855 2505 4906 oves,
2547 4849 2605 4896 et
2629 4851 2930 4911 sequantur
2962 4850 3234 4913 pastorem
3263 4858 3441 4903 suum,
3480 4848 3532 4896 et
3553 4851 3664 4893 non

2100 4931 2269 4995 illum,
2313 4941 2406 4986 aut
2436 4931 2608 4997 illum,
2640 4933 2732 4987 sed
2783 4948 2966 4986 unum.
3001 4933 3068 4987 Et
3091 4948 3283 4988 omnes
3305 4934 3359 4988 in
3388 4931 3477 4987 illo
3505 4941 3663 4984 mm

2098 5035 2284 5076 vocem
2315 5022 2516 5088 dicant,
2539 5021 2782 5077 diversas
2813 5038 2976 5078 voces
3003 5038 3111 5076 non
3145 5021 3401 5078 habeant.

2679 5114 2908 5172 CAPUT
2947 5115 3061 5170 XIII

2169 5201 2428 5275 (Gregorii
2458 5204 2666 5260 Pastor.
2695 5222 2747 5276 p.
2779 5222 2818 5272 ι,
2850 5207 2906 5260 in
2930 5206 3228 5279 prooemio.)
3258 5207 3289 5247 δ
3323 5207 3453 5263 Cum
3481 5216 3656 5260 rerum

2097 5297 2394 5352 necessitas
2430 5299 2696 5366 exposcit,
2743 5299 3079 5369 pensandum
3131 5301 3290 5354 valde
3317 5310 3427 5364 est,
3462 5298 3521 5352 ad
3543 5294 3660 5350 cul-

2096 5403 2220 5441 men
2250 5388 2476 5456 quisque
2504 5389 2787 5459 regiminis
2837 5389 3074 5458 qualiter
3129 5391 3313 5444 veniat
3351 5411 3362 5442 :
3393 5399 3534 5457 atque
3578 5382 3657 5436 ad

2095 5529 2150 5596 et.
2175 5521 2500 5596 respondent
2519 5522 2697 5596 editis.
2727 5521 2827 5577 IIic
2852 5537 2982 5596 vero
3007 5531 3117 5578 tum
3135 5525 3320 5580 titulus
3340 5521 3615 5596 prmiigitq
3629 5531 3653 5568 ε

2097 5590 2332 5664 tegam:
2375 5591 2439 5644 de
2463 5594 2761 5664 pastoribus
2787 5594 3105 5661 animarum,
3149 5589 3402 5664 quales-in
3423 5589 3652 5647 Ecclesia

2096 5658 2215 5729 eligi
2249 5658 2489 5715 debeant.
2518 5660 2648 5715 Cum
2678 5679 2875 5730 rerum,
2905 5671 3011 5719 etc.
