3884 6192
228 339 339 398 845

815 339 1094 397 REGULA
1132 339 1625 398 CANONICORUM
1666 341 1756 393 AB
1789 339 2146 395 AMALARIO
2184 340 2562 397 COLLECTA.
2603 371 2667 383 —
2708 344 2835 398 LIB.
2878 345 2916 398 ῐ.

3387 350 3490 409 8ιὸ

230 460 335 514 hoc
375 457 478 510 rite
501 455 844 525 perveniens,
890 456 1125 524 qualiter
1152 456 1320 520 vivat,
1345 466 1397 510 et
1426 457 1566 510 bene
1594 455 1802 517 vivens,
1833 460 1882 519 Α
1910 453 2064 507 meri.
2125 451 2305 523 (Creg.
2333 452 2547 509 Pastor.
2583 473 2633 526 p.
2669 473 2725 520 ιι,
2757 475 2803 512 c.
2843 460 2954 528 iii.)
3005 462 3197 518 Cuncti
3228 466 3318 534 qui
3355 483 3490 536 pne-

227 548 467 618 qualiter
493 547 706 610 doceat,
735 555 791 600 et
819 553 968 600 recte
995 546 1217 610 docens,
1257 547 1627 601 infirmitatem
1655 560 1809 600 suam

227 637 471 709 quotidie
508 643 713 706 quanta
754 636 1189 692 consideratione
1234 646 1528 710 cognoscat
1559 655 1573 690 :
1601 651 1670 692 ne
1715 645 1810 692 aut

228 725 506 789 humilitas
533 743 812 785 accessum
833 729 1038 799 fugiat,
1068 740 1162 784 aut
1182 730 1516 800 perventioni
1541 729 1651 784 vita
1680 744 1809 785 con—

229 823 484 886 tradicat,
507 829 600 876 aut
619 821 790 875 vitam
815 820 1060 876 doctrina
1086 821 1362 887 destituat,
1390 829 1485 876 aut
1506 821 1806 876 doctrinam

226 911 578 985 praesumptio
626 911 873 966 extollat.
905 910 1064 966 Prius
1113 926 1244 983 ergo
1297 912 1592 983 appetitum
1645 915 1807 968 timor

230 1012 496 1073 temperet
535 1020 550 1058 :
595 1008 718 1073 post
768 1009 950 1057 autem
1000 1003 1392 1073 magisterium,
1434 1005 1578 1074 quod
1623 1021 1730 1061 non
1773 1022 1806 1061 a

227 1104 504 1166 qumrente
557 1094 872 1165 suscipitur,
921 1093 1031 1148 vita
1074 1095 1435 1150 commendet.
1488 1097 1568 1151 Ac
1615 1097 1806 1151 deinde

228 1199 452 1240 necesse
485 1192 571 1238 est
589 1193 649 1237 ut
682 1182 916 1252 pastoris
938 1183 1160 1248 bonum,
1189 1184 1332 1252 quod
1367 1184 1595 1240 vivendo
1624 1195 1806 1241 osten—

223 1276 394 1340 ditur,
419 1274 686 1345 loquendo
725 1281 1070 1343 propagetur.
1111 1273 1193 1329 Ad
1221 1282 1524 1328 extremum
1551 1291 1682 1331 vero
1709 1293 1803 1332 su-

224 1375 411 1438 perest
466 1375 525 1420 ut
574 1364 818 1435 perfecta
865 1380 1093 1434 quaeque
1151 1380 1317 1436 opera
1372 1367 1805 1424 consideratione

225 1458 460 1527 proprim
486 1456 820 1512 infirmitatis
848 1457 1134 1527 deprimat,
1168 1473 1237 1513 ne
1289 1459 1404 1513 huic
1431 1468 1557 1514 ante
1607 1461 1802 1515 occulti

224 1548 418 1602 arbitri
445 1546 630 1601 oculos
652 1554 829 1600 tumor
853 1546 1104 1602 elationis
1125 1548 1451 1618 exstinguat.
1475 1547 1642 1603 Isaias
1666 1565 1802 1619 quo-

223 1653 329 1708 que
364 1637 440 1691 ait
465 1654 477 1690 :
506 1635 716 1701 Clama,
747 1653 808 1690 ne
835 1652 1000 1690 cesses
1025 1650 1044 1688 :
1072 1637 1206 1691 sicut
1250 1638 1376 1692 tuba
1413 1637 1590 1693 exalto
1632 1654 1804 1694 vocem

224 1725 523 1794 tnamUsa.
551 1725 724 1796 LVIII).
754 1725 1028 1780 Praeconis
1049 1739 1283 1795 namque
1305 1725 1538 1782 ofﬁcium
1559 1729 1801 1798 suscipit,

1911 551 2054 606 sunt,
2081 558 2188 597 non
2214 544 2269 597 in
2293 559 2353 599 se
2375 552 2694 614 potestatem
2723 548 2918 603 debent
2939 551 3166 617 ordinis,
3196 558 3292 609 sed
3316 573 3492 628 aequa-

1910 633 2118 687 litatem
2143 649 2376 703 pensare
2403 637 2746 692 conditionis.
2808 637 2941 693 Nam
2975 640 3109 696 sicut
3144 643 3352 711 praefati
3396 664 3490 703 su-

1909 739 2050 790 mus,
2082 724 2286 794 antiqui
2319 734 2501 795 patres
2517 729 2712 794 nostri,
2735 739 2982 798 pastores
3001 745 3282 800 pecorum,
3305 744 3487 793 etnon

1909 830 2067 887 reges
2121 817 2422 882 hominum,
2458 817 2626 874 fuisse
2665 827 3056 875 memorantur.
3125 821 3358 879 Necesse
3407 836 3490 882 est

1906 919 2036 974 ergo
2066 913 2127 960 ut
2159 913 2401 962 rectores
2445 922 2475 960 a
2527 907 2758 963 subditis
2808 909 3121 977 timeantur,
3154 914 3372 984 quando
3417 917 3486 970 ab

1905 995 2108 1050 eisdem
2142 996 2312 1051 Deum
2340 996 2565 1052 minime
2599 997 2779 1052 timeri
2823 1000 3232 1069 deprehendunt
3259 1022 3274 1060 :
3306 1013 3366 1060 ut
3396 1007 3490 1060 liu-

1905 1100 2064 1139 mana
2087 1085 2278 1140 saltem
2307 1086 2594 1142 formidine
2612 1103 2842 1157 peccare
2880 1100 3144 1160 metuant,
3183 1095 3274 1163 qui
3307 1097 3488 1150 divina

1897 1173 2102 1243 judicia
2118 1191 2224 1230 non
2253 1175 2567 1230 formidant.
2611 1176 2954 1248 Nequaquam
2978 1185 3250 1253 ιιι-ωροΒίιὶ
3279 1200 3346 1239 ex
3364 1187 3489 1240 sul.-

1896 1263 2167 1333 jectorum
2199 1268 2396 1323 timore
2449 1268 2785 1337 superbiant,
2827 1270 2880 1324 in
2907 1285 3012 1339 quo
3058 1287 3167 1327 non
3195 1287 3349 1328 suam
3377 1275 3489 1346 glo-

1905 1363 2060 1427 riam,
2094 1365 2190 1420 sed
2218 1365 2559 1420 subditorum
2579 1365 2852 1436 justitiam
2875 1376 3143 1436 quaarunt.
3199 1370 3258 1425 In
3284 1386 3349 1426 eo
3388 1389 3485 1426 au-

1903 1459 2013 1506 tem
2039 1455 2184 1522 quod
2220 1463 2422 1508 metum
2449 1455 2552 1510 sibi
2581 1470 2613 1508 a
2641 1471 2899 1525 perverse
2921 1455 3226 1512 viventibus
3245 1461 3486 1531 exigunt,

1903 1545 2058 1612 quasi
2084 1559 2191 1600 non
2217 1546 2553 1612 hominibus,
2586 1547 2682 1602 sed
2718 1547 3044 1603 animalibus
3097 1546 3336 1622 [bestiis]
3391 1551 3488 1604 do-

1903 1634 2179 1688 minantur
2204 1653 2218 1688 :
2261 1636 2386 1704 quia
2407 1636 2662 1692 videlicet
2687 1651 2754 1691 ex
2768 1652 2877 1706 qua
2904 1647 3060 1706 parte
3087 1637 3343 1694 bestiales
3364 1648 3491 1696 sunt

1903 1726 2104 1780 subditi
2150 1741 2218 1781 ex
2263 1742 2328 1782 ea
2383 1728 2584 1782 debent
2622 1728 2786 1782 etiam
2813 1727 3086 1785 formidini
3127 1729 3312 1798 jacere
3366 1735 3490 1788 sub-

222 1819 470 1887 qnisquis
493 1818 562 1872 ad
590 1818 953 1872 sacerdotium
1001 1818 1232 1883 accedit,
1258 1827 1319 1873 ut
1359 1828 1486 1876 ante
1511 1821 1800 1877 adventum
1829 1825 1877 1884 Β
1905 1818 2061 1871 strati
2097 1837 2109 1870 :
2140 1817 2306 1874 facies
2334 1828 2535 1873 sanctae
2558 1819 2812 1874 Ecclesia:
2839 1829 2963 1873 sunt
2988 1821 3067 1882 hi,
3122 1823 3235 1890 qui,
3268 1822 3321 1877 in
3358 1823 3491 1879 locis

221 1910 438 1978 iudicis,
493 1911 585 1979 qui
637 1911 952 1965 terribiliter
986 1912 1262 1980 sequitur,
1292 1913 1406 1982 ipse
1435 1915 1644 1970 scilicet
1689 1917 1802 1971 cla-

225 2005 426 2058 mando
451 2005 748 2074 gradiatur.
776 2003 955 2074 (Greg.
1000 2003 1210 2060 Pastor.
1249 2024 1302 2076 p.
1356 2025 1416 2073 ιι,
1447 2024 1494 2062 c.
1548 2010 1658 2081 ll.)
1706 2009 1805 2065 Sa-

224 2095 415 2150 cerdos
441 2109 570 2163 ergo
593 2095 637 2148 si
667 2094 1064 2164 praedicationis
1101 2106 1184 2152 est
1213 2100 1458 2164 nescius,
1487 2116 1647 2168 quam
1697 2103 1806 2157 cla-

222 2185 392 2240 moris
439 2202 627 2240 vocem
655 2188 878 2241 daturus
908 2196 990 2243 est
1019 2205 1196 2258 praeco
1221 2194 1429 2246 mutus!
1455 2193 1644 2248 Fortes
1682 2209 1805 2262 per-

221 2285 642 2346 severantesqne
708 2278 960 2332 doctores
1034 2279 1180 2332 velut
1242 2279 1592 2349 imputribilia
1659 2283 1802 2354 ligna

221 2358 498 2434 qumrendi
530 2373 676 2429 sunt,
727 2368 819 2436 qui
853 2368 1194 2423 instructioni
1245 2385 1523 2425 sacrorum
1569 2373 1801 2426 volumi-

223 2471 352 2509 num
392 2471 605 2525 semper
633 2456 1201 2521 inhmrentes,sanct:c
1239 2459 1493 2514 Ecclesiae
1540 2462 1802 2516 unitatem

223 2546 563 2609 denuntient,
594 2554 650 2598 et
675 2546 829 2606 quasi
887 2546 1184 2602 intromissi
1230 2547 1418 2602 circuli
1468 2564 1650 2604 arcam
1700 2551 1804 2606 Do-

223 2637 356 2691 mini
398 2644 633 2706 portent.
701 2634 954 2692 Vectibus
986 2653 1168 2693 arcam
1205 2640 1514 2695 testamenti
1543 2651 1761 2711 portare
1785 2684 1800 2709 ,

222 2737 308 2786 est
361 2729 515 2784 bonis
545 2729 855 2784 doctoribus
900 2739 1141 2786 sanctam
1190 2732 1486 2788 Ecclesiam
1535 2735 1602 2788 ad
1643 2736 1805 2791 rudes

225 2820 521 2875 infidelium
584 2830 792 2876 mentes
847 2822 1192 2891 przedicando
1258 2823 1470 2880 deduci.
1524 2823 1626 2892 Qui
1671 2841 1804 2880 auro

222 2925 438 2979 quoque
492 2908 749 2977 jubentur
806 2911 1047 2981 operiri,
1095 2920 1156 2965 ut
1193 2926 1317 2967 cum
1380 2929 1630 2968 sermone
1683 2915 1804 2969 aliis

223 3003 500 3067 insonant,
530 3003 628 3072 ipsi
655 3003 818 3057 etiam
844 3003 969 3056 vitae
992 3003 1277 3073 splendore
1310 3004 1628 3073 fulgescant.
1701 3005 1804 3061 Ne-

222 3108 376 3146 cesse
430 3100 512 3146 est
554 3092 714 3162 igitur
763 3099 822 3146 ut
863 3093 954 3161 qui
1008 3093 1075 3146 ad
1125 3093 1361 3148 ofﬁcium
1405 3096 1801 3164 prmdicationis

1909 1907 2232 1976 regiminum
2251 1909 2432 1977 positi,
2461 1917 2723 1979 apparent
2753 1909 2934 1980 primi,
2966 1918 3027 1963 ut
3053 1925 3120 1964 ex
3151 1926 3336 1965 eorum
3369 1929 3481 1983 spe—

1905 1997 1991 2052 cie
2019 1999 2192 2052 honor
2219 2000 2289 2052 sit
2319 1999 2492 2054 fidelis
2516 2000 2720 2069 pepuli,
2761 2000 2926 2054 etiam
2958 2001 3004 2055 si
3029 2002 3229 2069 quidin
3262 2019 3490 2073 corpore

1905 2086 2038 2142 latet
2066 2087 2328 2143 deforme.
2389 2088 2490 2155 Qui
2516 2090 2773 2144 nimirum
2810 2091 3017 2160 praelati
3048 2092 3314 2161 plebibus,
3338 2095 3491 2164 plan-

1905 2186 2040 2249 gunt
2064 2179 2251 2247 culpas
2275 2178 2692 2246 infirmantium,
2715 2196 2879 2250 seque
2902 2182 2982 2236 sic
3005 2183 3071 2237 de
3100 2183 3293 2240 alienis
3329 2186 3491 2257 lapsi-

1903 2270 2024 2334 bus,
2075 2285 2140 2324 ac
2188 2270 2234 2324 si
2272 2271 2339 2324 de
2393 2271 2627 2340 propriis
2655 2311 2670 2337 ,
2721 2270 2982 2342 afﬂigunt.
3053 2273 3210 2343 Saepe
3249 2286 3491 2332 rectores

1903 2357 2052 2424 boni,
2107 2359 2237 2414 dum
2266 2360 2528 2428 quosdam
2559 2361 2744 2415 vident
2777 2363 2847 2416 ad
2887 2363 3101 2418 veniam
3152 2375 3276 2435 post
3305 2367 3491 2438 culpas

1905 2448 2105 2514 redire,
2129 2451 2391 2520 quosdam
2416 2465 2543 2504 vero
2569 2451 2623 2505 in
2651 2451 2935 2522 iniquitate
2955 2455 3251 2524 persistere
3277 2458 3488 2513 occulta

1904 2539 2290 2608 omnipotentis
2337 2540 2432 2595 Dei
2475 2541 2678 2611 judicia
2713 2542 3014 2610 mirantur,
3072 2546 3168 2600 sed
3200 2556 3491 2618 penetrare

1903 2639 2197 2699 nequeunt.
2257 2630 2494 2702 (Pastor.
2546 2631 2636 2686 lib.
2673 2649 2715 2698 ι,
2759 2651 2875 2704 cap.
2917 2635 3033 2707 tu.)
3091 2636 3491 2709 Obstupescunt

1904 2723 2050 2777 enim
2088 2739 2207 2792 qua:
2228 2739 2336 2779 non
2363 2725 2688 2796 intelligunt.
2740 2727 2834 2781 Ille
2859 2727 3037 2785 modis
3056 2731 3306 2788 omnibus
3331 2733 3493 2790 debet

1904 2814 1972 2867 ad
2001 2815 2310 2883 exemplum
2353 2815 2568 2871 vivendi
2612 2808 2996 2889 pertrahi,'qui
3045 2822 3260 2876 cunctis
3304 2825 3490 2879 carnis

1902 2905 2244 2975 passionibus
2269 2907 2534 2974 moriens,
2555 2905 2670 2976 jam
2691 2909 3010 2978 spiritaliter
3035 2911 3187 2977 vivit,
3212 2914 3306 2983 qui
3335 2930 3492 2984 pros-

1902 3011 2033 3068 pera
2058 2998 2246 3052 mundi
2299 2999 2626 3068 postposuit,
2653 3001 2745 3068 qui
2793 3000 2939 3054 nulla
2967 3001 3194 3058 adversa
3237 3006 3492 3073 pertime-

1903 3090 2029 3155 scit,
2053 3090 2146 3160 qui
2177 3090 2298 3144 sola
2325 3098 2527 3146 aeterna
2554 3092 2888 3162 concupiscit
2915 3091 3151 3164 [interna
3167 3096 3486 3170 desiderat],

221 3185 514 3248 excubant,
568 3200 597 3237 a
649 3199 815 3239 saerze
860 3184 1107 3240 lectionis
1141 3186 1318 3241 studio
1355 3202 1460 3241 non
1500 3189 1798 3243 recedant:

1911 3179 2065 3249 cujus
2115 3180 2404 3234 intentioni
2454 3182 2589 3237 bene
2620 3197 2942 3254 congruens,
3003 3200 3104 3239 nec
3127 3187 3348 3242 omnino
3393 3169 3493 3258 per

221 3276 290 3329 ad
313 3276 418 3330 hoc
445 3289 677 3343 namque
728 3282 909 3328 vectes
929 3289 1048 3330 esse
1073 3275 1126 3329 in
1151 3276 1367 3330 circulis
1415 3291 1556 3332 arca:
1596 3293 1807 3348 semper

221 3369 501 3438 iubentur,
541 3375 599 3420 ut
623 3383 746 3421 cum
769 3368 973 3436 portari
1005 3382 1187 3422 arcam
1218 3369 1593 3440 opportunitas
1615 3370 1802 3440 exigit,

221 3459 288 3512 de
327 3457 752 3511 intromittendis
802 3457 1043 3510 vectibus
1094 3457 1343 3526 portandi
1406 3455 1632 3512 tarditas
1660 3459 1804 3513 nulla

219 3555 517 3618 generetur
564 3565 576 3598 :
628 3547 754 3615 quia
792 3545 1037 3600 videlicet
1074 3561 1197 3600 cum
1256 3545 1499 3615 spiritale
1546 3547 1746 3616 aliquid
1774 3565 1806 3603 a

221 3637 462 3692 subditis
515 3643 699 3706 pastor
727 3636 1042 3706 inquiritur,
1077 3638 1492 3707 ignominiosum
1522 3640 1674 3695 valde
1699 3650 1802 3707 est,

221 3729 267 3782 si
301 3736 432 3781 tunc
459 3734 665 3795 quierat
690 3727 918 3791 discere,
966 3743 1085 3781 cum
1113 3729 1461 3797 qumslionem
1495 3730 1655 3786 debet
1678 3747 1804 3786 eno-

223 3823 379 3876 dare.
435 3819 664 3876 Circulis
714 3835 853 3875 arca:
896 3819 1115 3874 foederis
1156 3828 1339 3876 vectes
1388 3821 1706 3889 inhmreant,
1747 3834 1806 3879 ut

224 3918 482 3972 doctores
504 3930 717 3985 semper
745 3915 798 3968 in
821 3915 934 3969 suis
962 3915 1216 3969 cordibus
1265 3915 1475 3985 eloquia
1512 3932 1666 3972 sacra
1696 3933 1807 3973 me-

225 4006 486 4065 ditantes,
525 4004 832 4058 testamenti
868 4019 1049 4058 arcam
1100 4004 1216 4058 sine
1248 4020 1398 4058 mora
1453 4006 1700 4068 elevent,
1759 4007 1805 4061 si

225 4096 493 4165 quidquid
519 4109 740 4150 necesse
760 4103 864 4159 est,
917 4095 1165 4164 protinus
1207 4095 1418 4150 docent.
1491 4097 1645 4153 Unde
1669 4100 1806 4154 bene

225 4187 441 4255 primus
467 4193 650 4255 pastor
693 4185 944 4241 Ecclesia:
970 4193 1216 4256 pastores
1263 4195 1486 4242 cancros
1527 4189 1804 4255 admonet,

227 4278 461 4331 dicens:
515 4276 700 4330 Parati
752 4293 952 4345 semper
986 4286 1144 4331 estote
1173 4277 1242 4330 ad
1282 4277 1690 4345 satisfactionem
1742 4280 1806 4334 de

227 4385 316 4430 ea,
353 4384 470 4437 qua:
497 4367 548 4420 in
578 4367 722 4420 nobis
752 4377 850 4430 est,
883 4384 972 4435 spe
1016 4367 1067 4440 (1
1097 4366 1242 4420 Petr.
1274 4368 1379 4436 ιιι).
1421 4367 1500 4422 Ac
1549 4369 1594 4422 si
1621 4377 1806 4438 aperte

229 4457 400 4521 dicat,
431 4465 489 4510 ut
508 4457 574 4511 ad
596 4457 914 4526 portandam
941 4473 1124 4512 arcam
1149 4472 1298 4511 mora
1321 4458 1464 4512 nulla
1491 4460 1802 4528 praepediat,

227 4511 416 4598 vectes
439 4559 468 4597 a
496 4511 713 4599 circulis
759 4560 1028 4614 nunquam
1061 4547 1334 4600 recedant.
1379 4511 1554 4618 (Grerg.
1586 4511 1722 4601 Drior.
1752 4547 1802 4601 Ι.
1831 4511 1884 4570 D

229 4651 348 4699 χχι,
380 4651 498 4703 cap.
532 4633 642 4708 10.)
688 4634 874 4689 Sancti
929 4636 1028 4690 viri
1057 4634 1183 4690 dum
1223 4645 1482 4706 praesunt,
1523 4652 1629 4691 non
1667 4639 1722 4691 in
1751 4653 1809 4694 se

226 4733 560 4794 potestatem
594 4725 820 4791 ordinis,
846 4726 938 4781 sed
963 4726 1323 4795 aequalitatem
1354 4726 1678 4782 conditionis
1729 4736 1811 4782 at-

233 4816 508 4880 tendant;
558 4831 658 4870 nec
703 4831 934 4886 praeesse
979 4821 1247 4888 gaudeant
1309 4818 1658 4884 hominibus,
1713 4819 1810 4874 Sed

230 4908 514 4977 prodesse.
567 4906 753 4962 Sciant
785 4909 929 4964 enim
973 4910 1116 4979 quod
1164 4910 1372 4979 antiqui
1424 4918 1607 4979 patres
1638 4910 1808 4963 nostri

233 5011 346 5049 non
375 5003 512 5050 totam
545 5011 700 5066 reges
745 4997 1022 5052 hominum
1079 5015 1238 5068 quam
1275 5008 1520 5068 pastores
1555 5015 1810 5070 pecorum

234 5086 407 5142 fuisse
461 5099 850 5143 memorantur.
923 5087 1056 5144 Cum
1109 5090 1222 5145 Noe
1275 5092 1532 5146 Dominus
1583 5091 1812 5159 filiisque

237 5179 356 5248 ejus
382 5189 506 5250 post
530 5180 786 5235 diluvium
798 5181 1032 5236 diceret:
1063 5181 1288 5236 Crescite
1309 5190 1356 5236 et
1371 5181 1808 5252 multiplicamini,

237 5280 288 5324 et
318 5270 525 5340 implete
561 5280 778 5337 terram,
809 5272 1058 5328 subditur
1087 5291 1100 5325 :
1141 5272 1210 5326 Et
1231 5283 1400 5326 terror
1419 5281 1584 5326 vester
1606 5287 1667 5325 ac
1705 5281 1810 5324 tre-

239 5383 358 5420 mor
389 5367 456 5420 sit
481 5382 636 5435 super
658 5375 846 5421 cuncta
875 5365 1127 5420 animalia
1151 5374 1302 5419 terra?
1330 5363 1481 5436 (Cen.
1510 5363 1607 5433 nt).
1643 5362 1814 5417 Homo

240 5457 442 5526 quippe
464 5456 784 5513 animalibus
810 5454 1232 5520 irrationalibus,
1261 5471 1366 5510 non
1399 5462 1576 5507 autem
1606 5451 1816 5506 caeteris

245 5547 552 5602 hominibus
581 5556 796 5614 natura,
835 5547 1089 5617 praelatus
1112 5556 1213 5601 est.
1278 5546 1486 5600 Idcirco
1516 5545 1567 5598 ei
1599 5543 1813 5608 dicitur,

245 5648 303 5692 ut
354 5640 423 5693 ab
471 5637 817 5702 animalibus,
870 5653 975 5692 non
1004 5638 1070 5691 ab
1119 5637 1336 5692 homine
1365 5635 1650 5700 timeatur,
1692 5631 1816 5701 quia

247 5744 433 5789 contra
467 5741 716 5786 naturam
753 5733 1037 5800 superbire
1067 5742 1169 5798 est,
1223 5731 1290 5784 ab
1321 5714 1526 5798 aequali
1569 5728 1700 5783 velle
1752 5728 1818 5781 ti-

1906 3271 2330 3328 imbecillitatem
2364 3288 2561 3344 corpus
2591 3273 2766 3344 [Deest
2794 3275 3045 3347 corpus],
3077 3292 3179 3332 nec
3209 3279 3364 3335 valde
3390 3297 3489 3351 per

1905 3364 2305 3418 contumaciam
2331 3371 2594 3434 repugnat
2615 3365 2837 3434 spiritus
2863 3364 3129 3438 [corpus].
3179 3368 3296 3438 Ipse
3325 3373 3490 3426 nihil-

1905 3454 2119 3507 ominus
2151 3452 2216 3506 ad
2269 3452 2588 3522 dignitatem
2637 3453 2926 3522 pastoralis
2957 3453 3122 3510 ofﬁcii
3165 3457 3327 3512 debet
3361 3474 3489 3528 pro-

1906 3545 2049 3608 vehi,
2099 3544 2192 3614 qui
2216 3544 2283 3598 ad
2319 3543 2491 3598 aliena
2526 3544 2790 3614 capienda
2817 3560 2924 3598 non
2957 3546 3189 3613 ducitur,
3240 3549 3334 3604 sed
3363 3567 3490 3620 pro-

1905 3641 2022 3710 pria
2051 3639 2304 3709 largitur;
2328 3639 2421 3707 qui
2449 3653 2546 3708 per
2583 3639 2803 3708 pietatis
2826 3639 3038 3695 viscera
3059 3641 3222 3716 citius
3246 3643 3313 3697 ad
3337 3643 3486 3715 igno-

1907 3730 2160 3784 scendum
2175 3726 2427 3794 flectitur,
2445 3727 2537 3782 sed
2561 3743 2666 3782 non
2693 3727 2814 3797 plus
2826 3743 2989 3798 quam
3003 3729 3160 3786 decet
3181 3730 3486 3802 ignoscens,

1906 3822 1974 3876 ab
1995 3835 2119 3876 arce
2156 3819 2498 3874 rectitudinis
2522 3819 2846 3874 inclinatur:
2876 3819 2968 3889 qui
2995 3820 3140 3876 nulla
3165 3821 3346 3876 illicita
3368 3840 3492 3894 per-

1905 3917 2104 3980 petrat,
2136 3909 2231 3964 sed
2257 3915 2566 3978 perpetrata
2594 3908 2661 3962 ab
2688 3907 2830 3973 aliis,
2860 3918 2920 3962 ut
2945 3910 3187 3979 propria,
3212 3912 3488 3982 deplorat;

1907 4002 1997 4070 qui
2037 4017 2102 4055 ex
2152 3999 2342 4055 affectu
2367 3999 2546 4054 cordis
2575 3999 2765 4054 alienae
2815 3999 3111 4055 infirmitati
3141 4006 3488 4072 oompatitur,

1906 4092 2092 4163 sicque
2123 4092 2176 4145 in
2216 4092 2372 4147 bonis
2420 4092 2678 4161 proximi,
2732 4093 2872 4146 sicut
2899 4093 2953 4145 in
2983 4094 3096 4148 suis
3120 4097 3486 4163 provectibus,

1906 4160 2137 4238 Iactatur.
2192 4183 2273 4236 Ad
2294 4160 2608 4253 dignitatem
2631 4181 2956 4251 pontificalis
2978 4160 3310 4239 excellentia:
3337 4160 3488 4242 recte

1904 4273 2186 4344 pervenit,
2231 4272 2324 4340 qui
2367 4273 2440 4325 ita
2491 4287 2549 4326 se
2585 4272 2903 4326 imitabilem
2940 4275 3152 4329 caateris
3187 4275 3242 4329 in
3277 4279 3488 4333 cunctis

1908 4379 2028 4434 quae
2065 4363 2198 4434 agit,
2238 4361 2497 4425 insinuat,
2526 4369 2585 4414 ut
2636 4362 2778 4416 inter
2818 4377 2914 4416 eos
2964 4378 3070 4417 non
3106 4365 3301 4420 habeat
3342 4369 3488 4436 quod

1909 4455 2098 4509 saltem
2125 4454 2191 4506 de
2221 4453 2510 4506 transactis
2541 4467 2694 4507 mens
2720 4451 2895 4524 [Deest
2920 4455 3096 4528 mens]
3147 4458 3434 4513 erubescat
3470 4479 3481 4512 :

1910 4544 2001 4615 qui
2036 4543 2116 4597 sic
2142 4542 2319 4596 studet
2351 4542 2554 4607 vivere,
2603 4551 2663 4596 ut
2686 4544 3052 4611 proximorum
3080 4529 3293 4616 quoque
3317 4549 3482 4604 corda

1910 4635 2118 4688 arentia
2145 4633 2402 4688 doctrinae
2426 4633 2604 4687 valeat
2624 4633 2839 4688 ﬂuentis
2869 4635 3130 4706 irrigare:
3165 4639 3257 4709 qui
3286 4641 3488 4696 oratio-

1909 4725 1996 4779 nis
2055 4739 2154 4778 usu
2179 4723 2547 4792 experimento
2579 4723 2691 4793 jam
2739 4723 2950 4791 didicit,
2988 4727 3132 4795 quod
3177 4730 3424 4786 obtinere
3453 4747 3484 4786 a

1911 4814 2158 4878 Domino,
2181 4828 2516 4882 quiscunque
2543 4815 2866 4884 poposcerit,
2894 4817 3064 4885 possit
3096 4836 3108 4870 :
3140 4820 3224 4874 cui
3251 4822 3486 4891 prophe-

1911 4904 2017 4958 tica
2038 4918 2170 4959 voce
2182 4905 2296 4974 jam
2320 4919 2422 4972 qua
2458 4905 2764 4974 specialiter
2791 4906 2898 4978 [cui
2926 4908 2993 4961 ad
3021 4907 3244 4965 effectus
3289 4913 3370 4967 sui
3401 4928 3490 4968 vo-

1917 5013 2034 5054 cem
2054 4997 2165 5065 jam
2198 4997 2353 5067 quasi
2377 4997 2704 5068 specialiter,
2735 4998 2867 5072 etc.]
2919 5000 3117 5056 dicitur
3163 5020 3176 5055 :
3208 5003 3390 5058 Adhuc
3411 5004 3490 5059 lo—

1915 5100 2100 5162 quentc
2122 5099 2192 5154 te,
2236 5090 2429 5153 dicam,
2482 5105 2596 5143 ecce
2622 5090 2807 5144 adsum
2857 5090 2991 5162 (Isa.
3041 5091 3102 5164 ι).
3173 5093 3229 5148 Si
3259 5095 3489 5151 fortasse

1917 5181 2201 5252 quisquam
2234 5180 2433 5246 veniat,
2484 5188 2544 5234 ut
2592 5197 2690 5251 pro
2713 5197 2770 5237 se
2815 5184 2882 5236 ad
2913 5185 3356 5242 intercedendum
3386 5201 3486 5242 nos

1917 5273 2056 5343 apud
2083 5281 2356 5343 potentem
2388 5275 2693 5344 quempiam
2750 5276 2945 5342 virum,
2995 5279 3088 5347 qui
3125 5279 3229 5334 sibi
3286 5280 3479 5340 iratus,

1916 5364 2070 5419 nobis
2107 5378 2235 5418 vero
2257 5370 2338 5418 est
2365 5364 2692 5433 incognitus,
2715 5366 2897 5432 ducat,
2925 5369 3172 5437 protinus
3192 5371 3480 5438 responde—
3529 5365 3532 5368 ’

1918 5469 2038 5508 mus
2090 5471 2102 5507 :
2155 5454 2238 5508 Ad
2290 5453 2727 5509 intercedendum
2772 5458 2954 5513 venire
3005 5473 3112 5512 non
3174 5473 3484 5526 possumus,

1918 5547 2041 5615 quia
2072 5545 2453 5600 familiaritatis
2483 5545 2600 5615 ejus
2631 5549 2876 5602 notitiam
2928 5564 3032 5603 non
3083 5549 3364 5605 habemus.
3427 5550 3486 5607 Si

1918 5651 2045 5704 ergo
2069 5637 2228 5692 homo
2258 5639 2397 5708 apud
2427 5638 2720 5706 hominem,
2761 5640 2829 5693 de
2877 5654 2983 5708 quo
3023 5639 3244 5696 minime
3286 5658 3489 5713 przesu-

1921 5728 2038 5794 mit,
2075 5728 2187 5782 ﬁeri
2216 5729 2539 5784 intercessor
2564 5729 2854 5794 erubescit,
2888 5745 2993 5799 qua
3018 5739 3195 5786 mente
3224 5736 3361 5805 apud
3382 5736 3489 5790 Dn-
