3884 6192
473 333 576 389 sn

1497 311 1901 370 AMALARIUS
1939 306 2352 366 PRESBYTER
2391 303 2750 364 METENSIS.

3633 303 3736 358 868

475 439 685 507 mitium
715 437 1124 500 intercessionis
1160 435 1335 489 locum
1371 445 1470 502 pro
1498 429 1696 500 populo
1729 426 1939 495 arripit,
1969 424 2061 493 qui
2091 423 2143 483 Λ
2167 419 2426 475 Dominus
2461 420 2778 507 detestatur,
2813 416 2998 507 dicens
3029 414 3167 507 :‘It‘t
3197 414 3633 507 ιρηεηιει-ΙερεηιΒ
3659 434 3741 469 ne-

477 539 799 597 familiarem
821 547 880 587 se
909 532 1026 600 ejus
1047 526 1235 598 gratiae
1264 538 1384 580 esse
1408 538 1506 594 per
1530 521 1655 575 vita:
1683 519 1932 574 meritum
1966 532 2058 571 ne-

478 636 582 691 scit
599 633 625 686 ἲ
669 629 774 684 Aut
804 627 872 681 ab
897 639 962 679 eo
983 621 1253 692 quomodo
1275 617 1398 672 aliis
1419 615 1630 671 veniam
1655 609 1910 682 postulat,
1943 607 2056 677 qui,

477 732 660 779 u‘trum
697 718 799 774 sibi
841 716 914 770 sit
937 713 1180 784 placatus
1235 706 1496 780 ignorat?
1529 704 1647 773 Qua
1678 703 1733 756 in
1760 716 1820 756 re
1845 707 1931 754 est
1960 698 2058 754 ad-

477 815 584 869 huc
627 808 771 864 aliud
801 802 1085 860 sollicitius
1140 797 1562 863 formidandum,
1615 808 1686 848 ne
1708 791 1801 862 qui
1845 790 2060 861 placare

476 899 614 957 iram
635 911 798 969 posse
823 893 1085 958 creditur,
1112 891 1254 946 hanc
1285 888 1401 958 ipse
1428 901 1497 942 ex
1517 883 1738 954 proprio
1763 889 1918 937 reatu
1949 895 2060 934 me-

464 998 680 1046 'reatur.
719 985 911 1044 Cuncti
939 982 1146 1054 liquido
1166 980 1416 1034 novimus
1440 977 1565 1046 quia
1587 990 1710 1030 cum
1755 973 1802 1028 is
1837 972 1930 1042 qui
1953 971 2061 1026 dis-

475 1081 642 1153 plicet
689 1078 760 1134 ad
815 1071 1260 1133 intercedendum
1303 1068 1556 1132 mittitur,
1598 1066 1719 1119 irati
1759 1063 1971 1153 animus
1994 1061 2060 1153 ad

419 1174 421 1176 ’
463 1150 748 1228 deteriora
772 1171 1121 1238 provocatur.
1189 1159 1292 1226 Qui
1326 1158 1504 1213 adhuc
1525 1154 1755 1210 terrenis
1777 1150 2062 1208 desideriis

477 1263 815 1335 astringitur,
855 1264 1048 1315 caveat
1080 1270 1150 1310 ne
1175 1252 1408 1308 districti
1457 1251 1594 1304 iram
1614 1246 1814 1318 judicis
1843 1244 2062 1316 gravius

478 1356 800 1418 accendens,
847 1351 974 1406 dum
996 1349 1116 1403 loco
1145 1345 1442 1401 delectatur
1483 1340 1688 1413 gloriae,
1716 1339 1812 1392 ﬁat
1835 1335 2063 1392 subditis

479 1457 668 1506 auctor
695 1445 886 1502 ruinae.
948 1441 1190 1498 Solerter
1231 1453 1362 1508 ergo
1408 1450 1468 1490 se
1513 1433 1743 1504 quisque
1785 1429 2060 1495 metiatur,

481 1555 549 1595 ne
577 1537 758 1594 locum
791 1531 1072 1604 regiminis
1095 1541 1373 1584 assumere
1392 1523 1614 1588 audeat,
1643 1522 1690 1577 si
1721 1521 1899 1576 adhuc
1925 1520 1980 1574 in
2006 1534 2064 1575 se

479 1630 670 1685 vitium
707 1623 1085 1681 damnabiliter
1135 1625 1362 1690 regnat:
1418 1629 1488 1671 ne
1518 1615 1582 1679 is,
1641 1628 1803 1684 quem
1856 1611 2065 1667 crimen

481 1725 741 1792 depravat
767 1714 1065 1786 proprium,
1097 1712 1429 1765 intercessor
1449 1706 1568 1761 ﬁeri
1591 1711 1808 1776 appetat
1830 1717 1930 1774 pro
1953 1702 2066 1757 cul-

483 1811 568 1882 pis
596 1809 846 1865 aliorum.

1079 1889 1306 1950 CAPUT
1335 1889 1474 1945 XIV.

549 1989 728 2061 (Greg.
751 1989 806 2042 in
827 1985 963 2058 prol.
995 1981 1338 2050 Pastoralis.)
1395 1979 1533 2035 Sunt
1565 1977 1808 2049 plerique
1838 1976 2064 2049 [Grego—

480 2086 613 2139 rius.
663 2081 736 2136 Ut
773 2076 981 2147 indigni
1003 2082 1164 2144 atque
1212 2071 1446 2141 imperiti
1475 2071 1545 2125 ad
1583 2070 1856 2140 pastorale
1895 2069 2064 2139 magi-

478 2173 705 2230 sterium
741 2169 1000 2224 accedere
1041 2179 1148 2220 non
1183 2168 1531 2234 praesumant.
1607 2160 1746 2215 Sunt
1798 2159 2060 2229 plerique,

477 2263 612 2336 etc.]
639 2270 939 2333 pastorum,
985 2257 1079 2328 qui
1108 2255 1233 2309 dum
1263 2253 1440 2308 metiri
1486 2267 1544 2306 se
1597 2251 1884 2316 nesciunt,
1944 2265 2064 2319 qua:

479 2371 587 2410 non
624 2354 946 2414 didicerunt,
997 2348 1194 2402 docere
1223 2343 1631 2414 concupiscunt.
1703 2341 1804 2409 Qui
1854 2341 2065 2412 pondus

479 2445 776 2519 magisterii
802 2450 950 2498 tanto
973 2440 1144 2496 levius
1171 2438 1460 2503 aestimant,
1489 2444 1693 2505 quanto
1723 2435 1830 2489 vim
1859 2434 2065 2506 magni-

479 2537 685 2594 tudinis
732 2535 876 2590 illius
902 2535 1171 2603 ignorant.
1219 2529 1291 2586 Ut
1315 2528 1441 2599 quia
1467 2528 1674 2583 indocti
1712 2542 1776 2583 ac
1819 2527 2067 2597 principi-

480 2639 564 2685 tes
586 2626 845 2684 doctrina:
870 2638 1052 2679 arcem
1087 2630 1272 2678 tenere
1297 2628 1578 2691 appetunt,
1609 2634 1640 2673 a
1681 2617 2067 2688 praecipitatio—

483 2722 568 2777 nis
591 2734 708 2776 sua:
728 2717 948 2773 ausibus
971 2716 1023 2770 in
1059 2715 1176 2784 ipsa
1205 2711 1496 2768 locutionis
1520 2709 1686 2779 janua
1710 2708 2063 2780 repellantur.

482 2811 639 2867 Nulla
669 2824 761 2865 ars
788 2807 971 2864 doceri
997 2805 1363 2876 praesumitur,
1396 2803 1500 2859 nisi
1547 2803 1752 2858 intenta
1780 2801 1930 2872 prius
1956 2813 2068 2856 me-

483 2900 746 2956 ditatione
771 2897 1031 2952 discatur.
1081 2894 1164 2948 Ab
1203 2893 1473 2964 imperitis
1494 2907 1626 2963 ergo
1651 2889 1924 2962 pastorale
1953 2903 2065 2943 ma-

477 2991 764 3063 gisterium
805 3004 912 3058 qua
944 2985 1250 3042 temeritate
1276 2983 1588 3054 suscipitur,
1638 2981 1856 3052 quando
1876 2995 1965 3035 ars
1984 2987 2069 3034 est

464 3085 681 3139 :artium
711 3080 953 3152 regimen
997 3076 1347 3131 animarum?
1395 3075 1528 3142 Quis
1575 3082 1757 3129 autem
1783 3071 2067 3143 cogitatio-

2158 510 2388 563 scierunt
2420 524 2502 561 me
2525 506 2658 578 (Jer.
2690 505 2771 576 ιι).
2843 505 2910 559 Et
2931 503 3132 559 nesciri
3156 519 3286 574 ergo
3306 517 3367 558 se
3393 503 3462 558 ab
3486 504 3568 558 eis
3589 505 3741 559 Veri-

2159 609 2243 654 tas
2267 599 2638 668 conqueritur,
2669 606 2724 650 et
2762 596 2974 651 nescire
3003 610 3062 650 se
3104 594 3469 665 principatum
3496 596 3743 651 nescien-

2159 691 2297 744 tium
2348 705 2408 745 se
2429 695 2803 760 protestatur:
2839 686 2966 757 quia
3009 685 3255 755 profecto
3305 685 3366 739 hi
3407 686 3501 755 qui
3527 701 3593 741 ea
3621 702 3746 756 qua:

2161 790 2290 838 sunt
2315 781 2552 846 Domini,
2596 780 2864 845 nesciunt,
2899 794 2930 832 a
2954 778 3184 834 Domino
3211 778 3550 845 nesciuntur,
3579 779 3747 836 Paulo

2159 881 2454 930 attestante
2472 873 2564 944 qui
2591 873 2669 927 ait
2700 890 2712 926 :
2748 870 2810 927 Si
2859 871 2978 942 quis
3001 879 3179 924 autem
3211 871 3444 940 ignorat,
3476 873 3748 941 ignorabi-

2161 974 2250 1018 tur
2270 963 2323 1036 (Ι
2351 963 2476 1019 Cor.
2497 963 2633 1032 xiv).
2683 963 3011 1032 Plerumque
3031 971 3313 1033 pastorum
3343 963 3614 1033 imperitia
3640 979 3748 1018 me-

2163 1056 2284 1112 ritis
2326 1054 2579 1126 congruit
2620 1054 3035 1125 subiectorum:
3077 1053 3201 1123 quia
3257 1055 3506 1123 quamvis
3563 1054 3748 1108 lumen

2162 1149 2422 1212 scientiae,
2452 1162 2551 1202 sua
2576 1145 2736 1216 culpa
2763 1145 3032 1216 exigente,
3064 1160 3172 1200 non
3197 1145 3466 1211 habeant,
3497 1145 3750 1201 districto

2163 1248 2344 1294 tamen
2369 1237 2575 1306 judicio
2598 1237 2797 1308 agitur,
2837 1244 2894 1289 ut
2947 1249 3048 1305 per
3069 1250 3259 1292 eorum
3304 1237 3666 1316 ignorantiam
3695 1237 3748 1292 hi

2162 1330 2328 1386 etiam
2364 1329 2457 1398 qui
2502 1335 2823 1398 sequuntur,
2856 1324 3152 1381 offendant.
3234 1326 3370 1380 Hinc
3410 1342 3649 1397 namque
3695 1328 3745 1380 in

2163 1422 2456 1492 Evangelio
2487 1436 2586 1492 per
2630 1421 2980 1490 semetipsam
3027 1419 3244 1474 Veritas
3272 1419 3404 1474 dicit
3437 1434 3452 1473 :
3487 1419 3551 1474 Si
3577 1435 3746 1473 eam

2165 1531 2302 1570 caeco
2354 1515 2607 1568 ducatum
2651 1512 2913 1580 prwbeat,
2981 1511 3132 1565 ambo
3182 1511 3239 1565 in
3293 1511 3494 1580 foveam
3554 1512 3747 1565 cadunt

2168 1603 2381 1673 (Matth.
2437 1605 2550 1674 xv).
2600 1602 2736 1657 Hinc
2775 1602 3082 1668 Psalmista,
3125 1617 3233 1658 non
3260 1603 3497 1674 optantis
3545 1604 3746 1669 animo,

2167 1697 2262 1750 sed
2287 1696 2663 1766 prophetantis
2685 1695 2965 1765 mysterio,
2989 1695 3272 1750 denuntiat
3296 1697 3480 1751 dicens
3506 1715 3519 1749 :
3553 1695 3749 1751 Obscu-

2091 1781 2139 1840 B
2167 1799 2348 1842 rentur
2369 1787 2513 1847 oculi
2536 1803 2718 1842 eorum
2751 1803 2814 1841 ne
2837 1787 3062 1851 videant,
3099 1797 3146 1840 et
3175 1788 3389 1842 dorsum
3416 1804 3597 1841 eorum
3612 1806 3746 1842 sent-

2165 1897 2257 1950 ρετ
2281 1882 2496 1936 incurva
2551 1880 2722 1952 (Psal.
2753 1880 3004 1949 Lxxvm).
3065 1880 3218 1938 Oculi
3247 1883 3448 1952 quippe
3473 1892 3620 1945 sunt,
3661 1886 3745 1953 qui

2167 1973 2221 2027 in
2253 1974 2366 2043 ipsa
2391 1973 2613 2028 honoris
2636 1988 2848 2029 summa
2874 1973 3012 2029 facie
3033 1974 3221 2044 positi,
3251 1975 3574 2044 providendi
3597 1977 3747 2030 itine-

2166 2067 2243 2121 ris
2285 2065 2524 2122 ofllcium
2572 2075 2946 2136 susceperunt.
3023 2066 3229 2134 Quibus
3276 2067 3330 2121 hi
3381 2068 3635 2122 nimirum
3662 2071 3745 2138 qui

2165 2158 2559 2228 subsequenter
2593 2158 2877 2223 inhaarent,
2931 2158 3088 2212 dorsa
3119 2159 3487 2213 nominantur.
3551 2157 3746 2214 Obscu-

2166 2249 2302 2304 ratis
2330 2264 2460 2318 ergo
2494 2248 2684 2313 oculis,
2721 2249 2942 2304 dorsum
2976 2248 3239 2315 ﬂectitur;
3267 2249 3393 2319 quia
3423 2265 3549 2304 cum
3575 2249 3746 2304 lumen

2166 2342 2409 2398 scientiae
2432 2343 2667 2412 perdunt
2700 2341 2792 2411 qui
2818 2350 3079 2412 praeeunt,
3101 2340 3347 2411 profecto
3380 2342 3448 2395 ad
3485 2342 3748 2412 portanda

2165 2439 2512 2501 peccatorum
2532 2445 2699 2486 onera
2727 2439 3022 2486 curvantur
3042 2431 3133 2502 qui
3172 2439 3491 2500 sequuntur.
3547 2431 3746 2500 lndigni

2166 2521 2365 2590 quippe
2408 2521 2545 2575 tanti
2578 2531 2764 2576 reatus
2807 2522 3046 2591 pondera
3092 2520 3362 2591 fugerunt,
3423 2522 3469 2576 si
3501 2520 3749 2576 Veritatis

2167 2614 2490 2670 sententiam
2513 2613 2746 2670 sollicita
2776 2614 2957 2670 cordis
2982 2629 3114 2670 aure
3141 2623 3455 2685 pensarent,
3488 2630 3612 2684 quae
3634 2615 3707 2668 ait
3731 2631 3742 2666 :

2169 2702 2275 2769 Qui
2321 2703 2762 2759 scandalizaverit
2798 2721 2963 2758 unum
2989 2705 3052 2759 de
3084 2704 3292 2775 pusillis
3336 2705 3454 2759 istis
3479 2705 3572 2775 qui
3598 2707 3652 2758 in
3674 2721 3748 2758 me

2168 2796 2410 2861 credunt,
2434 2795 2640 2866 expedit
2691 2797 2739 2849 ei
2771 2804 2829 2849 ut
2861 2795 3215 2866 suspendatur
3242 2795 3382 2850 mola
3411 2796 3649 2849 asinaria
3697 2794 3747 2847 in

2168 2886 2303 2942 collo
2337 2888 2534 2958 ejus,et
2550 2887 2886 2958 demergatur
2913 2889 2969 2942 in
2989 2889 3308 2958 profundam
3335 2889 3500 2942 maris
3527 2886 3740 2954 (Matth.

2171 2979 2348 3049 an).
2388 2978 2467 3034 Ne
2486 2986 2756 3034 temerare
2780 2993 2937 3033 saera
2967 2978 3248 3050 regimina,
3273 2979 3522 3049 quisquis
3547 2980 3634 3034 his
3661 2980 3748 3033 im-

2168 3083 2266 3139 par
2289 3076 2390 3135 est,
2436 3068 2674 3123 audeat:
2717 3077 2771 3123 et
2811 3084 2909 3139 per
2933 3069 3428 3140 concupiscentiam
3479 3069 3743 3134 culminis,

464 3190 614 3230 mum
669 3144 891 3226 vulnera
946 3166 1245 3224 occultiora
1299 3179 1418 3221 esse
1464 3165 1692 3230 nesciat,
1749 3163 2064 3220 vulneribus
2091 3144 2137 3208 (ἶ
2169 3163 2421 3216 ducatum
2454 3157 2713 3228 suscipiat
2740 3158 3082 3227 perditiOnis.
3135 3158 3271 3214 Hinc
3317 3160 3461 3214 enim
3484 3161 3572 3230 pie
3598 3159 3744 3214 Jaco-

481 3261 797 3320 viscerum?
850 3260 917 3314 Et
940 3269 1127 3313 tamen
1157 3271 1300 3328 saepe
1352 3257 1444 3328 qui
1473 3270 1812 3326 nequaquam
1852 3255 2068 3324 spirita-

460 3355 557 3410 'lia
591 3359 860 3424 praecepta
895 3355 1286 3421 cognoverunt,
1323 3345 1502 3402 cordis
1539 3361 1598 3402 se
1635 3345 1874 3401 medicos
1902 3345 2066 3415 proli-

477 3444 588 3500 teri
629 3457 737 3498 non
765 3448 1047 3496 metuunt:
1082 3439 1208 3494 dum
1247 3438 1339 3508 qui
1387 3438 1785 3509 pigmentorum
1835 3437 1944 3491 vim
1975 3451 2068 3492 ne-

471 3535 682 3601 sciunt,
709 3533 881 3589 videri
902 3531 1097 3587 medici
1123 3531 1308 3586 carnis
1344 3528 1697 3586 erubescunt.
1765 3528 1902 3584 Sunt
1937 3543 2070 3583 non-

485 3627 644 3693 nulli,
672 3625 764 3697 qui
787 3624 928 3679 intra
959 3632 1205 3679 sanctam
1230 3621 1551 3688 Eeclesiam,
1596 3636 1696 3691 per
1723 3620 1960 3690 speciem
1983 3635 2067 3675 re-

485 3718 725 3790 giminis,
760 3715 986 3787 gloriam
1019 3714 1272 3770 affectant
1296 3713 1539 3768 honoris.
1594 3712 1776 3767 Videri
1820 3713 2068 3768 doctores

485 3815 768 3878 appetunt,
798 3807 1186 3862 transcendere
1220 3813 1444 3860 caeteros
1485 3803 1893 3872 concupiscunt,
1926 3811 2066 3860 atte-

469 3904 668 3954 -stante
687 3895 931 3952 Veritate
962 3914 974 3948 :
1020 3894 1228 3950 Primos
1274 3895 1532 3950 recubitus
1571 3896 1626 3948 in
1662 3895 1838 3960 omnis,
1869 3896 2066 3966 primas

466 3989 542 4043 --in
565 3985 896 4042 concentibus
927 3984 1200 4038 cathedras
1230 3995 1472 4055 quammt
1509 3983 1724 4057 (Matth.
1757 3984 1947 4056 xxm);
1975 3987 2066 4054 qui

470 4085 798 4148 susceptum
824 4090 968 4131 curae
997 4075 1280 4144 pastoralis
1305 4075 1543 4130 ofﬁcium
1571 4075 1879 4132 ministrare
1907 4077 2068 4148 digne

475 4178 638 4225 tanto
663 4168 836 4240 magis
868 4175 1163 4236 nequeunt,
1185 4176 1389 4237 quanto
1422 4167 1488 4223 ad
1533 4165 1853 4223 humilitatis
1899 4169 2068 4240 magi-

467 4262 711 4318 sterium
755 4275 823 4314 ex
871 4259 982 4314 sola
1012 4260 1242 4315 elatione
1284 4267 1667 4329 pervenerunt.
1703 4257 1832 4328 Ipsa
1868 4259 2066 4330 quippe

490 4352 544 4405 in
569 4348 880 4421 magisterio
905 4347 1084 4420 lingua
1113 4347 1482 4415 confunditur,
1501 4349 1716 4418 quando
1737 4348 1882 4404 aliud
1904 4348 2066 4404 disci-

490 4447 597 4504 tur,
649 4445 707 4493 et
761 4437 906 4492 aliud
959 4439 1205 4494 docetur.
1289 4439 1490 4494 Contra
1531 4439 1778 4508 indignos
1819 4449 2064 4510 pastores

476 4529 744 4584 Dominus
771 4544 866 4600 per
890 4531 1206 4599 prophetam
1232 4531 1493 4602 quaeritur
1515 4545 1529 4585 :
1559 4531 1670 4602 Ipsi
1695 4543 2060 4603 regnaverunt,

485 4633 533 4678 et
559 4640 662 4678 non
687 4640 752 4679 ea:
782 4640 863 4678 me
893 4641 912 4689 ;
942 4626 1200 4696 principes
1247 4620 1579 4690 exstiterunt,
1618 4635 1666 4679 et
1710 4643 1814 4679 non
1849 4629 2064 4696 cognovi

475 4711 632 4782 (Ose.
664 4713 806 4784 vin).
837 4713 918 4767 Ex
944 4728 1004 4768 se
1029 4728 1284 4784 namque,
1310 4722 1364 4768 et
1396 4730 1502 4771 non
1526 4730 1593 4769 ex
1614 4713 1839 4769 arbitrio
1867 4717 2063 4770 summi

488 4803 736 4867 rectoris,
765 4811 1010 4873 regnant,
1065 4805 1157 4872 qui
1187 4803 1344 4858 nullis
1371 4803 1490 4858 fulti
1519 4803 1832 4867 virtutibus,
1864 4819 2065 4874 nequa—

485 4905 645 4957 quam
684 4889 942 4946 divinitus
985 4893 1183 4958 vocati,
1233 4894 1327 4948 sed
1361 4909 1455 4948 sua
1502 4893 1795 4962 cupiditate
1826 4896 2058 4961 accensi,

473 4978 698 5034 culmen
720 4981 1012 5049 regiminis
1034 4985 1250 5053 rapiunt
1272 4984 1450 5052 potius
1482 4999 1646 5054 quam
1677 4997 2059 5054 assequuntur.

486 5068 709 5123 lnutiies
733 5071 1043 5127 sacerdotes
1076 5073 1322 5128 internus
1363 5073 1527 5143 judex
1579 5084 1635 5130 et
1688 5078 1958 5144 provehit,
2007 5089 2063 5135 et

487 5170 594 5214 non
623 5161 896 5230 cognoscit
921 5181 933 5214 :
962 5163 1088 5232 quia
1118 5178 1253 5232 quos
1280 5165 1638 5234 permittendo
1663 5167 1894 5230 tolerat,
1934 5183 2059 5238 pro-

482 5247 628 5305 fecto
654 5264 754 5320 per
784 5248 1048 5318 judicium
1098 5255 1492 5323 reprobationis
1521 5257 1750 5327 ignorat.
1809 5258 1961 5314 Unde
1989 5261 2059 5315 ad

479 5361 543 5402 se
565 5347 903 5416 quibusdam,
949 5357 1004 5404 et
1029 5357 1150 5418 post
1184 5351 1440 5407 miracula
1487 5354 1845 5424 venientibus,
1876 5357 2005 5412 dicit
2040 5377 2053 5412 :

478 5437 728 5493 .Recedite
769 5457 803 5494 a
851 5457 954 5505 me,
1000 5443 1228 5511 operarii
1253 5444 1544 5514 iniquitatis
1571 5460 1589 5498 .'
1623 5449 1794 5501 nescio
1822 5451 1912 5519 qui
1933 5451 2056 5504 estis

483 5527 638 5598 (Luc.
681 5531 823 5612 xui).
859 5531 1142 5588 Pastorum
1195 5533 1464 5603 imperitia
1516 5551 1649 5592 voce
1692 5536 1948 5595 Veritatis
1975 5540 2057 5594 in-

476 5629 754 5688 crepatur,
779 5639 900 5678 cum
930 5639 1027 5694 per
1052 5625 1368 5694 prophetam
1397 5626 1597 5682 dicitur
1623 5646 1639 5682 :
1685 5627 1794 5698 Ipsi
1819 5641 2055 5699 pastores

483 5709 848 5778 ignorarerunt
877 5717 1268 5787 intelligentiam
1324 5719 1455 5790 (lsn.
1483 5722 1611 5792 LVI).
1687 5720 1832 5788 Quos
1871 5739 2056 5780 rursus

2089 4498 2141 4557 D

2168 3255 2269 3310 bus
2304 3252 2575 3323 prohibet,
2605 3250 2835 3306 dicens:
2894 3250 3077 3305 Nolite
3121 3250 3297 3321 plures
3337 3253 3577 3322 magistri
3613 3252 3742 3320 ﬁeri,

2168 3346 2362 3416 fratres
2393 3343 2494 3398 mei
2549 3341 2692 3415 (Jac.
2727 3345 2832 3412 tu).
2896 3341 3034 3398 Hinc
3087 3343 3201 3414 ipse
3245 3342 3340 3397 Dei
3368 3342 3741 3410 hominumque

2169 3437 2454 3502 mediator,
2514 3447 2740 3504 regnum
2767 3433 3051 3503 percipere
3080 3434 3269 3488 vitavit
3321 3433 3376 3488 in
3402 3433 3610 3490 terris:
3655 3432 3738 3502 qui

2169 3541 2526 3600 supernorum
2555 3538 2772 3595 quoque
2801 3524 3089 3594 spirituum
3119 3525 3401 3581 scientiam
3430 3539 3738 3595 sensumque

2169 3621 2583 3686 transcendens,
2609 3627 2737 3674 ante
2768 3618 2961 3672 saecula
2989 3625 3178 3689 regnat
3200 3619 3255 3672 in
3281 3617 3455 3673 caelis.
3513 3616 3735 3672 Plerum-

2168 3731 2274 3785 que
2304 3697 2652 3772 adversitatis
2699 3715 3012 3789 magisterio
3050 3697 3152 3769 sub
3198 3713 3481 3786 disciplina
3516 3729 3610 3769 cor
3633 3727 3733 3783 pre

2168 3806 2336 3860 mitur
2361 3823 2376 3859 :
2407 3807 2552 3875 quod
2578 3807 2625 3861 si
2643 3807 2711 3862 ad
2738 3806 3018 3877 regiminis
3043 3803 3256 3860 culmen
3284 3805 3545 3874 eruperit,
3573 3804 3624 3858 in
3638 3801 3732 3856 ela-

2168 3896 2367 3953 tionem
2396 3896 2642 3966 protinus
2690 3912 2791 3952 usu
2835 3895 3020 3965 gloriae
3064 3900 3424 3963 permutatur.
3484 3891 3574 3948 Sic
3596 3889 3728 3954 Saul,

2169 3988 2260 4056 qui
2303 3987 2580 4058 indignum
2615 4001 2674 4042 se
2707 3987 2859 4058 prius
2895 3983 3266 4048 considerans,
3331 3982 3560 4054 fugerat,
3621 3994 3727 4035 mox

2168 4091 2229 4134 ut
2253 4080 2404 4149 regni
2431 4079 2800 4150 gubernaculo
2834 4077 3091 4148 suscepit,
3145 4076 3422 4131 intumuit.
3485 4075 3728 4129 Honorari

2168 4187 2401 4243 namque
2423 4187 2606 4228 coram
2628 4169 2824 4242 populo
2850 4171 3093 4241 cupiens,
3132 4168 3270 4240 dum
3309 4167 3622 4238 reprehendi
3651 4181 3729 4236 pa-

2166 4266 2306 4322 blice
2330 4266 2525 4333 noluit,
2569 4267 2740 4337 ipsum
2769 4274 2951 4321 tamen
2977 4265 3069 4335 qui
3104 4265 3159 4318 in
3185 4278 3368 4334 regem
3411 4279 3472 4318 se
3501 4271 3724 4316 unxerat.

2167 4357 2414 4412 abscidit.
2476 4356 2647 4411 David
2689 4355 2973 4427 propheta,
3007 4356 3246 4410 auctoris
3277 4355 3361 4414 sui
3382 4353 3585 4422 judicio
3607 4367 3726 4422 pene

2168 4447 2222 4502 in
2252 4448 2463 4503 cunctis
2509 4447 2719 4502 actibus
2760 4447 3001 4518 placens,
3059 4463 3186 4502 mox
3214 4455 3272 4501 ut
3302 4461 3567 4517 pressura:
3611 4459 3725 4514 pon-

2167 4540 2295 4595 dere
2331 4539 2526 4604 caruit,
2560 4539 2615 4594 in
2647 4547 2912 4594 tumorem
2940 4539 3180 4594 vulneris
3215 4539 3429 4609 erupit:
3471 4537 3726 4604 factusque

2167 4637 2250 4685 est
2275 4629 2328 4684 in
2352 4637 2526 4684 morte
2556 4627 2701 4684 Uriae
2720 4629 3009 4683 crudeliter
3037 4626 3263 4699 rigidus,
3287 4627 3382 4697 qui
3429 4628 3482 4681 in
3507 4624 3722 4696 appetitu

2166 4719 2380 4776 femina:
2423 4719 2695 4775 enerviter
2735 4717 2913 4774 fuerat
2965 4717 3157 4774 nexus.
3201 4717 3269 4771 Et
3301 4718 3392 4787 qui
3437 4717 3589 4772 malis
3613 4723 3720 4767 ante

2165 4814 2252 4884 pie
2275 4821 2502 4868 noverat
2537 4827 2782 4882 parcere,
2832 4812 2886 4866 in
2914 4810 3180 4866 bonorum
3224 4826 3441 4882 quoque
3476 4825 3600 4864 nece
3618 4814 3719 4878 post

2166 4901 2354 4956 didicit
2381 4902 2500 4956 sine
2531 4901 2810 4956 obstaculo
2833 4901 3236 4956 retractationis
3264 4901 3540 4956 anhelare.
3584 4899 3716 4952 Prius

2164 4993 2360 5063 quippe
2388 4993 2551 5047 ferire
2581 4992 2972 5062 deprehensum
2999 5001 3402 5062 persecutorem
3443 4991 3625 5054 noluit,
3670 4993 3717 5037 et

2161 5091 2285 5154 post
2311 5099 2434 5138 cum
2478 5083 2677 5138 damno
2703 5073 3017 5138 desudanti‘s
3045 5084 3340 5148 exercitus,
3393 5084 3554 5138 etiam
3576 5079 3714 5134 devo-

2155 5183 2278 5229 ‘tum
2306 5175 2533 5229 militem
2562 5174 2810 5229 extinxit.
2876 5172 3044 5241 Quem
3070 5174 3315 5243 profecto
3343 5173 3411 5228 ab
3447 5173 3708 5229 electorum

2163 5279 2390 5322 numero
2420 5266 2576 5334 culpa
2604 5265 2817 5337 longius
2862 5274 3096 5336 raperet,
3136 5267 3241 5321 nisi
3269 5267 3415 5321 hunc
3443 5266 3507 5320 ad
3524 5261 3709 5317 veniam

2161 5356 2368 5428 ﬂagella
2405 5365 2772 5412 revocassent.
2807 5354 2988 5428 [Greg.
3034 5355 3186 5411 Past.
3219 5374 3266 5410 c.
3289 5356 3369 5430 9.]
3417 5357 3709 5418 Plerumque

2163 5446 2254 5515 qui
2283 5443 2465 5501 subire
2501 5446 2870 5517 magisterium
2919 5447 3187 5516 pastorale
3210 5448 3453 5517 cupiunt,
3482 5437 3707 5499 nonnulla

2162 5557 2375 5611 quoque
2400 5543 2541 5597 bona
2593 5557 2758 5612 opera
2802 5542 2983 5596 animo
3018 5551 3342 5612 proponunt.
3394 5543 3459 5596 Et
3489 5531 3706 5608 quamvis

2161 5635 2265 5688 hoc
2291 5634 2538 5689 elationis
2560 5634 2858 5689 intentione
2894 5641 3177 5704 appetant,
3212 5643 3524 5702 operatums
3549 5637 3704 5681 tamen

2163 5741 2222 5781 se
2249 5742 2439 5797 magna
2486 5734 2836 5795 pertractant.
2912 5726 3104 5796 Fitque
3149 5733 3203 5780 ut
3236 5725 3381 5780 aliud
3424 5726 3473 5779 in
3499 5722 3608 5777 imis
3633 5718 3700 5769 in:
