3884 6192
197 323 300 378 849

791 316 1075 373 REGULA
1114 314 1611 374 CANONICORUM
1650 317 1738 370 AB
1775 316 2128 374 AMALARIO
2167 315 2548 376 COLLECTA.
2589 350 2659 361 —
2695 321 2821 376 LIB.
2865 323 2907 378 l.

3340 328 3445 383 850

195 432 370 485 milio
414 428 714 500 supprimat
738 426 1064 498 [subrepat],
1100 427 1244 481 aliud
1271 423 1556 482 tractantis
1588 425 1769 480 animo
1798 426 1846 485 Α
1872 438 2060 480 norem
2087 425 2312 482 ducatus
2325 427 2615 498 suscipere,
2642 430 2734 499 qui
2758 430 2932 484 nescit
2956 431 3211 500 subjectis
3235 437 3448 489 tramite

194 522 512 594 superficies
539 521 881 593 cogitationis
905 525 1170 578 ostendat.
1202 523 1336 578 Nam
1365 523 1466 578 sibi
1490 523 1604 593 ipsa
1630 523 1695 578 de
1716 537 1775 577 se

196 631 353 671 mens
375 631 520 684 saepe
531 616 809 680 mentitur,
832 623 887 668 et
907 614 1058 685 ﬁngit
1084 617 1149 670 de
1171 630 1230 670 se
1250 616 1391 670 bono
1411 629 1573 684 opere
1594 627 1777 668 amare

196 707 342 776 quod
370 720 479 760 non
507 713 678 770 amat,
713 705 780 760 de
804 706 989 760 mundi
1038 714 1216 760 autem
1245 705 1412 776 gloria
1458 720 1566 759 non
1593 719 1778 759 amare

195 801 340 869 quod
385 807 550 854 amat.
619 799 772 871 Saepe
801 816 956 855 mens
991 801 1282 871 principari
1321 809 1598 872 appetens,
1630 801 1688 854 lit
1711 801 1777 854 ad

197 893 299 946 hoc
343 891 554 960 pavida,
611 907 734 947 cum
775 893 1001 962 quaerit;
1052 894 1248 959 audax,
1288 909 1408 948 cum
1450 895 1775 964 pervenerit.

200 981 450 1036 Tendens
481 981 649 1048 enim,
681 997 750 1037 ne
785 997 893 1037 non
928 985 1228 1053 perveniat,
1256 984 1520 1055 trepidat;
1572 987 1664 1041 sed
1695 1001 1778 1040 re-

199 1081 363 1142 pente
386 1073 731 1141 perveniens,
773 1071 896 1141 jure
940 1075 1044 1129 sibi
1075 1075 1179 1130 hoc
1209 1075 1469 1142 debitum,
1515 1077 1581 1132 ad
1635 1077 1779 1146 quod

197 1163 532 1234 pervenerit,
555 1169 727 1232 putat.
780 1162 1023 1234 Cumque
1066 1177 1322 1236 percepto
1342 1168 1676 1237 principatus
1697 1167 1779 1223 of-

199 1254 324 1309 ﬁcio
363 1252 562 1322 perfrui
588 1254 923 1310 smculariter
942 1257 1188 1326 cmperit,
1237 1257 1469 1314 libenter
1505 1259 1779 1315 oblivisci-

197 1356 291 1400 tur
337 1345 593 1414 quidquid
628 1345 880 1416 religiose
912 1347 1186 1417 cogitavit.
1247 1347 1476 1404 Neeesse
1508 1358 1592 1404 est
1633 1351 1777 1405 enim

198 1447 261 1492 ut
283 1452 406 1492 cum
431 1437 688 1506 cogitatio
725 1445 878 1492 extra
906 1453 1063 1493 usum
1094 1439 1331 1507 ducitur,
1355 1441 1600 1510 protinus
1630 1456 1778 1496 men-

199 1529 270 1582 tis
303 1527 492 1583 oculus
527 1527 594 1581 ad
623 1542 787 1597 opera
824 1535 1096 1583 transacta
1129 1537 1430 1596 revocetur,
1487 1545 1550 1585 ac
1589 1539 1780 1600 penset

195 1617 428 1687 quisque
457 1617 583 1686 quid
609 1617 881 1686 subjectus
903 1618 1092 1689 egerit.
1157 1618 1227 1674 Et
1251 1627 1473 1689 repente
1505 1621 1781 1691 cognoscit

196 1710 242 1763 si
269 1708 528 1778 praelatus
549 1709 692 1763 bona
718 1723 898 1779 agere,
923 1725 1042 1778 qua:
1053 1710 1416 1780 proposuerit,
1438 1711 1628 1782 possit,
1654 1711 1781 1781 quia

1875 519 1998 573 vita:
2009 519 2247 575 melioris
2257 522 2468 590 praeire.
2502 521 2684 592 Neque
2704 523 2849 578 enim
2869 525 3097 594 quisque
3107 526 3176 580 ad
3201 527 3302 582 hoc
3312 543 3448 598 prae-

1877 614 2071 680 ficitur,
2101 623 2159 669 ut
2205 615 2542 670 subditorum
2589 617 2772 687 culpas
2800 619 3056 688 corrigat,
3087 627 3143 674 et
3163 620 3275 690 ipse
3303 621 3449 676 vitiis

1876 705 2096 759 Serviat.
2137 705 2238 772 Qui
2265 721 2324 761 se
2346 707 2621 778 indignum
2651 708 2719 762 ad
2747 708 3117 779 episcopatum
3153 712 3447 777 existimat,

1877 797 2049 852 locum
2076 796 2194 867 ejus
2215 799 2306 867 qui
2337 799 2528 869 dignus
2556 807 2640 855 est
2660 814 2926 869 occupare
2959 801 3138 873 [Deest
3157 804 3446 875 occupare]

1878 903 1983 943 non
2010 897 2319 958 praesumat.
2364 888 2497 944 Nam
2521 899 2629 945 tam
2655 901 2899 946 sanctum
2927 901 3013 948 est
3037 895 3324 949 sacerdotii
3354 911 3453 952 no~

1877 993 2021 1044 men,
2048 987 2110 1033 ut
2135 979 2281 1033 nulla
2299 979 2553 1035 vitiorum
2578 988 2706 1036 nota
2734 983 2994 1037 maculari
3015 999 3073 1038 se
3113 985 3274 1040 sinat.
3317 984 3452 1042 Gra-

1875 1071 1995 1126 vius
2021 1071 2165 1126 enim
2189 1071 2655 1140 condemnabitur,
2678 1075 2770 1144 qui
2795 1075 3044 1146 indignus
3066 1078 3291 1148 suscipit
3311 1079 3453 1147 quod

1878 1176 1982 1216 non
2011 1169 2267 1216 meretur.
2300 1161 2401 1229 Qui
2417 1163 2657 1234 regimen
2674 1165 2968 1221 sacerdotii
2991 1169 3270 1222 contendit
3292 1184 3454 1240 appe-

1879 1258 2014 1315 tere,
2042 1257 2168 1305 ante
2196 1251 2249 1305 in
2279 1266 2338 1306 se
2363 1251 2639 1319 discutiat,
2671 1254 2721 1308 si
2744 1254 2849 1309 vita
2883 1255 3074 1310 honori
3103 1257 3176 1312 sit
3194 1273 3451 1329 congrua.

1879 1338 2031 1405 Quod
2044 1339 2088 1394 si
2105 1354 2210 1394 non
2228 1340 2521 1411 discrepat,
2537 1343 2813 1399 humiliter
2837 1345 2904 1400 ad
2927 1346 2980 1400 id
2993 1346 3059 1401 ad
3081 1348 3223 1416 quod
3235 1359 3456 1404 vocatur

1879 1431 2118 1485 accedat.
2177 1431 2404 1486 Beatum
2422 1433 2619 1503 quippe
2645 1435 2815 1504 culpae
2838 1437 3095 1506 geminat,
3127 1439 3174 1494 si
3199 1440 3320 1509 quis
3334 1456 3455 1497 cum

1879 1522 2034 1592 culpa
2084 1524 2152 1578 ad
2200 1525 2533 1580 sacerdotale
2585 1527 2798 1582 culmen
2827 1529 3052 1599 aspirat.
3097 1529 3458 1602 Uniuseujus-

1880 1627 1984 1682 que
2003 1628 2164 1668 casus
2193 1621 2344 1669 tanto
2369 1615 2591 1686 majoris
2615 1623 2699 1672 est
2723 1619 2989 1685 criminis,
3031 1629 3254 1688 quanto,
3285 1623 3461 1692 prius-

1881 1717 2043 1771 quam
2090 1704 2330 1768 caderet,
2367 1704 2592 1774 majoris
2619 1715 2739 1762 erat
2764 1707 2999 1764 virtutis.
3031 1709 3460 1768 Praecedentium

196 1777 542 1867 nequaquam
575 1798 720 1853 valet
760 1777 820 1852 in
852 1777 1087 1853 culmine
1135 1777 1494 1855 humilitatem
1548 1777 1776 1862 discere,
1806 1777 1856 1836 Β
1883 1809 2116 1864 namque
2143 1795 2455 1866 magnitudo
2476 1797 2735 1852 virtutum
2761 1800 2959 1855 crescit
2985 1803 3051 1856 ad
3077 1801 3351 1859 cumulum
3377 1819 3461 1861 se.

196 1888 291 1956 qui
317 1888 376 1942 in
407 1888 530 1943 imis
551 1888 760 1958 positus
780 1904 887 1944 non
911 1887 1075 1943 desiit
1103 1889 1404 1959 superbire.
1454 1887 1640 1944 Nescit
1660 1887 1778 1942 lau-

195 1977 324 2032 dem
362 1992 481 2032 cum
508 1980 764 2048 suppetit,
800 1977 1007 2050 fugere,
1034 1979 1126 2048 qui
1156 1980 1223 2034 ad
1249 1980 1391 2034 hanc
1421 1978 1628 2043 didicit,
1655 1992 1784 2034 cum

198 2069 432 2135 deesset,
489 2069 764 2124 anhelare.
821 2068 1173 2139 Nequaquam
1222 2069 1444 2124 vincere
1498 2067 1780 2122 avaritiam

197 2168 402 2227 potest,
439 2159 654 2228 quando
691 2159 757 2214 ad
785 2159 1077 2214 multorum
1130 2159 1578 2215 sustentationem
1609 2157 1784 2212 tendit

196 2250 248 2304 is
281 2250 373 2304 cui
407 2248 656 2305 sufficere
687 2251 906 2320 propria
941 2266 1044 2306 nec
1065 2250 1164 2305 soli
1191 2258 1500 2321 potuerunt.
1559 2249 1638 2304 Ex
1656 2256 1784 2304 ante

196 2349 321 2394 aeta
349 2354 478 2411 ergo
500 2341 610 2394 vita
649 2356 708 2396 se
762 2341 990 2412 quisque
1031 2341 1288 2408 inveniat,
1340 2355 1409 2396 ne
1457 2340 1782 2410 in'appetitu

196 2449 261 2488 se
283 2431 541 2487 culminis
560 2432 737 2502 imago
760 2433 1101 2503 cogitationis
1125 2433 1332 2489 illudat.
1384 2431 1709 2502 Plerumque
1728 2433 1782 2487 in

196 2523 556 2592 occupatione
581 2522 880 2593 regiminis,
906 2524 1020 2594 ipse
1050 2538 1264 2593 quoque
1290 2523 1418 2579 boni
1445 2522 1626 2594 operis
1652 2537 1783 2577 usus

196 2613 468 2683 perditur,
483 2612 574 2681 qui
600 2613 655 2665 in
685 2613 1082 2683 tranquillitate
1103 2615 1418 2670 tenebatur:
1453 2613 1579 2684 quia
1601 2613 1785 2683 quieto

199 2705 345 2760 mari
386 2712 533 2760 recte
580 2719 773 2761 navem
830 2715 883 2762 et
929 2707 1212 2778 imperitus
1239 2715 1402 2763 nauta
1431 2707 1634 2778 dirigit,
1671 2714 1787 2761 tur—

199 2799 335 2852 bato
381 2804 562 2851 autem
597 2804 976 2867 tempestatum
1004 2795 1253 2854 fluctibus
1299 2798 1466 2854 etiam
1493 2798 1699 2868 peritus
1727 2813 1786 2854 se

200 2895 373 2940 nauta
421 2886 721 2942 confundit.
779 2887 917 2955 Quid
952 2895 1038 2943 est
1060 2896 1298 2959 potestas
1345 2888 1616 2955 culminis,
1681 2889 1792 2944 nisi

199 2987 499 3048 tempestas
528 2978 744 3043 mentis,
789 2978 844 3032 in
872 2993 977 3047 qua
1017 2979 1143 3033 dum
1165 2979 1549 3049 cogitationum
1575 2991 1790 3050 semper

197 3066 459 3136 procellis
494 3067 644 3122 navis
689 3067 865 3122 cordis
893 3068 1153 3136 quatitur,
1200 3071 1304 3122 huc
1348 3067 1580 3137 illucque
1602 3068 1782 3124 inces-

199 3127 392 3211 santer
417 3156 728 3227 impellitur,
760 3166 822 3212 ut
847 3127 944 3228 per
966 3127 1278 3228 repentinos
1304 3127 1563 3214 excessus
1589 3159 1702 3214 oris
1729 3168 1784 3214 et
1810 3127 1858 3190 C

194 3248 407 3316 operis,
453 3247 606 3316 quasi
653 3263 752 3318 per
787 3247 1062 3303 obviantia
1111 3264 1240 3303 saxa
1280 3249 1602 3320 frangatur?
1639 3249 1784 3304 Inter

198 3340 321 3393 haec
350 3337 534 3407 itaque
569 3353 692 3408 qua:
741 3338 1095 3408 protulimus,
1135 3339 1263 3408 quid
1301 3338 1631 3407 sequendum
1679 3346 1778 3402 est,

197 3428 333 3500 quid
361 3429 671 3496 tenendum,
696 3430 799 3484 nisi
821 3438 881 3484 ut
918 3431 1208 3485 virtutibus
1231 3429 1457 3500 pollens,
1482 3437 1700 3484 coactus
1716 3431 1784 3484 ad

200 3520 450 3591 regimen
477 3520 693 3586 veniat;
741 3520 1033 3576 virtutibus
1062 3535 1286 3586 vacuus,
1318 3533 1422 3574 nec
1455 3527 1674 3574 coactus
1696 3534 1786 3574 ac-

198 3612 406 3668 cedat?
455 3612 546 3668 Ille
568 3613 614 3668 si
632 3613 856 3668 omnino
883 3613 1154 3680 renititur,
1187 3622 1379 3668 caveat
1413 3628 1481 3668 ne
1503 3622 1783 3682 acceptam

199 3706 494 3777 pecuniam
539 3707 593 3762 in
623 3707 841 3762 sudario
868 3706 1072 3776 ligans,
1105 3718 1131 3746 ι
1162 3705 1231 3761 de
1264 3703 1380 3773 ejus
1424 3705 1785 3760 occultatione

197 3800 494 3868 iudicetur.
552 3798 841 3855 Pecuniam
875 3799 1072 3870 quippe
1119 3800 1173 3853 in
1213 3798 1431 3854 sudario
1464 3799 1651 3867 ligare,
1678 3809 1782 3864 est,

197 3900 462 3963 percepta
515 3890 653 3946 dona
702 3891 802 3945 sub
824 3891 935 3946 otio
986 3890 1119 3945 lenti
1171 3891 1402 3961 torporis
1429 3889 1782 3945 abscondere.

202 3983 276 4035 At
333 3991 526 4036 contra
561 3981 683 4046 iste,
731 3995 854 4035 cum
884 3979 1124 4048 regimen
1161 3979 1400 4049 appetit,
1451 3979 1694 4034 attendat
1721 3993 1787 4033 ne

203 4087 302 4137 per
333 4070 640 4140 exemplum
667 4071 818 4142 pravi
841 4071 1046 4140 cperis,
1087 4071 1477 4141 pharisaeorum
1501 4084 1671 4135 more,
1718 4068 1787 4124 ad

203 4164 511 4232 ingressum
543 4162 691 4232 regni
739 4161 1081 4216 tendentibus
1132 4161 1470 4216 obstaculum
1517 4159 1630 4214 ﬁat.
1683 4159 1785 4227 Qui

198 4254 356 4322 juxta
413 4267 600 4306 vocem
630 4251 890 4322 Magistri,
944 4267 1044 4306 nec
1095 4252 1195 4322 ipsi
1237 4252 1460 4317 intrant,
1520 4267 1621 4307 nec
1652 4252 1788 4307 alios

200 4343 414 4396 intrare
460 4343 777 4412 permittunt
823 4340 1038 4412 (Matth.
1074 4342 1252 4414 xxiii).
1323 4342 1786 4397 Considerandum

199 4447 426 4504 quoque
449 4439 554 4496 est,
583 4432 706 4501 quia
737 4447 859 4486 cum
884 4447 1105 4487 causam
1148 4431 1331 4502 populi
1359 4432 1565 4487 electus
1594 4432 1788 4501 praesul

197 4520 456 4590 suscipit,
479 4520 634 4589 quasi
663 4521 730 4574 ad
751 4534 954 4589 aegrum
984 4519 1225 4575 medicus
1268 4519 1494 4574 accedit.
1563 4519 1618 4574 Si
1658 4535 1788 4591 ergo

200 4613 389 4668 adhuc
417 4612 472 4665 in
494 4609 612 4679 ejus
634 4627 796 4681 opere
821 4610 1108 4680 passiones
1135 4611 1340 4677 vivunt,
1371 4625 1476 4680 qua
1528 4627 1788 4681 praesum-

199 4703 395 4776 ptione
423 4717 740 4773 percussum
770 4703 973 4758 mederi
996 4711 1273 4773 properat,
1302 4703 1394 4772 qui
1419 4702 1474 4756 in
1497 4701 1636 4757 facie
1672 4703 1786 4757 vul-

201 4813 313 4852 nus
342 4804 547 4866 portat.

808 4886 1036 4944 CAPUT
1073 4888 1188 4944 XV.

278 4978 506 5049 (lsidori
533 4977 624 5033 lib.
651 4995 732 5045 ιιι,
761 4978 1011 5045 Sentent.,
1031 4996 1079 5034 c.
1107 4981 1222 5053 54.)
1273 4980 1391 5036 Νοιι
1417 4991 1544 5037 sunt
1579 4982 1791 5055 [Isidori

195 5070 273 5124 de
308 5067 488 5138 dignis
517 5068 837 5138 praepositis,
872 5085 977 5124 non
1003 5080 1146 5134 sunt,
1176 5071 1307 5144 etc.]
1349 5074 1698 5142 promovendi
1721 5073 1795 5132 ad

195 5161 453 5230 regimen
487 5160 750 5228 ecclesiis,
778 5161 871 5231 qui
909 5161 1085 5216 adhuc
1121 5163 1270 5218 vitiis
1301 5163 1602 5232 subjacent.
1652 5165 1790 5222 Hinc

194 5261 294 5307 est
317 5251 462 5322 quod
497 5260 824 5321 praeceptum
866 5261 952 5308 est
977 5253 1146 5308 David
1167 5269 1274 5309 non
1293 5255 1560 5310 aediﬁcare
1579 5256 1791 5311 visibile

192 5342 496 5412 templum,
545 5343 668 5412 quia
693 5342 1011 5414 sanguinum
1038 5344 1119 5397 vir
1145 5344 1271 5399 belli
1300 5343 1603 5412 frequentia
1622 5355 1785 5403 esset.

194 5435 327 5501 Qua
352 5433 528 5503 ﬁgura
553 5433 629 5487 illi
657 5433 969 5505 spiritaliter
995 5435 1378 5499 admonentur,
1420 5437 1509 5504 qui
1536 5437 1786 5492 vitiorum

194 5527 392 5581 adhuc
414 5525 749 5594 corruptioni
769 5534 893 5582 sunt
917 5525 1102 5591 dediti,
1127 5542 1193 5580 ne
1219 5527 1475 5595 templum
1503 5527 1786 5593 aediﬁcent,

191 5621 317 5676 hoc
330 5628 436 5682 est,
467 5617 753 5673 ecclesiam
785 5618 976 5672 docere
997 5627 1342 5687 prmsttmant.
1388 5617 1502 5673 Non
1523 5620 1790 5675 debetlio-

1881 1887 2163 1957 quentium
2199 1887 2540 1943 delictorum.
2572 1888 2824 1961 Plerique
2849 1893 3176 1961 sacerdotes,
3205 1909 3318 1950 suae
3341 1910 3459 1950 ma-

1879 1979 1962 2049 gis
1984 1978 2232 2035 utilitatis
2259 1995 2425 2036 causa
2449 1995 2611 2050 quam
2637 1983 2833 2053 gregis,
2863 1999 3096 2054 praeesse
3117 1986 3458 2044 desiderant:

1880 2081 1983 2123 nec
2003 2077 2063 2122 ut
2101 2069 2334 2139 prosint,
2386 2072 2648 2141 praesules
2678 2072 2796 2128 fieri
2834 2075 3093 2145 cupiunt:
3127 2076 3221 2133 sed
3267 2081 3460 2151 magis,

1880 2165 1940 2214 ut
1963 2159 2156 2215 divites
2176 2160 2308 2215 fiant
2346 2169 2401 2216 et
2427 2163 2777 2219 bonorentur.
2817 2163 3130 2236 Suscipiunt
3155 2167 3299 2224 enim
3337 2169 3466 2225 sub-

1882 2248 2127 2306 limitatis
2171 2252 2417 2320 culmen,
2475 2269 2584 2310 non
2619 2270 2720 2326 pro
2747 2258 3006 2328 pastorali
3041 2259 3326 2329 regimine,
3370 2263 3467 2318 sed

1879 2355 1979 2410 pro
2012 2342 2179 2399 solius
2207 2345 2485 2415 regiminis
2507 2347 2591 2402 vel
2617 2345 2793 2419 [Deest
2824 2350 3100 2422 regiminis
3145 2351 3252 2424 vel]
3295 2354 3468 2407 hono-

1884 2432 1961 2488 ris
1999 2432 2328 2491 ambitione:
2383 2442 2547 2507 atque
2594 2436 2806 2507 abjecto
2841 2454 3005 2510 opere
3033 2441 3334 2512 dignitatis,
3373 2453 3466 2498 so-

1884 2527 1992 2581 lam
2017 2527 2252 2583 nominis
2280 2537 2539 2599 appetunt
2581 2530 2918 2601 dignitatem.
2965 2531 3103 2588 Dum
3130 2533 3259 2587 mali
3287 2548 3468 2590 sacer-

1884 2621 2040 2676 dotes
2076 2619 2183 2678 Deo
2235 2623 2518 2694 ignorante
2571 2641 2679 2682 non
2730 2627 2878 2694 flant,
2923 2636 3101 2683 tamen
3147 2629 3468 2700 ignorantur

1884 2725 1916 2764 a
1947 2710 2077 2778 Deo,
2131 2713 2248 2784 ipso
2273 2729 2370 2784 per
2393 2717 2714 2787 prophetam
2762 2726 3028 2774 testante:
3066 2717 3334 2791 Principes
3371 2735 3464 2773 ex-

1883 2803 2146 2870 stiterunt,
2172 2805 2264 2859 sed
2298 2822 2401 2861 non
2423 2807 2797 2880 cognovi(0se,
2834 2808 2972 2882 vin).
3006 2807 3113 2864 Sed
3139 2809 3228 2865 hic
3251 2811 3478 2866 nescire

1885 2893 2000 2960 Dei,
2032 2897 2324 2965 reprobare
2349 2905 2451 2963 est,
2478 2913 2602 2953 nam
2633 2899 2775 2956 Deus
2797 2900 2978 2955 omnia
3016 2901 3181 2955 novit.

2466 3030 2693 3089 CAPUT
2742 3031 2879 3088 XVI.

1959 3119 2141 3189 (lsid.,
2169 3121 2322 3188 ξω,
2365 3139 2410 3176 ε.
2442 3121 2558 3194 55.)
2603 3121 2753 3179 Sicut
2791 3123 2960 3194 iniqui
2995 3124 3152 3197 [Item
3179 3124 3368 3182 lsidori
3401 3129 3470 3185 de

1887 3213 2196 3282 praepositis
2220 3213 2469 3280 indoctis,
2509 3214 2662 3270 Sicut
2691 3215 2883 3286 iniqui,
2935 3216 3090 3290 etc.],
3119 3225 3173 3274 ct
3209 3229 3461 3290 peccato-

1887 3315 1975 3356 res
2029 3301 2390 3356 ministerium
2440 3304 2774 3359 sacerdotale
2827 3305 3042 3376 assequi
3087 3308 3467 3377 prohibentur,

1887 3393 1962 3447 ita
1991 3393 2193 3448 indocti
2234 3400 2292 3447 et
2317 3392 2549 3463 imperiti
2582 3409 2613 3448 a
2651 3394 2740 3448 tali
2772 3395 2945 3451 cilicio
2976 3397 3340 3455 retrahuntur.
3389 3399 3468 3455 Illi

1886 3483 2038 3538 enim.
2059 3483 2322 3552 exemplis
2350 3482 2463 3538 suis
2491 3484 2655 3540 vitam
2682 3485 2948 3542 bonorum
2982 3497 3350 3558 corrumpunt,
3377 3490 3468 3546 isti

1887 3589 1983 3630 sua
2017 3573 2231 3646 ignavia
2273 3573 2489 3643 iniquos
2515 3576 2789 3648 corrigere
2827 3579 3096 3634 nesciunt.
3152 3579 3254 3647 Qui
3281 3579 3464 3654 [Quid]

1886 3667 2033 3723 enim
2063 3668 2256 3722 docere
2304 3675 2588 3738 poterunt,
2639 3669 2782 3739 qnod
2829 3670 2932 3741 ipsi
2970 3686 3079 3726 non
3123 3672 3470 3730 didicerunt?

1887 3758 2110 3814 Desinat
2148 3758 2325 3814 locum
2354 3758 2581 3814 ducendi
2602 3760 2896 3830 suscipere,
2939 3762 3031 3832 qui
3056 3763 3229 3819 nescit
3249 3763 3465 3821 docere.

1887 3848 2191 3920 Ignorantia
2218 3850 2415 3920 quippe
2442 3850 2731 3921 praesulum
2773 3852 2896 3907 vitae
2928 3869 3036 3910 non
3062 3855 3310 3925 congruit
3341 3857 3469 3913 sub-

1880 3941 2172 4011 jectorum.
2241 3940 2423 3997 Circus
2480 3943 2616 3996 enim
2663 3943 2708 3997 si
2749 3959 2885 3998 cwco
2929 3943 3180 3998 ducatum
3220 3948 3460 4022 prwbeut,

1888 4032 2119 4086 amboin
2161 4031 2364 4101 foveam
2393 4031 2587 4086 cadunt
2639 4030 2854 4099 (Matth.
2883 4032 2994 4105 xv).
3039 4033 3360 4090 Sacerdotes
3388 4035 3468 4089 in-

1888 4123 2077 4178 doctos
2105 4137 2204 4193 per
2229 4122 2424 4178 Isaiam
2475 4122 2793 4194 prophetam
2832 4125 2915 4179 ita
2963 4125 3224 4180 Dominus
3269 4127 3467 4195 impro-

1887 4215 1982 4270 bat
2007 4233 2019 4268 :
2050 4213 2185 4284 Ipsi,
2210 4213 2401 4283 inquit,
2425 4223 2658 4283 pastores
2683 4214 3050 4283 ignoraverunt
3077 4214 3466 4285 intelligentiam

1891 4305 2025 4374 (Isa.
2056 4305 2186 4376 va).
2220 4305 2288 4359 Et
2309 4305 2506 4358 iterum
2532 4322 2543 4357 :
2575 4303 2940 4374 Speculatores
2969 4305 3084 4375 ejus
3110 4305 3237 4359 caeci
3268 4322 3464 4369 omnes,

1893 4397 1964 4459 id,
1985 4405 2088 4461 est,
2120 4394 2354 4465 imperiti
2369 4394 2630 4464 episcopi.
2660 4393 2995 4459 Nescierunt,
3021 4393 3214 4465 inquit,
3238 4397 3464 4450 universi

1813 4471 1866 4532 Ῑ)
1892 4502 2045 4539 canes
2083 4485 2234 4550 muti,
2293 4500 2395 4538 non
2443 4484 2670 4538 valentes
2705 4483 2941 4538 latrare:
2987 4484 3092 4540 hoc
3134 4492 3238 4552 est,
3283 4485 3468 4556 plebes

1892 4575 2210 4632 commissas
2231 4589 2338 4631 non
2361 4574 2622 4642 valentes,
2659 4573 2961 4630 resistendo
2987 4573 3166 4641 malis,
3213 4591 3312 4648 per
3350 4591 3468 4632 ver-

1891 4667 2020 4722 bum
2048 4668 2306 4723 doctrinae
2331 4666 2635 4747 defendere.

2451 4798 2676 4856 CAPUT
2730 4798 2891 4856 XVII.

1965 4888 2272 4959 (Gregorius
2301 4888 2540 4954 Pastor.,
2569 4888 2659 4944 lib.
2695 4906 2735 4954 ι,
2767 4906 2884 4960 cap.
2915 4887 2996 4961 5.)
3044 4889 3182 4945 Sunt
3229 4891 3472 4946 nonnulli

1894 4981 2208 5052 [Gregorius
2235 4980 2302 5036 de
2324 4982 2409 5037 liis
2433 4982 2526 5051 qui
2557 4981 2612 5036 in
2651 4982 2912 5053 regimine
2937 4983 3196 5051 prodesse
3223 4993 3468 5054 possunt,

1891 5071 1986 5126 Sed
2014 5071 2152 5125 idem
2177 5069 2410 5126 ollieium
2435 5087 2534 5141 pro
2553 5072 2736 5140 quiete
2761 5073 2977 5143 propria
3006 5071 3300 5144 refugiunt,
3333 5073 3470 5129 Sunt

1895 5159 2154 5224 nonnulli,
2179 5159 2332 5230 etc.],
2364 5161 2455 5228 qui
2480 5161 2645 5215 nimia
2675 5161 2934 5217 virtutum
2977 5163 3116 5218 dona
3145 5164 3468 5233 percipiunt,

1892 5259 1948 5304 et
1971 5263 2068 5318 pro
2093 5249 2480 5306 exercitatione
2525 5259 2874 5318 czeterorum,
2908 5253 3118 5324 magnis
3158 5254 3471 5308 muneribus

1893 5336 2218 5392 exaltantur.
2269 5336 2370 5404 Qui
2403 5337 2583 5394 studio
2620 5341 2885 5396 castitatis
2931 5340 3148 5404 mundi,
3199 5340 3469 5395 abstinen-

1893 5431 1980 5486 tia:
2004 5431 2199 5486 robore
2226 5431 2408 5496 validi,
2455 5431 2717 5489 doctrinae
2745 5435 2967 5504 dapibus
2995 5432 3177 5487 referti
3201 5473 3213 5494 ,
3263 5431 3468 5500 patien-

1893 5523 1982 5577 tiae
2011 5523 2414 5593 longanimitate
2458 5523 2712 5588 humiles,
2763 5525 3104 5579 auctoritatis
3155 5524 3470 5578 fortitudine

1897 5617 2060 5670 erecti
2119 5614 2344 5669 districti
2387 5613 2562 5684 [Deest
2605 5613 2857 5685 districti]
2891 5624 3030 5667 sunt.
3086 5617 3184 5680 Qui
3216 5614 3468 5668 nimirum

288 5744 312 5770 ι
364 5733 523 5789 Deest
573 5731 748 5787 media
807 5732 918 5788 lizcc
970 5733 1216 5802 periodus
1268 5748 1435 5802 usque
1475 5734 1540 5789 ad
1597 5735 1891 5802 pecuniam.
