3884 6192
442 241 542 297 851

1464 233 1864 321 AMALADIUS
1897 232 2310 290 PRESBYTER
2349 234 2707 294 NETENSIS.

3601 243 3701 299 85%

439 332 654 414 culmen
686 355 1003 425 regiminum
1035 351 1079 406 si
1116 350 1289 405 vocati
1320 348 1598 417 suscipere
1627 352 1878 409 renuunt,
1912 346 2029 416 ipsa
2055 345 2103 405 A
2133 344 2329 411 debet,
2358 354 2417 401 et
2439 346 2893 417 dispensationem
2928 349 3287 406 ecclesiastici
3310 350 3537 414 ordinis,
3568 354 3613 410 si
3637 371 3701 410 ει

440 450 544 505 sibi
573 447 884 518 plerumque
917 444 1056 499 dona
1086 440 1365 505 adimunt,
1394 453 1517 509 quae
1553 452 1662 493 non
1691 450 1790 508 pro
1819 451 1877 492 se
1907 444 2024 491 tan-

441 535 736 598 tummodo,
775 531 870 587 sed
897 531 1061 586 etiam
1087 544 1186 599 pro
1223 529 1345 584 aliis
1386 534 1732 597 acceperunt.
1781 524 2024 594 Cumque

440 642 538 682 sua
587 633 644 680 et
697 637 804 679 non
838 622 1070 676 aliorum
1098 620 1250 675 lucra
1280 619 1550 689 cogitant,
1593 617 1727 687 ipsis
1762 631 1851 680 se,
1902 630 2025 685 qua:

435 719 647 790 privata
672 717 875 773 habere
903 721 1190 784 appetunt,
1218 710 1377 767 bonis
1402 710 1640 780 privant.
1671 707 1811 764 llinc
1841 708 2025 778 itaque

436 809 505 864 ad
539 805 833 876 discipulos
868 805 1087 861 Veritas
1109 802 1284 859 dicit:
1316 801 1440 856 Non
1482 808 1648 872 potest
1686 799 1869 853 civitas
1903 797 2026 851 abs-

434 899 592 954 condi
645 914 802 969 super
841 905 1070 950 montem
1096 896 1269 965 posita
1298 909 1316 949 :
1347 908 1508 964 neque
1537 890 1825 945 accendunt
1851 888 2023 943 lucer-

434 1006 577 1055 nam,
609 998 658 1043 et
687 996 885 1058 ponunt
911 1002 1027 1042 eam
1066 984 1161 1040 sub
1215 982 1414 1047 modio,
1465 982 1556 1036 sed
1592 996 1750 1051 super
1779 978 2025 1033 candela-

433 1083 604 1145 brum,
630 1088 689 1133 αι
714 1078 886 1134 luceat
907 1076 1147 1132 omnibus
1173 1075 1264 1146 qui
1288 1075 1345 1127 in
1369 1074 1524 1127 domo
1554 1081 1673 1129 sunt
1701 1069 1915 1143 (Matth.
1944 1068 2019 1141 ν).

431 1171 573 1228 llinc
600 1170 764 1226 Petro
794 1168 1055 1227 Dominus
1083 1167 1161 1221 ait
1186 1184 1200 1219 :
1234 1164 1419 1222 Simon
1442 1162 1692 1227 Joannis,
1725 1177 1873 1215 amas
1904 1159 2025 1213 me?

431 1263 616 1334 (Joan.
644 1260 829 1331 χχιιι.)
857 1258 960 1327 Qui
991 1273 1116 1314 eum
1141 1271 1201 1313 se
1225 1271 1412 1311 amare
1438 1254 1688 1325 protinus
1718 1250 2025 1321 respondis—

434 1363 552 1421 set,
579 1352 786 1407 audivit
811 1370 823 1404 :
855 1350 917 1407 Si
942 1350 1120 1423 diligis
1143 1365 1243 1413 me,
1289 1364 1443 1419 pasce
1463 1364 1584 1402 oves
1604 1362 1768 1401 meas.
1810 1343 1868 1399 Si
1892 1359 2022 1414 ergo

432 1444 739 1499 dilectionis
761 1451 845 1501 est
868 1440 1239 1498 testimonium
1255 1480 1271 1506 ,
1302 1454 1430 1496 cura
1447 1438 1711 1508 pastionis
1738 1454 1751 1489 :
1777 1435 2024 1506 quisquis

428 1534 728 1590 virtutibus
759 1533 1001 1603 pollens,
1032 1545 1255 1602 gregem
1295 1530 1392 1586 Dei
1436 1528 1618 1584 renuit
1644 1542 1888 1598 pascere,
1927 1540 2024 1594 pa-

429 1637 629 1683 storem
656 1640 926 1686 summum
960 1623 1303 1679 convincitur
1328 1636 1437 1678 non
1464 1635 1671 1675 amare.
1717 1618 1775 1673 Si
1822 1617 2017 1682 nostri,

2128 434 2224 491 Dei
2279 435 2555 493 voluntate
2609 440 2945 509 provenerit,
2999 440 3190 498 nolens
3212 443 3453 512 quidem,
3489 444 3583 502 sed
3607 447 3707 502 bu-

2126 527 2298 592 milis,
2366 527 2773 598 gubernandam
2826 531 3108 600 suscipiat.
3182 530 3366 590 Multis
3436 534 3709 608 intercipit

2127 618 2356 676 Satanas
2392 619 2673 677 fraudibus
2700 637 2797 677 eos
2842 623 2937 693 qui
2986 623 3111 680 vita:
3156 633 3212 681 et
3238 640 3431 682 sensus
3470 630 3711 688 utilitate

2122 718 2445 778 przestantes
2475 726 2707 782 praeesse
2732 719 2786 767 et
2810 711 3069 782 prodesse
3094 712 3217 770 aliis
3242 715 3467 775 nolunt:
3498 728 3552 775 et
3573 721 3713 776 dum

2123 802 2203 857 eis
2226 803 2464 872 regimen
2498 803 2803 861 animarum
2831 805 3150 876 imponitur,
3194 818 3449 875 renuunt,
3487 812 3713 866 consul-

2124 896 2234 951 tius
2260 896 2591 951 arbitrantes
2624 896 2855 953 otiosam
2906 897 3073 953 vitam
3119 900 3331 971 degere,
3351 917 3509 971 quam
3536 903 3713 960 lueris

2124 985 2431 1040 animarum
2466 986 2739 1041 insistere.
2790 984 2944 1052 Quod
2975 996 3155 1043 tamen
3186 989 3403 1060 decepti
3421 1003 3588 1063 agunt
3609 1010 3713 1064 per

2123 1084 2500 1148 argumentum
2520 1077 2739 1142 diaboli,
2766 1077 3000 1135 fallentis
3027 1094 3125 1135 eos
3158 1096 3256 1149 per
3276 1082 3508 1150 speciem
3530 1083 3710 1148 boni;

2123 1177 2184 1224 ut
2213 1171 2339 1224 dum
2371 1168 2491 1224 illos
2529 1185 2562 1224 a
2588 1169 2845 1240 pastorali
2874 1168 3051 1226 oilicio
3082 1171 3330 1237 retrahit,
3360 1189 3713 1242 nequaquam

2122 1258 2409 1329 proficiant
2436 1261 2527 1331 qui
2554 1276 2742 1316 eorum
2773 1260 2956 1318 verbis
3002 1273 3058 1318 et
3089 1265 3351 1331 exemplis
3377 1265 3568 1320 instrui
3605 1282 3705 1336 po-

2124 1360 2322 1406 terant.
2376 1352 2491 1407 ‘Viri
2519 1353 2691 1408 sancti
2722 1367 3063 1423 nequaquam
3087 1355 3492 1424 occupationum
3520 1372 3713 1411 saecu-

2123 1439 2319 1495 larium
2342 1456 2500 1496 curas
2520 1449 2804 1512 appetunt,
2828 1442 2922 1497 sed
2944 1442 3158 1499 occulto
3183 1444 3371 1500 ordine
3392 1444 3488 1499 sibi
3513 1460 3715 1516 super.

2125 1535 2405 1604 impositas
2452 1545 2693 1606 gemunt.
2739 1535 2807 1589 Et
2849 1537 3097 1605 quamvis
3123 1536 3242 1591 illas
3289 1552 3384 1606 per
3421 1538 3714 1593 meliorem

2125 1627 2477 1683 intentionem
2518 1626 2751 1699 fugiant,
2809 1636 2990 1682 tamen
3020 1643 3119 1697 per
3141 1628 3408 1685 subditam
3460 1640 3713 1684 mentem

427 1721 571 1775 sicut
594 1718 844 1788 proximi,
889 1732 1075 1773 curam
1096 1717 1338 1787 serimus
1357 1755 1373 1781 ,
1421 1714 1578 1784 quasi
1604 1720 1895 1782 utrumque
1921 1726 2016 1781 pec
2042 1691 2090 1751 Β
2115 1724 2352 1785 portant.
2401 1716 2546 1784 Quas
2572 1691 2792 1787 quidem
2820 1691 3185 1786 summopere,
3222 1716 3268 1772 si
3296 1717 3471 1780 liceat,
3523 1718 3713 1773 vitare

426 1812 546 1866 dem
575 1825 671 1880 per
696 1809 1127 1866 calceameutum
1159 1807 1457 1867 munimus.
1501 1805 1604 1873 Qui
1626 1820 1759 1860 vero
1792 1820 1890 1860 sua
1924 1818 2016 1858 co-

426 1903 628 1972 gitans,
676 1899 970 1957 utilitatem
1000 1899 1371 1970 proximorum
1396 1895 1639 1967 negligit,
1671 1894 1827 1965 quasi
1853 1892 2016 1948 unius

422 1992 578 2063 pedis
625 1990 1051 2047 caiceameutum
1109 2004 1234 2044 cum
1293 1987 1559 2047 dedecore
1602 1986 1820 2042 amittit.
1876 1984 2018 2040 Sunt

320 2076 325 2081 ’
425 2079 668 2137 nonnulli
703 2079 820 2149 qui,
870 2078 1083 2148 magnis
1111 2077 1429 2135 muneribus
1468 2076 1664 2142 ditati,
1696 2075 1825 2130 dum
1848 2074 2015 2131 solius

424 2176 899 2245 contemplationis
940 2174 1135 2231 studiis
1179 2173 1568 2239 inardescunt,
1618 2185 1814 2242 parere
1866 2171 2012 2229 utili-

425 2264 520 2319 tati
545 2262 913 2333 proximorum
940 2263 995 2317 in
1014 2263 1400 2333 praedicatione
1424 2261 1718 2334 refugiunt,
1743 2268 2010 2317 secretum

421 2356 622 2425 quietis
650 2355 901 2426 diligunt,
955 2369 1230 2410 secessum
1275 2353 1661 2424 speculatiouis
1708 2358 2008 2422 appetunt:

421 2448 487 2499 tie
518 2460 625 2516 quo
652 2446 700 2502 si
726 2446 973 2501 districto
989 2445 1326 2514 judicentur,
1355 2460 1421 2500 ex
1448 2443 1610 2499 tantis
1634 2442 1823 2513 procul
1849 2442 2011 2498 dubio

421 2539 497 2591 rei
526 2543 671 2602 sunt,
728 2537 949 2607 quantis
995 2536 1277 2593 venientes
1327 2535 1396 2590 ad
1435 2534 1710 2606 publicum
1755 2534 2012 2604 prodesse

422 2638 733 2699 potuerunt.
764 2628 881 2696 Qua
909 2629 1053 2685 enim
1076 2638 1257 2684 mente
1282 2629 1330 2684 is
1352 2629 1446 2698 qui
1471 2628 1736 2698 proximis
1762 2625 2012 2698 profutu-

422 2734 515 2773 rus
540 2719 895 2783 enitesceret,
924 2718 1146 2775 utilitati
1198 2726 1521 2775 czeterorum
1569 2726 1838 2773 secretum
1867 2731 2008 2786 prae-

422 2812 576 2880 ponit
620 2826 820 2877 suum;
865 2810 1084 2884 quando
1115 2811 1230 2881 ipse
1284 2810 1480 2865 summi
1518 2808 1698 2865 Patris
1752 2808 2011 2879 Unigeni-

423 2911 550 2966 tus,
603 2907 664 2955 ut
692 2900 877 2955 multis
918 2900 1218 2971 prodesset,
1267 2900 1334 2954 de
1389 2900 1509 2953 sinu
1537 2899 1714 2953 Patris
1757 2913 2009 2968 egressus

419 2997 507 3045 est
550 2990 635 3044 ad
663 2989 936 3060 publicum
992 2991 1284 3045 nostrum?
1337 2988 1477 3044 Sunt
1524 2989 1768 3043 nonnulli
1803 2990 1895 3059 qui
1939 3004 2007 3043 ex

422 3081 534 3138 sola
572 3081 880 3138 humilitate
915 3080 1205 3152 refugiunt,
1249 3096 1318 3137 ne
1348 3082 1436 3137 his
1464 3082 1660 3151 quibus
1690 3097 1748 3137 se
1775 3084 2009 3152 impares

422 3173 714 3239 aestimant,
744 3173 1105 3250 prmierantur
1132 3189 1149 3228 :
1182 3187 1411 3243 quorum
1434 3172 1680 3243 profecto
1709 3172 2008 3239 humilitas,

424 3265 472 3321 si
522 3266 735 3321 cmteris
775 3280 994 3337 quoque
1056 3266 1351 3321 virtutibus
1402 3265 1658 3336 cingitur,
1709 3272 1840 3320 tunc
1883 3275 2011 3322 ante

420 3362 609 3417 oculos
636 3362 730 3417 Dei
781 3377 907 3419 vera
937 3369 1042 3428 est,
1079 3377 1203 3418 cum
1242 3360 1310 3416 ad
1340 3361 1702 3432 respuendum
1731 3361 1833 3416 hoc
1868 3361 2012 3431 quod

422 3452 631 3507 utiliter
663 3452 845 3508 subire
871 3452 1206 3523 praecipitur,
1244 3451 1495 3522 pertinax
1533 3465 1641 3506 non
1683 3459 1783 3506 est.
1826 3450 2012 3520 Neque

425 3548 570 3602 enim
594 3561 724 3603 vere
768 3555 853 3602 est
889 3545 1130 3612 humilis,
1177 3546 1271 3617 qui
1300 3546 1519 3617 superni
1566 3554 1731 3600 nutus
1760 3545 2008 3611 arbitrio,

425 3650 487 3693 ut
522 3639 716 3697 debeat
742 3653 996 3708 praeesse,
1051 3637 1322 3709 intelligit,
1372 3647 1427 3693 et
1463 3646 1641 3692 tamen
1692 3636 2008 3693 contemnit.

428 3730 640 3785 Divinis
662 3729 1104 3800 dispositionibus
1134 3731 1383 3786 subditus
1401 3771 1415 3795 ,
1446 3737 1609 3801 atque
1636 3745 1666 3784 a
1690 3730 1821 3785 vitio
1844 3729 2014 3786 obsti-

428 3819 667 3875 nationis
695 3818 922 3882 alienus,
949 3836 1072 3876 cum
1106 3821 1207 3876 sibi
1248 3820 1526 3892 regiminis
1556 3820 1768 3877 culmen
1793 3821 2015 3892 imponi-

426 3920 538 3975 tur,
593 3910 638 3964 si
679 3907 789 3979 jam
829 3908 985 3965 donis
1029 3917 1339 3980 praeventus
1384 3917 1491 3975 est,
1547 3910 1744 3981 quibus
1788 3917 1845 3965 et
1892 3911 2013 3967 aliis

423 4001 614 4072 prosit,
673 4008 730 4059 et
756 4017 823 4057 ex
874 4000 1036 4057 corde
1066 4001 1227 4057 debet
1278 4000 1485 4073 fugere,
1536 4010 1593 4058 et
1647 4003 1852 4060 invitus
1885 4005 2014 4062 obe-

426 4091 564 4151 dire.

982 4181 1210 4240 CAPUT
1246 4183 1433 4239 XVIII.

506 4272 728 4346 (Isidort'
757 4273 849 4329 lib.
887 4289 967 4338 ιιι,
1002 4273 1177 4342 Sent.,
1226 4293 1272 4329 c.
1309 4275 1422 4349 33.)
1469 4274 1566 4332 Vir
1609 4278 2012 4336 ecclesiasticus

2116 1805 2375 1861 festinant
2411 1822 2426 1861 :
2474 1807 2575 1863 sed
2623 1808 2876 1862 timentes
2924 1807 3192 1863 occultam
3241 1808 3710 1877 dispensationem

2114 1894 2231 1960 Dei,
2269 1896 2568 1966 suscipiunt
2595 1896 2739 1965 quod
2766 1894 3000 1967 fugiunt,
3054 1905 3311 1952 exercent
3332 1896 3473 1966 quod
3523 1897 3711 1954 vitare

2113 1997 2428 2047 noscuntur.
2478 1988 2688 2045 latrant
2734 1990 2878 2045 enim
2918 1991 2986 2044 ad
3037 2005 3153 2054 eor,
3206 1998 3264 2045 et
3288 1990 3363 2046 ibi
3406 1992 3711 2047 consulunt

2111 2081 2241 2149 quid
2267 2081 2398 2136 velit
2423 2080 2635 2148 occulta
2657 2082 2906 2138 voluntas
2930 2082 3023 2137 Dei
3051 2101 3062 2136 :
3095 2097 3324 2152 seseque
3344 2083 3599 2140 subditos
3625 2085 3711 2141 de-

2110 2175 2242 2232 bere
2269 2189 2389 2233 esse
2411 2174 2643 2230 summis
2671 2174 3108 2230 ordinationibus
3148 2181 3553 2245 cognoscentes.
3610 2176 3711 2232 hu-

2111 2264 2326 2319 miliant
2398 2264 2669 2320 cervicem
2731 2263 2913 2319 cordis
2972 2263 3104 2335 jugo
3157 2263 3352 2317 divina:
3415 2263 3707 2333 dispensa-

2111 2357 2299 2414 tionis.

2685 2446 2912 2503 CAPUT
2952 2447 3096 2502 XIX.

2183 2538 2200 2609 (
2230 2537 2285 2593 S.
2316 2539 2564 2609 Prosperi
2600 2539 2665 2593 de
2696 2539 2835 2593 ’Vita
2877 2537 3155 2609 contempt.
3205 2539 3298 2593 lib.
3333 2553 3374 2604 ι,
3413 2555 3532 2608 cap.
3590 2539 3711 2607 ‘15.)

2110 2627 2212 2696 Qui
2230 2629 2517 2699 diligenter
2531 2628 2580 2701 [ι
2598 2629 2849 2700 Pr05peri
2876 2629 3019 2700 quod
3034 2630 3343 2685 sacerdotes
3369 2629 3542 2684 sancti
3564 2646 3710 2686 con-

2111 2722 2435 2792 templativae
2487 2721 2605 2777 fieri
2633 2721 2924 2791 participes
2960 2730 3207 2792 possunt,
3243 2721 3349 2789 Qui
3387 2719 3709 2792 diligenter,

2110 2814 2244 2885 etc.)
2270 2814 2336 2869 de
2362 2815 2481 2869 Vita
2515 2813 2939 2884 contemplativa
2989 2813 3318 2874 considerat,
3341 2821 3403 2868 et
3427 2812 3713 2869 sufﬁcien-

2112 2915 2196 2961 ter
2243 2905 2546 2959 instructus
2598 2903 2848 2974 intelligit
2902 2903 3119 2973 quando
3167 2901 3339 2958 etubi
3385 2903 3571 2972 possit
3593 2902 3712 2971 eius

2112 2996 2375 3067 perfectio
2407 2997 2816 3066 comprehendi,
2874 3013 2984 3053 non
3034 2998 3301 3053 dubitabit
3344 2997 3710 3056 ecclesiarum

2116 3091 2390 3162 principes
2436 3091 2562 3146 vitae
2591 3091 3025 3160 contemplativa;
3066 3108 3228 3163 posse
3262 3100 3320 3148 et
3347 3094 3558 3150 debere
3591 3096 3711 3151 ﬁeri

2115 3190 2436 3237 sectatores.
2467 3180 2604 3259 Quia
2626 3182 2761 3246 sive,
2789 3184 3085 3238 secundum
3108 3183 3419 3253 opinionem
3442 3201 3714 3255 quorum-

2115 3273 2260 3337 dam,
2286 3273 2420 3328 nihil
2445 3273 2592 3328 aliud
2622 3273 2693 3327 sit
2741 3274 2850 3328 vita
2883 3275 3299 3344 contemplativa
3324 3292 3491 3346 quam
3520 3293 3709 3333 rerum

2114 3364 2397 3420 latentium
2428 3365 2842 3435 futurarumque
2866 3364 3082 3431 notitia,
3113 3366 3228 3421 sive
3255 3367 3465 3423 vacatio
3488 3369 3565 3423 ab
3593 3386 3710 3425 om-

2116 3454 2275 3509 nibus
2297 3454 2740 3525 oceupationibus
2771 3455 2958 3509 mundi
2978 3454 3096 3509 sive
3121 3454 3428 3510 divinarum
3461 3457 3707 3514 studium

2114 3546 2445 3607 litterarum.
2476 3546 2593 3600 sive
2622 3544 2787 3617 (quod
2819 3545 2907 3600 his
2932 3546 3194 3616 probatur
3222 3561 3347 3602 esse
3387 3546 3706 3617 perfectius)

2114 3635 2230 3705 ipsa
2279 3636 2417 3690 visio
2459 3636 2578 3702 Dei,
2622 3650 2732 3691 non
2755 3635 2911 3690 video
2934 3629 3067 3706 quid
3102 3637 3473 3707 impedimenti

2113 3727 2487 3785 sacerdotibus
2514 3728 2686 3796 possit
2718 3725 2923 3793 afferri,
2976 3743 3084 3798 quo
3122 3729 3304 3784 minus
3326 3728 3393 3784 ad
3419 3729 3543 3785 hac
3574 3746 3709 3801 qua—

2114 3827 2238 3874 tuor
2261 3833 2384 3888 quae
2406 3819 2828 3875 commemoravi
2856 3819 3194 3888 perveniant.
3234 3819 3354 3875 Duo
3375 3820 3547 3884 enim,
3597 3823 3706 3891 pri-

2113 3922 2263 3963 mum
2290 3916 2349 3963 et
2374 3907 2656 3975 ultimum,
2700 3909 2752 3965 id
2808 3918 2915 3974 est,
2954 3924 3137 3964 rerum
3176 3910 3461 3966 latentium
3495 3910 3709 3966 futura-

2114 4013 2346 4069 rumque
2383 3999 2596 4064 notitia,
2647 4009 2703 4055 et
2731 4000 2846 4070 ipsa
2875 3999 3012 4056 visio
3045 3999 3162 4065 Dei,
3197 4000 3709 4072 incomparabiliter

2112 4092 2489 4162 praestantiora
2520 4100 2681 4148 erunt
2724 4094 2778 4147 in
2807 4092 2895 4147 illa
2925 4093 3036 4148 vita
3063 4092 3239 4155 beata,
3272 4108 3434 4163 quam
3486 4095 3544 4149 in
3602 4095 3710 4150 ista

2111 4186 2343 4241 diversis
2394 4184 2674 4239 erroribus
2726 4170 3021 4253 implicata.
3077 4183 3533 4256 Quandoquidem
3596 4192 3709 4240 tam

2113 4294 2298 4334 rerum
2330 4279 2575 4333 omnium
2626 4277 2835 4343 notitia,
2889 4293 3052 4347 «(nam
3088 4278 3201 4347 ipsa
3229 4277 3326 4332 Dei
3372 4277 3711 4345 substantia,

426 4365 640 4439 tisidori
681 4367 749 4422 de
776 4367 1104 4437 praepositis.
1155 4367 1251 4423 Vir
1297 4367 1721 4438 ecclesiasticus,
1771 4371 1904 4444 etc.)
1954 4382 2009 4429 et
2034 4387 2087 4448 ι)
2112 4370 2267 4441 plene
2294 4384 2359 4425 ac
2382 4368 2623 4439 perfecte
2650 4369 2939 4423 videbitur.
3000 4369 3115 4424 Duo
3150 4376 3335 4424 autem
3376 4368 3583 4433 media,
3618 4387 3716 4425 va-

425 4456 671 4531 cruciiigi
710 4457 911 4517 mundo
937 4471 1034 4529 per
1079 4457 1550 4514 mortificationem
1575 4461 1807 4531 propriae
1829 4463 2011 4518 carnis

498 4624 522 4652 ι
543 4612 829 4684 ίιῗιοοερειυί.
863 4611 992 4684 ἔδει]
1008 4621 1120 4667 tum
1138 4612 1387 4668 videlicet
1404 4616 1668 4684 Prospero
1695 4616 2009 4672 tribueban-

429 4690 515 4756 tur
541 4682 663 4736 libri
686 4684 907 4756 _t_res_de
937 4681 1056 4756 Vita
1086 4684 1503 4752 contemplativa
1527 4681 1564 4756 ,ξ
1589 4686 1681 4754 qui
1728 4686 1869 4739 inter
1893 4688 2010 4756 ejus

427 4753 600 4825 Opera
633 4752 717 4825 edi
745 4753 949 4825 solent,
977 4752 1198 4825 ejusque
1225 4756 1442 4813 nomine
1470 4771 1499 4808 a
1526 4752 1785 4809 Gratiano
1809 4752 2007 4825 passim

428 4830 483 4875 et
518 4821 752 4894 ab‘aliis
796 4822 953 4894 eit_ari
998 4821 1325 4894 solent;ire
1369 4832 1729 4894 autemvera
1758 4821 2007 4894 Prosperi

429 4907 535 4947 non
562 4892 832 4966 videntur.
861 4892 1043 4966 Primo
1063 4894 1189 4963 quia
1218 4893 1528 4966 Gennadius
1562 4893 1814 4964 Prosperi
1844 4892 2007 4966 opera

430 4976 719 5036 recensens
745 4963 935 5036 horum
956 4964 1213 5018 librorum
1237 4979 1342 5036 non
1360 4965 1633 5036 meminit.
1660 4963 1861 5021 Deinde
1879 4963 2009 5036 quia

430 5031 646 5103 illorum
671 5039 863 5103 auctor
884 5033 978 5088 lib.
1012 5049 1072 5099 ιι,
1106 5049 1221 5102 cap.
1257 5034 1310 5094 9,
1343 5033 1411 5088 de
1439 5033 1641 5089 Hilario
1678 5031 2005 5103 Arelatensi,

428 5102 520 5171 qui
547 5102 769 5172 aequalis
791 5102 894 5174 fuit
919 5103 1194 5174 Prosperi,
1227 5103 1593 5174 sic-loquitur,
1637 5115 1699 5161 ut
1722 5116 1882 5162 aetate
1908 5122 2006 5162 sua

427 5174 767 5249 superiorum
807 5173 977 5249 fuisse
1017 5172 1301 5249 significet.
1326 5172 1596 5249 Denique
1614 5186 1675 5231 ut
1701 5178 1821 5233 aliis
1850 5194 2011 5249 argu-

429 5246 628 5300 mentis
671 5244 1074 5328 supersedeam,
1128 5244 1187 5325 in
1222 5244 1814 5328 antiqua“Collectione
1842 5244 2007 5328 eano-

430 5314 790 5395 nun1__eodicis
819 5314 1218 5395 An‘dega‘vensis
1244 5324 1432 5395 sancto
1454 5314 1703 5395 Pomerio
1742 5319 1842 5395 (sic
1864 5318 2007 5395 enim

429 5386 679 5457 appellat)
702 5392 761 5439 ut
790 5383 1359 5457 aueloriiribuuntur,
1384 5386 1502 5439 loco
1527 5387 1692 5442 citato
1710 5429 1725 5452 ,
1750 5383 1844 5457 qui
1867 5388 2008 5457 apud

427 5453 753 5525 Presperum
778 5462 954 5509 exstat
988 5453 1080 5525 lib.
1131 5469 1192 5518 ιι,
1216 5469 1336 5523 cap.
1366 5457 1422 5519 'l,
1452 5465 1506 5509 et
1534 5457 1586 5511 in
1613 5453 1799 5514 codice
1836 5453 2031 5513 sancti

431 5524 730 5581 Salvatoris
760 5524 1127 5586 Vicecomitis,
1166 5525 1258 5595 qui
1310 5541 1451 5579 llllllc
1478 5535 1562 5582 est
1585 5529 1636 5582 in
1682 5528 2006 5584 bibliotheca

431 5596 863 5666 rever-endissimi
894 5594 1282 5665 archiepiscopi
1317 5594 1591 5660 Tolosaui,
1640 5599 1879 5666 ejusdem
1905 5598 2004 5653 loci

431 5664 659 5732 abbatis,
694 5674 881 5721 auctor
911 5668 995 5723 bis
1032 5665 1184 5723 libris
1231 5664 1496 5739 ascriptus
1523 5680 1603 5723 est
1628 5664 1872 5725 Julianus
1905 5668 2006 5726 Po-

2113 4459 2384 4516 cationcm
2450 4457 2701 4515 videlicet
2782 4460 2853 4514 ab
2917 4459 3171 4515 omnibus
3247 4461 3717 4530 occupationibus

2111 4615 2316 4672 merius
2343 4630 2354 4666 :
2384 4620 2440 4667 et
2468 4610 2680 4683 Juliano
2731 4610 2977 4666 Pomerio
2999 4612 3215 4666 eosdem
3239 4626 3464 4683 prorsus
3502 4613 3719 4683 asse-rit

2110 4685 2347 4739 Isidorus
2373 4682 2441 4737 de
2468 4680 2850 4737 ecclesiasticis
2873 4680 3376 4751 Scriptoribus'cap.
3400 4682 3434 4735 2
3459 4700 3473 4735 :
3510 4702 3532 4732 ε
3558 4682 3718 4739 Alios

2110 4753 2593 4826 qmquetinqun,
2639 4761 2750 4826 tres
2800 4753 2969 4826 libros
3009 4753 3195 4816 edidit,
3251 4752 3320 4826 de
3351 4752 3555 4808 futura
3586 4755 3717 4807 vita

2109 4822 2583 4894 contemplatione,
2617 4822 2701 4877 vel
2749 4823 2947 4894 actuali
2982 4824 3415 4894 conversatione,
3458 4839 3576 4878 nec
3602 4839 3715 4880 non

2110 4897 2275 4951 etiam
2321 4891 2387 4948 de
2435 4893 2584 4948 vitiis
2630 4900 2685 4946 et
2713 4891 3027 4947 virtutibus.
3063 4912 3083 4945 ι
3138 4891 3346 4960 Quibus
3396 4894 3596 4948 verbis
3642 4895 3715 4949 li-

2110 4966 2274 5038 quido
2319 4972 2467 5038 patet
2510 4962 2858 5038 singulorum
2895 4962 3055 5038 hujus
3074 4963 3262 5038 _opcris
3300 4963 3577 5017 librorum
3612 4979 3720 5038 _ar-

2126 5032 2365 5105 iumenta
2410 5032 2665 5089 describi.
2726 5032 2983 5105 Ediderat
3037 5032 3177 5088 idem
3226 5042 3499 5105 parere;
3570 5034 3719 5091 alios

2147 5053 2365 5090 "menta
2410 5053 2665 5089 UCSCI'IDI.
2726 5053 2983 5087 noluerat
3037 5053 3177 5088 ιιιειιι
3235 5053 3499 5103 ριίειεωει
3570 5053 3717 5091 auos

2108 5053 2276 5162 fihros
2303 5112 2448 5167 octo,
2481 5118 2711 5175 quorum
2737 5103 2900 5158 etiam
2932 5103 3192 5159 lemmata
3221 5104 3420 5175 ibidan
3445 5103 3717 5175 cingitis-

2111 5178 2208 5234 tim
2255 5175 2491 5245 explicat
2530 5174 2788 5245 lsidorus,
2836 5189 3176 5245 quorumque
3210 5174 3569 5245 testimonia
3594 5174 3718 5232 fne-

2109 5242 2341 5319 quenter
2372 5253 2612 5319 usus‘est
2636 5242 2882 5319 Julianus
2909 5242 3103 5319 al_ter_;'
3127 5242 3420 5319 Toleta_nus
3440 5246 3721 5319 antistes,

2108 5312 2161 5373 in
2191 5315 2555 5386 Prognosticis
2583 5314 2748 5370 futuri
2781 5314 2961 5386 smculi
2990 5313 3097 5369 fuit
3119 5327 3283 5386 porro
3301 5312 3600 5386 Pomerios
3622 5316 3723 5371 hic

2105 5389 2237 5444 Afer
2258 5383 2584 5457 Maurusque
2604 5386 2799 5457 patria,
2833 5385 2930 5457 sed
2950 5386 3095 5454 quod
3123 5383 3205 5457 ex
3231 5385 3352 5457 Vita
3374 5383 3621 5457 Cantuarii
3663 5396 3724 5443 et

2107 5475 2175 5516 ex
2201 5457 2404 5512 Rurieii
2429 5452 2843 5526 ad'l’oinerium
2876 5452 3053 5524 ipsum
3086 5455 3341 5526 epistolis
3370 5452 3617 5526 intelligi
3651 5458 3723 5513 li-

2106 5538 2213 5593 cet,
2245 5529 2297 5583 in
2344 5526 2513 5583 Gallia
2542 5528 2777 5598 primum
2806 5525 3170 5598 rhetor,ptum
3205 5525 3485 5598 presbyter
3513 5525 3582 5580 et
3616 5529 3723 5584 ab-

2107 5601 2205 5656 bas
2228 5598 2409 5652 iloruit
2430 5598 2666 5652 Arelate.
2712 5596 2961 5651 Pomerio
2989 5596 3186 5660 eidem,
3206 5596 3271 5650 ut
3293 5596 3529 5659 videtur,
3566 5600 3724 5655 seri.

2108 5670 2189 5725 bit
2211 5670 2373 5725 etiam
2399 5668 2673 5724 Ennodius
2703 5667 2796 5723 lib.
2828 5682 2887 5732 ιι,
2913 5666 3141 5738 epistola
3168 5667 3224 5726 6.
