3884 6192
263 319 372 376 853

872 308 1151 368 REGULA
1189 305 1688 368 CANONICORUM
1727 304 1816 359 AB
1852 300 2210 358 AMALARIO
2249 297 2628 358 COLLECTA.
2667 331 2739 342 —
2776 299 2903 356 LIB.
2944 301 2986 356 l.

3424 303 3522 358 851

258 429 474 495 mundi,
513 438 569 484 et
596 428 900 483 divinarum
924 427 1159 482 studium
1190 402 1514 488 litterarum,
1550 421 1713 475 etiam
1753 419 1842 473 hic
1869 437 1920 493 Α
1944 414 2328 481 ecclesiastico,
2362 414 2492 484 quid
2515 422 2794 484 sequatur,
2849 415 2978 484 quid
3011 414 3220 479 doceat,
3255 417 3527 484 quomodo

256 531 488 597 possunt
520 522 724 576 habere
749 518 1052 588 pontiﬁces.
1105 518 1212 573 Sed
1241 517 1318 572 illi
1346 515 1438 586 qui
1471 530 1529 570 se
1554 514 1623 568 ab
1669 513 1845 567 omni-

256 619 366 673 bus
417 604 836 684 implicanientis
887 612 1228 682 negotiorum
1277 609 1618 666 saecularium
1667 620 1845 661 remo-

256 714 474 772 ventes,
501 720 612 760 non
639 711 857 776 torpent
890 703 1020 770 otio,
1065 703 1160 758 sed
1203 701 1460 757 insistunt
1493 697 1843 770 perfectionis

255 814 375 854 suae
427 795 666 868 negotio,
729 803 786 848 et
828 795 898 849 ab
947 793 1176 849 stultitia
1237 791 1516 860 sapientiae
1567 787 1843 844 saecularis

254 887 460 952 aversi,
510 886 677 941 verbo
722 885 819 940 Dei
849 883 1259 953 infatigabiliter
1298 889 1516 945 vacant,
1569 879 1843 950 sapientes

253 977 528 1033 veraciter
555 975 711 1040 ﬁunt,
737 974 980 1031 caelestia
1009 974 1243 1043 sapiunt,
1272 981 1485 1028 terrena
1515 971 1838 1040 despiciunt,

254 1069 691 1126 contradicentes
728 1081 873 1123 sanae
895 1065 1155 1123 doctrinae
1181 1065 1535 1136 redarguunt,
1587 1063 1842 1118 obedien-

256 1169 340 1215 tes
383 1160 691 1223 instituunt,
721 1158 924 1214 sanctis
951 1156 1265 1221 virtutibus,
1298 1156 1492 1226 quibus
1515 1154 1570 1208 in
1596 1155 1712 1209 dies
1731 1153 1843 1209 sin-

253 1249 412 1320 gulos
438 1250 569 1303 ﬁant
594 1249 708 1302 Deo
747 1247 1180 1317 propinquiores,
1215 1244 1532 1300 incumbunt
1562 1262 1575 1298 :
1631 1253 1685 1299 et
1731 1252 1840 1298 tam

255 1342 376 1397 suis
395 1357 558 1411 quam
587 1339 829 1394 omnium
852 1338 943 1408 qui
966 1353 1062 1408 per
1085 1353 1180 1393 eos
1203 1337 1542 1402 erudiuntur,
1579 1335 1842 1405 provecti-

252 1439 359 1492 bus
384 1435 537 1500 clari,
577 1435 666 1489 hic
705 1432 923 1503 quidem
953 1431 1101 1486 velut
1143 1439 1358 1504 gustum
1390 1429 1676 1501 quemdam
1706 1442 1838 1482 con—

254 1526 583 1595 templatim:
612 1525 766 1590 vitae,
822 1538 930 1594 quo
956 1523 1021 1576 ad
1049 1537 1171 1577 eam
1200 1522 1499 1577 ferventius
1543 1533 1840 1590 provocen-

253 1627 364 1682 tur,
394 1616 698 1685 accipiunt:
749 1614 844 1669 sed
873 1613 946 1669 ibi
968 1611 1084 1682 jam
1114 1613 1168 1667 in
1210 1621 1472 1667 azternum
1505 1610 1691 1666 felices
1714 1607 1841 1661 elle-

251 1708 350 1774 cti,
386 1708 453 1762 de
475 1708 592 1778 ejus
613 1704 945 1777 perfectione
970 1705 1298 1775 gaudebunt.
1343 1702 1576 1758 Proinde
1611 1717 1718 1755 non
1755 1699 1837 1754 in-

250 1796 488 1874 ﬂantur,
546 1797 673 1867 quia
722 1794 809 1850 hic
867 1795 1108 1850 omnium
1156 1793 1390 1848 ﬁdelium
1447 1791 1912 1871 catholiconth

247 1889 591 1944 honorantur
615 1894 676 1940 ut
697 1886 874 1957 capita
900 1903 914 1940 :
947 1886 1043 1941 sed
1082 1885 1334 1940 laetantur
1356 1886 1556 1956 potius,
1603 1885 1729 1954 quia
1761 1885 1835 1939 ibi

248 1975 474 2043 Christi,
505 1976 700 2047 quiest
727 1977 1073 2032 sacerdotum
1099 1992 1161 2032 ac
1186 1976 1429 2031 omnium
1461 1974 1698 2031 ﬁdelium
1746 1991 1836 2031 ca-

248 2075 369 2138 put,
399 2067 630 2122 clariora
653 2068 900 2123 membra
931 2066 1099 2122 futuri
1140 2076 1284 2123 sunt.
1315 2066 1386 2122 At
1411 2068 1455 2124 si
1481 2065 1646 2140 (quod
1673 2065 1835 2137 absit)

246 2157 603 2214 Saecularibus
627 2158 859 2229 negotiis
903 2157 1184 2228 implicati,
1234 2157 1520 2214 fundorum
1573 2159 1838 2214 terminos

246 2247 372 2302 sine
401 2248 632 2304 termino
670 2248 982 2320 cupiditatis
1002 2247 1298 2304 extendant
1320 2264 1384 2304 ac
1423 2264 1482 2304 se
1515 2250 1717 2318 passim
1743 2263 1835 2303 ex-

245 2339 468 2408 quisitis
499 2338 710 2394 deliciis
736 2339 988 2395 addicant
1020 2338 1263 2412 [ditant],
1295 2356 1417 2410 qua:
1451 2340 1692 2395 animum
1718 2355 1836 2396 cor-

245 2443 459 2498 pusque
479 2429 803 2496 debilitant;
835 2429 881 2484 si
905 2429 1128 2501 gloriam
1157 2445 1262 2485 non
1287 2428 1509 2495 Christi,
1541 2431 1634 2486 sed
1658 2446 1833 2498 suam,

245 2521 460 2591 decepti
484 2521 626 2592 vulgi
651 2521 919 2577 adulantis
941 2520 1261 2586 honoribus,
1293 2529 1539 2592 quaerant
1565 2540 1576 2575 :
1610 2521 1836 2592 plusque

244 2609 316 2665 de
373 2625 433 2666 se
476 2611 666 2667 aliena:
701 2611 916 2683 linguae,
968 2628 1129 2682 quam
1175 2627 1286 2668 sua:
1335 2611 1680 2668 conscientiae
1717 2627 1837 2668 cre-

245 2700 411 2765 dant;
462 2701 508 2756 si
542 2717 703 2757 omne
749 2702 1003 2772 gaudium
1052 2719 1232 2767 suum,
1286 2719 1392 2757 non
1441 2703 1495 2758 in
1530 2702 1834 2760 futurorum

245 2793 706 2858 remuneratione,
745 2808 844 2849 nec
883 2793 938 2847 in
982 2793 1272 2849 sanctitate
1315 2795 1464 2862 vitae,
1511 2796 1607 2850 sed
1655 2795 1710 2850 in
1737 2811 1834 2850 sua

247 2890 462 2937 tantum
499 2883 761 2955 dignitate
821 2885 1190 2939 constituant:
1243 2894 1299 2941 et
1347 2887 1474 2941 dum
1524 2885 1660 2940 tales
1690 2901 1834 2951 esse,

243 2971 436 3042 quales
461 2973 708 3050 credunt,
765 2984 1014 3029 amantur
1059 2973 1378 3046 [creduntur
1413 2974 1645 3048 amant],
1698 2991 1836 3030 nun-

244 3078 416 3132 quam
445 3064 550 3118 sibi
583 3063 934 3134 displiceant:
964 3080 1028 3121 ac
1048 3066 1324 3136 placentes
1351 3067 1473 3133 sibi,
1505 3083 1612 3122 non
1635 3066 1743 3122 sint
1769 3066 1837 3122 de

244 3170 344 3210 sua
386 3157 724 3212 correctione
758 3156 1010 3212 solliciti:
1065 3157 1188 3229 quis
1224 3173 1333 3213 non
1375 3159 1641 3230 intelligat
1675 3157 1831 3224 tales,
1863 3163 1907 3224 ρ

245 3249 292 3303 si
325 3249 381 3303 in
406 3249 603 3304 talibus
642 3257 1014 3319 perseverent,
1057 3263 1157 3304 nec
1183 3265 1241 3305 se
1270 3259 1396 3305 ante
1419 3251 1581 3306 linem
1606 3265 1839 3321 przesen-

244 3340 319 3395 tis
367 3340 494 3395 vita:
539 3341 859 3406 emendent,
906 3342 1336 3411 contemplativa:
1391 3343 1514 3397 vita:
1547 3342 1839 3412 participes

244 3446 372 3488 esse
395 3447 501 3486 non
522 3432 725 3502 posse?
768 3431 848 3486 Ad
872 3447 1035 3503 quam
1081 3449 1188 3487 non
1215 3433 1555 3503 perveniunt,
1586 3433 1691 3488 nisi
1744 3433 1838 3502 qui

244 3523 559 3580 studuerint
586 3537 706 3579 esse
735 3523 879 3594 quod
907 3521 1036 3577 facti
1073 3531 1218 3589 sunt,
1243 3538 1343 3578 nec
1367 3522 1618 3578 affectant
1639 3522 1835 3591 videri,

242 3615 343 3669 sed
373 3629 495 3669 esse
530 3613 672 3684 quod
699 3622 846 3679 sunt,
886 3628 992 3667 non
1042 3616 1233 3670 alienis
1261 3615 1533 3680 laudibus,
1589 3616 1683 3670 sed
1723 3629 1837 3670 mo-

244 3707 401 3762 ribus
423 3706 538 3761 suis
561 3706 747 3760 eximii
775 3725 787 3759 :
836 3723 938 3763 nec
982 3707 1158 3762 solum
1189 3707 1254 3761 de
1292 3722 1389 3761 sua
1419 3706 1699 3776 dignitate,
1739 3704 1837 3761 sed

243 3797 432 3867 potius
456 3795 523 3851 de
545 3797 897 3854 sacerdotalis
934 3799 1057 3852 vita:
1088 3797 1368 3852 nobilitate
1403 3797 1678 3866 conspicui
1703 3813 1716 3848 :
1742 3795 1836 3865 qui

244 3898 503 3944 suntnon
532 3889 896 3961 appellatione
922 3898 1102 3956 tenus,
1155 3890 1250 3944 sed
1293 3889 1494 3943 virtute
1526 3886 1830 3958 pontiﬁces,

242 3979 372 4034 vitae
422 3979 856 4048 contemplativa:
910 3994 1158 4049 capaces,
1214 3986 1269 4032 et
1320 3977 1639 4048 gaudiorum
1675 3976 1835 4031 caele-

245 4072 410 4127 stium
431 4073 762 4129 cohmredes.
852 4060 856 4065 ’
1529 4059 1532 4062 ’

851 4163 1080 4220 CAPUT
1117 4163 1236 4218 XX.

317 4253 542 4324 (Isidort'
563 4254 653 4308 lib.
692 4270 775 4320 ιιι,
817 4253 1078 4320 Sentent.,
1107 4272 1222 4325 cap.
1255 4254 1371 4326 55.)
1422 4254 1556 4310 Tam
1587 4256 1834 4311 doctrina

247 4344 462 4416 [lsidori
488 4345 556 4400 de
585 4343 832 4399 doctrina
861 4353 919 4398 et
946 4345 1208 4414 exemplis
1238 4346 1671 4416 praepositorum,
1701 4345 1833 4401 Tam

244 4437 517 4502 doctrina,
543 4436 674 4509 etc.]
693 4452 855 4506 quam
877 4436 989 4491 vita
1011 4437 1220 4492 clarere
1242 4437 1401 4493 debet
1430 4438 1835 4494 ecclesiasticus

244 4529 458 4585 doctor.
493 4528 630 4583 Nam
678 4529 926 4585 doctrina
967 4529 1086 4584 sine
1113 4529 1224 4584 vita
1257 4539 1602 4602 arrogantem
1631 4531 1829 4599 reddit,
1857 4510 1911 4570 D

241 4622 356 4676 vita
382 4622 501 4678 sine
546 4622 792 4677 doctrina
818 4621 1067 4677 inutilem
1092 4621 1241 4676 facit.
1290 4621 1608 4679 Sacerdotis
1637 4623 1834 4695 praedi-

240 4713 387 4769 catio
436 4714 691 4784 operibus
712 4713 1082 4770 confirmanda
1113 4722 1229 4780 est,
1279 4715 1354 4768 ita
1384 4723 1444 4769 ut
1487 4716 1631 4785 quod
1677 4716 1836 4771 docet

242 4807 414 4862 verbo
444 4806 682 4862 instruat
729 4807 994 4878 exemplo.
1034 4807 1173 4863 Vera
1197 4808 1343 4862 enim
1366 4816 1450 4863 est
1470 4807 1560 4862 illa
1589 4808 1835 4864 doctrina

241 4913 409 4967 quam
451 4898 667 4957 vivendi
689 4900 936 4969 sequitur
956 4899 1150 4955 forma.
1177 4899 1311 4955 Nam
1341 4901 1473 4956 nihil
1499 4901 1707 4972 turpius
1727 4911 1832 4969 est,

241 5005 408 5059 quam
436 4989 483 5045 si
507 4991 707 5046 bonum
734 4991 876 5060 quod
899 5006 1149 5046 sermone
1175 4990 1351 5064 [Deest
1375 4992 1646 5066 sermone]
1684 4994 1835 5065 quis-

241 5099 350 5153 que
399 5085 683 5155 praedicat,
734 5087 953 5157 explere
1001 5102 1166 5158 opere
1215 5088 1466 5160 negligat.
1517 5091 1668 5146 Tunc
1690 5091 1834 5146 enim

237 5174 564 5244 prmdicatio
587 5176 821 5233 utilitate
858 5176 1107 5251 [utiliter]
1149 5179 1446 5248 profertur,
1484 5183 1700 5251 quando
1723 5181 1836 5236 elli-

238 5269 454 5324 caciter
497 5270 844 5342 adimpletur.
893 5271 1279 5342 Unusquisque
1323 5273 1530 5340 doctor,
1575 5283 1630 5328 et
1678 5275 1836 5330 bona:

237 5359 482 5415 actionis
513 5368 569 5415 et
618 5363 774 5418 bona:
821 5364 1222 5432 praedicationis
1269 5363 1470 5418 habere
1521 5364 1680 5419 debet
1723 5373 1836 5419 stu-

237 5451 437 5516 dium;
487 5459 615 5506 nam
669 5453 900 5510 alterum
953 5456 1071 5511 sine
1118 5457 1292 5511 altero
1325 5471 1435 5510 non
1486 5456 1617 5512 facit
1659 5459 1837 5528 perfe-

239 5553 395 5597 ctum
423 5555 439 5595 :
468 5543 564 5599 sed
593 5547 864 5614 praecedat
884 5547 1063 5616 justus
1092 5547 1228 5602 bene
1252 5562 1434 5618 agere,
1468 5558 1526 5602 ut
1547 5559 1836 5617 sequenter

237 5631 420 5701 possit
443 5629 584 5687 bene
613 5633 828 5690 docere.
875 5634 1027 5691 Sicut
1067 5637 1119 5691 in
1171 5637 1498 5693 numismate
1533 5640 1828 5705 metallum,

242 5721 421 5794 ﬁgura
470 5730 526 5778 et
561 5723 773 5797 pondus
817 5727 1144 5798 inquiritur;
1202 5729 1274 5784 ita
1322 5729 1376 5782 in
1436 5731 1580 5783 omni
1612 5731 1830 5788 doctore

1944 502 2110 560 vivat.
2152 505 2258 560 Per
2278 506 2589 575 qualitatem
2621 507 2784 576 igitur
2812 504 3036 571 metalli,
3087 505 3372 572 doctrina;
3432 523 3527 578 per

1945 596 2192 667 ﬁguram,
2221 595 2516 650 similitudo
2541 604 2754 665 patrum
2779 611 2794 660 ;
2840 609 2941 665 per
2962 595 3196 664 pondus,
3248 595 3526 652 humilitas

1945 686 2273 755 designatur.
2317 685 2419 752 Qui
2467 701 2597 756 ergo
2645 687 2714 740 ab
2765 685 2852 740 his
2907 684 3080 740 tribus
3117 685 3524 758 discrepaverit,

1944 792 2050 832 non
2079 776 2374 844 metallum,
2399 775 2494 832 sed
2516 785 2663 832 terra
2691 776 2815 831 erit.

2537 910 2767 966 CAPUT
2808 910 2953 965 XXI.

2013 1022 2276 1097 (Gregorii
2304 1023 2518 1080 Pastor.
2543 1025 2632 1080 lib.
2663 1043 2723 1090 ιι,
2777 1042 2894 1097 cap.
2939 1025 2997 1092 4,
3046 1024 3160 1097 16.)
3215 1022 3299 1080 Sit
3345 1032 3527 1081 rector

1944 1116 2258 1189 [Gregorius
2302 1119 2369 1173 de
2395 1118 2699 1172 humilitate
2740 1118 3174 1189 praepositorum.
3208 1115 3293 1172 Sit
3319 1115 3524 1189 rector]

1941 1209 2208 1265 discretus
2237 1211 2290 1264 in
2317 1209 2556 1275 silentio,
2588 1210 2740 1266 utilis
2762 1211 2818 1264 in
2843 1210 3008 1267 verbo
3033 1225 3049 1264 :
3077 1223 3148 1264 ne
3165 1217 3258 1264 aut
3294 1210 3527 1266 tacenda

1940 1301 2200 1370 proferat,
2248 1309 2341 1355 aut
2386 1301 2709 1371 proferenda
2747 1301 3052 1357 reticescat.
3101 1300 3238 1356 Nam
3277 1301 3418 1356 sicut
3447 1302 3529 1356 in-

1939 1399 2098 1448 cauta
2143 1391 2345 1446 locutio
2380 1391 2435 1445 in
2462 1406 2708 1450 errorem
2732 1392 3022 1461 pertrahit,
3075 1392 3151 1446 ita
3173 1391 3526 1447 indiscretum

1939 1479 2212 1535 silentium
2244 1481 2362 1544 hos,
2412 1480 2504 1549 qui
2547 1480 2748 1535 erudiri
2796 1487 3080 1549 poterant,
3129 1480 3186 1534 in
3219 1494 3406 1536 errore
3436 1482 3530 1535 de-

1939 1573 2218 1650 relinquit.
2257 1571 2342 1628 Sit
2367 1581 2546 1628 rector
2577 1575 2714 1628 bene
2738 1573 3024 1643 agentibus
3046 1588 3145 1643 per
3170 1573 3529 1628 humilitatem

1939 1663 2141 1729 socius,
2171 1671 2360 1719 contra
2390 1663 2815 1733 delinquentium
2861 1664 2995 1718 vitia
3027 1678 3126 1734 per
3167 1662 3344 1718 zelum
3365 1661 3528 1732 justi-

1939 1761 2028 1816 tia:
2050 1766 2303 1814 erectus:
2334 1767 2394 1813 ut
2422 1766 2478 1813 et
2503 1757 2660 1812 bonis
2687 1757 2740 1811 in
2777 1756 2924 1811 nullo
2943 1771 3004 1812 se
3027 1754 3298 1826 praeferat,
3327 1763 3529 1810 etcum

1939 1866 2229 1923 pravorum
2283 1850 2440 1920 culpa
2494 1849 2700 1920 exigit,
2757 1855 3085 1918 potestatem
3144 1845 3393 1916 protinus
3445 1845 3530 1900 sui

1937 1944 2212 2014 prioratus
2255 1947 2535 2012 agnoscat,
2567 1949 2836 2009 quatenus
2881 1946 2936 1994 et
2962 1939 3170 1992 honore
3213 1948 3527 2006 suppresso,

1937 2033 2200 2104 aequalem
2251 2047 2310 2087 se
2361 2031 2592 2086 subditis
2632 2031 2768 2085 bene
2819 2028 3127 2083 viventibus
3161 2025 3422 2096 deputet.
3473 2033 3530 2078 et

1937 2140 2065 2196 erga
2089 2138 2374 2194 perversos
2391 2121 2512 2190 jura
2545 2119 2734 2192 [viam]
2763 2117 3107 2175 rectitudinis
3133 2130 3392 2172 exercere
3417 2130 3526 2170 non

1936 2214 2208 2270 formidet.
2257 2212 2460 2268 Omnes
2506 2211 2756 2267 homines
2789 2216 2983 2264 natura
3025 2207 3264 2277 aequales
3301 2204 3524 2277 genuit:

1937 2305 2031 2360 sed
2051 2304 2300 2359 variante
2324 2302 2642 2358 meritorum
2665 2300 2870 2363 ordine,
2901 2298 3037 2354 alios
3057 2297 3179 2352 aliis
3205 2295 3362 2366 culpa
3383 2303 3529 2364 post-

1935 2397 2107 2465 ponit.
2156 2394 2276 2464 ipsa
2303 2400 2484 2448 autem
2511 2391 2819 2456 diversitas,
2855 2405 2975 2459 quae
3001 2388 3234 2445 accessit
3278 2402 3346 2442 ex
3372 2387 3526 2451 vitio,

1937 2485 2122 2540 divino
2156 2482 2362 2553 judicio
2411 2483 2795 2552 dispensatur:
2854 2489 2914 2534 ut
2963 2480 3091 2551 quia
3135 2479 3314 2534 omnis
3360 2479 3525 2533 homo

1936 2589 2090 2646 teque
2119 2583 2262 2630 stare
2289 2590 2397 2630 non
2434 2573 2596 2636 valet,
2628 2572 2768 2629 alter
2796 2579 3016 2642 regatur
3041 2569 3112 2624 ab
3135 2569 3329 2624 altero.
3367 2567 3523 2623 Unde

1935 2667 2119 2722 cuncti
2165 2667 2255 2737 qui
2286 2673 2545 2736 praesunt,
2592 2679 2701 2720 non
2751 2664 2806 2718 in
2857 2677 2917 2718 se
2960 2668 3288 2732 potestatem
3329 2659 3528 2715 debent

1936 2759 2164 2824 ordinis,
2207 2759 2302 2813 sed
2343 2757 2707 2826 aequalitatem
2761 2768 2989 2824 pensare
3023 2751 3392 2807 conditionis:
3425 2765 3527 2806 nec

1937 2864 2171 2920 praeesse
2207 2848 2518 2904 hominibus
2565 2847 2858 2918 gaudeant,
2907 2845 3001 2901 sed
3024 2843 3301 2913 prodesse.
3353 2840 3527 2908 Quam

1936 2940 2191 2996 videlicet
2229 2939 2531 3009 potentiam
2565 2938 2704 2993 bene
2733 2935 2894 3007 regit,
2941 2935 3032 3004 qui
3071 2941 3129 2989 et
3167 2942 3351 2988 tenere
3381 2932 3527 2986 illam

1937 3030 2168 3095 noverit,
2193 3037 2248 3085 et
2271 3030 2609 3101 impugnare.
2644 3027 2791 3082 Bene
2836 3026 2977 3082 hanc
3001 3024 3161 3096 regit,
3188 3023 3282 3094 qui
3305 3023 3410 3079 scit
3430 3037 3528 3092 per

1938 3123 2085 3178 illam
2133 3137 2295 3194 super
2321 3121 2510 3193 culpas
2561 3120 2718 3192 erigi,
2765 3120 2868 3176 scit
2901 3126 2958 3175 et
3003 3133 3126 3174 cum
3172 3117 3264 3171 illa
3312 3115 3527 3172 caeteris

1937 3214 2249 3285 aequalitate
2273 3214 2547 3285 componi.
2599 3212 2773 3280 Quam
2819 3220 3002 3266 tamen
3024 3215 3354 3281 potestatem
3378 3214 3528 3264 recte

1938 3306 2236 3377 dispensat,
2281 3307 2374 3376 qui
2411 3306 2644 3362 sollicite
2691 3305 2947 3370 noverit,
2985 3312 3042 3359 et
3067 3317 3282 3358 sumere
3324 3317 3392 3358 ex
3437 3300 3527 3356 illa

1937 3397 2080 3465 quod
2112 3395 2352 3464 adjuvat,
2389 3403 2446 3450 et
2483 3410 2795 3466 expugnare
2821 3395 2965 3464 quod
3003 3401 3212 3448 tentat:
3260 3401 3317 3447 et
3345 3407 3528 3461 aequa-

1937 3485 2041 3538 lem
2069 3499 2126 3540 se
2147 3499 2270 3540 cum
2299 3484 2390 3540 illa
2410 3485 2623 3540 caeteris
2657 3499 2902 3550 cernere,
2933 3492 2987 3538 et
3010 3491 3191 3539 tamen
3220 3498 3278 3538 se
3300 3497 3527 3552 peccan-

1936 3576 2083 3632 tibus
2107 3575 2223 3630 zelo
2246 3574 2465 3630 ultionis
2491 3573 2781 3630 anteferre.
2812 3573 3145 3629 Przedicator
3163 3572 3392 3643 quisque
3412 3580 3528 3628 stu-

1936 3669 2063 3724 deat
2103 3675 2162 3722 ut
2189 3667 2368 3723 minas
2390 3667 2692 3738 potentium
2721 3665 3136 3721 ratiocinatione
3161 3666 3416 3738 mitiget;
3469 3675 3527 3722 et

1935 3773 2319 3830 oppressorum
2339 3759 2635 3838 angustias,
2678 3766 2942 3828 quantum
2971 3758 3254 3828 praevalet,
3305 3773 3410 3830 ope
3451 3758 3528 3814 le-

1934 3860 2066 3907 vet:
2100 3861 2162 3907 ut
2191 3851 2327 3907 foris
2362 3851 2743 3908 resistentibus
2791 3858 3032 3922 opponat
3073 3849 3428 3921 patientiam,
3472 3857 3528 3906 et

1936 3945 2085 4002 intus
2130 3945 2567 4016 superbientibus
2611 3944 2870 4000 exhibeat
2900 3959 3026 4000 cum
3063 3942 3326 4014 patientia
3361 3941 3526 3999 disci-

1935 4036 2136 4107 plinam
2163 4052 2178 4103 ;
2213 4044 2274 4090 ut
2307 4050 2436 4108 erga
2467 4043 2646 4091 errata
2683 4035 3022 4092 subditorum
3055 4035 3134 4090 sic
3171 4032 3528 4090 mansuetudo

1936 4128 2110 4183 zelum
2153 4137 2457 4199 temperet,
2512 4137 2780 4198 quatenus
2828 4143 2859 4182 a
2914 4127 3142 4197 iustitia:
3187 4127 3365 4182 studio
3418 4140 3526 4179 non

1936 4227 2200 4274 enervet:
2255 4220 2335 4273 sic
2366 4218 2434 4273 ad
2468 4217 2732 4273 ultionem
2780 4217 2930 4272 zelus
2965 4215 3195 4279 ferveat,
3248 4229 3317 4270 ne
3347 4222 3526 4267 tamen

1934 4311 2153 4381 pietatis
2181 4309 2411 4365 limitem
2439 4308 2696 4365 fervendo
2723 4306 3092 4361 transcendat.
3125 4295 3383 4360 'Rectoris
3405 4301 3524 4358 olli-

1935 4398 2082 4453 cium
2118 4411 2240 4452 esse
2267 4398 2460 4462 debet,
2508 4404 2570 4451 ut
2605 4396 2845 4463 ingratos
2872 4392 3152 4450 beneﬁciis
3181 4393 3250 4448 ad
3286 4406 3524 4447 amorem

1936 4495 2218 4559 provocet,
2275 4495 2338 4541 ut
2372 4494 2557 4556 gratos
2607 4500 2826 4556 quoque
2869 4483 3190 4540 ministeriis
3240 4483 3297 4538 in
3339 4497 3526 4538 amore

1938 4586 2156 4635 servet:
2208 4585 2269 4632 ut
2316 4576 2688 4647 proximorum
2734 4574 2900 4641 mala,
2946 4589 3072 4628 cum
3101 4571 3376 4643 corrigere
3417 4585 3524 4626 non

1939 4668 2102 4733 valet,
2136 4675 2343 4724 taceat:
2381 4676 2436 4723 et
2472 4683 2810 4739 quaecunque
2856 4666 3059 4736 corrigi
3095 4664 3366 4735 loquendo
3394 4678 3523 4735 pos-

1939 4769 2088 4827 sunt,
2119 4759 2396 4816 silentium
2421 4773 2748 4815 consensum
2771 4773 2893 4814 esse
2917 4755 3288 4828 pertimescat.

2513 4891 2742 4950 CAPUT
2779 4890 2944 4946 XXII.

2013 5003 2235 5076 (Isidori
2281 5003 2373 5059 lib.
2405 5020 2490 5070 ιιι,
2544 5002 2803 5071 Sentent.,
2857 5022 2904 5060 ε.
2946 5001 3061 5076 49.)
3103 5003 3203 5074 Qui
3232 5001 3526 5075 praeficitur

1941 5096 2096 5169 [Item
2110 5098 2300 5154 lsidori
2315 5098 2381 5153 de
2403 5099 2707 5154 humilitate
2719 5099 3152 5168 praepositorum,
3176 5097 3276 5165 Qui
3299 5095 3524 5168 przefici-

1939 5197 2048 5256 tur,
2093 5189 2226 5262 etc.]
2249 5190 2318 5245 ad
2339 5191 2602 5262 regimen,
2640 5191 2826 5247 taliter
2853 5207 2980 5262 erga
3023 5192 3363 5261 disciplinam
3394 5178 3524 5243 sub-
3603 5189 3606 5192 ’

1938 5280 2175 5335 ditorum
2222 5289 2484 5351 praestare
2513 5297 2573 5338 se
2599 5284 2782 5350 debet,
2833 5293 2893 5339 ut
2928 5299 3037 5340 non
3065 5284 3238 5340 solum
3287 5280 3525 5336 auctori-

1941 5376 2072 5434 tate,
2100 5385 2291 5426 vcrum
2334 5372 2502 5427 etiam
2535 5373 2843 5430 humilitate
2871 5374 3152 5430 clarescat.
3207 5372 3311 5428 Sed
3341 5379 3519 5425 tamen

1938 5457 2011 5513 ita
2046 5459 2152 5515 erit
2182 5461 2236 5515 in
2261 5477 2326 5517 eo
2357 5463 2532 5519 virtus
2557 5464 2908 5530 humilitatis,
2955 5479 3024 5518 ne
3054 5463 3383 5518 dissolvatur
3409 5460 3520 5515 vita

1936 5552 2275 5608 subditorum
2302 5554 2356 5608 in
2381 5555 2529 5610 vitiis
2555 5574 2568 5610 :
2614 5566 2778 5628 atque
2800 5557 2874 5611 ita.
2903 5555 3196 5610 auctoritas
3221 5553 3396 5608 aderit
3419 5567 3518 5623 po-

1936 5644 2170 5709 testatis,
2202 5659 2271 5699 ne
2292 5659 2391 5714 per
2414 5654 2679 5702 tumorem
2707 5646 2886 5703 cordis
2914 5645 3175 5700 severitas
3199 5644 3398 5700 existat
3420 5644 3521 5700 im-

1933 5732 2339 5790 moderationis.
2385 5735 2510 5792 llaec
2539 5745 2622 5792 est
2650 5737 2705 5793 in
2735 5736 2828 5792 Dei
2855 5733 3223 5792 sacerdotibus
3255 5751 3380 5792 vera
3409 5735 3515 5792 dis-
