3884 6192
405 242 510 299 855
1242 272 1269 286 κ

1411 239 1810 299 AMALARIUS
1846 242 2259 301 PRESBYTER
2301 247 2659 306 METENSIS.

3558 260 3654 317 836

406 361 598 426 cretio,
633 376 739 431 qua
766 375 865 416 nec
912 376 1009 431 per
1042 360 1348 415 libertatem
1369 359 1607 429 superbi,
1642 376 1742 417 nec
1768 376 1864 431 per
1887 362 1988 417 hu—
2016 364 2063 425 A
2093 366 2259 434 cupit,
2294 366 2433 421 sicut
2482 366 2773 439 Apostolus
2824 369 2892 423 ad
2948 368 3261 426 Corinthios
3294 370 3437 438 facit,
3468 392 3605 447 quos
3630 395 3657 435 ι

404 453 693 510 utilitatem
729 452 867 507 ﬁunt
893 451 1124 506 remissi.
1174 451 1313 507 Hinc
1353 459 1437 507 est
1463 450 1609 521 Quod
1638 451 1814 507 sancti
1865 467 1989 507 cum

403 544 574 601 multa
600 542 907 599 constantia
957 541 1353 613 redarguerunt
1380 542 1546 597 etiam
1573 542 1881 614 principum
1910 544 1990 599 vi-

404 639 482 694 tia
506 655 521 691 :
558 637 614 690 in
640 634 837 704 quibus
864 647 989 687 cum
1017 648 1226 688 summa
1252 640 1397 688 esset
1428 633 1728 698 humilitas,
1755 634 1876 689 loco
1902 641 1987 689 ta-

405 743 530 782 men
557 722 865 780 necessario
906 721 1538 794 liberetransgressores
1555 721 1779 793 justitia
1807 723 1975 778 incre-

402 819 626 890 pabant.
655 814 963 885 Aliquando
981 813 1148 868 etiam
1180 814 1410 870 subditis
1444 828 1543 869 nos
1568 822 1783 884 oportet
1805 815 1988 869 animo

400 924 522 966 esse
534 896 907 971 ‘humiliores,
957 903 1212 974 quoniam
1264 903 1411 961 facta
1456 904 1797 960 subditorum
1844 901 1987 973 judi-

402 1008 597 1058 cantur
625 1013 653 1052 a
686 997 862 1062 nobis,
890 1003 1080 1052 nostra
1101 1009 1234 1050 vero
1266 994 1409 1050 Deus
1431 994 1660 1067 judicat.
1711 994 1987 1065 Agnoscat

400 1093 687 1162 cpiscopus
717 1102 935 1145 servum
956 1101 1017 1142 se
1040 1101 1162 1142 esse
1187 1085 1382 1156 plebis,
1413 1101 1522 1141 non
1545 1085 1842 1141 dominum.
1878 1085 1984 1140 Ve-

402 1198 523 1239 rum
550 1183 667 1237 hac
693 1181 952 1245 Charitas,
988 1194 1097 1234 non
1126 1178 1366 1233 conditio
1391 1177 1575 1248 exigit.

962 1270 1190 1327 CAPUT
1235 1269 1421 1325 XXIII.

472 1366 751 1440 (Ejusdem
764 1366 855 1421 tib.
876 1382 959 1431 ιιι,
977 1364 1126 1421 Sent.
1141 1382 1257 1435 cap.
1273 1363 1389 1437 45.)
1412 1363 1528 1419 Non
1556 1361 1808 1421 oninibus
1830 1364 1984 1437 [Item

399 1459 592 1516 lsidori
623 1458 690 1513 de
732 1457 993 1513 doctrina
1014 1457 1343 1513 discretione
1369 1497 1383 1522 ,
1428 1456 1543 1511 Non
1571 1458 1844 1531 omnibus]
1875 1474 1984 1514 una

398 1551 697 1620 eademque
726 1550 970 1605 doctrina
994 1558 1078 1605 est
1115 1549 1442 1615 adhibenda,
1483 1550 1577 1606 sed
1597 1565 1695 1621 pro
1723 1551 1984 1622 qualitate

399 1659 633 1709 morum,
657 1643 867 1698 diversa
887 1642 1195 1697 exhortatio
1216 1642 1324 1696 erit
1342 1642 1643 1697 doctorum.
1668 1642 1803 1698 Nam
1823 1657 1985 1714 quos-

2091 455 2341 512 laudibus
2379 458 2613 521 inchoat,
2675 467 2732 513 et
2784 458 3245 529 increpationibus
3292 465 3501 534 probat.
3554 464 3657 524 Sed

2089 554 2247 601 erant
2281 546 2423 616 apud
2472 546 2784 604 Corinthios
2812 549 2904 619 qui
2932 558 2981 604 et
3008 549 3167 606 laude
3215 561 3271 607 et
3299 554 3661 627 increpatione

2089 635 2236 705 digni
2260 645 2446 692 essent
2472 636 2527 708 [Ι
2557 636 2681 692 Cor.
2712 636 2777 710 1].
2813 638 2905 694 Ille
2927 655 3056 696 vero
3087 641 3380 699 indiscrete
3403 644 3656 716 loquitur,

2088 726 2181 797 qui
2209 727 2289 795 sic
2320 736 2551 798 utraque
2605 731 2858 784 omnibus
2915 730 3156 801 loquitur
3187 731 3291 805 [sic
3320 735 3560 793 discrete
3587 739 3659 794 sic

2088 826 2317 889 utraque
2362 817 2612 875 omnibus
2647 819 2905 890 loquitur,
2958 820 3114 895 etc.],
3145 831 3205 878 ut
3230 825 3484 882 omnibus
3513 837 3660 884 utra-

2087 922 2192 977 que
2226 908 2523 966 convenire
2550 910 2855 966 videantur.

2318 1004 2322 1019 '
2657 1002 2884 1061 CAPUT
2917 1006 3109 1063 XXIV.

2158 1089 2421 1162 (Gregorii
2474 1094 2531 1148 in
2583 1093 2800 1166 prologo
2826 1094 2864 1148 ι.
2909 1112 2970 1150 ιιι
3009 1096 3250 1171 Pastor.)
3308 1099 3447 1168 Quia
3503 1103 3660 1174 igitur

2088 1181 2404 1254 [Gregorius
2443 1183 2679 1255 qualiter
2732 1185 2940 1255 pralati
2994 1186 3266 1257 subiectos
3320 1191 3575 1259 doceant,
3600 1212 3659 1250 ac

2086 1273 2409 1343 semetipsos
2466 1273 2702 1328 discreta
2780 1275 3245 1347 circonspectione
3308 1283 3657 1350 pravideant,

2085 1361 2219 1430 Quia
2256 1362 2438 1432 igitur,
2470 1361 2625 1436 etc.],
2658 1365 2834 1436 qualis
2866 1366 3211 1423 essedebeat
3246 1379 3447 1440 pastor,
3502 1387 3653 1442 supc-

2084 1455 2199 1510 rius
2234 1457 2571 1512 ostendimus
2597 1476 2611 1512 :
2642 1474 2788 1514 nunc
2814 1460 3047 1529 qualiter
3081 1462 3294 1530 doceat,
3326 1464 3658 1522 demonstre-

2082 1560 2226 1601 mus.
2259 1545 2329 1602 Ut
2357 1546 2501 1601 enim
2523 1547 2680 1618 longe
2724 1556 2849 1604 ante
2896 1565 2995 1605 nos
3029 1553 3338 1607 reverenda
3388 1557 3657 1611 memoria

2084 1635 2377 1709 Gregorius
2396 1638 2767 1697 Nazianzenus
2790 1642 3003 1698 edocuit
3024 1642 3107 1723 [ut
3128 1646 3272 1701 enim
3291 1686 3305 1699 .
3332 1685 3348 1699 .
3384 1686 3398 1699 .
3425 1648 3654 1703 edocuit.

398 1735 522 1790 dam
551 1733 850 1803 increpatio
877 1732 1010 1786 dura
1030 1773 1044 1798 ,
1076 1733 1339 1802 quosdam
1378 1747 1508 1787 vero
1533 1734 1841 1788 exhortatio
1862 1750 1983 1790 cor.
2009 1714 2057 1772 Β
2084 1726 2285 1782 Desunt
2306 1728 2417 1783 hac
2448 1729 2669 1802 omnia],
2707 1746 2813 1786 non
2845 1746 2952 1787 una
2995 1714 3292 1804 eademque
3324 1737 3546 1791 cunctis
3570 1752 3655 1792 ex-

399 1825 526 1897 rigit
566 1823 785 1879 blanda.
835 1822 991 1878 Sicut
1015 1823 1173 1894 periti
1211 1823 1407 1879 medici
1437 1823 1505 1879 ad
1529 1824 1713 1879 varios
1740 1826 1984 1894 corporis

398 1915 617 1971 morbos
639 1914 854 1969 diverso
870 1914 1225 1969 medicamine
1244 1914 1507 1979 serviunt,
1531 1914 1604 1967 ita
1624 1922 1683 1968 ut
1695 1912 1851 1983 juxta
1862 1913 1984 1968 vul-

396 2023 587 2063 nerum
618 2007 912 2062 varietates
930 2047 944 2071 ,
995 2006 1262 2061 medicina
1291 2006 1507 2061 diversa
1536 2006 1609 2061 sit
1635 2024 1649 2059 :
1700 2006 1779 2061 sic
1807 2015 1862 2060 et
1889 2005 1984 2060 do-

394 2107 518 2155 ctor
536 2097 796 2153 Ecclesia
823 2097 1051 2168 singulis
1070 2096 1373 2166 quibusque
1401 2111 1701 2166 congruum
1723 2095 1982 2151 doctrina

396 2188 696 2244 remedium
711 2186 1006 2253 adhibebit,
1019 2194 1075 2242 et
1086 2188 1212 2257 quid
1228 2187 1423 2256 cuique
1436 2193 1681 2256 oporteat
1690 2201 1789 2255 pro
1797 2194 1979 2251 atate,

394 2293 496 2350 pro
521 2293 655 2333 sexu
685 2293 749 2333 ac
776 2277 1113 2348 professione
1136 2317 1151 2342 ,
1182 2275 1544 2332 annnntiabit.
1585 2275 1705 2332 Non
1732 2276 1982 2331 omnibus

395 2385 459 2426 ea
489 2384 611 2440 cpia
638 2376 763 2424 sunt
782 2369 985 2436 clausa,
1011 2370 1298 2439 aperienda
1332 2377 1475 2423 sunt.
1508 2367 1662 2423 Multi
1685 2376 1813 2423 sunt
1834 2368 1979 2423 enim

394 2462 490 2535 qui
523 2461 633 2536 [ea]
674 2477 871 2533 capere
902 2478 1009 2517 non
1055 2468 1321 2532 possunt:
1377 2461 1572 2530 quibus
1618 2460 1663 2516 si
1691 2459 1981 2515 indiscrete

395 2555 830 2621 manifestentur,
863 2555 1044 2609 statim
1075 2562 1170 2609 aut
1198 2554 1508 2619 detrahunt,
1538 2561 1632 2608 aut
1677 2551 1976 2623 negligant.

394 2642 575 2698 Prima
602 2644 800 2714 quippe
820 2643 1122 2714 prudentia
1154 2643 1329 2698 virtus
1357 2651 1440 2698 est
1458 2683 1472 2708 ,
1524 2657 1645 2698 eam
1673 2657 1835 2712 quam
1882 2642 1980 2697 do-

394 2750 521 2790 cere
548 2742 813 2806 oporteat,
861 2734 1173 2790 existimare
1206 2750 1511 2805 personam.
1544 2733 1786 2789 Rudibus
1809 2748 1981 2805 pepu-

394 2824 483 2891 lis,
530 2840 627 2880 seu
674 2824 1021 2891 camalibus,
1074 2826 1235 2896 plana
1282 2835 1443 2896 atque
1489 2827 1818 2890 communia,
1869 2843 1976 2884 non

394 2930 606 2969 summa
621 2923 781 2985 atque
794 2916 958 2970 ardua
969 2957 983 2983 ,
999 2916 1342 2986 pradicanda
1356 2926 1500 2981 sunt,
1524 2931 1593 2972 ne
1616 2918 1976 2972 immensitate

398 3006 660 3061 doctrina
689 3006 1067 3077 opprimantur
1091 3007 1272 3075 potius
1294 3022 1456 3076 quam
1493 3007 1829 3061 erudiantur.
1866 3008 1975 3063 Un-

397 3099 466 3154 de
491 3106 548 3153 et
573 3098 851 3169 apostolus
880 3097 1080 3152 Paulus
1123 3097 1243 3152 ait:
1279 3096 1404 3152 Non
1458 3096 1606 3168 potui
1641 3097 1782 3152 vobis
1831 3097 1974 3169 loqui
2000 3077 2044 3140 C

397 3193 553 3262 quasi
606 3189 993 3262 spiritualibus,
1041 3190 1132 3245 sed
1150 3192 1304 3260 quasi
1338 3190 1676 3254 carnalibus;
1720 3200 1972 3262 tanquam

390 3279 634 3353 paruulis
666 3282 722 3335 in
746 3279 977 3346 Christo,
1002 3278 1086 3334 Iac
1114 3281 1254 3334 vobis
1282 3289 1461 3351 potum
1489 3278 1631 3346 dedi,
1672 3295 1778 3334 non
1800 3296 1972 3334 escam

396 3374 449 3447 (1
480 3376 602 3431 Cor.
634 3377 737 3447 ιιι).
779 3374 1101 3431 Camalihns
1129 3373 1330 3444 quippe
1357 3372 1574 3439 animis,
1622 3386 1723 3428 nec
1752 3371 1860 3427 alta
1891 3373 1973 3427 ni-

391 3466 498 3520 mis
523 3466 591 3520 de
618 3465 954 3532 coelestibus,
989 3478 1089 3519 nec
1117 3472 1333 3518 terrena
1358 3462 1613 3518 convenit
1637 3462 1969 3532 pradicare:

394 3557 490 3612 sed
514 3556 881 3620 mediocriter,
916 3563 977 3610 ut
1016 3555 1170 3610 initia
1208 3568 1398 3610 eorum
1450 3568 1739 3625 moresque
1761 3554 1974 3610 deside-

394 3652 541 3712 rant,
572 3647 813 3702 edoceri.
841 3646 1048 3702 Corvus
1101 3646 1229 3700 dum
1260 3659 1390 3700 suos
1440 3644 1617 3715 pullos
1640 3644 1838 3701 viderit
1863 3644 1971 3699 albi

396 3738 616 3804 coloris,
646 3738 809 3793 nullis
835 3753 930 3794 eos
959 3738 1095 3794 cibis
1130 3738 1267 3792 alit:
1300 3738 1396 3793 sed
1424 3738 1761 3793 tantumdem
1793 3745 1972 3794 atten-

396 3828 501 3894 dit,
559 3828 731 3882 donec
788 3836 1015 3897 paterno
1067 3828 1249 3883 colere
1287 3828 1620 3899 nigrescant,
1667 3836 1723 3883 et
1749 3828 1830 3883 sic
1850 3827 1972 3883 illos

399 3916 674 3985 frequenti
718 3916 843 3971 cibo
890 3917 1085 3973 reiicit.
1135 3918 1211 3971 Ita
1248 3926 1303 3973 et
1328 3917 1587 3973 Ecclesia
1622 3918 1811 3974 doctor
1830 3926 1973 3973 stre-

398 4023 560 4073 nuus,
592 4008 697 4064 nisi
726 4024 823 4065 eos
852 4024 987 4079 quos
1013 4010 1174 4065 docet
1205 4010 1399 4064 viderit
1431 4011 1500 4064 ad
1535 4025 1688 4064 suam
1719 4010 1973 4067 similitu-

397 4101 578 4153 dinem
602 4099 934 4169 panitentia
955 4098 1298 4157 confessione
1347 4098 1676 4167 nigrescere,
1705 4107 1762 4154 et
1791 4099 1970 4155 nitore

394 4190 642 4245 saculari
686 4191 953 4260 deposito,
1012 4190 1416 4246 lamentationis
1474 4191 1719 4246 habitum
1749 4190 1819 4246 de
1849 4206 1973 4260 pee—

393 4283 496 4336 cati
513 4282 885 4337 recordatione
900 4283 1144 4349 induere,
1165 4291 1225 4336 ut
1246 4290 1374 4353 pote
1394 4283 1570 4338 adhuc
1587 4282 1971 4347 exterioribus,

396 4376 498 4429 hoc
517 4382 601 4430 est
627 4374 953 4441 carnalibus,
981 4391 1087 4431 non
1116 4375 1292 4445 aperit
1318 4375 1685 4447 intelligentiae
1711 4373 1970 4445 spiritalis

394 4466 743 4535 profundiora
770 4466 1026 4538 mysteria
1059 4482 1074 4520 :
1113 4482 1201 4532 ne,
1226 4468 1352 4522 dum
1374 4467 1559 4521 audita
1585 4482 1694 4523 non
1722 4466 1966 4537 capiunt,

393 4557 543 4624 prius
594 4557 857 4628 incipiant
912 4565 1265 4612 contemnere
1310 4571 1472 4625 quam
1506 4556 1755 4611 venerari
1811 4570 1965 4610 man—

393 4651 516 4705 data
579 4651 846 4705 caiestia.
886 4648 1060 4704 Aliter
1112 4658 1199 4707 est
1251 4649 1518 4719 agendum
1573 4649 1721 4702 circa
1748 4662 1843 4701 eos
1874 4647 1967 4716 qui

393 4750 579 4795 nostro
606 4740 1021 4796 committuntur
1060 4739 1333 4810 regimini,
1391 4737 1437 4792 si
1468 4735 1614 4809 [sed]
1661 4733 1962 4801 oﬂ'endunt,

392 4838 554 4899 atque
592 4830 752 4884 aliter
784 4845 908 4885 cum
935 4830 1021 4884 his
1051 4829 1145 4902 qui
1180 4829 1338 4884 nobis
1366 4824 1642 4881 commissi
1676 4839 1784 4879 non
1813 4834 1961 4879 sunt.

392 4918 565 5013 Qui/si
612 4917 745 4986 justi
800 4927 948 4985 sunt,
1005 4916 1301 4972 venerandi
1338 4920 1508 4979 sunt;
1542 4913 1591 4967 si
1633 4913 1965 5013 vero-delin-

397 5005 593 5081 quunt,
623 5023 721 5078 pro
749 5008 859 5063 sola
890 5010 1181 5073 charitate,
1217 5014 1278 5060 ut
1301 5006 1451 5060 locus
1477 5012 1582 5070 est,
1635 5005 1963 5075 corripiendi

284 5146 295 5155 .
390 5107 539 5164 sunt,
584 5114 691 5152 non
724 5108 901 5153 tamen
929 5115 1050 5154 cum
1091 5098 1400 5161 severitate,
1438 5096 1580 5151 sicut
1605 5095 1661 5151 hi
1684 5096 1777 5165 qui
1806 5095 1964 5151 nobis

389 5187 615 5261 regendi
641 5197 765 5243 sunt
795 5189 1091 5244 commissi.
1118 5188 1277 5242 Prius
1308 5187 1536 5243 docendi
1565 5194 1691 5243 sunt
1720 5187 1964 5243 seniores

389 5281 582 5357 plebis,
617 5288 679 5335 ut
702 5294 800 5351 per
855 5295 951 5335 eos
1000 5278 1141 5335 infra
1173 5278 1334 5349 positi
1379 5277 1591 5333 facilius
1640 5279 1957 5335 doceantur.

391 5375 544 5433 Unde
570 5382 627 5431 et
646 5372 975 5444 Apostolus:
1011 5371 1161 5438 Hac,
1204 5372 1399 5442 inquit,
1453 5372 1759 5426 commenda
1789 5371 1962 5442 ﬁdeli-

391 5468 484 5521 bus
538 5465 855 5530 hominibus,
911 5464 1002 5536 qui
1050 5462 1226 5517 idonei
1265 5472 1387 5517 sunt
1420 5471 1467 5515 et
1498 5461 1630 5515 alios
1664 5461 1851 5514 docere
1874 5459 1957 5531 (II

392 5559 527 5617 Tim.
560 5559 641 5631 ιι).
675 5560 953 5632 Ingenium
989 5558 1115 5614 boni
1143 5558 1378 5613 doctoris
1405 5565 1487 5610 est
1519 5555 1757 5624 incipere
1787 5571 1816 5608 a
1846 5553 1961 5608 lau-

393 5649 550 5704 dibus
602 5662 786 5706 eorum
827 5664 959 5721 quos
1014 5646 1298 5703 salubriter
1342 5646 1653 5715 obiurgatus
1688 5643 1962 5713 corripere

2086 1820 2324 1876 hortatio
2369 1822 2643 1890 congruit,
2696 1823 2823 1893 quia
2875 1840 2976 1879 nec
3016 1834 3244 1880 cunctos
3291 1841 3394 1896 par
3451 1843 3656 1882 morum

2084 1909 2317 1980 qualitas
2355 1912 2624 1982 astringit.
2660 1913 2814 1984 Sape
2849 1930 3084 1985 namque
3108 1915 3229 1971 aliis
3252 1916 3529 1982 officiunt,
3550 1936 3657 1989 qua:

2085 2000 2205 2054 aliis
2228 2010 2474 2071 prosunt.
2494 2001 2631 2069 Quia
2652 2011 2708 2058 et
2729 2003 3048 2076 plerumque
3073 2005 3256 2061 herba
3269 2021 3393 2076 qua
3410 2007 3537 2062 hac
3554 2010 3658 2062 ani-

2083 2088 2248 2144 malia
2277 2091 2542 2159 nutriunt,
2576 2093 2680 2147 alia
2713 2095 2986 2149 occidunt.
3016 2095 3083 2150 Et
3111 2095 3249 2152 lenis
3275 2097 3470 2153 sibilus
3503 2116 3658 2169 equos

2084 2184 2317 2257 mitigat,
2369 2185 2578 2241 catulos
2616 2186 2874 2260 instigat:
2930 2196 2986 2242 et
3022 2188 3485 2245 medicamentum
3531 2193 3658 2262 quod

2082 2279 2227 2334 hunc
2247 2280 2495 2333 morbum
2527 2279 2820 2345 imminuit,
2852 2279 3010 2334 alteri
3054 2279 3201 2335 vires
3224 2280 3447 2352 jungit;
3489 2293 3547 2338 et
3572 2299 3653 2353 pa-

2082 2369 2169 2424 nis
2199 2370 2291 2442 qui
2317 2371 2484 2424 vitam
2541 2369 2766 2426 fortium
2807 2371 3049 2437 roborat,
3096 2371 3450 2441 parvulorum
3491 2381 3653 2429 necat.

2081 2444 2471 2529 Pro'qualitate
2498 2460 2662 2532 igitur
2696 2460 3053 2527 audientium,
3092 2461 3318 2517 formari
3368 2463 3658 2519 debctser—

2080 2567 2169 2608 mo
2196 2555 2479 2609 doctorum
2510 2571 2523 2607 :
2558 2560 2618 2608 ut
2670 2561 2725 2608 et
2748 2553 2815 2608 ad
2864 2569 2962 2609 sua
3013 2554 3237 2627 singulis
3292 2566 3582 2628 congruat,
3609 2567 3657 2614 et

2081 2650 2261 2698 tamen
2288 2659 2317 2696 a
2344 2647 2649 2700 communis
2702 2644 3079 2702 adificationis
3130 2656 3247 2703 arte
3274 2665 3556 2719 nunquam
3584 2666 3656 2705 re-

2079 2734 2257 2792 cedat.
2292 2732 2433 2800 Quid
2459 2734 2605 2789 cnim
2638 2744 2764 2790 sunt
2795 2735 3017 2790 intenta
3061 2745 3269 2793 mentes
3319 2739 3648 2803 auditorum,

2079 2828 2182 2884 nisi
2208 2827 2287 2901 (ut
2315 2828 2389 2883 ita
2420 2825 2671 2897 dixerim)
2704 2827 2950 2899 quadam
2994 2829 3219 2886 cithara
3243 2832 3527 2888 tensiones
3557 2843 3652 2887 tra-

2078 2925 2181 2973 cta
2206 2917 2554 2973 chordarum.
2585 2917 2731 2985 Quas
2761 2918 3016 2989 tangendi
3057 2918 3272 2985 artifex,
3307 2929 3367 2975 ut
3392 2938 3507 2976 non
3534 2922 3647 2977 sibi-

2080 3009 2293 3079 metipsi
2324 3010 2583 3065 dissimile
2634 3010 2907 3067 canticum
2937 3010 3123 3076 faciat,
3177 3006 3520 3067 dissimiliter
3541 3012 3647 3084 pul.

2076 3107 2204 3155 sat:
2255 3108 2311 3155 et
2352 3100 2557 3156 idcirco
2610 3102 2827 3157 chorda
2887 3117 3181 3158 consonam
3234 3103 3647 3159 modulationem

2077 3190 2330 3256 reddunt,
2365 3192 2489 3262 quia
2520 3208 2630 3247 uno
2654 3192 2874 3263 quidem
2903 3193 3130 3264 plectro,
3162 3193 3255 3249 sed
3282 3210 3392 3249 non
3427 3211 3537 3250 uno
3559 3196 3647 3249 im-

2075 3281 2254 3352 pulsu,
2287 3283 2577 3338 feriuntur.
2614 3281 2819 3340 Doctor
2863 3285 3112 3355 quisque,
3147 3292 3208 3338 ut
3236 3284 3292 3339 in
3317 3302 3431 3340 una
3460 3287 3645 3340 virtute

2074 3372 2361 3428 charitatis
2414 3380 2639 3429 cunctos
2695 3373 2943 3441 adifieet,
2975 3390 3044 3430 ex
3085 3390 3193 3429 una
3242 3375 3519 3441 doctrina,
3548 3392 3643 3430 non

2074 3481 2182 3520 una
2210 3466 2507 3537 eademque
2545 3466 2949 3535 exhortatione,
2998 3477 3221 3539 tangere
3244 3470 3413 3524 corda
3438 3469 3643 3525 audien-

2074 3555 2209 3611 tium
2224 3556 2401 3612 debet.
2438 3555 2673 3630 (Pastor.
2690 3555 2727 3611 ι.
2755 3572 2812 3621 ιι,
2849 3568 2965 3628 cap.
2990 3558 3071 3628 3.)
3089 3557 3291 3614 Doctor
3316 3560 3540 3627 etenim,
3559 3560 3640 3629 qui

2073 3645 2180 3702 loci
2217 3645 2300 3701 sui
2326 3647 2649 3702 necessitate
2669 3647 2902 3718 exigitur
2936 3662 3147 3701 summa
3195 3648 3407 3714 dicere,
3434 3650 3534 3703 hac
3560 3663 3638 3703 ea-

2072 3735 2196 3790 dem
2226 3734 2551 3790 necessitate
2573 3735 2917 3806 compellitur
2959 3751 3174 3791 summa
3205 3747 3529 3793 monstrare.
3557 3736 3638 3791 Illa

2072 3839 2305 3894 namque
2334 3840 2442 3880 vox
2462 3824 2716 3882 libentius
2738 3827 3045 3881 auditorum
3069 3843 3165 3883 cor
3193 3835 3469 3897 penetrat,
3490 3841 3636 3897 quam

2073 3915 2302 3973 dicentis
2329 3916 2440 3971 vita
2476 3918 2840 3983 commendat,
2890 3918 3015 3987 quia
3070 3917 3214 3989 quod
3247 3917 3520 3989 loquendo
3552 3918 3639 3971 im.

2072 4014 2227 4077 perat
2274 4006 2610 4062 ostendendo
2667 4005 2891 4076 adjuvat
2926 4016 2987 4063 ut
3034 4006 3148 4062 fiat.
3190 4007 3330 4064 Hinc
3371 4009 3515 4063 enim
3551 4022 3638 4077 per

2072 4099 2394 4167 prophetam
2423 4096 2684 4153 Dominus
2728 4098 2861 4155 dicit
2887 4118 2899 4151 :
2932 4097 3101 4169 Super
3131 4108 3358 4153 montem
3388 4099 3633 4155 excelsum
3658 4118 3679 4141 ι

2074 4186 2296 4242 ascende
2316 4196 2372 4240 tu
2408 4188 2499 4260 qui
2527 4187 2853 4258 euangelicos
2893 4188 3024 4263 Sion
3077 4188 3213 4261 (Isa.
3246 4190 3360 4261 xc).
3409 4191 3476 4247 Ut
3504 4190 3634 4243 vide-

2072 4277 2202 4333 licet
2227 4278 2318 4351 qui
2358 4279 2564 4335 coelesti
2608 4279 2992 4350 pradicatione
3022 4280 3210 4345 utitur,
3267 4281 3377 4336 ima
3410 4289 3631 4336 terreno-

2078 4386 2196 4424 rum
2226 4369 2450 4441 cperum
2479 4372 2754 4435 deserens,
2788 4372 2842 4426 in
2875 4387 3055 4426 rerum
3104 4372 3343 4428 culmine
3392 4382 3533 4428 stare
3561 4371 3630 4424 vi-

2075 4460 2287 4526 deatur,
2323 4468 2578 4531 tantoque
2620 4459 2832 4517 facilius
2881 4463 3125 4519 subditos
3147 4462 3213 4516 ad
3264 4463 3488 4518 meliora
3524 4477 3630 4532 pcr-

2072 4550 2271 4616 trahat,
2302 4557 2505 4618 quanto
2529 4566 2628 4621 per
2654 4550 2756 4608 via
2785 4551 3036 4606 meritum
3066 4551 3131 4606 de
3151 4553 3405 4627 supernis
3425 4552 3626 4607 clamat.

2070 4636 2239 4695 Recte
2270 4640 2436 4695 etiam
2466 4641 2721 4697 sacerdos
2754 4641 3195 4712 superhumerale
3225 4658 3291 4697 cx
3328 4657 3481 4705 auro,
3512 4642 3628 4710 hya-

2069 4735 2276 4800 cintho,
2307 4743 2363 4789 et
2409 4751 2673 4806 purpura,
2714 4744 2770 4791 et
2793 4750 2957 4790 cocco
3005 4734 3089 4789 bis
3148 4735 3344 4799 tincto,
3396 4743 3451 4789 et
3481 4736 3626 4804 bysso

2070 4837 2274 4884 retorta
2312 4828 2510 4883 factum
2536 4828 2737 4882 habere
2770 4827 3101 4898 pracipitur,
3126 4835 3191 4881 ut
3241 4837 3444 4897 quanta
3475 4825 3626 4878 virtu-

2068 4928 2181 4973 tum
2205 4918 2517 4974 diversitate
2539 4918 2839 4973 clarescere
2892 4916 3109 4982 debeat,
3138 4919 3549 4971 demonstretur.
3571 4910 3623 4964 In

2068 5011 2368 5066 sacerdotis
2411 5010 2609 5081 quippe
2641 5011 2828 5065 habitu
2858 5018 2984 5065 ante
3008 5010 3187 5065 omnia
3236 5023 3430 5064 aurum
3455 5004 3619 5074 fulget.

2068 5102 2206 5155 utin
2237 5114 2303 5156 eo
2330 5099 2645 5156 intellectus
2685 5099 2967 5170 sapientia
3003 5098 3380 5169 principaliter
3426 5096 3617 5151 emicet.

2067 5190 2166 5248 Cui
2195 5190 2547 5262 hyacinthus,
2579 5191 2672 5261 qui
2699 5192 2933 5245 athereo
2980 5189 3163 5244 colore
3193 5188 3513 5258 resplendet,
3541 5182 3622 5237 ad-

2061 5282 2328 5354 iungitur,
2360 5290 2421 5337 ut
2441 5295 2541 5351 per
2572 5296 2734 5336 omne
2796 5280 2937 5351 quod
2969 5279 3320 5349 intelligendo
3372 5280 3612 5349 penetrat.

2064 5392 2170 5430 non
2200 5376 2268 5431 ad
2292 5374 2509 5430 favores
2555 5374 2794 5436 infimos,
2832 5373 2926 5427 sed
2954 5372 3022 5427 ad
3045 5386 3289 5426 amorem
3337 5367 3614 5426 caelestium

2064 5472 2291 5534 surgat:
2321 5478 2413 5529 ne,
2475 5463 2604 5518 dum
2663 5463 2777 5518 suis
2826 5462 3082 5516 incautus
3139 5460 3389 5515 laudibus
3431 5456 3616 5527 capitur

2064 5552 2348 5625 [canitur],
2395 5553 2511 5622 ipso
2539 5553 2702 5607 etiam
2749 5551 2992 5607 veritatis
3045 5551 3323 5605 intellectu
3359 5554 3610 5603 vacuetur.

2061 5646 2208 5701 Auro
2231 5659 2443 5718 quoque
2477 5652 2529 5699 et
2555 5642 2865 5714 hyacintho,
2921 5659 2982 5695 ac
3017 5657 3290 5712 purpura,
3320 5641 3401 5697 bis
3438 5639 3614 5693 tinctus
