  <div class='ocr_page' id='page_1' title='image "/cluster/home/n/w/nwhite01/storage/ocr_20150623/105/hvd.32044054759709/434.png"; bbox 0 0 3884 6192; ppageno 0'>
   <div class='ocr_carea' id='block_1_1' title="bbox 289 338 392 396">
    <p class='ocr_par' dir='ltr' id='par_1_1' title="bbox 289 338 392 396">
     <span class='ocr_line' id='line_1_1' title="bbox 289 338 392 396; baseline -0.039 0"><span class='ocrx_word' id='word_1_1' title='bbox 289 338 392 396; x_wconf 70' lang='grc' dir='ltr'><strong>8ὕῖ</strong></span> 
     </span>
    </p>
   </div>
   <div class='ocr_carea' id='block_1_2' title="bbox 855 326 2958 387">
    <p class='ocr_par' dir='ltr' id='par_1_2' title="bbox 855 326 2958 387">
     <span class='ocr_line' id='line_1_2' title="bbox 855 326 2958 387; baseline 0 -1"><span class='ocrx_word' id='word_1_2' title='bbox 855 329 1134 386; x_wconf 78' lang='lat' dir='ltr'><strong>REGULA</strong></span> <span class='ocrx_word' id='word_1_3' title='bbox 1171 326 1667 385; x_wconf 75' lang='lat' dir='ltr'><strong>CANONICORUM</strong></span> <span class='ocrx_word' id='word_1_4' title='bbox 1707 327 1797 382; x_wconf 86' lang='lat' dir='ltr'><strong>AB</strong></span> <span class='ocrx_word' id='word_1_5' title='bbox 1830 327 2190 384; x_wconf 71' lang='lat' dir='ltr'><strong>AMALARIO</strong></span> <span class='ocrx_word' id='word_1_6' title='bbox 2228 327 2606 384; x_wconf 78' lang='lat' dir='ltr'><strong>COLLECTA.</strong></span> <span class='ocrx_word' id='word_1_7' title='bbox 2648 361 2719 371; x_wconf 94' lang='lat'><strong>—-</strong></span> <span class='ocrx_word' id='word_1_8' title='bbox 2756 330 2883 386; x_wconf 82' lang='lat' dir='ltr'><strong>LIB.</strong></span> <span class='ocrx_word' id='word_1_9' title='bbox 2921 332 2958 387; x_wconf 86' lang='grc' dir='ltr'><strong><em>ι.</em></strong></span> 
     </span>
    </p>
   </div>
   <div class='ocr_carea' id='block_1_3' title="bbox 3427 336 3531 393">
    <p class='ocr_par' dir='ltr' id='par_1_3' title="bbox 3427 336 3531 393">
     <span class='ocr_line' id='line_1_3' title="bbox 3427 336 3531 393; baseline 0 -1"><span class='ocrx_word' id='word_1_10' title='bbox 3427 336 3531 393; x_wconf 67' lang='grc'><strong>858</strong></span> 
     </span>
    </p>
   </div>
   <div class='ocr_carea' id='block_1_4' title="bbox 285 439 3531 517">
    <p class='ocr_par' dir='ltr' id='par_1_4' title="bbox 285 439 3531 517">
     <span class='ocr_line' id='line_1_4' title="bbox 285 439 3531 517; baseline -0 -11"><span class='ocrx_word' id='word_1_11' title='bbox 285 464 482 509; x_wconf 87' lang='lat' dir='ltr'><strong>coceus</strong></span> <span class='ocrx_word' id='word_1_12' title='bbox 520 444 850 515; x_wconf 89' lang='lat' dir='ltr'><strong>adjungitur,</strong></span> <span class='ocrx_word' id='word_1_13' title='bbox 908 451 969 498; x_wconf 92' lang='lat' dir='ltr'><strong>ut</strong></span> <span class='ocrx_word' id='word_1_14' title='bbox 1005 449 1132 496; x_wconf 93' lang='lat' dir='ltr'><strong>ante</strong></span> <span class='ocrx_word' id='word_1_15' title='bbox 1187 442 1383 497; x_wconf 88' lang='lat' dir='ltr'><strong>interni</strong></span> <span class='ocrx_word' id='word_1_16' title='bbox 1428 440 1630 511; x_wconf 76' lang='lat' dir='ltr'><strong>iudicis</strong></span> <span class='ocrx_word' id='word_1_17' title='bbox 1673 439 1861 496; x_wconf 89' lang='lat' dir='ltr'><strong>oculos</strong></span> <span class='ocrx_word' id='word_1_18' title='bbox 1888 443 1937 502; x_wconf 85' lang='grc' dir='ltr'>Α</span> <span class='ocrx_word' id='word_1_19' title='bbox 1965 441 2044 497; x_wconf 92' lang='lat' dir='ltr'><strong>los</strong></span> <span class='ocrx_word' id='word_1_20' title='bbox 2073 457 2426 509; x_wconf 88' lang='lat' dir='ltr'><strong>revocemus;</strong></span> <span class='ocrx_word' id='word_1_21' title='bbox 2483 457 2604 513; x_wconf 67' lang='lat' dir='ltr'><strong>qua:</strong></span> <span class='ocrx_word' id='word_1_22' title='bbox 2635 445 2681 500; x_wconf 88' lang='lat' dir='ltr'><strong>si</strong></span> <span class='ocrx_word' id='word_1_23' title='bbox 2716 446 2937 502; x_wconf 90' lang='lat' dir='ltr'><strong>omnino</strong></span> <span class='ocrx_word' id='word_1_24' title='bbox 2982 447 3125 502; x_wconf 88' lang='lat' dir='ltr'><strong>nulla</strong></span> <span class='ocrx_word' id='word_1_25' title='bbox 3163 462 3309 517; x_wconf 87' lang='lat' dir='ltr'><strong>sunt,</strong></span> <span class='ocrx_word' id='word_1_26' title='bbox 3341 453 3409 505; x_wconf 87' lang='lat' dir='ltr'><strong>ad</strong></span> <span class='ocrx_word' id='word_1_27' title='bbox 3436 468 3531 509; x_wconf 83' lang='lat' dir='ltr'><strong>oc-</strong></span> 
     </span>
    </p>
   </div>
   <div class='ocr_carea' id='block_1_5' title="bbox 284 533 1861 599">
    <p class='ocr_par' dir='ltr' id='par_1_5' title="bbox 284 533 1861 599">
     <span class='ocr_line' id='line_1_5' title="bbox 284 533 1861 599; baseline -0.006 0"><span class='ocrx_word' id='word_1_28' title='bbox 284 541 471 599; x_wconf 90' lang='lat' dir='ltr'><strong>omnia</strong></span> <span class='ocrx_word' id='word_1_29' title='bbox 515 538 776 592; x_wconf 86' lang='lat' dir='ltr'><strong>virtutum</strong></span> <span class='ocrx_word' id='word_1_30' title='bbox 825 535 966 590; x_wconf 86' lang='lat' dir='ltr'><strong>bona</strong></span> <span class='ocrx_word' id='word_1_31' title='bbox 992 549 1061 589; x_wconf 76' lang='lat' dir='ltr'><strong>ex</strong></span> <span class='ocrx_word' id='word_1_32' title='bbox 1116 533 1380 589; x_wconf 87' lang='lat' dir='ltr'><strong>charitate</strong></span> <span class='ocrx_word' id='word_1_33' title='bbox 1416 534 1761 599; x_wconf 76' lang='lat' dir='ltr'><strong>decorentur,</strong></span> <span class='ocrx_word' id='word_1_34' title='bbox 1806 541 1861 589; x_wconf 91' lang='lat' dir='ltr'><strong>et</strong></span> 
     </span>
    </p>
   </div>
   <div class='ocr_carea' id='block_1_6' title="bbox 283 623 1863 699">
    <p class='ocr_par' dir='ltr' id='par_1_6' title="bbox 283 623 1863 699">
     <span class='ocr_line' id='line_1_6' title="bbox 283 623 1863 699; baseline -0.008 -10"><span class='ocrx_word' id='word_1_35' title='bbox 283 639 480 688; x_wconf 89' lang='lat' dir='ltr'><strong>cuncta</strong></span> <span class='ocrx_word' id='word_1_36' title='bbox 512 642 633 699; x_wconf 79' lang='lat' dir='ltr'><strong>quae</strong></span> <span class='ocrx_word' id='word_1_37' title='bbox 669 639 853 682; x_wconf 89' lang='lat' dir='ltr'><strong>coram</strong></span> <span class='ocrx_word' id='word_1_38' title='bbox 879 623 1187 681; x_wconf 88' lang='lat' dir='ltr'><strong>hominibus</strong></span> <span class='ocrx_word' id='word_1_39' title='bbox 1234 624 1476 690; x_wconf 80' lang='lat' dir='ltr'><strong>rutilant,</strong></span> <span class='ocrx_word' id='word_1_40' title='bbox 1505 624 1621 680; x_wconf 83' lang='lat' dir='ltr'><strong>haec</strong></span> <span class='ocrx_word' id='word_1_41' title='bbox 1650 624 1706 678; x_wconf 87' lang='lat' dir='ltr'><strong>in</strong></span> <span class='ocrx_word' id='word_1_42' title='bbox 1733 639 1863 680; x_wconf 90' lang='lat' dir='ltr'><strong>con-</strong></span> 
     </span>
    </p>
   </div>
   <div class='ocr_carea' id='block_1_7' title="bbox 284 713 1862 794">
    <p class='ocr_par' dir='ltr' id='par_1_7' title="bbox 284 713 1862 794">
     <span class='ocr_line' id='line_1_7' title="bbox 284 713 1862 794; baseline -0.003 -20"><span class='ocrx_word' id='word_1_43' title='bbox 284 728 471 794; x_wconf 84' lang='lat' dir='ltr'><strong>spectu</strong></span> <span class='ocrx_word' id='word_1_44' title='bbox 496 717 694 776; x_wconf 87' lang='lat' dir='ltr'><strong>occulti</strong></span> <span class='ocrx_word' id='word_1_45' title='bbox 723 716 913 771; x_wconf 82' lang='lat' dir='ltr'><strong>arbitri</strong></span> <span class='ocrx_word' id='word_1_46' title='bbox 965 713 1184 770; x_wconf 82' lang='lat' dir='ltr'><strong>ﬂamma</strong></span> <span class='ocrx_word' id='word_1_47' title='bbox 1216 715 1393 770; x_wconf 88' lang='lat' dir='ltr'><strong>intimi</strong></span> <span class='ocrx_word' id='word_1_48' title='bbox 1429 715 1634 770; x_wconf 89' lang='lat' dir='ltr'><strong>amoris</strong></span> <span class='ocrx_word' id='word_1_49' title='bbox 1668 731 1862 772; x_wconf 89' lang='lat' dir='ltr'><strong>accen-</strong></span> 
     </span>
    </p>
   </div>
   <div class='ocr_carea' id='block_1_8' title="bbox 284 808 1861 883">
    <p class='ocr_par' dir='ltr' id='par_1_8' title="bbox 284 808 1861 883">
     <span class='ocr_line' id='line_1_8' title="bbox 284 808 1861 883; baseline -0.006 -9"><span class='ocrx_word' id='word_1_50' title='bbox 284 818 398 873; x_wconf 91' lang='lat' dir='ltr'><strong>dat.</strong></span> <span class='ocrx_word' id='word_1_51' title='bbox 432 815 562 883; x_wconf 83' lang='lat' dir='ltr'><strong>Quae</strong></span> <span class='ocrx_word' id='word_1_52' title='bbox 586 811 798 869; x_wconf 87' lang='lat' dir='ltr'><strong>scilicet</strong></span> <span class='ocrx_word' id='word_1_53' title='bbox 828 809 1084 876; x_wconf 86' lang='lat' dir='ltr'><strong>charitas,</strong></span> <span class='ocrx_word' id='word_1_54' title='bbox 1113 810 1239 879; x_wconf 84' lang='lat' dir='ltr'><strong>quia</strong></span> <span class='ocrx_word' id='word_1_55' title='bbox 1272 808 1440 864; x_wconf 86' lang='lat' dir='ltr'><strong>Deum</strong></span> <span class='ocrx_word' id='word_1_56' title='bbox 1461 809 1622 864; x_wconf 88' lang='lat' dir='ltr'><strong>simul</strong></span> <span class='ocrx_word' id='word_1_57' title='bbox 1644 824 1710 865; x_wconf 91' lang='lat' dir='ltr'><strong>ac</strong></span> <span class='ocrx_word' id='word_1_58' title='bbox 1732 825 1861 881; x_wconf 88' lang='lat' dir='ltr'><strong>pro-</strong></span> 
     </span>
    </p>
   </div>
   <div class='ocr_carea' id='block_1_9' title="bbox 287 900 1856 976">
    <p class='ocr_par' dir='ltr' id='par_1_9' title="bbox 287 900 1856 976">
     <span class='ocr_line' id='line_1_9' title="bbox 287 900 1856 976; baseline -0.006 -9"><span class='ocrx_word' id='word_1_59' title='bbox 287 913 495 967; x_wconf 78' lang='lat' dir='ltr'><strong>ximum</strong></span> <span class='ocrx_word' id='word_1_60' title='bbox 518 906 715 976; x_wconf 76' lang='lat' dir='ltr'><strong>diligit,</strong></span> <span class='ocrx_word' id='word_1_61' title='bbox 749 902 907 974; x_wconf 88' lang='lat' dir='ltr'><strong>quasi</strong></span> <span class='ocrx_word' id='word_1_62' title='bbox 934 918 1002 959; x_wconf 74' lang='lat' dir='ltr'><strong>ex</strong></span> <span class='ocrx_word' id='word_1_63' title='bbox 1046 902 1246 973; x_wconf 87' lang='lat' dir='ltr'><strong>duplici</strong></span> <span class='ocrx_word' id='word_1_64' title='bbox 1299 903 1535 957; x_wconf 80' lang='lat' dir='ltr'><strong>tinctura</strong></span> <span class='ocrx_word' id='word_1_65' title='bbox 1589 900 1856 973; x_wconf 82' lang='lat' dir='ltr'><strong>fulgescit.</strong></span> 
     </span>
    </p>
   </div>
   <div class='ocr_carea' id='block_1_10' title="bbox 283 994 1862 1073">
    <p class='ocr_par' dir='ltr' id='par_1_10' title="bbox 283 994 1862 1073">
     <span class='ocr_line' id='line_1_10' title="bbox 283 994 1862 1073; baseline -0.004 -16"><span class='ocrx_word' id='word_1_66' title='bbox 283 1003 389 1071; x_wconf 85' lang='lat' dir='ltr'><strong>Qui</strong></span> <span class='ocrx_word' id='word_1_67' title='bbox 421 1002 586 1073; x_wconf 80' lang='lat' dir='ltr'><strong>igitur</strong></span> <span class='ocrx_word' id='word_1_68' title='bbox 611 998 692 1054; x_wconf 90' lang='lat' dir='ltr'><strong>sic</strong></span> <span class='ocrx_word' id='word_1_69' title='bbox 727 998 795 1053; x_wconf 90' lang='lat' dir='ltr'><strong>ad</strong></span> <span class='ocrx_word' id='word_1_70' title='bbox 822 995 1064 1051; x_wconf 84' lang='lat' dir='ltr'><strong>auctoris</strong></span> <span class='ocrx_word' id='word_1_71' title='bbox 1101 995 1340 1065; x_wconf 88' lang='lat' dir='ltr'><strong>speciem</strong></span> <span class='ocrx_word' id='word_1_72' title='bbox 1375 994 1615 1060; x_wconf 87' lang='lat' dir='ltr'><strong>anhelat,</strong></span> <span class='ocrx_word' id='word_1_73' title='bbox 1646 1002 1707 1049; x_wconf 91' lang='lat' dir='ltr'><strong>ut</strong></span> <span class='ocrx_word' id='word_1_74' title='bbox 1737 1007 1862 1064; x_wconf 88' lang='lat' dir='ltr'><strong>pro-</strong></span> 
     </span>
    </p>
   </div>
   <div class='ocr_carea' id='block_1_11' title="bbox 285 1085 1859 1160">
    <p class='ocr_par' dir='ltr' id='par_1_11' title="bbox 285 1085 1859 1160">
     <span class='ocr_line' id='line_1_11' title="bbox 285 1085 1859 1160; baseline -0.006 -12"><span class='ocrx_word' id='word_1_75' title='bbox 285 1094 557 1147; x_wconf 74' lang='lat' dir='ltr'><strong>ximorum</strong></span> <span class='ocrx_word' id='word_1_76' title='bbox 582 1102 769 1143; x_wconf 89' lang='lat' dir='ltr'><strong>curam</strong></span> <span class='ocrx_word' id='word_1_77' title='bbox 807 1086 1082 1160; x_wconf 73' lang='lat' dir='ltr'><strong>negligat;</strong></span> <span class='ocrx_word' id='word_1_78' title='bbox 1119 1085 1203 1141; x_wconf 92' lang='lat' dir='ltr'><strong>vel</strong></span> <span class='ocrx_word' id='word_1_79' title='bbox 1257 1086 1338 1141; x_wconf 86' lang='lat' dir='ltr'><strong>sic</strong></span> <span class='ocrx_word' id='word_1_80' title='bbox 1369 1087 1738 1157; x_wconf 77' lang='lat' dir='ltr'><strong>proximorum</strong></span> <span class='ocrx_word' id='word_1_81' title='bbox 1762 1100 1859 1140; x_wconf 90' lang='lat' dir='ltr'><strong>cu-</strong></span> 
     </span>
    </p>
   </div>
   <div class='ocr_carea' id='block_1_12' title="bbox 285 1177 1860 1251">
    <p class='ocr_par' dir='ltr' id='par_1_12' title="bbox 285 1177 1860 1251">
     <span class='ocr_line' id='line_1_12' title="bbox 285 1177 1860 1251; baseline -0.005 -13"><span class='ocrx_word' id='word_1_82' title='bbox 285 1198 404 1238; x_wconf 87' lang='lat' dir='ltr'><strong>ram</strong></span> <span class='ocrx_word' id='word_1_83' title='bbox 439 1179 774 1251; x_wconf 80' lang='lat' dir='ltr'><strong>exsequitur,</strong></span> <span class='ocrx_word' id='word_1_84' title='bbox 811 1186 873 1234; x_wconf 92' lang='lat' dir='ltr'><strong>ut</strong></span> <span class='ocrx_word' id='word_1_85' title='bbox 905 1194 936 1233; x_wconf 90' lang='lat' dir='ltr'><strong>a</strong></span> <span class='ocrx_word' id='word_1_86' title='bbox 962 1177 1145 1233; x_wconf 89' lang='lat' dir='ltr'><strong>divino</strong></span> <span class='ocrx_word' id='word_1_87' title='bbox 1195 1192 1380 1233; x_wconf 86' lang='lat' dir='ltr'><strong>amore</strong></span> <span class='ocrx_word' id='word_1_88' title='bbox 1429 1185 1736 1248; x_wconf 89' lang='lat' dir='ltr'><strong>torpescat:</strong></span> <span class='ocrx_word' id='word_1_89' title='bbox 1767 1177 1860 1246; x_wconf 90' lang='lat' dir='ltr'><strong>qui</strong></span> 
     </span>
    </p>
   </div>
   <div class='ocr_carea' id='block_1_13' title="bbox 286 1269 1859 1343">
    <p class='ocr_par' dir='ltr' id='par_1_13' title="bbox 286 1269 1859 1343">
     <span class='ocr_line' id='line_1_13' title="bbox 286 1269 1859 1343; baseline -0.005 -11"><span class='ocrx_word' id='word_1_90' title='bbox 286 1291 456 1332; x_wconf 87' lang='lat' dir='ltr'><strong>unum</strong></span> <span class='ocrx_word' id='word_1_91' title='bbox 485 1276 679 1330; x_wconf 89' lang='lat' dir='ltr'><strong>horum</strong></span> <span class='ocrx_word' id='word_1_92' title='bbox 705 1272 987 1343; x_wconf 86' lang='lat' dir='ltr'><strong>quodlibet</strong></span> <span class='ocrx_word' id='word_1_93' title='bbox 1012 1269 1256 1342; x_wconf 81' lang='lat' dir='ltr'><strong>negligit,</strong></span> <span class='ocrx_word' id='word_1_94' title='bbox 1309 1270 1362 1325; x_wconf 91' lang='lat' dir='ltr'><strong>in</strong></span> <span class='ocrx_word' id='word_1_95' title='bbox 1393 1269 1859 1340; x_wconf 89' lang='lat' dir='ltr'><strong>superhumcralis</strong></span> 
     </span>
    </p>
   </div>
   <div class='ocr_carea' id='block_1_14' title="bbox 286 1357 1862 1421">
    <p class='ocr_par' dir='ltr' id='par_1_14' title="bbox 286 1357 1862 1421">
     <span class='ocr_line' id='line_1_14' title="bbox 286 1357 1862 1421; baseline -0.005 0"><span class='ocrx_word' id='word_1_96' title='bbox 286 1371 605 1421; x_wconf 87' lang='lat' dir='ltr'><strong>ornamento</strong></span> <span class='ocrx_word' id='word_1_97' title='bbox 649 1362 853 1417; x_wconf 90' lang='lat' dir='ltr'><strong>habere</strong></span> <span class='ocrx_word' id='word_1_98' title='bbox 885 1375 1105 1416; x_wconf 84' lang='lat' dir='ltr'><strong>coccum</strong></span> <span class='ocrx_word' id='word_1_99' title='bbox 1143 1360 1227 1415; x_wconf 91' lang='lat' dir='ltr'><strong>bis</strong></span> <span class='ocrx_word' id='word_1_100' title='bbox 1251 1360 1477 1414; x_wconf 87' lang='lat' dir='ltr'><strong>tinctum</strong></span> <span class='ocrx_word' id='word_1_101' title='bbox 1505 1360 1698 1414; x_wconf 89' lang='lat' dir='ltr'><strong>nescit.</strong></span> <span class='ocrx_word' id='word_1_102' title='bbox 1749 1357 1862 1415; x_wconf 67' lang='lat' dir='ltr'><strong>Cae-</strong></span> 
     </span>
    </p>
   </div>
   <div class='ocr_carea' id='block_1_15' title="bbox 289 1450 1860 1520">
    <p class='ocr_par' dir='ltr' id='par_1_15' title="bbox 289 1450 1860 1520">
     <span class='ocr_line' id='line_1_15' title="bbox 289 1450 1860 1520; baseline -0.004 -10"><span class='ocrx_word' id='word_1_103' title='bbox 289 1466 465 1510; x_wconf 87' lang='lat' dir='ltr'><strong>terum</strong></span> <span class='ocrx_word' id='word_1_104' title='bbox 501 1468 627 1509; x_wconf 87' lang='lat' dir='ltr'><strong>cum</strong></span> <span class='ocrx_word' id='word_1_105' title='bbox 674 1460 858 1507; x_wconf 87' lang='lat' dir='ltr'><strong>rector</strong></span> <span class='ocrx_word' id='word_1_106' title='bbox 891 1466 952 1507; x_wconf 91' lang='lat' dir='ltr'><strong>se</strong></span> <span class='ocrx_word' id='word_1_107' title='bbox 982 1452 1051 1506; x_wconf 87' lang='lat' dir='ltr'><strong>ad</strong></span> <span class='ocrx_word' id='word_1_108' title='bbox 1083 1450 1409 1520; x_wconf 86' lang='lat' dir='ltr'><strong>loquendum</strong></span> <span class='ocrx_word' id='word_1_109' title='bbox 1444 1456 1733 1520; x_wconf 74' lang='lat' dir='ltr'><strong>prmparat,</strong></span> <span class='ocrx_word' id='word_1_110' title='bbox 1758 1450 1860 1504; x_wconf 85' lang='lat' dir='ltr'><strong>sub</strong></span> 
     </span>
    </p>
   </div>
   <div class='ocr_carea' id='block_1_16' title="bbox 286 1539 1859 1615">
    <p class='ocr_par' dir='ltr' id='par_1_16' title="bbox 286 1539 1859 1615">
     <span class='ocr_line' id='line_1_16' title="bbox 286 1539 1859 1615; baseline -0.004 -15"><span class='ocrx_word' id='word_1_111' title='bbox 286 1554 490 1615; x_wconf 88' lang='lat' dir='ltr'><strong>quanto</strong></span> <span class='ocrx_word' id='word_1_112' title='bbox 515 1542 739 1599; x_wconf 63' lang='lat' dir='ltr'><strong>cautelae</strong></span> <span class='ocrx_word' id='word_1_113' title='bbox 765 1541 944 1597; x_wconf 89' lang='lat' dir='ltr'><strong>studio</strong></span> <span class='ocrx_word' id='word_1_114' title='bbox 971 1541 1246 1611; x_wconf 86' lang='lat' dir='ltr'><strong>loquatur,</strong></span> <span class='ocrx_word' id='word_1_115' title='bbox 1274 1540 1517 1595; x_wconf 87' lang='lat' dir='ltr'><strong>attendat</strong></span> <span class='ocrx_word' id='word_1_116' title='bbox 1541 1556 1557 1607; x_wconf 89' lang='lat'><strong>;</strong></span> <span class='ocrx_word' id='word_1_117' title='bbox 1590 1555 1676 1603; x_wconf 87' lang='lat' dir='ltr'><strong>ne,</strong></span> <span class='ocrx_word' id='word_1_118' title='bbox 1709 1539 1755 1595; x_wconf 89' lang='lat' dir='ltr'><strong>si</strong></span> <span class='ocrx_word' id='word_1_119' title='bbox 1777 1539 1859 1594; x_wconf 89' lang='lat' dir='ltr'><strong>in-</strong></span> 
     </span>
    </p>
   </div>
   <div class='ocr_carea' id='block_1_17' title="bbox 283 1635 1860 1708">
    <p class='ocr_par' dir='ltr' id='par_1_17' title="bbox 283 1635 1860 1708">
     <span class='ocr_line' id='line_1_17' title="bbox 283 1635 1860 1708; baseline -0.003 -15"><span class='ocrx_word' id='word_1_120' title='bbox 283 1639 535 1694; x_wconf 86' lang='lat' dir='ltr'><strong>ordinate</strong></span> <span class='ocrx_word' id='word_1_121' title='bbox 561 1637 630 1692; x_wconf 88' lang='lat' dir='ltr'><strong>ad</strong></span> <span class='ocrx_word' id='word_1_122' title='bbox 658 1636 986 1708; x_wconf 85' lang='lat' dir='ltr'><strong>loquendum</strong></span> <span class='ocrx_word' id='word_1_123' title='bbox 1026 1636 1254 1707; x_wconf 87' lang='lat' dir='ltr'><strong>rapitur,</strong></span> <span class='ocrx_word' id='word_1_124' title='bbox 1290 1635 1494 1691; x_wconf 91' lang='lat' dir='ltr'><strong>erroris</strong></span> <span class='ocrx_word' id='word_1_125' title='bbox 1522 1635 1744 1691; x_wconf 86' lang='lat' dir='ltr'><strong>vulnere</strong></span> <span class='ocrx_word' id='word_1_126' title='bbox 1769 1650 1860 1689; x_wconf 89' lang='lat' dir='ltr'><strong>au-</strong></span> 
     </span>
    </p>
   </div>
   <div class='ocr_carea' id='block_1_18' title="bbox 1964 532 3532 603">
    <p class='ocr_par' dir='ltr' id='par_1_18' title="bbox 1964 532 3532 603">
     <span class='ocr_line' id='line_1_18' title="bbox 1964 532 3532 603; baseline 0.008 -16"><span class='ocrx_word' id='word_1_127' title='bbox 1964 533 2110 587; x_wconf 91' lang='lat' dir='ltr'><strong>culta</strong></span> <span class='ocrx_word' id='word_1_128' title='bbox 2140 534 2235 589; x_wconf 88' lang='lat' dir='ltr'><strong>Dei</strong></span> <span class='ocrx_word' id='word_1_129' title='bbox 2265 532 2469 602; x_wconf 64' lang='lat' dir='ltr'><strong>judicia</strong></span> <span class='ocrx_word' id='word_1_130' title='bbox 2503 550 2873 592; x_wconf 82' lang='lat' dir='ltr'><strong>recurramus.</strong></span> <span class='ocrx_word' id='word_1_131' title='bbox 2898 537 3032 603; x_wconf 86' lang='lat' dir='ltr'><strong>Quia</strong></span> <span class='ocrx_word' id='word_1_132' title='bbox 3060 540 3205 595; x_wconf 89' lang='lat' dir='ltr'><strong>sicut</strong></span> <span class='ocrx_word' id='word_1_133' title='bbox 3238 557 3337 597; x_wconf 89' lang='lat' dir='ltr'><strong>nos</strong></span> <span class='ocrx_word' id='word_1_134' title='bbox 3368 542 3532 600; x_wconf 80' lang='lat' dir='ltr'><strong>nullis</strong></span> 
     </span>
    </p>
   </div>
   <div class='ocr_carea' id='block_1_19' title="bbox 1963 623 3528 706">
    <p class='ocr_par' dir='ltr' id='par_1_19' title="bbox 1963 623 3528 706">
     <span class='ocr_line' id='line_1_19' title="bbox 1963 623 3528 706; baseline 0.007 -28"><span class='ocrx_word' id='word_1_135' title='bbox 1963 623 2173 680; x_wconf 85' lang='lat' dir='ltr'><strong>meritis</strong></span> <span class='ocrx_word' id='word_1_136' title='bbox 2194 625 2298 679; x_wconf 90' lang='lat' dir='ltr'><strong>hoc</strong></span> <span class='ocrx_word' id='word_1_137' title='bbox 2342 624 2518 693; x_wconf 90' lang='lat' dir='ltr'><strong>ipsum</strong></span> <span class='ocrx_word' id='word_1_138' title='bbox 2560 625 2760 682; x_wconf 88' lang='lat' dir='ltr'><strong>bonum</strong></span> <span class='ocrx_word' id='word_1_139' title='bbox 2811 629 2953 696; x_wconf 89' lang='lat' dir='ltr'><strong>quod</strong></span> <span class='ocrx_word' id='word_1_140' title='bbox 2999 629 3279 697; x_wconf 88' lang='lat' dir='ltr'><strong>habemus,</strong></span> <span class='ocrx_word' id='word_1_141' title='bbox 3329 634 3528 706; x_wconf 87' lang='lat' dir='ltr'><strong>accipi-</strong></span> 
     </span>
    </p>
   </div>
   <div class='ocr_carea' id='block_1_20' title="bbox 1963 714 3530 790">
    <p class='ocr_par' dir='ltr' id='par_1_20' title="bbox 1963 714 3530 790">
     <span class='ocr_line' id='line_1_20' title="bbox 1963 714 3530 790; baseline 0.008 -22"><span class='ocrx_word' id='word_1_142' title='bbox 1963 728 2084 769; x_wconf 89' lang='lat' dir='ltr'><strong>mus</strong></span> <span class='ocrx_word' id='word_1_143' title='bbox 2110 728 2125 768; x_wconf 93' lang='lat'><strong>:</strong></span> <span class='ocrx_word' id='word_1_144' title='bbox 2163 714 2238 769; x_wconf 88' lang='lat' dir='ltr'><strong>ita</strong></span> <span class='ocrx_word' id='word_1_145' title='bbox 2260 714 2365 769; x_wconf 88' lang='lat' dir='ltr'><strong>illis</strong></span> <span class='ocrx_word' id='word_1_146' title='bbox 2394 730 2607 785; x_wconf 91' lang='lat' dir='ltr'><strong>quoque</strong></span> <span class='ocrx_word' id='word_1_147' title='bbox 2630 725 2808 787; x_wconf 89' lang='lat' dir='ltr'><strong>potest</strong></span> <span class='ocrx_word' id='word_1_148' title='bbox 2842 719 3015 790; x_wconf 88' lang='lat' dir='ltr'><strong>gratia</strong></span> <span class='ocrx_word' id='word_1_149' title='bbox 3039 734 3284 790; x_wconf 69' lang='lat' dir='ltr'><strong>superum</strong></span> <span class='ocrx_word' id='word_1_150' title='bbox 3313 724 3530 781; x_wconf 88' lang='lat' dir='ltr'><strong>virtutis</strong></span> 
     </span>
    </p>
   </div>
   <div class='ocr_carea' id='block_1_21' title="bbox 1961 803 3528 885">
    <p class='ocr_par' dir='ltr' id='par_1_21' title="bbox 1961 803 3528 885">
     <span class='ocr_line' id='line_1_21' title="bbox 1961 803 3528 885; baseline 0.007 -26"><span class='ocrx_word' id='word_1_151' title='bbox 1961 803 2266 872; x_wconf 80' lang='lat' dir='ltr'><strong>infundere,</strong></span> <span class='ocrx_word' id='word_1_152' title='bbox 2310 813 2370 859; x_wconf 91' lang='lat' dir='ltr'><strong>ut</strong></span> <span class='ocrx_word' id='word_1_153' title='bbox 2399 807 2622 862; x_wconf 78' lang='lat' dir='ltr'><strong>excitati</strong></span> <span class='ocrx_word' id='word_1_154' title='bbox 2667 809 2957 878; x_wconf 88' lang='lat' dir='ltr'><strong>posterius,</strong></span> <span class='ocrx_word' id='word_1_155' title='bbox 2989 811 3152 865; x_wconf 83' lang='lat' dir='ltr'><strong>etiam</strong></span> <span class='ocrx_word' id='word_1_156' title='bbox 3180 814 3389 882; x_wconf 84' lang='lat' dir='ltr'><strong>possint</strong></span> <span class='ocrx_word' id='word_1_157' title='bbox 3412 816 3528 885; x_wconf 85' lang='lat' dir='ltr'><strong>ipsa</strong></span> 
     </span>
    </p>
   </div>
   <div class='ocr_carea' id='block_1_22' title="bbox 1961 895 3528 973">
    <p class='ocr_par' dir='ltr' id='par_1_22' title="bbox 1961 895 3528 973">
     <span class='ocr_line' id='line_1_22' title="bbox 1961 895 3528 973; baseline 0.008 -24"><span class='ocrx_word' id='word_1_158' title='bbox 1961 895 2102 950; x_wconf 90' lang='lat' dir='ltr'><strong>bona</strong></span> <span class='ocrx_word' id='word_1_159' title='bbox 2153 911 2275 966; x_wconf 75' lang='lat' dir='ltr'><strong>qua:</strong></span> <span class='ocrx_word' id='word_1_160' title='bbox 2326 912 2426 953; x_wconf 91' lang='lat' dir='ltr'><strong>nos</strong></span> <span class='ocrx_word' id='word_1_161' title='bbox 2476 905 2604 954; x_wconf 89' lang='lat' dir='ltr'><strong>ante</strong></span> <span class='ocrx_word' id='word_1_162' title='bbox 2667 901 2993 971; x_wconf 88' lang='lat' dir='ltr'><strong>accepimus,</strong></span> <span class='ocrx_word' id='word_1_163' title='bbox 3044 905 3359 973; x_wconf 63' lang='lat' dir='ltr'><strong>praevenire.</strong></span> <span class='ocrx_word' id='word_1_164' title='bbox 3397 905 3528 973; x_wconf 83' lang='lat' dir='ltr'><strong>Quis</strong></span> 
     </span>
    </p>
   </div>
   <div class='ocr_carea' id='block_1_23' title="bbox 1960 986 3532 1061">
    <p class='ocr_par' dir='ltr' id='par_1_23' title="bbox 1960 986 3532 1061">
     <span class='ocr_line' id='line_1_23' title="bbox 1960 986 3532 1061; baseline 0.008 -20"><span class='ocrx_word' id='word_1_165' title='bbox 1960 986 2105 1041; x_wconf 88' lang='lat' dir='ltr'><strong>enim</strong></span> <span class='ocrx_word' id='word_1_166' title='bbox 2127 988 2377 1044; x_wconf 85' lang='lat' dir='ltr'><strong>crederet</strong></span> <span class='ocrx_word' id='word_1_167' title='bbox 2401 990 2543 1059; x_wconf 88' lang='lat' dir='ltr'><strong>quod</strong></span> <span class='ocrx_word' id='word_1_168' title='bbox 2568 1005 2666 1060; x_wconf 91' lang='lat' dir='ltr'><strong>per</strong></span> <span class='ocrx_word' id='word_1_169' title='bbox 2687 992 3017 1061; x_wconf 88' lang='lat' dir='ltr'><strong>apostolatus</strong></span> <span class='ocrx_word' id='word_1_170' title='bbox 3045 994 3297 1049; x_wconf 87' lang='lat' dir='ltr'><strong>meritum</strong></span> <span class='ocrx_word' id='word_1_171' title='bbox 3335 995 3532 1053; x_wconf 87' lang='lat' dir='ltr'><strong>Saulus</strong></span> 
     </span>
    </p>
   </div>
   <div class='ocr_carea' id='block_1_24' title="bbox 1961 1078 3527 1156">
    <p class='ocr_par' dir='ltr' id='par_1_24' title="bbox 1961 1078 3527 1156">
     <span class='ocr_line' id='line_1_24' title="bbox 1961 1078 3527 1156; baseline 0.006 -23"><span class='ocrx_word' id='word_1_172' title='bbox 1961 1078 2260 1148; x_wconf 83' lang='lat' dir='ltr'><strong>lapidatum</strong></span> <span class='ocrx_word' id='word_1_173' title='bbox 2316 1079 2652 1151; x_wconf 88' lang='lat' dir='ltr'><strong>Stephanum</strong></span> <span class='ocrx_word' id='word_1_174' title='bbox 2710 1097 3088 1153; x_wconf 71' lang='lat' dir='ltr'><strong>prmcursurus</strong></span> <span class='ocrx_word' id='word_1_175' title='bbox 3144 1093 3283 1150; x_wconf 89' lang='lat' dir='ltr'><strong>erat,</strong></span> <span class='ocrx_word' id='word_1_176' title='bbox 3340 1087 3527 1156; x_wconf 90' lang='lat' dir='ltr'><strong>quiin</strong></span> 
     </span>
    </p>
   </div>
   <div class='ocr_carea' id='block_1_25' title="bbox 1959 1169 3527 1242">
    <p class='ocr_par' dir='ltr' id='par_1_25' title="bbox 1959 1169 3527 1242">
     <span class='ocr_line' id='line_1_25' title="bbox 1959 1169 3527 1242; baseline 0.005 -17"><span class='ocrx_word' id='word_1_177' title='bbox 1959 1179 2138 1227; x_wconf 90' lang='lat' dir='ltr'><strong>morte</strong></span> <span class='ocrx_word' id='word_1_178' title='bbox 2180 1169 2298 1240; x_wconf 89' lang='lat' dir='ltr'><strong>ejus</strong></span> <span class='ocrx_word' id='word_1_179' title='bbox 2336 1171 2688 1242; x_wconf 88' lang='lat' dir='ltr'><strong>lapidantium</strong></span> <span class='ocrx_word' id='word_1_180' title='bbox 2724 1174 3046 1231; x_wconf 85' lang='lat' dir='ltr'><strong>vestimenta</strong></span> <span class='ocrx_word' id='word_1_181' title='bbox 3106 1178 3402 1232; x_wconf 80' lang='lat' dir='ltr'><strong>servabat?</strong></span> <span class='ocrx_word' id='word_1_182' title='bbox 3432 1177 3527 1234; x_wconf 84' lang='lat' dir='ltr'><strong>His</strong></span> 
     </span>
    </p>
   </div>
   <div class='ocr_carea' id='block_1_26' title="bbox 1958 1262 3526 1334">
    <p class='ocr_par' dir='ltr' id='par_1_26' title="bbox 1958 1262 3526 1334">
     <span class='ocr_line' id='line_1_26' title="bbox 1958 1262 3526 1334; baseline 0.006 -20"><span class='ocrx_word' id='word_1_183' title='bbox 1958 1275 2089 1331; x_wconf 91' lang='lat' dir='ltr'><strong>ergo</strong></span> <span class='ocrx_word' id='word_1_184' title='bbox 2126 1262 2363 1331; x_wconf 89' lang='lat' dir='ltr'><strong>primum</strong></span> <span class='ocrx_word' id='word_1_185' title='bbox 2411 1262 2828 1333; x_wconf 79' lang='lat' dir='ltr'><strong>cogitationibus</strong></span> <span class='ocrx_word' id='word_1_186' title='bbox 2880 1264 3154 1320; x_wconf 88' lang='lat' dir='ltr'><strong>humiliari</strong></span> <span class='ocrx_word' id='word_1_187' title='bbox 3205 1282 3301 1322; x_wconf 91' lang='lat' dir='ltr'><strong>cor</strong></span> <span class='ocrx_word' id='word_1_188' title='bbox 3348 1267 3526 1334; x_wconf 84' lang='lat' dir='ltr'><strong>debet,</strong></span> 
     </span>
    </p>
   </div>
   <div class='ocr_carea' id='block_1_27' title="bbox 1958 1351 3524 1427">
    <p class='ocr_par' dir='ltr' id='par_1_27' title="bbox 1958 1351 3524 1427">
     <span class='ocr_line' id='line_1_27' title="bbox 1958 1351 3524 1427; baseline 0.007 -23"><span class='ocrx_word' id='word_1_189' title='bbox 1958 1358 2014 1404; x_wconf 92' lang='lat' dir='ltr'><strong>et</strong></span> <span class='ocrx_word' id='word_1_190' title='bbox 2047 1359 2174 1407; x_wconf 89' lang='lat' dir='ltr'><strong>tunc</strong></span> <span class='ocrx_word' id='word_1_191' title='bbox 2232 1351 2447 1408; x_wconf 88' lang='lat' dir='ltr'><strong>demum</strong></span> <span class='ocrx_word' id='word_1_192' title='bbox 2510 1353 2936 1423; x_wconf 77' lang='lat' dir='ltr'><strong>delinquentium</strong></span> <span class='ocrx_word' id='word_1_193' title='bbox 2982 1355 3294 1427; x_wconf 84' lang='lat' dir='ltr'><strong>iniquitates</strong></span> <span class='ocrx_word' id='word_1_194' title='bbox 3349 1359 3524 1415; x_wconf 87' lang='lat' dir='ltr'><strong>incre—</strong></span> 
     </span>
    </p>
   </div>
   <div class='ocr_carea' id='block_1_28' title="bbox 1958 1454 2108 1510">
    <p class='ocr_par' dir='ltr' id='par_1_28' title="bbox 1958 1454 2108 1510">
     <span class='ocr_line' id='line_1_28' title="bbox 1958 1454 2108 1510; baseline 0 -17"><span class='ocrx_word' id='word_1_195' title='bbox 1958 1454 2108 1510; x_wconf 88' lang='lat' dir='ltr'><strong>pare.</strong></span> 
     </span>
    </p>
   </div>
   <div class='ocr_carea' id='block_1_29' title="bbox 2528 1512 2951 1573">
    <p class='ocr_par' dir='ltr' id='par_1_29' title="bbox 2528 1512 2951 1573">
     <span class='ocr_line' id='line_1_29' title="bbox 2528 1512 2951 1573; baseline 0.009 -4"><span class='ocrx_word' id='word_1_196' title='bbox 2528 1512 2755 1571; x_wconf 83' lang='lat' dir='ltr'><strong>CAPUT</strong></span> <span class='ocrx_word' id='word_1_197' title='bbox 2785 1515 2951 1573; x_wconf 82' lang='lat' dir='ltr'><strong>XXV.</strong></span> 
     </span>
    </p>
   </div>
   <div class='ocr_carea' id='block_1_30' title="bbox 2032 1619 3525 1698">
    <p class='ocr_par' dir='ltr' id='par_1_30' title="bbox 2032 1619 3525 1698">
     <span class='ocr_line' id='line_1_30' title="bbox 2032 1619 3525 1698; baseline 0.007 -24"><span class='ocrx_word' id='word_1_198' title='bbox 2032 1619 2252 1691; x_wconf 85' lang='lat' dir='ltr'><strong>(Isidori</strong></span> <span class='ocrx_word' id='word_1_199' title='bbox 2290 1621 2327 1677; x_wconf 83' lang='grc' dir='ltr'><strong>Ι.</strong></span> <span class='ocrx_word' id='word_1_200' title='bbox 2352 1636 2439 1688; x_wconf 89' lang='grc' dir='ltr'><strong><em>ιιι,</em></strong></span> <span class='ocrx_word' id='word_1_201' title='bbox 2471 1622 2642 1691; x_wconf 60' lang='lat' dir='ltr'><strong>Sent,</strong></span> <span class='ocrx_word' id='word_1_202' title='bbox 2669 1641 2717 1679; x_wconf 89' lang='lat' dir='ltr'><strong>c.</strong></span> <span class='ocrx_word' id='word_1_203' title='bbox 2742 1624 2858 1698; x_wconf 70' lang='grc'><strong>44.)</strong></span> <span class='ocrx_word' id='word_1_204' title='bbox 2912 1625 3128 1698; x_wconf 88' lang='lat' dir='ltr'><strong>[lsidori</strong></span> <span class='ocrx_word' id='word_1_205' title='bbox 3154 1628 3224 1683; x_wconf 87' lang='lat' dir='ltr'><strong>de</strong></span> <span class='ocrx_word' id='word_1_206' title='bbox 3249 1629 3525 1684; x_wconf 88' lang='lat' dir='ltr'><strong>doctorum</strong></span> 
     </span>
    </p>
   </div>
   <div class='ocr_carea' id='block_1_31' title="bbox 166 1715 3525 1794">
    <p class='ocr_par' dir='ltr' id='par_1_31' title="bbox 166 1715 3525 1794">
     <span class='ocr_line' id='line_1_31' title="bbox 166 1715 3525 1794; baseline 0.001 -18"><span class='ocrx_word' id='word_1_207' title='bbox 166 1767 177 1776; x_wconf 89' lang='lat'><strong>.</strong></span> <span class='ocrx_word' id='word_1_208' title='bbox 283 1727 548 1783; x_wconf 73' lang='lat' dir='ltr'><strong>dienﬁum</strong></span> <span class='ocrx_word' id='word_1_209' title='bbox 594 1730 759 1783; x_wconf 77' lang='lat' dir='ltr'><strong>corda</strong></span> <span class='ocrx_word' id='word_1_210' title='bbox 790 1725 1089 1780; x_wconf 79' lang='lat' dir='ltr'><strong>feriantur:</strong></span> <span class='ocrx_word' id='word_1_211' title='bbox 1124 1732 1180 1780; x_wconf 86' lang='lat' dir='ltr'><strong>et</strong></span> <span class='ocrx_word' id='word_1_212' title='bbox 1207 1739 1330 1779; x_wconf 87' lang='lat' dir='ltr'><strong>cum</strong></span> <span class='ocrx_word' id='word_1_213' title='bbox 1364 1724 1594 1779; x_wconf 78' lang='lat' dir='ltr'><strong>fortasse</strong></span> <span class='ocrx_word' id='word_1_214' title='bbox 1643 1725 1860 1794; x_wconf 76' lang='lat' dir='ltr'><strong>sapiens</strong></span> <span class='ocrx_word' id='word_1_215' title='bbox 1886 1791 1919 1794; x_wconf 78' lang='lat'><em>_</em></span> <span class='ocrx_word' id='word_1_216' title='bbox 1960 1715 2227 1787; x_wconf 89' lang='lat' dir='ltr'><strong>silentio.]</strong></span> <span class='ocrx_word' id='word_1_217' title='bbox 2264 1715 2371 1771; x_wconf 89' lang='lat' dir='ltr'><strong>Pro</strong></span> <span class='ocrx_word' id='word_1_218' title='bbox 2405 1716 2548 1773; x_wconf 91' lang='lat' dir='ltr'><strong>malo</strong></span> <span class='ocrx_word' id='word_1_219' title='bbox 2570 1719 2764 1774; x_wconf 89' lang='lat' dir='ltr'><strong>merito</strong></span> <span class='ocrx_word' id='word_1_220' title='bbox 2787 1718 2979 1790; x_wconf 87' lang='lat' dir='ltr'><strong>plebis,</strong></span> <span class='ocrx_word' id='word_1_221' title='bbox 3011 1720 3258 1776; x_wconf 79' lang='lat' dir='ltr'><strong>aufertur</strong></span> <span class='ocrx_word' id='word_1_222' title='bbox 3282 1723 3525 1778; x_wconf 76' lang='lat' dir='ltr'><strong>doctrina</strong></span> 
     </span>
    </p>
   </div>
   <div class='ocr_carea' id='block_1_32' title="bbox 282 1791 3527 1887">
    <p class='ocr_par' dir='ltr' id='par_1_32' title="bbox 282 1791 3527 1887">
     <span class='ocr_line' id='line_1_32' title="bbox 282 1791 3527 1887; baseline -0.002 -12"><span class='ocrx_word' id='word_1_223' title='bbox 282 1820 458 1875; x_wconf 82' lang='lat' dir='ltr'><strong>videri</strong></span> <span class='ocrx_word' id='word_1_224' title='bbox 486 1818 776 1884; x_wconf 88' lang='lat' dir='ltr'><strong>desiderat,</strong></span> <span class='ocrx_word' id='word_1_225' title='bbox 804 1815 1027 1872; x_wconf 83' lang='lat' dir='ltr'><strong>unitatis</strong></span> <span class='ocrx_word' id='word_1_226' title='bbox 1050 1830 1360 1887; x_wconf 79' lang='lat' dir='ltr'><strong>compagem</strong></span> <span class='ocrx_word' id='word_1_227' title='bbox 1386 1791 1855 1885; x_wconf 45' lang='lat' dir='ltr'><strong>insipienter—abs-</strong></span> <span class='ocrx_word' id='word_1_228' title='bbox 1886 1791 1934 1851; x_wconf 81' lang='grc' dir='ltr'><strong>Β</strong></span> <span class='ocrx_word' id='word_1_229' title='bbox 1961 1807 2395 1878; x_wconf 67' lang='lat' dir='ltr'><strong>prmdicationis;</strong></span> <span class='ocrx_word' id='word_1_230' title='bbox 2434 1823 2534 1878; x_wconf 89' lang='lat' dir='ltr'><strong>pro</strong></span> <span class='ocrx_word' id='word_1_231' title='bbox 2556 1809 2697 1865; x_wconf 90' lang='lat' dir='ltr'><strong>bono</strong></span> <span class='ocrx_word' id='word_1_232' title='bbox 2724 1810 2919 1865; x_wconf 88' lang='lat' dir='ltr'><strong>merito</strong></span> <span class='ocrx_word' id='word_1_233' title='bbox 2948 1811 3239 1878; x_wconf 90' lang='lat' dir='ltr'><strong>audientis,</strong></span> <span class='ocrx_word' id='word_1_234' title='bbox 3272 1814 3527 1869; x_wconf 90' lang='lat' dir='ltr'><strong>tribuitur</strong></span> 
     </span>
    </p>
   </div>
   <div class='ocr_carea' id='block_1_33' title="bbox 278 1905 1850 1979">
    <p class='ocr_par' dir='ltr' id='par_1_33' title="bbox 278 1905 1850 1979">
     <span class='ocr_line' id='line_1_33' title="bbox 278 1905 1850 1979; baseline -0.004 -13"><span class='ocrx_word' id='word_1_235' title='bbox 278 1911 489 1967; x_wconf 87' lang='lat' dir='ltr'><strong>eindat.</strong></span> <span class='ocrx_word' id='word_1_236' title='bbox 540 1909 679 1964; x_wconf 83' lang='lat' dir='ltr'><strong>Hinc</strong></span> <span class='ocrx_word' id='word_1_237' title='bbox 737 1921 972 1979; x_wconf 88' lang='lat' dir='ltr'><strong>namque</strong></span> <span class='ocrx_word' id='word_1_238' title='bbox 1025 1907 1078 1962; x_wconf 94' lang='lat' dir='ltr'><strong>in</strong></span> <span class='ocrx_word' id='word_1_239' title='bbox 1130 1906 1420 1979; x_wconf 78' lang='lat' dir='ltr'><strong>Evangelia</strong></span> <span class='ocrx_word' id='word_1_240' title='bbox 1483 1905 1699 1963; x_wconf 81' lang='lat' dir='ltr'><strong>Veritas</strong></span> <span class='ocrx_word' id='word_1_241' title='bbox 1735 1907 1850 1961; x_wconf 89' lang='lat' dir='ltr'><strong>ait:</strong></span> 
     </span>
    </p>
   </div>
   <div class='ocr_carea' id='block_1_34' title="bbox 280 1997 1852 2071">
    <p class='ocr_par' dir='ltr' id='par_1_34' title="bbox 280 1997 1852 2071">
     <span class='ocr_line' id='line_1_34' title="bbox 280 1997 1852 2071; baseline -0.003 -13"><span class='ocrx_word' id='word_1_242' title='bbox 280 2002 488 2058; x_wconf 77' lang='lat' dir='ltr'><strong>Habete</strong></span> <span class='ocrx_word' id='word_1_243' title='bbox 509 2001 592 2057; x_wconf 80' lang='lat' dir='ltr'><strong>sal</strong></span> <span class='ocrx_word' id='word_1_244' title='bbox 616 2002 671 2055; x_wconf 86' lang='lat' dir='ltr'><strong>in</strong></span> <span class='ocrx_word' id='word_1_245' title='bbox 697 2001 861 2067; x_wconf 81' lang='lat' dir='ltr'><strong>vobis,</strong></span> <span class='ocrx_word' id='word_1_246' title='bbox 891 2009 939 2055; x_wconf 91' lang='lat' dir='ltr'><strong>et</strong></span> <span class='ocrx_word' id='word_1_247' title='bbox 960 2014 1140 2071; x_wconf 79' lang='lat' dir='ltr'><strong>pacem</strong></span> <span class='ocrx_word' id='word_1_248' title='bbox 1161 1998 1342 2054; x_wconf 79' lang='lat' dir='ltr'><strong>habete</strong></span> <span class='ocrx_word' id='word_1_249' title='bbox 1363 2000 1499 2053; x_wconf 81' lang='lat' dir='ltr'><strong>inter</strong></span> <span class='ocrx_word' id='word_1_250' title='bbox 1522 2015 1611 2054; x_wconf 80' lang='lat' dir='ltr'><strong>vos</strong></span> <span class='ocrx_word' id='word_1_251' title='bbox 1636 1997 1852 2071; x_wconf 72' lang='lat' dir='ltr'><strong>(Matth.</strong></span> 
     </span>
    </p>
   </div>
   <div class='ocr_carea' id='block_1_35' title="bbox 280 2079 1854 2163">
    <p class='ocr_par' dir='ltr' id='par_1_35' title="bbox 280 2079 1854 2163">
     <span class='ocr_line' id='line_1_35' title="bbox 280 2079 1854 2163; baseline -0.003 -15"><span class='ocrx_word' id='word_1_252' title='bbox 280 2079 383 2163; x_wconf 50' lang='grc' dir='ltr'><strong><em>ιι).</em></strong></span> <span class='ocrx_word' id='word_1_253' title='bbox 418 2093 525 2149; x_wconf 87' lang='lat' dir='ltr'><strong>Per</strong></span> <span class='ocrx_word' id='word_1_254' title='bbox 557 2093 638 2148; x_wconf 90' lang='lat' dir='ltr'><strong>sal</strong></span> <span class='ocrx_word' id='word_1_255' title='bbox 658 2092 858 2163; x_wconf 88' lang='lat' dir='ltr'><strong>quippe</strong></span> <span class='ocrx_word' id='word_1_256' title='bbox 889 2090 1039 2145; x_wconf 86' lang='lat' dir='ltr'><strong>verbi</strong></span> <span class='ocrx_word' id='word_1_257' title='bbox 1067 2089 1332 2160; x_wconf 83' lang='lat' dir='ltr'><strong>sapientia</strong></span> <span class='ocrx_word' id='word_1_258' title='bbox 1382 2089 1714 2161; x_wconf 85' lang='lat' dir='ltr'><strong>designatur.</strong></span> <span class='ocrx_word' id='word_1_259' title='bbox 1752 2088 1854 2155; x_wconf 87' lang='lat' dir='ltr'><strong>Qui</strong></span> 
     </span>
    </p>
   </div>
   <div class='ocr_carea' id='block_1_36' title="bbox 282 2182 1855 2258">
    <p class='ocr_par' dir='ltr' id='par_1_36' title="bbox 282 2182 1855 2258">
     <span class='ocr_line' id='line_1_36' title="bbox 282 2182 1855 2258; baseline -0.003 -19"><span class='ocrx_word' id='word_1_260' title='bbox 282 2187 453 2258; x_wconf 84' lang='lat' dir='ltr'><strong>igitur</strong></span> <span class='ocrx_word' id='word_1_261' title='bbox 476 2185 625 2256; x_wconf 86' lang='lat' dir='ltr'><strong>loqui</strong></span> <span class='ocrx_word' id='word_1_262' title='bbox 651 2185 924 2255; x_wconf 86' lang='lat' dir='ltr'><strong>sapienter</strong></span> <span class='ocrx_word' id='word_1_263' title='bbox 946 2182 1160 2247; x_wconf 89' lang='lat' dir='ltr'><strong>nititur,</strong></span> <span class='ocrx_word' id='word_1_264' title='bbox 1199 2194 1525 2253; x_wconf 82' lang='lat' dir='ltr'><strong>magnopere</strong></span> <span class='ocrx_word' id='word_1_265' title='bbox 1562 2186 1766 2234; x_wconf 89' lang='lat' dir='ltr'><strong>metuat</strong></span> <span class='ocrx_word' id='word_1_266' title='bbox 1786 2193 1855 2235; x_wconf 86' lang='lat' dir='ltr'><strong>ne</strong></span> 
     </span>
    </p>
   </div>
   <div class='ocr_carea' id='block_1_37' title="bbox 280 2270 1855 2351">
    <p class='ocr_par' dir='ltr' id='par_1_37' title="bbox 280 2270 1855 2351">
     <span class='ocr_line' id='line_1_37' title="bbox 280 2270 1855 2351; baseline -0.008 -14"><span class='ocrx_word' id='word_1_267' title='bbox 280 2285 335 2337; x_wconf 91' lang='lat' dir='ltr'><strong>in</strong></span> <span class='ocrx_word' id='word_1_268' title='bbox 368 2281 485 2351; x_wconf 84' lang='lat' dir='ltr'><strong>ejus</strong></span> <span class='ocrx_word' id='word_1_269' title='bbox 509 2271 726 2351; x_wconf 87' lang='lat' dir='ltr'><strong>eloquio</strong></span> <span class='ocrx_word' id='word_1_270' title='bbox 746 2277 1077 2334; x_wconf 89' lang='lat' dir='ltr'><strong>audientium</strong></span> <span class='ocrx_word' id='word_1_271' title='bbox 1105 2275 1286 2331; x_wconf 88' lang='lat' dir='ltr'><strong>unitas</strong></span> <span class='ocrx_word' id='word_1_272' title='bbox 1305 2273 1682 2332; x_wconf 81' lang='lat' dir='ltr'><strong>confundatur.</strong></span> <span class='ocrx_word' id='word_1_273' title='bbox 1716 2270 1855 2326; x_wconf 81' lang='lat' dir='ltr'><strong>Hinc</strong></span> 
     </span>
    </p>
   </div>
   <div class='ocr_carea' id='block_1_38' title="bbox 276 2370 1850 2442">
    <p class='ocr_par' dir='ltr' id='par_1_38' title="bbox 276 2370 1850 2442">
     <span class='ocr_line' id='line_1_38' title="bbox 276 2370 1850 2442; baseline -0.006 -14"><span class='ocrx_word' id='word_1_274' title='bbox 276 2374 481 2430; x_wconf 81' lang='lat' dir='ltr'><strong>Paulus</strong></span> <span class='ocrx_word' id='word_1_275' title='bbox 517 2374 630 2427; x_wconf 88' lang='lat' dir='ltr'><strong>ait:</strong></span> <span class='ocrx_word' id='word_1_276' title='bbox 670 2373 793 2427; x_wconf 86' lang='lat' dir='ltr'><strong>Non</strong></span> <span class='ocrx_word' id='word_1_277' title='bbox 827 2370 945 2442; x_wconf 86' lang='lat' dir='ltr'><strong>plus</strong></span> <span class='ocrx_word' id='word_1_278' title='bbox 975 2385 1159 2440; x_wconf 84' lang='lat' dir='ltr'><strong>sapere</strong></span> <span class='ocrx_word' id='word_1_279' title='bbox 1197 2384 1353 2440; x_wconf 83' lang='lat' dir='ltr'><strong>quam</strong></span> <span class='ocrx_word' id='word_1_280' title='bbox 1403 2374 1600 2438; x_wconf 79' lang='lat' dir='ltr'><strong>oportet</strong></span> <span class='ocrx_word' id='word_1_281' title='bbox 1648 2381 1850 2436; x_wconf 79' lang='lat' dir='ltr'><strong>sapere,</strong></span> 
     </span>
    </p>
   </div>
   <div class='ocr_carea' id='block_1_39' title="bbox 279 2456 1853 2533">
    <p class='ocr_par' dir='ltr' id='par_1_39' title="bbox 279 2456 1853 2533">
     <span class='ocr_line' id='line_1_39' title="bbox 279 2456 1853 2533; baseline -0.004 -14"><span class='ocrx_word' id='word_1_282' title='bbox 279 2464 378 2520; x_wconf 85' lang='lat' dir='ltr'><strong>sed</strong></span> <span class='ocrx_word' id='word_1_283' title='bbox 407 2480 591 2533; x_wconf 84' lang='lat' dir='ltr'><strong>sapere</strong></span> <span class='ocrx_word' id='word_1_284' title='bbox 611 2463 681 2518; x_wconf 91' lang='lat' dir='ltr'><strong>ad</strong></span> <span class='ocrx_word' id='word_1_285' title='bbox 711 2462 1044 2517; x_wconf 74' lang='lat' dir='ltr'><strong>sobrietatem</strong></span> <span class='ocrx_word' id='word_1_286' title='bbox 1094 2458 1270 2532; x_wconf 87' lang='lat' dir='ltr'><strong>(Rom.</strong></span> <span class='ocrx_word' id='word_1_287' title='bbox 1300 2457 1420 2531; x_wconf 81' lang='lat' dir='ltr'><strong>xn).</strong></span> <span class='ocrx_word' id='word_1_288' title='bbox 1460 2456 1540 2513; x_wconf 84' lang='lat' dir='ltr'><strong>Ne</strong></span> <span class='ocrx_word' id='word_1_289' title='bbox 1570 2457 1734 2528; x_wconf 85' lang='lat' dir='ltr'><strong>igitur</strong></span> <span class='ocrx_word' id='word_1_290' title='bbox 1764 2471 1853 2513; x_wconf 85' lang='lat' dir='ltr'><strong>re-</strong></span> 
     </span>
    </p>
   </div>
   <div class='ocr_carea' id='block_1_40' title="bbox 276 2544 1854 2627">
    <p class='ocr_par' dir='ltr' id='par_1_40' title="bbox 276 2544 1854 2627">
     <span class='ocr_line' id='line_1_40' title="bbox 276 2544 1854 2627; baseline -0.007 -16"><span class='ocrx_word' id='word_1_291' title='bbox 276 2564 401 2611; x_wconf 91' lang='lat' dir='ltr'><strong>ctor</strong></span> <span class='ocrx_word' id='word_1_292' title='bbox 426 2554 673 2609; x_wconf 89' lang='lat' dir='ltr'><strong>incautus</strong></span> <span class='ocrx_word' id='word_1_293' title='bbox 707 2551 775 2608; x_wconf 90' lang='lat' dir='ltr'><strong>ad</strong></span> <span class='ocrx_word' id='word_1_294' title='bbox 805 2549 1130 2621; x_wconf 87' lang='lat' dir='ltr'><strong>loquendum</strong></span> <span class='ocrx_word' id='word_1_295' title='bbox 1160 2555 1405 2627; x_wconf 80' lang='lat' dir='ltr'><strong>promat,</strong></span> <span class='ocrx_word' id='word_1_296' title='bbox 1437 2547 1541 2603; x_wconf 92' lang='lat' dir='ltr'><strong>hoc</strong></span> <span class='ocrx_word' id='word_1_297' title='bbox 1575 2545 1718 2617; x_wconf 91' lang='lat' dir='ltr'><strong>quod</strong></span> <span class='ocrx_word' id='word_1_298' title='bbox 1740 2544 1854 2617; x_wconf 88' lang='lat' dir='ltr'><strong>jam</strong></span> 
     </span>
    </p>
   </div>
   <div class='ocr_carea' id='block_1_41' title="bbox 275 2638 1856 2717">
    <p class='ocr_par' dir='ltr' id='par_1_41' title="bbox 275 2638 1856 2717">
     <span class='ocr_line' id='line_1_41' title="bbox 275 2638 1856 2717; baseline -0.005 -16"><span class='ocrx_word' id='word_1_299' title='bbox 275 2645 663 2717; x_wconf 68' lang='lat' dir='ltr'><strong>praemisimus,</strong></span> <span class='ocrx_word' id='word_1_300' title='bbox 685 2658 783 2715; x_wconf 91' lang='lat' dir='ltr'><strong>per</strong></span> <span class='ocrx_word' id='word_1_301' title='bbox 804 2641 1155 2711; x_wconf 75' lang='lat' dir='ltr'><strong>semetipsum</strong></span> <span class='ocrx_word' id='word_1_302' title='bbox 1185 2638 1433 2710; x_wconf 86' lang='lat' dir='ltr'><strong>discipuli</strong></span> <span class='ocrx_word' id='word_1_303' title='bbox 1484 2638 1699 2694; x_wconf 80' lang='lat' dir='ltr'><strong>Veritas</strong></span> <span class='ocrx_word' id='word_1_304' title='bbox 1746 2638 1856 2693; x_wconf 89' lang='lat' dir='ltr'><strong>cla-</strong></span> 
     </span>
    </p>
   </div>
   <div class='ocr_carea' id='block_1_42' title="bbox 278 2728 1853 2801">
    <p class='ocr_par' dir='ltr' id='par_1_42' title="bbox 278 2728 1853 2801">
     <span class='ocr_line' id='line_1_42' title="bbox 278 2728 1853 2801; baseline -0.004 -12"><span class='ocrx_word' id='word_1_305' title='bbox 278 2744 395 2789; x_wconf 85' lang='lat' dir='ltr'><strong>mat</strong></span> <span class='ocrx_word' id='word_1_306' title='bbox 421 2754 435 2788; x_wconf 89' lang='lat'><strong>:</strong></span> <span class='ocrx_word' id='word_1_307' title='bbox 470 2733 673 2789; x_wconf 87' lang='lat' dir='ltr'><strong>Habete</strong></span> <span class='ocrx_word' id='word_1_308' title='bbox 705 2730 788 2787; x_wconf 82' lang='lat' dir='ltr'><strong>sal</strong></span> <span class='ocrx_word' id='word_1_309' title='bbox 812 2732 868 2786; x_wconf 86' lang='lat' dir='ltr'><strong>in</strong></span> <span class='ocrx_word' id='word_1_310' title='bbox 900 2730 1065 2795; x_wconf 80' lang='lat' dir='ltr'><strong>vobis,</strong></span> <span class='ocrx_word' id='word_1_311' title='bbox 1101 2738 1149 2785; x_wconf 91' lang='lat' dir='ltr'><strong>et</strong></span> <span class='ocrx_word' id='word_1_312' title='bbox 1180 2743 1361 2801; x_wconf 84' lang='lat' dir='ltr'><strong>pacem</strong></span> <span class='ocrx_word' id='word_1_313' title='bbox 1389 2728 1571 2783; x_wconf 78' lang='lat' dir='ltr'><strong>habete</strong></span> <span class='ocrx_word' id='word_1_314' title='bbox 1602 2730 1740 2784; x_wconf 87' lang='lat' dir='ltr'><strong>inter</strong></span> <span class='ocrx_word' id='word_1_315' title='bbox 1766 2744 1853 2782; x_wconf 83' lang='lat' dir='ltr'><strong>vos</strong></span> 
     </span>
    </p>
   </div>
   <div class='ocr_carea' id='block_1_43' title="bbox 1959 1898 3526 1969">
    <p class='ocr_par' dir='ltr' id='par_1_43' title="bbox 1959 1898 3526 1969">
     <span class='ocr_line' id='line_1_43' title="bbox 1959 1898 3526 1969; baseline 0.003 -16"><span class='ocrx_word' id='word_1_316' title='bbox 1959 1912 2141 1954; x_wconf 88' lang='lat' dir='ltr'><strong>sermo</strong></span> <span class='ocrx_word' id='word_1_317' title='bbox 2170 1899 2426 1955; x_wconf 87' lang='lat' dir='ltr'><strong>doctoris.</strong></span> <span class='ocrx_word' id='word_1_318' title='bbox 2453 1898 2510 1954; x_wconf 92' lang='lat' dir='ltr'><strong>In</strong></span> <span class='ocrx_word' id='word_1_319' title='bbox 2540 1907 2803 1969; x_wconf 84' lang='lat' dir='ltr'><strong>potestate</strong></span> <span class='ocrx_word' id='word_1_320' title='bbox 2824 1901 2999 1956; x_wconf 80' lang='lat' dir='ltr'><strong>divina</strong></span> <span class='ocrx_word' id='word_1_321' title='bbox 3022 1903 3291 1969; x_wconf 88' lang='lat' dir='ltr'><strong>consistit,</strong></span> <span class='ocrx_word' id='word_1_322' title='bbox 3322 1904 3409 1957; x_wconf 91' lang='lat' dir='ltr'><strong>cui</strong></span> <span class='ocrx_word' id='word_1_323' title='bbox 3433 1919 3526 1959; x_wconf 88' lang='lat' dir='ltr'><strong>ve-</strong></span> 
     </span>
    </p>
   </div>
   <div class='ocr_carea' id='block_1_44' title="bbox 1959 1988 3526 2057">
    <p class='ocr_par' dir='ltr' id='par_1_44' title="bbox 1959 1988 3526 2057">
     <span class='ocr_line' id='line_1_44' title="bbox 1959 1988 3526 2057; baseline 0.001 -14"><span class='ocrx_word' id='word_1_324' title='bbox 1959 1988 2020 2043; x_wconf 89' lang='lat' dir='ltr'><strong>lit</strong></span> <span class='ocrx_word' id='word_1_325' title='bbox 2058 1988 2202 2057; x_wconf 84' lang='lat' dir='ltr'><strong>Deus</strong></span> <span class='ocrx_word' id='word_1_326' title='bbox 2232 1989 2498 2044; x_wconf 65' lang='lat' dir='ltr'><strong>doctrinae</strong></span> <span class='ocrx_word' id='word_1_327' title='bbox 2520 1988 2742 2044; x_wconf 88' lang='lat' dir='ltr'><strong>verbum</strong></span> <span class='ocrx_word' id='word_1_328' title='bbox 2779 1990 2929 2056; x_wconf 87' lang='lat' dir='ltr'><strong>dare,</strong></span> <span class='ocrx_word' id='word_1_329' title='bbox 2966 1990 3050 2045; x_wconf 89' lang='lat' dir='ltr'><strong>vel</strong></span> <span class='ocrx_word' id='word_1_330' title='bbox 3074 1991 3159 2045; x_wconf 91' lang='lat' dir='ltr'><strong>cui</strong></span> <span class='ocrx_word' id='word_1_331' title='bbox 3183 1990 3436 2047; x_wconf 80' lang='lat' dir='ltr'><strong>auferre:</strong></span> <span class='ocrx_word' id='word_1_332' title='bbox 3468 1999 3526 2047; x_wconf 86' lang='lat' dir='ltr'><strong>et</strong></span> 
     </span>
    </p>
   </div>
   <div class='ocr_carea' id='block_1_45' title="bbox 1959 2076 3521 2149">
    <p class='ocr_par' dir='ltr' id='par_1_45' title="bbox 1959 2076 3521 2149">
     <span class='ocr_line' id='line_1_45' title="bbox 1959 2076 3521 2149; baseline 0.002 -17"><span class='ocrx_word' id='word_1_333' title='bbox 1959 2078 2064 2134; x_wconf 82' lang='lat' dir='ltr'><strong>hoc</strong></span> <span class='ocrx_word' id='word_1_334' title='bbox 2091 2084 2185 2132; x_wconf 88' lang='lat' dir='ltr'><strong>aut</strong></span> <span class='ocrx_word' id='word_1_335' title='bbox 2205 2092 2305 2146; x_wconf 88' lang='lat' dir='ltr'><strong>pro</strong></span> <span class='ocrx_word' id='word_1_336' title='bbox 2330 2076 2581 2144; x_wconf 89' lang='lat' dir='ltr'><strong>dicentis,</strong></span> <span class='ocrx_word' id='word_1_337' title='bbox 2634 2087 2729 2134; x_wconf 89' lang='lat' dir='ltr'><strong>aut</strong></span> <span class='ocrx_word' id='word_1_338' title='bbox 2756 2094 2855 2149; x_wconf 86' lang='lat' dir='ltr'><strong>pro</strong></span> <span class='ocrx_word' id='word_1_339' title='bbox 2901 2080 3168 2136; x_wconf 88' lang='lat' dir='ltr'><strong>audientis</strong></span> <span class='ocrx_word' id='word_1_340' title='bbox 3201 2081 3262 2135; x_wconf 84' lang='lat' dir='ltr'><strong>ﬁt</strong></span> <span class='ocrx_word' id='word_1_341' title='bbox 3308 2082 3521 2145; x_wconf 89' lang='lat' dir='ltr'><strong>merito,</strong></span> 
     </span>
    </p>
   </div>
   <div class='ocr_carea' id='block_1_46' title="bbox 1948 2168 3520 2241">
    <p class='ocr_par' dir='ltr' id='par_1_46' title="bbox 1948 2168 3520 2241">
     <span class='ocr_line' id='line_1_46' title="bbox 1948 2168 3520 2241; baseline 0.004 -18"><span class='ocrx_word' id='word_1_342' title='bbox 1948 2174 2019 2223; x_wconf 83' lang='lat' dir='ltr'><strong>ut</strong></span> <span class='ocrx_word' id='word_1_343' title='bbox 2041 2168 2200 2224; x_wconf 92' lang='lat' dir='ltr'><strong>modo</strong></span> <span class='ocrx_word' id='word_1_344' title='bbox 2227 2183 2325 2239; x_wconf 86' lang='lat' dir='ltr'><strong>pro</strong></span> <span class='ocrx_word' id='word_1_345' title='bbox 2350 2170 2507 2239; x_wconf 89' lang='lat' dir='ltr'><strong>culpa</strong></span> <span class='ocrx_word' id='word_1_346' title='bbox 2532 2170 2705 2241; x_wconf 90' lang='lat' dir='ltr'><strong>plebis</strong></span> <span class='ocrx_word' id='word_1_347' title='bbox 2749 2170 3028 2227; x_wconf 82' lang='lat' dir='ltr'><strong>auferatur</strong></span> <span class='ocrx_word' id='word_1_348' title='bbox 3056 2187 3238 2229; x_wconf 88' lang='lat' dir='ltr'><strong>sermo</strong></span> <span class='ocrx_word' id='word_1_349' title='bbox 3265 2173 3520 2240; x_wconf 88' lang='lat' dir='ltr'><strong>doctoris,</strong></span> 
     </span>
    </p>
   </div>
   <div class='ocr_carea' id='block_1_47' title="bbox 1957 2256 3525 2327">
    <p class='ocr_par' dir='ltr' id='par_1_47' title="bbox 1957 2256 3525 2327">
     <span class='ocr_line' id='line_1_47' title="bbox 1957 2256 3525 2327; baseline 0.004 -16"><span class='ocrx_word' id='word_1_350' title='bbox 1957 2256 2118 2313; x_wconf 91' lang='lat' dir='ltr'><strong>modo</strong></span> <span class='ocrx_word' id='word_1_351' title='bbox 2145 2272 2244 2327; x_wconf 90' lang='lat' dir='ltr'><strong>pro</strong></span> <span class='ocrx_word' id='word_1_352' title='bbox 2269 2257 2498 2317; x_wconf 85' lang='lat' dir='ltr'><strong>utilitate</strong></span> <span class='ocrx_word' id='word_1_353' title='bbox 2525 2259 2754 2315; x_wconf 89' lang='lat' dir='ltr'><strong>rectoris</strong></span> <span class='ocrx_word' id='word_1_354' title='bbox 2784 2260 3074 2316; x_wconf 86' lang='lat' dir='ltr'><strong>tribuatur.</strong></span> <span class='ocrx_word' id='word_1_355' title='bbox 3117 2260 3253 2316; x_wconf 85' lang='lat' dir='ltr'><strong>Nam</strong></span> <span class='ocrx_word' id='word_1_356' title='bbox 3281 2271 3336 2317; x_wconf 90' lang='lat' dir='ltr'><strong>et</strong></span> <span class='ocrx_word' id='word_1_357' title='bbox 3353 2263 3525 2318; x_wconf 88' lang='lat' dir='ltr'><strong>bonus</strong></span> 
     </span>
    </p>
   </div>
   <div class='ocr_carea' id='block_1_48' title="bbox 1955 2346 3520 2419">
    <p class='ocr_par' dir='ltr' id='par_1_48' title="bbox 1955 2346 3520 2419">
     <span class='ocr_line' id='line_1_48' title="bbox 1955 2346 3520 2419; baseline 0.003 -15"><span class='ocrx_word' id='word_1_358' title='bbox 1955 2346 2112 2405; x_wconf 89' lang='lat' dir='ltr'><strong>docet</strong></span> <span class='ocrx_word' id='word_1_359' title='bbox 2159 2350 2382 2416; x_wconf 86' lang='lat' dir='ltr'><strong>bonum,</strong></span> <span class='ocrx_word' id='word_1_360' title='bbox 2414 2358 2470 2405; x_wconf 91' lang='lat' dir='ltr'><strong>et</strong></span> <span class='ocrx_word' id='word_1_361' title='bbox 2516 2351 2690 2407; x_wconf 87' lang='lat' dir='ltr'><strong>malus</strong></span> <span class='ocrx_word' id='word_1_362' title='bbox 2716 2351 2956 2417; x_wconf 86' lang='lat' dir='ltr'><strong>malum;</strong></span> <span class='ocrx_word' id='word_1_363' title='bbox 2997 2360 3053 2408; x_wconf 92' lang='lat' dir='ltr'><strong>et</strong></span> <span class='ocrx_word' id='word_1_364' title='bbox 3097 2353 3268 2409; x_wconf 92' lang='lat' dir='ltr'><strong>bonus</strong></span> <span class='ocrx_word' id='word_1_365' title='bbox 3299 2354 3520 2419; x_wconf 89' lang='lat' dir='ltr'><strong>malum,</strong></span> 
     </span>
    </p>
   </div>
   <div class='ocr_carea' id='block_1_49' title="bbox 1956 2440 3527 2515">
    <p class='ocr_par' dir='ltr' id='par_1_49' title="bbox 1956 2440 3527 2515">
     <span class='ocr_line' id='line_1_49' title="bbox 1956 2440 3527 2515; baseline 0.003 -20"><span class='ocrx_word' id='word_1_366' title='bbox 1956 2448 2013 2495; x_wconf 91' lang='lat' dir='ltr'><strong>et</strong></span> <span class='ocrx_word' id='word_1_367' title='bbox 2037 2440 2213 2496; x_wconf 85' lang='lat' dir='ltr'><strong>malus</strong></span> <span class='ocrx_word' id='word_1_368' title='bbox 2239 2441 2442 2497; x_wconf 89' lang='lat' dir='ltr'><strong>bonum</strong></span> <span class='ocrx_word' id='word_1_369' title='bbox 2467 2458 2482 2507; x_wconf 91' lang='lat'><strong>;</strong></span> <span class='ocrx_word' id='word_1_370' title='bbox 2523 2443 2667 2511; x_wconf 89' lang='lat' dir='ltr'><strong>quod</strong></span> <span class='ocrx_word' id='word_1_371' title='bbox 2690 2449 2869 2498; x_wconf 88' lang='lat' dir='ltr'><strong>tamen</strong></span> <span class='ocrx_word' id='word_1_372' title='bbox 2893 2440 3124 2511; x_wconf 79' lang='lat' dir='ltr'><strong>ﬁtjuxta</strong></span> <span class='ocrx_word' id='word_1_373' title='bbox 3151 2444 3404 2499; x_wconf 90' lang='lat' dir='ltr'><strong>meritum</strong></span> <span class='ocrx_word' id='word_1_374' title='bbox 3430 2459 3527 2515; x_wconf 88' lang='lat' dir='ltr'><strong>po-</strong></span> 
     </span>
    </p>
   </div>
   <div class='ocr_carea' id='block_1_50' title="bbox 1952 2529 3522 2604">
    <p class='ocr_par' dir='ltr' id='par_1_50' title="bbox 1952 2529 3522 2604">
     <span class='ocr_line' id='line_1_50' title="bbox 1952 2529 3522 2604; baseline 0.003 -19"><span class='ocrx_word' id='word_1_375' title='bbox 1952 2529 2225 2600; x_wconf 82' lang='lat' dir='ltr'><strong>pulorum.</strong></span> <span class='ocrx_word' id='word_1_376' title='bbox 2262 2530 2378 2586; x_wconf 85' lang='lat' dir='ltr'><strong>Non</strong></span> <span class='ocrx_word' id='word_1_377' title='bbox 2405 2531 2585 2587; x_wconf 85' lang='lat' dir='ltr'><strong>omnia</strong></span> <span class='ocrx_word' id='word_1_378' title='bbox 2630 2539 2867 2603; x_wconf 82' lang='lat' dir='ltr'><strong>tempora</strong></span> <span class='ocrx_word' id='word_1_379' title='bbox 2911 2542 3216 2604; x_wconf 87' lang='lat' dir='ltr'><strong>congruunt</strong></span> <span class='ocrx_word' id='word_1_380' title='bbox 3242 2534 3522 2602; x_wconf 61' lang='lat' dir='ltr'><strong>doetrinat,</strong></span> 
     </span>
    </p>
   </div>
   <div class='ocr_carea' id='block_1_51' title="bbox 1955 2620 3523 2696">
    <p class='ocr_par' dir='ltr' id='par_1_51' title="bbox 1955 2620 3523 2696">
     <span class='ocr_line' id='line_1_51' title="bbox 1955 2620 3523 2696; baseline 0.003 -21"><span class='ocrx_word' id='word_1_381' title='bbox 1955 2620 2259 2676; x_wconf 87' lang='lat' dir='ltr'><strong>secundum</strong></span> <span class='ocrx_word' id='word_1_382' title='bbox 2293 2621 2598 2679; x_wconf 88' lang='lat' dir='ltr'><strong>Salomonis</strong></span> <span class='ocrx_word' id='word_1_383' title='bbox 2620 2623 2941 2678; x_wconf 86' lang='lat' dir='ltr'><strong>sententiam</strong></span> <span class='ocrx_word' id='word_1_384' title='bbox 2977 2621 3248 2679; x_wconf 82' lang='lat' dir='ltr'><strong>dicentis:</strong></span> <span class='ocrx_word' id='word_1_385' title='bbox 3299 2623 3523 2696; x_wconf 81' lang='lat' dir='ltr'><strong>Tempus</strong></span> 
     </span>
    </p>
   </div>
   <div class='ocr_carea' id='block_1_52' title="bbox 1957 2713 3523 2787">
    <p class='ocr_par' dir='ltr' id='par_1_52' title="bbox 1957 2713 3523 2787">
     <span class='ocr_line' id='line_1_52' title="bbox 1957 2713 3523 2787; baseline 0.002 -20"><span class='ocrx_word' id='word_1_386' title='bbox 1957 2713 2165 2769; x_wconf 82' lang='lat' dir='ltr'><strong>tacendi</strong></span> <span class='ocrx_word' id='word_1_387' title='bbox 2188 2722 2240 2768; x_wconf 85' lang='lat' dir='ltr'><strong>et</strong></span> <span class='ocrx_word' id='word_1_388' title='bbox 2274 2723 2476 2785; x_wconf 84' lang='lat' dir='ltr'><strong>tempus</strong></span> <span class='ocrx_word' id='word_1_389' title='bbox 2510 2713 2754 2786; x_wconf 81' lang='lat' dir='ltr'><strong>loquendi</strong></span> <span class='ocrx_word' id='word_1_390' title='bbox 2811 2713 2980 2786; x_wconf 81' lang='lat' dir='ltr'><strong>(Eccl.</strong></span> <span class='ocrx_word' id='word_1_391' title='bbox 3010 2714 3114 2787; x_wconf 89' lang='grc' dir='ltr'><strong><em>ιιι).</em></strong></span> <span class='ocrx_word' id='word_1_392' title='bbox 3140 2714 3258 2770; x_wconf 82' lang='lat' dir='ltr'><strong>Non</strong></span> <span class='ocrx_word' id='word_1_393' title='bbox 3305 2716 3523 2785; x_wconf 88' lang='lat' dir='ltr'><strong>quidem</strong></span> 
     </span>
    </p>
   </div>
   <div class='ocr_carea' id='block_1_53' title="bbox 276 2803 3522 2895">
    <p class='ocr_par' dir='ltr' id='par_1_53' title="bbox 276 2803 3522 2895">
     <span class='ocr_line' id='line_1_53' title="bbox 276 2803 3522 2895; baseline -0.001 -18"><span class='ocrx_word' id='word_1_394' title='bbox 276 2823 478 2881; x_wconf 72' lang='lat' dir='ltr'><strong>(Marc.</strong></span> <span class='ocrx_word' id='word_1_395' title='bbox 531 2821 633 2895; x_wconf 77' lang='grc' dir='ltr'><strong><em>ιι),</em></strong></span> <span class='ocrx_word' id='word_1_396' title='bbox 686 2838 751 2878; x_wconf 86' lang='lat' dir='ltr'><strong>ac</strong></span> <span class='ocrx_word' id='word_1_397' title='bbox 776 2822 823 2877; x_wconf 89' lang='lat' dir='ltr'><strong>si</strong></span> <span class='ocrx_word' id='word_1_398' title='bbox 855 2821 1085 2893; x_wconf 89' lang='lat' dir='ltr'><strong>ﬁgurate</strong></span> <span class='ocrx_word' id='word_1_399' title='bbox 1116 2834 1213 2890; x_wconf 90' lang='lat' dir='ltr'><strong>per</strong></span> <span class='ocrx_word' id='word_1_400' title='bbox 1271 2818 1518 2874; x_wconf 88' lang='lat' dir='ltr'><strong>habitum</strong></span> <span class='ocrx_word' id='word_1_401' title='bbox 1551 2817 1852 2874; x_wconf 88' lang='lat' dir='ltr'><strong>sacerdotis</strong></span> <span class='ocrx_word' id='word_1_402' title='bbox 1953 2805 2367 2895; x_wconf 52' lang='grc' dir='ltr'><strong>Ρθνῑῖωοΐθηιτ</strong></span> <span class='ocrx_word' id='word_1_403' title='bbox 2391 2803 2485 2895; x_wconf 59' lang='lat' dir='ltr'><strong>59d</strong></span> <span class='ocrx_word' id='word_1_404' title='bbox 2511 2819 2609 2895; x_wconf 61' lang='lat' dir='ltr'><strong>Pe?</strong></span> <span class='ocrx_word' id='word_1_405' title='bbox 2634 2804 3056 2895; x_wconf 12' lang='lat' dir='ltr'><strong>Adisicrelionem:</strong></span> <span class='ocrx_word' id='word_1_406' title='bbox 3086 2811 3306 2875; x_wconf 70' lang='grc' dir='ltr'><strong>Ρνθριθτ</strong></span> <span class='ocrx_word' id='word_1_407' title='bbox 3349 2805 3522 2895; x_wconf 63' lang='lat' dir='ltr'><strong>malo‘</strong></span> 
     </span>
    </p>
   </div>
   <div class='ocr_carea' id='block_1_54' title="bbox 276 2893 1856 2985">
    <p class='ocr_par' dir='ltr' id='par_1_54' title="bbox 276 2893 1853 2985">
     <span class='ocr_line' id='line_1_54' title="bbox 276 2893 1853 2985; baseline -0.004 -16"><span class='ocrx_word' id='word_1_408' title='bbox 276 2915 472 2971; x_wconf 83' lang='lat' dir='ltr'><strong>dicat:</strong></span> <span class='ocrx_word' id='word_1_409' title='bbox 525 2893 659 2968; x_wconf 69' lang='lat' dir='ltr'><strong>ﬂata</strong></span> <span class='ocrx_word' id='word_1_410' title='bbox 707 2912 902 2985; x_wconf 91' lang='lat' dir='ltr'><strong>punica</strong></span> <span class='ocrx_word' id='word_1_411' title='bbox 963 2910 1338 2967; x_wconf 90' lang='lat' dir='ltr'><strong>tintinnabulis</strong></span> <span class='ocrx_word' id='word_1_412' title='bbox 1382 2908 1619 2981; x_wconf 87' lang='lat' dir='ltr'><strong>jungite,</strong></span> <span class='ocrx_word' id='word_1_413' title='bbox 1672 2918 1733 2964; x_wconf 93' lang='lat' dir='ltr'><strong>ut</strong></span> <span class='ocrx_word' id='word_1_414' title='bbox 1754 2923 1853 2979; x_wconf 90' lang='lat' dir='ltr'><strong>per</strong></span> 
     </span>
    </p>
   </div>
   <div class='ocr_carea' id='block_1_55' title="bbox 1959 2893 3525 2985">
    <p class='ocr_par' dir='ltr' id='par_1_55' title="bbox 1959 2893 3525 2966">
     <span class='ocr_line' id='line_1_55' title="bbox 1959 2893 3525 2966; baseline -0.002 -14"><span class='ocrx_word' id='word_1_415' title='bbox 1959 2908 2076 2952; x_wconf 88' lang='lat' dir='ltr'><strong>rum</strong></span> <span class='ocrx_word' id='word_1_416' title='bbox 2097 2894 2520 2966; x_wconf 87' lang='lat' dir='ltr'><strong>incorrigibilem</strong></span> <span class='ocrx_word' id='word_1_417' title='bbox 2575 2893 2933 2963; x_wconf 83' lang='lat' dir='ltr'><strong>iniquitatem,</strong></span> <span class='ocrx_word' id='word_1_418' title='bbox 2984 2908 3373 2963; x_wconf 84' lang='lat' dir='ltr'><strong>nonnunquam</strong></span> <span class='ocrx_word' id='word_1_419' title='bbox 3418 2893 3525 2949; x_wconf 77' lang='lat' dir='ltr'><strong>cle-</strong></span> 
     </span>
    </p>
   </div>
   <div class='ocr_carea' id='block_1_56' title="bbox 274 2985 1856 3076">
    <p class='ocr_par' dir='ltr' id='par_1_56' title="bbox 274 2990 1852 3076">
     <span class='ocr_line' id='line_1_56' title="bbox 274 2990 1852 3076; baseline -0.006 -15"><span class='ocrx_word' id='word_1_420' title='bbox 274 3004 462 3061; x_wconf 86' lang='lat' dir='ltr'><strong>omnia</strong></span> <span class='ocrx_word' id='word_1_421' title='bbox 500 3019 620 3076; x_wconf 78' lang='lat' dir='ltr'><strong>qua:</strong></span> <span class='ocrx_word' id='word_1_422' title='bbox 673 2990 872 3069; x_wconf 87' lang='lat' dir='ltr'><strong>dicitis,</strong></span> <span class='ocrx_word' id='word_1_423' title='bbox 907 3003 1172 3057; x_wconf 89' lang='lat' dir='ltr'><strong>unitatem</strong></span> <span class='ocrx_word' id='word_1_424' title='bbox 1231 3000 1357 3055; x_wconf 89' lang='lat' dir='ltr'><strong>ﬁdei</strong></span> <span class='ocrx_word' id='word_1_425' title='bbox 1405 3007 1563 3055; x_wconf 89' lang='lat' dir='ltr'><strong>cauta</strong></span> <span class='ocrx_word' id='word_1_426' title='bbox 1594 2999 1852 3055; x_wconf 80' lang='lat' dir='ltr'><strong>Observa-</strong></span> 
     </span>
    </p>
   </div>
   <div class='ocr_carea' id='block_1_57' title="bbox 1959 2985 3525 3076">
    <p class='ocr_par' dir='ltr' id='par_1_57' title="bbox 1959 2985 3525 3057">
     <span class='ocr_line' id='line_1_57' title="bbox 1959 2985 3525 3057; baseline -0.002 -13"><span class='ocrx_word' id='word_1_427' title='bbox 1959 2995 2072 3044; x_wconf 88' lang='lat' dir='ltr'><strong>ctos</strong></span> <span class='ocrx_word' id='word_1_428' title='bbox 2095 2994 2314 3057; x_wconf 88' lang='lat' dir='ltr'><strong>oportet</strong></span> <span class='ocrx_word' id='word_1_429' title='bbox 2333 3001 2365 3041; x_wconf 87' lang='lat' dir='ltr'><strong>a</strong></span> <span class='ocrx_word' id='word_1_430' title='bbox 2410 2986 2653 3042; x_wconf 85' lang='lat' dir='ltr'><strong>doctrina</strong></span> <span class='ocrx_word' id='word_1_431' title='bbox 2686 3001 2921 3041; x_wconf 84' lang='lat' dir='ltr'><strong>cessare.</strong></span> <span class='ocrx_word' id='word_1_432' title='bbox 2964 2985 3234 3041; x_wconf 82' lang='lat' dir='ltr'><strong>Interdum</strong></span> <span class='ocrx_word' id='word_1_433' title='bbox 3274 2986 3525 3041; x_wconf 84' lang='lat' dir='ltr'><strong>doctores</strong></span> 
     </span>
    </p>
   </div>
   <div class='ocr_carea' id='block_1_58' title="bbox 276 3074 1856 3160">
    <p class='ocr_par' dir='ltr' id='par_1_58' title="bbox 276 3074 1850 3160">
     <span class='ocr_line' id='line_1_58' title="bbox 276 3074 1850 3160; baseline -0.001 -12"><span class='ocrx_word' id='word_1_434' title='bbox 276 3096 429 3149; x_wconf 88' lang='lat' dir='ltr'><strong>tione</strong></span> <span class='ocrx_word' id='word_1_435' title='bbox 456 3074 701 3149; x_wconf 85' lang='lat' dir='ltr'><strong>teneatis.</strong></span> <span class='ocrx_word' id='word_1_436' title='bbox 740 3090 1007 3148; x_wconf 89' lang='lat' dir='ltr'><strong>Sacerdos</strong></span> <span class='ocrx_word' id='word_1_437' title='bbox 1035 3105 1249 3160; x_wconf 86' lang='lat' dir='ltr'><strong>semper</strong></span> <span class='ocrx_word' id='word_1_438' title='bbox 1297 3103 1485 3146; x_wconf 91' lang='lat' dir='ltr'><strong>vocem</strong></span> <span class='ocrx_word' id='word_1_439' title='bbox 1516 3090 1850 3159; x_wconf 65' lang='lat' dir='ltr'><strong>praedicatio-</strong></span> 
     </span>
    </p>
   </div>
   <div class='ocr_carea' id='block_1_59' title="bbox 1959 3074 3525 3160">
    <p class='ocr_par' dir='ltr' id='par_1_59' title="bbox 1959 3074 3525 3141">
     <span class='ocr_line' id='line_1_59' title="bbox 1959 3074 3525 3141; baseline -0.001 -9"><span class='ocrx_word' id='word_1_440' title='bbox 1959 3075 2211 3132; x_wconf 72' lang='lat' dir='ltr'><strong>Ecclesia:</strong></span> <span class='ocrx_word' id='word_1_441' title='bbox 2250 3074 2432 3131; x_wconf 87' lang='lat' dir='ltr'><strong>calore</strong></span> <span class='ocrx_word' id='word_1_442' title='bbox 2467 3075 2754 3131; x_wconf 82' lang='lat' dir='ltr'><strong>charitatis</strong></span> <span class='ocrx_word' id='word_1_443' title='bbox 2782 3075 3056 3141; x_wconf 86' lang='lat' dir='ltr'><strong>ardentes,</strong></span> <span class='ocrx_word' id='word_1_444' title='bbox 3103 3076 3475 3131; x_wconf 85' lang='lat' dir='ltr'><strong>conticescunt</strong></span> <span class='ocrx_word' id='word_1_445' title='bbox 3495 3092 3525 3130; x_wconf 89' lang='lat' dir='ltr'><strong>a</strong></span> 
     </span>
    </p>
   </div>
   <div class='ocr_carea' id='block_1_60' title="bbox 275 3139 3524 3253">
    <p class='ocr_par' dir='ltr' id='par_1_60' title="bbox 275 3139 3524 3253">
     <span class='ocr_line' id='line_1_60' title="bbox 275 3139 3524 3253; baseline -0.001 -12"><span class='ocrx_word' id='word_1_446' title='bbox 275 3187 366 3241; x_wconf 90' lang='lat' dir='ltr'><strong>nis</strong></span> <span class='ocrx_word' id='word_1_447' title='bbox 391 3185 604 3246; x_wconf 84' lang='lat' dir='ltr'><strong>habeat,</strong></span> <span class='ocrx_word' id='word_1_448' title='bbox 641 3199 707 3239; x_wconf 93' lang='lat' dir='ltr'><strong>ne</strong></span> <span class='ocrx_word' id='word_1_449' title='bbox 757 3183 976 3253; x_wconf 88' lang='lat' dir='ltr'><strong>superni</strong></span> <span class='ocrx_word' id='word_1_450' title='bbox 1030 3139 1353 3253; x_wconf 61' lang='lat' dir='ltr'><strong>specrtatoris</strong></span> <span class='ocrx_word' id='word_1_451' title='bbox 1385 3139 1650 3251; x_wconf 60' lang='lat' dir='ltr'><strong>judicium</strong></span> <span class='ocrx_word' id='word_1_452' title='bbox 1678 3196 1747 3237; x_wconf 77' lang='lat' dir='ltr'><strong>ex</strong></span> <span class='ocrx_word' id='word_1_453' title='bbox 1775 3182 1849 3237; x_wconf 83' lang='lat' dir='ltr'><strong>si-</strong></span> <span class='ocrx_word' id='word_1_454' title='bbox 1880 3139 1924 3202; x_wconf 63' lang='grc' dir='ltr'>Ο</span> <span class='ocrx_word' id='word_1_455' title='bbox 1956 3168 2219 3234; x_wconf 66' lang='grc' dir='ltr'><strong>ἀθεεηάον</strong></span> <span class='ocrx_word' id='word_1_456' title='bbox 2268 3168 2397 3237; x_wconf 64' lang='grc' dir='ltr'><strong><em>«ιιιίε</em></strong></span> <span class='ocrx_word' id='word_1_457' title='bbox 2442 3183 2548 3223; x_wconf 71' lang='grc' dir='ltr'><strong>υθη</strong></span> <span class='ocrx_word' id='word_1_458' title='bbox 2597 3172 2681 3223; x_wconf 72' lang='grc' dir='ltr'><strong>εει</strong></span> <span class='ocrx_word' id='word_1_459' title='bbox 2717 3167 2811 3237; x_wconf 62' lang='lat' dir='ltr'><strong>qui</strong></span> <span class='ocrx_word' id='word_1_460' title='bbox 2861 3167 3062 3231; x_wconf 65' lang='grc' dir='ltr'><strong>δπάίθιν</strong></span> <span class='ocrx_word' id='word_1_461' title='bbox 3117 3174 3351 3223; x_wconf 52' lang='lat' dir='ltr'><strong>“suum</strong></span> <span class='ocrx_word' id='word_1_462' title='bbox 3403 3182 3524 3238; x_wconf 71' lang='lat' dir='ltr'><strong>Pm&#39;</strong></span> 
     </span>
    </p>
   </div>
   <div class='ocr_carea' id='block_1_61' title="bbox 274 3274 1851 3357">
    <p class='ocr_par' dir='ltr' id='par_1_61' title="bbox 274 3274 1851 3357">
     <span class='ocr_line' id='line_1_61' title="bbox 274 3274 1851 3357; baseline -0.002 -25"><span class='ocrx_word' id='word_1_463' title='bbox 274 3278 448 3332; x_wconf 89' lang='lat' dir='ltr'><strong>lentio</strong></span> <span class='ocrx_word' id='word_1_464' title='bbox 466 3276 735 3332; x_wconf 85' lang='lat' dir='ltr'><strong>ostendat.</strong></span> <span class='ocrx_word' id='word_1_465' title='bbox 771 3288 798 3317; x_wconf 76' lang='grc' dir='ltr'><strong>ι</strong></span> <span class='ocrx_word' id='word_1_466' title='bbox 832 3274 1105 3345; x_wconf 88' lang='lat' dir='ltr'><strong>Scriptum</strong></span> <span class='ocrx_word' id='word_1_467' title='bbox 1159 3276 1359 3357; x_wconf 84' lang='lat' dir='ltr'><strong>quippe</strong></span> <span class='ocrx_word' id='word_1_468' title='bbox 1412 3289 1541 3332; x_wconf 89' lang='lat' dir='ltr'><strong>est:</strong></span> <span class='ocrx_word' id='word_1_469' title='bbox 1585 3276 1851 3331; x_wconf 84' lang='lat' dir='ltr'><strong>Audiatur</strong></span> 
     </span>
    </p>
   </div>
   <div class='ocr_carea' id='block_1_62' title="bbox 272 3364 1853 3439">
    <p class='ocr_par' dir='ltr' id='par_1_62' title="bbox 272 3364 1853 3439">
     <span class='ocr_line' id='line_1_62' title="bbox 272 3364 1853 3439; baseline 0 -18"><span class='ocrx_word' id='word_1_470' title='bbox 272 3368 502 3433; x_wconf 79' lang='lat' dir='ltr'><strong>sonitus,</strong></span> <span class='ocrx_word' id='word_1_471' title='bbox 525 3366 738 3439; x_wconf 85' lang='lat' dir='ltr'><strong>quando</strong></span> <span class='ocrx_word' id='word_1_472' title='bbox 781 3366 1090 3437; x_wconf 80' lang='lat' dir='ltr'><strong>ingreditur,</strong></span> <span class='ocrx_word' id='word_1_473' title='bbox 1150 3374 1242 3419; x_wconf 86' lang='lat' dir='ltr'><strong>aut</strong></span> <span class='ocrx_word' id='word_1_474' title='bbox 1295 3364 1564 3438; x_wconf 81' lang='lat' dir='ltr'><strong>egreditur</strong></span> <span class='ocrx_word' id='word_1_475' title='bbox 1603 3376 1853 3421; x_wconf 84' lang='lat' dir='ltr'><strong>sanctua-</strong></span> 
     </span>
    </p>
   </div>
   <div class='ocr_carea' id='block_1_63' title="bbox 274 3444 1849 3531">
    <p class='ocr_par' dir='ltr' id='par_1_63' title="bbox 274 3444 1849 3531">
     <span class='ocr_line' id='line_1_63' title="bbox 274 3444 1849 3531; baseline -0.001 -19"><span class='ocrx_word' id='word_1_476' title='bbox 274 3460 418 3514; x_wconf 76' lang='lat' dir='ltr'><strong>rittm</strong></span> <span class='ocrx_word' id='word_1_477' title='bbox 443 3460 497 3513; x_wconf 82' lang='lat' dir='ltr'><strong>in</strong></span> <span class='ocrx_word' id='word_1_478' title='bbox 521 3466 797 3530; x_wconf 83' lang='lat' dir='ltr'><strong>conspectu</strong></span> <span class='ocrx_word' id='word_1_479' title='bbox 839 3456 1077 3523; x_wconf 86' lang='lat' dir='ltr'><strong>Domini,</strong></span> <span class='ocrx_word' id='word_1_480' title='bbox 1104 3467 1152 3511; x_wconf 89' lang='lat' dir='ltr'><strong>et</strong></span> <span class='ocrx_word' id='word_1_481' title='bbox 1204 3474 1308 3513; x_wconf 82' lang='lat' dir='ltr'><strong>non</strong></span> <span class='ocrx_word' id='word_1_482' title='bbox 1344 3459 1604 3514; x_wconf 84' lang='lat' dir='ltr'><strong>moriatur</strong></span> <span class='ocrx_word' id='word_1_483' title='bbox 1648 3444 1849 3531; x_wconf 76' lang='lat' dir='ltr'><strong>(Exod.</strong></span> 
     </span>
    </p>
   </div>
   <div class='ocr_carea' id='block_1_64' title="bbox 273 3545 1852 3619">
    <p class='ocr_par' dir='ltr' id='par_1_64' title="bbox 273 3545 1852 3619">
     <span class='ocr_line' id='line_1_64' title="bbox 273 3545 1852 3619; baseline -0.002 -17"><span class='ocrx_word' id='word_1_484' title='bbox 273 3547 496 3619; x_wconf 76' lang='lat' dir='ltr'><strong>xxvnt).</strong></span> <span class='ocrx_word' id='word_1_485' title='bbox 558 3546 827 3603; x_wconf 89' lang='lat' dir='ltr'><strong>Sacerdos</strong></span> <span class='ocrx_word' id='word_1_486' title='bbox 881 3546 934 3602; x_wconf 92' lang='lat' dir='ltr'><strong>in</strong></span> <span class='ocrx_word' id='word_1_487' title='bbox 973 3546 1382 3603; x_wconf 90' lang='lat' dir='ltr'><strong>tabernaculum</strong></span> <span class='ocrx_word' id='word_1_488' title='bbox 1438 3545 1747 3616; x_wconf 86' lang='lat' dir='ltr'><strong>ingrediens</strong></span> <span class='ocrx_word' id='word_1_489' title='bbox 1766 3546 1852 3601; x_wconf 94' lang='lat' dir='ltr'><strong>vel</strong></span> 
     </span>
    </p>
   </div>
   <div class='ocr_carea' id='block_1_65' title="bbox 269 3639 1849 3713">
    <p class='ocr_par' dir='ltr' id='par_1_65' title="bbox 269 3639 1849 3713">
     <span class='ocr_line' id='line_1_65' title="bbox 269 3639 1849 3713; baseline 0 -18"><span class='ocrx_word' id='word_1_490' title='bbox 269 3641 561 3713; x_wconf 87' lang='lat' dir='ltr'><strong>egrediens</strong></span> <span class='ocrx_word' id='word_1_491' title='bbox 582 3641 829 3706; x_wconf 89' lang='lat' dir='ltr'><strong>moritur,</strong></span> <span class='ocrx_word' id='word_1_492' title='bbox 886 3640 934 3696; x_wconf 87' lang='lat' dir='ltr'><strong>si</strong></span> <span class='ocrx_word' id='word_1_493' title='bbox 963 3641 1029 3696; x_wconf 90' lang='lat' dir='ltr'><strong>de</strong></span> <span class='ocrx_word' id='word_1_494' title='bbox 1053 3655 1119 3696; x_wconf 92' lang='lat' dir='ltr'><strong>eo</strong></span> <span class='ocrx_word' id='word_1_495' title='bbox 1178 3640 1392 3696; x_wconf 89' lang='lat' dir='ltr'><strong>sonitus</strong></span> <span class='ocrx_word' id='word_1_496' title='bbox 1438 3655 1545 3695; x_wconf 90' lang='lat' dir='ltr'><strong>non</strong></span> <span class='ocrx_word' id='word_1_497' title='bbox 1586 3639 1849 3695; x_wconf 86' lang='lat' dir='ltr'><strong>auditur:</strong></span> 
     </span>
    </p>
   </div>
   <div class='ocr_carea' id='block_1_66' title="bbox 271 3729 1854 3804">
    <p class='ocr_par' dir='ltr' id='par_1_66' title="bbox 271 3729 1854 3804">
     <span class='ocr_line' id='line_1_66' title="bbox 271 3729 1854 3804; baseline 0.001 -18"><span class='ocrx_word' id='word_1_498' title='bbox 271 3732 404 3804; x_wconf 87' lang='lat' dir='ltr'><strong>quia</strong></span> <span class='ocrx_word' id='word_1_499' title='bbox 436 3731 570 3785; x_wconf 88' lang='lat' dir='ltr'><strong>iram</strong></span> <span class='ocrx_word' id='word_1_500' title='bbox 635 3739 820 3786; x_wconf 90' lang='lat' dir='ltr'><strong>contra</strong></span> <span class='ocrx_word' id='word_1_501' title='bbox 872 3746 932 3787; x_wconf 93' lang='lat' dir='ltr'><strong>se</strong></span> <span class='ocrx_word' id='word_1_502' title='bbox 984 3731 1183 3787; x_wconf 88' lang='lat' dir='ltr'><strong>occulti</strong></span> <span class='ocrx_word' id='word_1_503' title='bbox 1215 3729 1413 3801; x_wconf 77' lang='lat' dir='ltr'><strong>iudicis</strong></span> <span class='ocrx_word' id='word_1_504' title='bbox 1443 3731 1632 3802; x_wconf 75' lang='lat' dir='ltr'><strong>exigit,</strong></span> <span class='ocrx_word' id='word_1_505' title='bbox 1660 3732 1707 3787; x_wconf 92' lang='lat' dir='ltr'><strong>si</strong></span> <span class='ocrx_word' id='word_1_506' title='bbox 1733 3732 1854 3788; x_wconf 89' lang='lat' dir='ltr'><strong>sine</strong></span> 
     </span>
    </p>
   </div>
   <div class='ocr_carea' id='block_1_67' title="bbox 269 3821 1853 3894">
    <p class='ocr_par' dir='ltr' id='par_1_67' title="bbox 269 3821 1853 3894">
     <span class='ocr_line' id='line_1_67' title="bbox 269 3821 1853 3894; baseline 0 -16"><span class='ocrx_word' id='word_1_507' title='bbox 269 3821 677 3894; x_wconf 68' lang='lat' dir='ltr'><strong>praedicationis</strong></span> <span class='ocrx_word' id='word_1_508' title='bbox 727 3822 907 3878; x_wconf 86' lang='lat' dir='ltr'><strong>sonitu</strong></span> <span class='ocrx_word' id='word_1_509' title='bbox 933 3822 1152 3878; x_wconf 88' lang='lat' dir='ltr'><strong>incedit.</strong></span> <span class='ocrx_word' id='word_1_510' title='bbox 1185 3822 1323 3893; x_wconf 84' lang='lat' dir='ltr'><strong>Apte</strong></span> <span class='ocrx_word' id='word_1_511' title='bbox 1373 3833 1556 3878; x_wconf 90' lang='lat' dir='ltr'><strong>autem</strong></span> <span class='ocrx_word' id='word_1_512' title='bbox 1587 3823 1853 3879; x_wconf 90' lang='lat' dir='ltr'><strong>tintinna-</strong></span> 
     </span>
    </p>
   </div>
   <div class='ocr_carea' id='block_1_68' title="bbox 271 3912 1856 3985">
    <p class='ocr_par' dir='ltr' id='par_1_68' title="bbox 271 3912 1856 3985">
     <span class='ocr_line' id='line_1_68' title="bbox 271 3912 1856 3985; baseline 0.002 -17"><span class='ocrx_word' id='word_1_513' title='bbox 271 3914 403 3968; x_wconf 88' lang='lat' dir='ltr'><strong>bula</strong></span> <span class='ocrx_word' id='word_1_514' title='bbox 432 3913 768 3970; x_wconf 87' lang='lat' dir='ltr'><strong>vestimentis</strong></span> <span class='ocrx_word' id='word_1_515' title='bbox 790 3912 1062 3985; x_wconf 89' lang='lat' dir='ltr'><strong>pontiﬁcis</strong></span> <span class='ocrx_word' id='word_1_516' title='bbox 1092 3915 1474 3972; x_wconf 89' lang='lat' dir='ltr'><strong>describuntur</strong></span> <span class='ocrx_word' id='word_1_517' title='bbox 1494 3915 1721 3971; x_wconf 85' lang='lat' dir='ltr'><strong>inserta.</strong></span> <span class='ocrx_word' id='word_1_518' title='bbox 1748 3915 1856 3971; x_wconf 77' lang='lat' dir='ltr'><strong>Ye-</strong></span> 
     </span>
    </p>
   </div>
   <div class='ocr_carea' id='block_1_69' title="bbox 269 4003 1853 4076">
    <p class='ocr_par' dir='ltr' id='par_1_69' title="bbox 269 4003 1853 4076">
     <span class='ocr_line' id='line_1_69' title="bbox 269 4003 1853 4076; baseline 0.001 -17"><span class='ocrx_word' id='word_1_519' title='bbox 269 4005 537 4059; x_wconf 89' lang='lat' dir='ltr'><strong>stimenta</strong></span> <span class='ocrx_word' id='word_1_520' title='bbox 561 4003 759 4058; x_wconf 88' lang='lat' dir='ltr'><strong>etenim</strong></span> <span class='ocrx_word' id='word_1_521' title='bbox 799 4003 1097 4060; x_wconf 88' lang='lat' dir='ltr'><strong>sacerdotis</strong></span> <span class='ocrx_word' id='word_1_522' title='bbox 1140 4005 1270 4075; x_wconf 89' lang='lat' dir='ltr'><strong>quid</strong></span> <span class='ocrx_word' id='word_1_523' title='bbox 1320 4005 1465 4061; x_wconf 90' lang='lat' dir='ltr'><strong>aliud</strong></span> <span class='ocrx_word' id='word_1_524' title='bbox 1491 4020 1654 4076; x_wconf 89' lang='lat' dir='ltr'><strong>quam</strong></span> <span class='ocrx_word' id='word_1_525' title='bbox 1704 4010 1853 4061; x_wconf 89' lang='lat' dir='ltr'><strong>recta</strong></span> 
     </span>
    </p>
   </div>
   <div class='ocr_carea' id='block_1_70' title="bbox 268 4094 1853 4178">
    <p class='ocr_par' dir='ltr' id='par_1_70' title="bbox 268 4094 1853 4178">
     <span class='ocr_line' id='line_1_70' title="bbox 268 4094 1853 4178; baseline 0.001 -26"><span class='ocrx_word' id='word_1_526' title='bbox 268 4109 443 4168; x_wconf 85' lang='lat' dir='ltr'><strong>opera</strong></span> <span class='ocrx_word' id='word_1_527' title='bbox 497 4094 752 4178; x_wconf 69' lang='lat' dir='ltr'><strong>debemus</strong></span> <span class='ocrx_word' id='word_1_528' title='bbox 808 4096 1074 4166; x_wconf 89' lang='lat' dir='ltr'><strong>accipere,</strong></span> <span class='ocrx_word' id='word_1_529' title='bbox 1121 4097 1391 4167; x_wconf 89' lang='lat' dir='ltr'><strong>Propheta</strong></span> <span class='ocrx_word' id='word_1_530' title='bbox 1440 4104 1732 4154; x_wconf 89' lang='lat' dir='ltr'><strong>attestaute</strong></span> <span class='ocrx_word' id='word_1_531' title='bbox 1759 4100 1853 4169; x_wconf 88' lang='lat' dir='ltr'><strong>qui</strong></span> 
     </span>
    </p>
   </div>
   <div class='ocr_carea' id='block_1_71' title="bbox 273 4180 1851 4260">
    <p class='ocr_par' dir='ltr' id='par_1_71' title="bbox 273 4180 1851 4260">
     <span class='ocr_line' id='line_1_71' title="bbox 273 4180 1851 4260; baseline 0.004 -23"><span class='ocrx_word' id='word_1_532' title='bbox 273 4184 354 4238; x_wconf 87' lang='lat' dir='ltr'><strong>ait</strong></span> <span class='ocrx_word' id='word_1_533' title='bbox 379 4199 392 4236; x_wconf 91' lang='lat'><strong>:</strong></span> <span class='ocrx_word' id='word_1_534' title='bbox 420 4180 742 4238; x_wconf 78' lang='lat' dir='ltr'><strong>Sacerdotes</strong></span> <span class='ocrx_word' id='word_1_535' title='bbox 757 4184 835 4238; x_wconf 87' lang='lat' dir='ltr'><strong>tui</strong></span> <span class='ocrx_word' id='word_1_536' title='bbox 849 4183 1138 4239; x_wconf 83' lang='lat' dir='ltr'><strong>induantur</strong></span> <span class='ocrx_word' id='word_1_537' title='bbox 1144 4186 1408 4255; x_wconf 85' lang='lat' dir='ltr'><strong>justitiam</strong></span> <span class='ocrx_word' id='word_1_538' title='bbox 1433 4186 1608 4260; x_wconf 86' lang='lat' dir='ltr'><strong>(Psal.</strong></span> <span class='ocrx_word' id='word_1_539' title='bbox 1622 4187 1809 4260; x_wconf 74' lang='lat' dir='ltr'><strong>cxxxr)</strong></span> <span class='ocrx_word' id='word_1_540' title='bbox 1833 4205 1851 4252; x_wconf 84' lang='lat'><strong>;</strong></span> 
     </span>
    </p>
   </div>
   <div class='ocr_carea' id='block_1_72' title="bbox 273 4271 1856 4347">
    <p class='ocr_par' dir='ltr' id='par_1_72' title="bbox 273 4271 1856 4347">
     <span class='ocr_line' id='line_1_72' title="bbox 273 4271 1856 4347; baseline 0.007 -22"><span class='ocrx_word' id='word_1_541' title='bbox 273 4271 621 4328; x_wconf 85' lang='lat' dir='ltr'><strong>vestimentis</strong></span> <span class='ocrx_word' id='word_1_542' title='bbox 645 4273 828 4344; x_wconf 85' lang='lat' dir='ltr'><strong>itaque</strong></span> <span class='ocrx_word' id='word_1_543' title='bbox 851 4273 996 4331; x_wconf 90' lang='lat' dir='ltr'><strong>illius</strong></span> <span class='ocrx_word' id='word_1_544' title='bbox 1026 4276 1385 4332; x_wconf 88' lang='lat' dir='ltr'><strong>tintinnabula</strong></span> <span class='ocrx_word' id='word_1_545' title='bbox 1412 4277 1702 4347; x_wconf 77' lang='lat' dir='ltr'><strong>inhaerent,</strong></span> <span class='ocrx_word' id='word_1_546' title='bbox 1728 4279 1856 4336; x_wconf 67' lang='lat' dir='ltr'><strong>vitae</strong></span> 
     </span>
    </p>
   </div>
   <div class='ocr_carea' id='block_1_73' title="bbox 276 4363 1853 4441">
    <p class='ocr_par' dir='ltr' id='par_1_73' title="bbox 276 4363 1853 4441">
     <span class='ocr_line' id='line_1_73' title="bbox 276 4363 1853 4441; baseline 0.006 -24"><span class='ocrx_word' id='word_1_547' title='bbox 276 4364 449 4429; x_wconf 86' lang='lat' dir='ltr'><strong>viam,</strong></span> <span class='ocrx_word' id='word_1_548' title='bbox 482 4379 605 4419; x_wconf 92' lang='lat' dir='ltr'><strong>cum</strong></span> <span class='ocrx_word' id='word_1_549' title='bbox 634 4363 827 4435; x_wconf 67' lang='lat' dir='ltr'><strong>linguae</strong></span> <span class='ocrx_word' id='word_1_550' title='bbox 875 4365 1073 4431; x_wconf 87' lang='lat' dir='ltr'><strong>sonitu,</strong></span> <span class='ocrx_word' id='word_1_551' title='bbox 1100 4367 1216 4437; x_wconf 87' lang='lat' dir='ltr'><strong>ipsa</strong></span> <span class='ocrx_word' id='word_1_552' title='bbox 1250 4383 1468 4439; x_wconf 91' lang='lat' dir='ltr'><strong>quoque</strong></span> <span class='ocrx_word' id='word_1_553' title='bbox 1498 4369 1643 4425; x_wconf 90' lang='lat' dir='ltr'><strong>bona</strong></span> <span class='ocrx_word' id='word_1_554' title='bbox 1687 4385 1853 4441; x_wconf 88' lang='lat' dir='ltr'><strong>opera</strong></span> 
     </span>
    </p>
   </div>
   <div class='ocr_carea' id='block_1_74' title="bbox 275 4452 1928 4542">
    <p class='ocr_par' dir='ltr' id='par_1_74' title="bbox 275 4452 1928 4542">
     <span class='ocr_line' id='line_1_74' title="bbox 275 4452 1928 4542; baseline 0.002 -34"><span class='ocrx_word' id='word_1_555' title='bbox 275 4452 582 4510; x_wconf 84' lang='lat' dir='ltr'><strong>sacerdotis</strong></span> <span class='ocrx_word' id='word_1_556' title='bbox 621 4452 872 4509; x_wconf 86' lang='lat' dir='ltr'><strong>clament.</strong></span> <span class='ocrx_word' id='word_1_557' title='bbox 922 4452 1032 4509; x_wconf 83' lang='lat' dir='ltr'><strong>Nos</strong></span> <span class='ocrx_word' id='word_1_558' title='bbox 1063 4455 1191 4528; x_wconf 87' lang='lat' dir='ltr'><strong>quia</strong></span> <span class='ocrx_word' id='word_1_559' title='bbox 1233 4456 1435 4512; x_wconf 81' lang='lat' dir='ltr'><strong>inﬁmi</strong></span> <span class='ocrx_word' id='word_1_560' title='bbox 1486 4458 1736 4515; x_wconf 89' lang='lat' dir='ltr'><strong>homines</strong></span> <span class='ocrx_word' id='word_1_561' title='bbox 1764 4475 1852 4515; x_wconf 85' lang='lat' dir='ltr'><strong>su—</strong></span> <span class='ocrx_word' id='word_1_562' title='bbox 1874 4482 1928 4542; x_wconf 69' lang='grc' dir='ltr'><strong><em>Β</em></strong></span> 
     </span>
    </p>
   </div>
   <div class='ocr_carea' id='block_1_75' title="bbox 272 4542 1853 4617">
    <p class='ocr_par' dir='ltr' id='par_1_75' title="bbox 272 4542 1853 4617">
     <span class='ocr_line' id='line_1_75' title="bbox 272 4542 1853 4617; baseline 0.004 -20"><span class='ocrx_word' id='word_1_563' title='bbox 272 4556 427 4607; x_wconf 89' lang='lat' dir='ltr'><strong>mus,</strong></span> <span class='ocrx_word' id='word_1_564' title='bbox 475 4555 600 4596; x_wconf 91' lang='lat' dir='ltr'><strong>cum</strong></span> <span class='ocrx_word' id='word_1_565' title='bbox 651 4542 763 4599; x_wconf 89' lang='lat' dir='ltr'><strong>Deo</strong></span> <span class='ocrx_word' id='word_1_566' title='bbox 798 4544 865 4600; x_wconf 90' lang='lat' dir='ltr'><strong>de</strong></span> <span class='ocrx_word' id='word_1_567' title='bbox 910 4544 1220 4601; x_wconf 89' lang='lat' dir='ltr'><strong>hominibus</strong></span> <span class='ocrx_word' id='word_1_568' title='bbox 1268 4545 1562 4617; x_wconf 87' lang='lat' dir='ltr'><strong>loquimur,</strong></span> <span class='ocrx_word' id='word_1_569' title='bbox 1592 4547 1853 4603; x_wconf 88' lang='lat' dir='ltr'><strong>debemus</strong></span> 
     </span>
    </p>
   </div>
   <div class='ocr_carea' id='block_1_76' title="bbox 234 4633 1856 4711">
    <p class='ocr_par' dir='ltr' id='par_1_76' title="bbox 234 4633 1856 4711">
     <span class='ocr_line' id='line_1_76' title="bbox 234 4633 1856 4711; baseline 0.004 -25"><span class='ocrx_word' id='word_1_570' title='bbox 234 4708 237 4711; x_wconf 87' lang='lat'><em>_</em></span> <span class='ocrx_word' id='word_1_571' title='bbox 270 4633 517 4705; x_wconf 88' lang='lat' dir='ltr'><strong>primum</strong></span> <span class='ocrx_word' id='word_1_572' title='bbox 566 4634 875 4691; x_wconf 86' lang='lat' dir='ltr'><strong>meminisse</strong></span> <span class='ocrx_word' id='word_1_573' title='bbox 906 4635 1034 4705; x_wconf 88' lang='lat' dir='ltr'><strong>quid</strong></span> <span class='ocrx_word' id='word_1_574' title='bbox 1065 4651 1254 4691; x_wconf 90' lang='lat' dir='ltr'><strong>sumus</strong></span> <span class='ocrx_word' id='word_1_575' title='bbox 1281 4655 1293 4690; x_wconf 92' lang='lat'><strong>:</strong></span> <span class='ocrx_word' id='word_1_576' title='bbox 1332 4646 1392 4691; x_wconf 92' lang='lat' dir='ltr'><strong>ut</strong></span> <span class='ocrx_word' id='word_1_577' title='bbox 1415 4652 1483 4692; x_wconf 81' lang='lat' dir='ltr'><strong>ex</strong></span> <span class='ocrx_word' id='word_1_578' title='bbox 1516 4636 1739 4709; x_wconf 84' lang='lat' dir='ltr'><strong>prepria</strong></span> <span class='ocrx_word' id='word_1_579' title='bbox 1771 4637 1856 4693; x_wconf 91' lang='lat' dir='ltr'><strong>in-</strong></span> 
     </span>
    </p>
   </div>
   <div class='ocr_carea' id='block_1_77' title="bbox 274 4723 1868 4805">
    <p class='ocr_par' dir='ltr' id='par_1_77' title="bbox 274 4723 1868 4805">
     <span class='ocr_line' id='line_1_77' title="bbox 274 4723 1868 4805; baseline 0.004 -26"><span class='ocrx_word' id='word_1_580' title='bbox 274 4723 548 4780; x_wconf 85' lang='lat' dir='ltr'><strong>ﬁrmitate</strong></span> <span class='ocrx_word' id='word_1_581' title='bbox 580 4740 885 4796; x_wconf 89' lang='lat' dir='ltr'><strong>pensemus,</strong></span> <span class='ocrx_word' id='word_1_582' title='bbox 933 4741 1043 4796; x_wconf 88' lang='lat' dir='ltr'><strong>quo</strong></span> <span class='ocrx_word' id='word_1_583' title='bbox 1093 4727 1322 4783; x_wconf 90' lang='lat' dir='ltr'><strong>docendi</strong></span> <span class='ocrx_word' id='word_1_584' title='bbox 1365 4727 1556 4783; x_wconf 89' lang='lat' dir='ltr'><strong>ordine</strong></span> <span class='ocrx_word' id='word_1_585' title='bbox 1610 4728 1868 4805; x_wconf 82' lang='lat' dir='ltr'><strong>inﬁrmos</strong></span> 
     </span>
    </p>
   </div>
   <div class='ocr_carea' id='block_1_78' title="bbox 274 4814 1859 4891">
    <p class='ocr_par' dir='ltr' id='par_1_78' title="bbox 274 4814 1859 4891">
     <span class='ocr_line' id='line_1_78' title="bbox 274 4814 1859 4891; baseline 0.002 -20"><span class='ocrx_word' id='word_1_586' title='bbox 274 4814 486 4872; x_wconf 77' lang='lat' dir='ltr'><strong>fratres</strong></span> <span class='ocrx_word' id='word_1_587' title='bbox 514 4817 875 4874; x_wconf 89' lang='lat' dir='ltr'><strong>consolemur.</strong></span> <span class='ocrx_word' id='word_1_588' title='bbox 926 4818 1344 4876; x_wconf 90' lang='lat' dir='ltr'><strong>Consideremus</strong></span> <span class='ocrx_word' id='word_1_589' title='bbox 1386 4820 1569 4891; x_wconf 89' lang='lat' dir='ltr'><strong>igitur,</strong></span> <span class='ocrx_word' id='word_1_590' title='bbox 1598 4820 1723 4891; x_wconf 89' lang='lat' dir='ltr'><strong>quia</strong></span> <span class='ocrx_word' id='word_1_591' title='bbox 1765 4829 1859 4874; x_wconf 92' lang='lat' dir='ltr'><strong>aut</strong></span> 
     </span>
    </p>
   </div>
   <div class='ocr_carea' id='block_1_79' title="bbox 275 4908 1860 4983">
    <p class='ocr_par' dir='ltr' id='par_1_79' title="bbox 275 4908 1860 4983">
     <span class='ocr_line' id='line_1_79' title="bbox 275 4908 1860 4983; baseline 0.003 -20"><span class='ocrx_word' id='word_1_592' title='bbox 275 4908 424 4963; x_wconf 87' lang='lat' dir='ltr'><strong>tales</strong></span> <span class='ocrx_word' id='word_1_593' title='bbox 447 4923 656 4976; x_wconf 87' lang='lat' dir='ltr'><strong>sumus,</strong></span> <span class='ocrx_word' id='word_1_594' title='bbox 690 4910 878 4980; x_wconf 88' lang='lat' dir='ltr'><strong>quales</strong></span> <span class='ocrx_word' id='word_1_595' title='bbox 905 4912 1188 4968; x_wconf 90' lang='lat' dir='ltr'><strong>nonnullos</strong></span> <span class='ocrx_word' id='word_1_596' title='bbox 1212 4912 1534 4983; x_wconf 88' lang='lat' dir='ltr'><strong>corrigimus</strong></span> <span class='ocrx_word' id='word_1_597' title='bbox 1566 4930 1578 4965; x_wconf 92' lang='lat'><strong>:</strong></span> <span class='ocrx_word' id='word_1_598' title='bbox 1608 4923 1704 4966; x_wconf 89' lang='lat' dir='ltr'><strong>aut</strong></span> <span class='ocrx_word' id='word_1_599' title='bbox 1724 4911 1860 4967; x_wconf 89' lang='lat' dir='ltr'><strong>tales</strong></span> 
     </span>
    </p>
   </div>
   <div class='ocr_carea' id='block_1_80' title="bbox 274 4997 1860 5074">
    <p class='ocr_par' dir='ltr' id='par_1_80' title="bbox 274 4997 1860 5074">
     <span class='ocr_line' id='line_1_80' title="bbox 274 4997 1860 5074; baseline 0.003 -22"><span class='ocrx_word' id='word_1_600' title='bbox 274 4997 581 5067; x_wconf 83' lang='lat' dir='ltr'><strong>aliquando</strong></span> <span class='ocrx_word' id='word_1_601' title='bbox 614 4998 836 5066; x_wconf 79' lang='lat' dir='ltr'><strong>fuimus,</strong></span> <span class='ocrx_word' id='word_1_602' title='bbox 866 5001 968 5057; x_wconf 90' lang='lat' dir='ltr'><strong>etsi</strong></span> <span class='ocrx_word' id='word_1_603' title='bbox 993 4998 1107 5071; x_wconf 89' lang='lat' dir='ltr'><strong>jam</strong></span> <span class='ocrx_word' id='word_1_604' title='bbox 1154 5002 1336 5058; x_wconf 89' lang='lat' dir='ltr'><strong>divina</strong></span> <span class='ocrx_word' id='word_1_605' title='bbox 1371 5003 1544 5074; x_wconf 86' lang='lat' dir='ltr'><strong>gratia</strong></span> <span class='ocrx_word' id='word_1_606' title='bbox 1599 5009 1860 5072; x_wconf 89' lang='lat' dir='ltr'><strong>operante</strong></span> 
     </span>
    </p>
   </div>
   <div class='ocr_carea' id='block_1_81' title="bbox 274 5092 1860 5163">
    <p class='ocr_par' dir='ltr' id='par_1_81' title="bbox 274 5092 1860 5163">
     <span class='ocr_line' id='line_1_81' title="bbox 274 5092 1860 5163; baseline 0.001 -18"><span class='ocrx_word' id='word_1_607' title='bbox 274 5103 399 5145; x_wconf 87' lang='lat' dir='ltr'><strong>non</strong></span> <span class='ocrx_word' id='word_1_608' title='bbox 431 5103 621 5145; x_wconf 89' lang='lat' dir='ltr'><strong>sumus</strong></span> <span class='ocrx_word' id='word_1_609' title='bbox 650 5107 663 5144; x_wconf 92' lang='lat'><strong>:</strong></span> <span class='ocrx_word' id='word_1_610' title='bbox 698 5098 758 5145; x_wconf 92' lang='lat' dir='ltr'><strong>ut</strong></span> <span class='ocrx_word' id='word_1_611' title='bbox 786 5098 937 5147; x_wconf 90' lang='lat' dir='ltr'><strong>tanto</strong></span> <span class='ocrx_word' id='word_1_612' title='bbox 985 5106 1078 5148; x_wconf 88' lang='lat' dir='ltr'><strong>eos</strong></span> <span class='ocrx_word' id='word_1_613' title='bbox 1109 5092 1496 5163; x_wconf 89' lang='lat' dir='ltr'><strong>temperantius</strong></span> <span class='ocrx_word' id='word_1_614' title='bbox 1544 5092 1708 5149; x_wconf 90' lang='lat' dir='ltr'><strong>corde</strong></span> <span class='ocrx_word' id='word_1_615' title='bbox 1760 5092 1860 5146; x_wconf 89' lang='lat' dir='ltr'><strong>bu—</strong></span> 
     </span>
    </p>
   </div>
   <div class='ocr_carea' id='block_1_82' title="bbox 278 5176 1862 5257">
    <p class='ocr_par' dir='ltr' id='par_1_82' title="bbox 278 5176 1862 5257">
     <span class='ocr_line' id='line_1_82' title="bbox 278 5176 1862 5257; baseline 0.003 -24"><span class='ocrx_word' id='word_1_616' title='bbox 278 5176 407 5233; x_wconf 87' lang='lat' dir='ltr'><strong>mili</strong></span> <span class='ocrx_word' id='word_1_617' title='bbox 447 5178 803 5250; x_wconf 89' lang='lat' dir='ltr'><strong>corrigamus,</strong></span> <span class='ocrx_word' id='word_1_618' title='bbox 847 5189 1050 5251; x_wconf 90' lang='lat' dir='ltr'><strong>quanto</strong></span> <span class='ocrx_word' id='word_1_619' title='bbox 1094 5183 1455 5257; x_wconf 88' lang='lat' dir='ltr'><strong>nosmetipsos</strong></span> <span class='ocrx_word' id='word_1_620' title='bbox 1483 5184 1664 5238; x_wconf 89' lang='lat' dir='ltr'><strong>verius</strong></span> <span class='ocrx_word' id='word_1_621' title='bbox 1694 5183 1747 5236; x_wconf 93' lang='lat' dir='ltr'><strong>in</strong></span> <span class='ocrx_word' id='word_1_622' title='bbox 1775 5182 1862 5238; x_wconf 90' lang='lat' dir='ltr'><strong>his</strong></span> 
     </span>
    </p>
   </div>
   <div class='ocr_carea' id='block_1_83' title="bbox 277 5267 1862 5341">
    <p class='ocr_par' dir='ltr' id='par_1_83' title="bbox 277 5267 1862 5341">
     <span class='ocr_line' id='line_1_83' title="bbox 277 5267 1862 5341; baseline 0.004 -20"><span class='ocrx_word' id='word_1_623' title='bbox 277 5281 429 5338; x_wconf 83' lang='lat' dir='ltr'><strong>quos</strong></span> <span class='ocrx_word' id='word_1_624' title='bbox 449 5267 817 5337; x_wconf 81' lang='lat' dir='ltr'><strong>emendamus,</strong></span> <span class='ocrx_word' id='word_1_625' title='bbox 875 5272 1236 5341; x_wconf 89' lang='lat' dir='ltr'><strong>agnoscimus.</strong></span> <span class='ocrx_word' id='word_1_626' title='bbox 1293 5271 1352 5327; x_wconf 89' lang='lat' dir='ltr'><strong>Si</strong></span> <span class='ocrx_word' id='word_1_627' title='bbox 1400 5287 1501 5327; x_wconf 91' lang='lat' dir='ltr'><strong>nos</strong></span> <span class='ocrx_word' id='word_1_628' title='bbox 1548 5272 1862 5327; x_wconf 87' lang='lat' dir='ltr'><strong>sacerdotes</strong></span> 
     </span>
    </p>
   </div>
   <div class='ocr_carea' id='block_1_84' title="bbox 281 5357 1865 5432">
    <p class='ocr_par' dir='ltr' id='par_1_84' title="bbox 281 5357 1865 5432">
     <span class='ocr_line' id='line_1_84' title="bbox 281 5357 1865 5432; baseline 0.004 -21"><span class='ocrx_word' id='word_1_629' title='bbox 281 5357 430 5412; x_wconf 84' lang='lat' dir='ltr'><strong>tales</strong></span> <span class='ocrx_word' id='word_1_630' title='bbox 463 5372 563 5413; x_wconf 89' lang='lat' dir='ltr'><strong>nec</strong></span> <span class='ocrx_word' id='word_1_631' title='bbox 582 5372 789 5427; x_wconf 90' lang='lat' dir='ltr'><strong>sumus,</strong></span> <span class='ocrx_word' id='word_1_632' title='bbox 824 5376 928 5417; x_wconf 81' lang='lat' dir='ltr'><strong>nec</strong></span> <span class='ocrx_word' id='word_1_633' title='bbox 958 5361 1158 5418; x_wconf 81' lang='lat' dir='ltr'><strong>fuimus</strong></span> <span class='ocrx_word' id='word_1_634' title='bbox 1190 5362 1378 5432; x_wconf 88' lang='lat' dir='ltr'><strong>quales</strong></span> <span class='ocrx_word' id='word_1_635' title='bbox 1423 5361 1599 5417; x_wconf 90' lang='lat' dir='ltr'><strong>adhuc</strong></span> <span class='ocrx_word' id='word_1_636' title='bbox 1631 5361 1708 5417; x_wconf 89' lang='lat' dir='ltr'><strong>illi</strong></span> <span class='ocrx_word' id='word_1_637' title='bbox 1737 5371 1865 5418; x_wconf 90' lang='lat' dir='ltr'><strong>sunt</strong></span> 
     </span>
    </p>
   </div>
   <div class='ocr_carea' id='block_1_85' title="bbox 280 5449 1865 5515">
    <p class='ocr_par' dir='ltr' id='par_1_85' title="bbox 280 5449 1865 5515">
     <span class='ocr_line' id='line_1_85' title="bbox 280 5449 1865 5515; baseline 0.005 -16"><span class='ocrx_word' id='word_1_638' title='bbox 280 5460 431 5515; x_wconf 89' lang='lat' dir='ltr'><strong>quos</strong></span> <span class='ocrx_word' id='word_1_639' title='bbox 456 5449 744 5504; x_wconf 89' lang='lat' dir='ltr'><strong>emendare</strong></span> <span class='ocrx_word' id='word_1_640' title='bbox 764 5466 1018 5508; x_wconf 88' lang='lat' dir='ltr'><strong>curamus</strong></span> <span class='ocrx_word' id='word_1_641' title='bbox 1049 5470 1062 5506; x_wconf 92' lang='lat'><strong>:</strong></span> <span class='ocrx_word' id='word_1_642' title='bbox 1103 5467 1171 5509; x_wconf 89' lang='lat' dir='ltr'><strong>ne</strong></span> <span class='ocrx_word' id='word_1_643' title='bbox 1202 5468 1295 5507; x_wconf 89' lang='lat' dir='ltr'><strong>cor</strong></span> <span class='ocrx_word' id='word_1_644' title='bbox 1327 5460 1572 5507; x_wconf 89' lang='lat' dir='ltr'><strong>nostrum</strong></span> <span class='ocrx_word' id='word_1_645' title='bbox 1606 5452 1745 5507; x_wconf 84' lang='lat' dir='ltr'><strong>forte</strong></span> <span class='ocrx_word' id='word_1_646' title='bbox 1775 5466 1865 5507; x_wconf 91' lang='lat' dir='ltr'><strong>su-</strong></span> 
     </span>
    </p>
   </div>
   <div class='ocr_carea' id='block_1_86' title="bbox 282 5538 1862 5614">
    <p class='ocr_par' dir='ltr' id='par_1_86' title="bbox 282 5538 1862 5614">
     <span class='ocr_line' id='line_1_86' title="bbox 282 5538 1862 5614; baseline 0.008 -26"><span class='ocrx_word' id='word_1_647' title='bbox 282 5538 527 5608; x_wconf 83' lang='lat' dir='ltr'><strong>perbiat,</strong></span> <span class='ocrx_word' id='word_1_648' title='bbox 551 5549 605 5595; x_wconf 89' lang='lat' dir='ltr'><strong>et</strong></span> <span class='ocrx_word' id='word_1_649' title='bbox 628 5539 694 5595; x_wconf 91' lang='lat' dir='ltr'><strong>de</strong></span> <span class='ocrx_word' id='word_1_650' title='bbox 722 5541 835 5611; x_wconf 86' lang='lat' dir='ltr'><strong>ipsa</strong></span> <span class='ocrx_word' id='word_1_651' title='bbox 866 5542 1174 5599; x_wconf 86' lang='lat' dir='ltr'><strong>innocentia</strong></span> <span class='ocrx_word' id='word_1_652' title='bbox 1204 5544 1257 5598; x_wconf 91' lang='lat' dir='ltr'><strong>in</strong></span> <span class='ocrx_word' id='word_1_653' title='bbox 1287 5543 1438 5614; x_wconf 81' lang='lat' dir='ltr'><strong>pejus</strong></span> <span class='ocrx_word' id='word_1_654' title='bbox 1470 5552 1606 5610; x_wconf 88' lang='lat' dir='ltr'><strong>ruat,</strong></span> <span class='ocrx_word' id='word_1_655' title='bbox 1634 5559 1862 5614; x_wconf 90' lang='lat' dir='ltr'><strong>quorum</strong></span> 
     </span>
    </p>
   </div>
   <div class='ocr_carea' id='block_1_87' title="bbox 287 5628 1858 5700">
    <p class='ocr_par' dir='ltr' id='par_1_87' title="bbox 287 5628 1858 5700">
     <span class='ocr_line' id='line_1_87' title="bbox 287 5628 1858 5700; baseline 0.006 -21"><span class='ocrx_word' id='word_1_656' title='bbox 287 5628 436 5682; x_wconf 84' lang='lat' dir='ltr'><strong>mala</strong></span> <span class='ocrx_word' id='word_1_657' title='bbox 462 5630 802 5700; x_wconf 83' lang='lat' dir='ltr'><strong>corrigimus,</strong></span> <span class='ocrx_word' id='word_1_658' title='bbox 854 5632 954 5687; x_wconf 85' lang='lat' dir='ltr'><strong>alia</strong></span> <span class='ocrx_word' id='word_1_659' title='bbox 980 5649 1165 5689; x_wconf 81' lang='lat' dir='ltr'><strong>eorum</strong></span> <span class='ocrx_word' id='word_1_660' title='bbox 1193 5637 1330 5689; x_wconf 88' lang='lat' dir='ltr'><strong>bona</strong></span> <span class='ocrx_word' id='word_1_661' title='bbox 1361 5635 1518 5689; x_wconf 79' lang='lat' dir='ltr'><strong>nobis</strong></span> <span class='ocrx_word' id='word_1_662' title='bbox 1568 5643 1691 5688; x_wconf 79' lang='lat' dir='ltr'><strong>ante</strong></span> <span class='ocrx_word' id='word_1_663' title='bbox 1722 5650 1858 5689; x_wconf 81' lang='lat' dir='ltr'><strong>ocu-</strong></span> 
     </span>
    </p>
   </div>
   <div class='ocr_carea' id='block_1_88' title="bbox 1952 3257 3526 3331">
    <p class='ocr_par' dir='ltr' id='par_1_88' title="bbox 1952 3257 3526 3331">
     <span class='ocr_line' id='line_1_88' title="bbox 1952 3257 3526 3331; baseline 0.001 -17"><span class='ocrx_word' id='word_1_664' title='bbox 1952 3259 2157 3330; x_wconf 83' lang='lat' dir='ltr'><strong>pheta:</strong></span> <span class='ocrx_word' id='word_1_665' title='bbox 2198 3257 2448 3313; x_wconf 77' lang='lat' dir='ltr'><strong>Civitates</strong></span> <span class='ocrx_word' id='word_1_666' title='bbox 2498 3258 2680 3313; x_wconf 81' lang='lat' dir='ltr'><strong>Austri</strong></span> <span class='ocrx_word' id='word_1_667' title='bbox 2721 3258 2917 3313; x_wconf 73' lang='lat' dir='ltr'><strong>clausa:</strong></span> <span class='ocrx_word' id='word_1_668' title='bbox 2945 3269 3090 3325; x_wconf 82' lang='lat' dir='ltr'><strong>sum,</strong></span> <span class='ocrx_word' id='word_1_669' title='bbox 3117 3269 3165 3314; x_wconf 82' lang='lat' dir='ltr'><strong>et</strong></span> <span class='ocrx_word' id='word_1_670' title='bbox 3199 3260 3309 3314; x_wconf 82' lang='lat' dir='ltr'><strong>non’</strong></span> <span class='ocrx_word' id='word_1_671' title='bbox 3330 3270 3407 3315; x_wconf 85' lang='lat' dir='ltr'><strong>est</strong></span> <span class='ocrx_word' id='word_1_672' title='bbox 3435 3264 3526 3331; x_wconf 83' lang='lat' dir='ltr'><strong>qui</strong></span> 
     </span>
    </p>
   </div>
   <div class='ocr_carea' id='block_1_89' title="bbox 1953 3346 3529 3421">
    <p class='ocr_par' dir='ltr' id='par_1_89' title="bbox 1953 3346 3529 3421">
     <span class='ocr_line' id='line_1_89' title="bbox 1953 3346 3529 3421; baseline 0.003 -20"><span class='ocrx_word' id='word_1_673' title='bbox 1953 3348 2155 3418; x_wconf 86' lang='lat' dir='ltr'><strong>aperiat</strong></span> <span class='ocrx_word' id='word_1_674' title='bbox 2184 3346 2322 3419; x_wconf 81' lang='lat' dir='ltr'><strong>(Jer.</strong></span> <span class='ocrx_word' id='word_1_675' title='bbox 2352 3347 2494 3419; x_wconf 76' lang='lat' dir='ltr'><strong>nn).</strong></span> <span class='ocrx_word' id='word_1_676' title='bbox 2533 3348 2636 3416; x_wconf 85' lang='lat' dir='ltr'><strong>Qui</strong></span> <span class='ocrx_word' id='word_1_677' title='bbox 2657 3349 2884 3405; x_wconf 85' lang='lat' dir='ltr'><strong>docendi</strong></span> <span class='ocrx_word' id='word_1_678' title='bbox 2928 3349 3124 3421; x_wconf 88' lang='lat' dir='ltr'><strong>accipit</strong></span> <span class='ocrx_word' id='word_1_679' title='bbox 3154 3349 3423 3416; x_wconf 80' lang='lat' dir='ltr'><strong>olﬁcium,‘</strong></span> <span class='ocrx_word' id='word_1_680' title='bbox 3444 3351 3529 3406; x_wconf 89' lang='lat' dir='ltr'><strong>in-</strong></span> 
     </span>
    </p>
   </div>
   <div class='ocr_carea' id='block_1_90' title="bbox 1952 3438 3527 3510">
    <p class='ocr_par' dir='ltr' id='par_1_90' title="bbox 1952 3438 3527 3510">
     <span class='ocr_line' id='line_1_90' title="bbox 1952 3438 3527 3510; baseline 0.001 -15"><span class='ocrx_word' id='word_1_681' title='bbox 1952 3441 2167 3496; x_wconf 87' lang='lat' dir='ltr'><strong>terdum</strong></span> <span class='ocrx_word' id='word_1_682' title='bbox 2213 3439 2282 3494; x_wconf 89' lang='lat' dir='ltr'><strong>ad</strong></span> <span class='ocrx_word' id='word_1_683' title='bbox 2306 3447 2519 3510; x_wconf 88' lang='lat' dir='ltr'><strong>tempus</strong></span> <span class='ocrx_word' id='word_1_684' title='bbox 2557 3438 2701 3495; x_wconf 80' lang='lat' dir='ltr'><strong>facta</strong></span> <span class='ocrx_word' id='word_1_685' title='bbox 2728 3441 2974 3510; x_wconf 81' lang='lat' dir='ltr'><strong>proxime</strong></span> <span class='ocrx_word' id='word_1_686' title='bbox 3007 3448 3208 3506; x_wconf 88' lang='lat' dir='ltr'><strong>taceat,</strong></span> <span class='ocrx_word' id='word_1_687' title='bbox 3264 3456 3384 3510; x_wconf 83' lang='lat' dir='ltr'><strong>quae</strong></span> <span class='ocrx_word' id='word_1_688' title='bbox 3417 3450 3527 3496; x_wconf 75' lang='lat' dir='ltr'><strong>sta-</strong></span> 
     </span>
    </p>
   </div>
   <div class='ocr_carea' id='block_1_91' title="bbox 1957 3527 3528 3599">
    <p class='ocr_par' dir='ltr' id='par_1_91' title="bbox 1957 3527 3528 3599">
     <span class='ocr_line' id='line_1_91' title="bbox 1957 3527 3528 3599; baseline 0.002 -17"><span class='ocrx_word' id='word_1_689' title='bbox 1957 3528 2051 3582; x_wconf 91' lang='lat' dir='ltr'><strong>tim</strong></span> <span class='ocrx_word' id='word_1_690' title='bbox 2080 3527 2355 3599; x_wconf 87' lang='lat' dir='ltr'><strong>corrigere</strong></span> <span class='ocrx_word' id='word_1_691' title='bbox 2399 3542 2744 3599; x_wconf 88' lang='lat' dir='ltr'><strong>nequaquam</strong></span> <span class='ocrx_word' id='word_1_692' title='bbox 2787 3529 3078 3584; x_wconf 80' lang='lat' dir='ltr'><strong>existimat.</strong></span> <span class='ocrx_word' id='word_1_693' title='bbox 3112 3528 3246 3585; x_wconf 81' lang='lat' dir='ltr'><strong>Nam</strong></span> <span class='ocrx_word' id='word_1_694' title='bbox 3274 3532 3320 3587; x_wconf 89' lang='lat' dir='ltr'><strong>si</strong></span> <span class='ocrx_word' id='word_1_695' title='bbox 3357 3531 3528 3586; x_wconf 57' lang='lat' dir='ltr'><strong>coni-</strong></span> 
     </span>
    </p>
   </div>
   <div class='ocr_carea' id='block_1_92' title="bbox 1952 3606 3527 3693">
    <p class='ocr_par' dir='ltr' id='par_1_92' title="bbox 1952 3606 3527 3693">
     <span class='ocr_line' id='line_1_92' title="bbox 1952 3606 3527 3693; baseline 0.001 -16"><span class='ocrx_word' id='word_1_696' title='bbox 1952 3632 2081 3692; x_wconf 83' lang='lat' dir='ltr'><strong>gere</strong></span> <span class='ocrx_word' id='word_1_697' title='bbox 2102 3627 2283 3691; x_wconf 88' lang='lat' dir='ltr'><strong>potest</strong></span> <span class='ocrx_word' id='word_1_698' title='bbox 2305 3627 2362 3676; x_wconf 89' lang='lat' dir='ltr'><strong>et</strong></span> <span class='ocrx_word' id='word_1_699' title='bbox 2401 3620 2725 3687; x_wconf 84' lang='lat' dir='ltr'><strong>dissimulat,</strong></span> <span class='ocrx_word' id='word_1_700' title='bbox 2755 3636 2944 3677; x_wconf 89' lang='lat' dir='ltr'><strong>verum</strong></span> <span class='ocrx_word' id='word_1_701' title='bbox 2980 3606 3076 3677; x_wconf 83' lang='lat' dir='ltr'><strong>est</strong></span> <span class='ocrx_word' id='word_1_702' title='bbox 3123 3623 3268 3693; x_wconf 91' lang='lat' dir='ltr'><strong>quod</strong></span> <span class='ocrx_word' id='word_1_703' title='bbox 3296 3636 3527 3679; x_wconf 89' lang='lat' dir='ltr'><strong>consen-</strong></span> 
     </span>
    </p>
   </div>
   <div class='ocr_carea' id='block_1_93' title="bbox 1952 3709 3527 3782">
    <p class='ocr_par' dir='ltr' id='par_1_93' title="bbox 1952 3709 3527 3782">
     <span class='ocr_line' id='line_1_93' title="bbox 1952 3709 3527 3782; baseline 0.004 -18"><span class='ocrx_word' id='word_1_704' title='bbox 1952 3724 2075 3764; x_wconf 87' lang='lat' dir='ltr'><strong>sum</strong></span> <span class='ocrx_word' id='word_1_705' title='bbox 2104 3709 2310 3766; x_wconf 85' lang='lat' dir='ltr'><strong>erroris</strong></span> <span class='ocrx_word' id='word_1_706' title='bbox 2337 3709 2498 3765; x_wconf 89' lang='lat' dir='ltr'><strong>alieni</strong></span> <span class='ocrx_word' id='word_1_707' title='bbox 2527 3710 2744 3767; x_wconf 84' lang='lat' dir='ltr'><strong>habeat.</strong></span> <span class='ocrx_word' id='word_1_708' title='bbox 2769 3711 3020 3782; x_wconf 76' lang='lat' dir='ltr'><strong>Plerique</strong></span> <span class='ocrx_word' id='word_1_709' title='bbox 3061 3714 3234 3768; x_wconf 87' lang='lat' dir='ltr'><strong>sancti</strong></span> <span class='ocrx_word' id='word_1_710' title='bbox 3278 3714 3527 3770; x_wconf 89' lang='lat' dir='ltr'><strong>doctores</strong></span> 
     </span>
    </p>
   </div>
   <div class='ocr_carea' id='block_1_94' title="bbox 1952 3799 3527 3873">
    <p class='ocr_par' dir='ltr' id='par_1_94' title="bbox 1952 3799 3527 3873">
     <span class='ocr_line' id='line_1_94' title="bbox 1952 3799 3527 3873; baseline 0.004 -19"><span class='ocrx_word' id='word_1_711' title='bbox 1952 3814 2055 3870; x_wconf 91' lang='lat' dir='ltr'><strong>pro</strong></span> <span class='ocrx_word' id='word_1_712' title='bbox 2099 3799 2231 3855; x_wconf 84' lang='lat' dir='ltr'><strong>mali</strong></span> <span class='ocrx_word' id='word_1_713' title='bbox 2281 3800 2598 3870; x_wconf 83' lang='lat' dir='ltr'><strong>pertinacia,</strong></span> <span class='ocrx_word' id='word_1_714' title='bbox 2644 3802 2773 3873; x_wconf 84' lang='lat' dir='ltr'><strong>quia</strong></span> <span class='ocrx_word' id='word_1_715' title='bbox 2820 3802 3033 3873; x_wconf 88' lang='lat' dir='ltr'><strong>iniquos</strong></span> <span class='ocrx_word' id='word_1_716' title='bbox 3086 3804 3384 3862; x_wconf 88' lang='lat' dir='ltr'><strong>emendare</strong></span> <span class='ocrx_word' id='word_1_717' title='bbox 3434 3820 3527 3861; x_wconf 87' lang='lat' dir='ltr'><strong>nc-</strong></span> 
     </span>
    </p>
   </div>
   <div class='ocr_carea' id='block_1_95' title="bbox 1946 3889 3527 3967">
    <p class='ocr_par' dir='ltr' id='par_1_95' title="bbox 1946 3889 3527 3967">
     <span class='ocr_line' id='line_1_95' title="bbox 1946 3889 3527 3967; baseline 0.006 -24"><span class='ocrx_word' id='word_1_718' title='bbox 1946 3897 2181 3959; x_wconf 26' lang='lat' dir='ltr'><strong>oqueunt,</strong></span> <span class='ocrx_word' id='word_1_719' title='bbox 2211 3889 2298 3946; x_wconf 88' lang='lat' dir='ltr'><strong>his</strong></span> <span class='ocrx_word' id='word_1_720' title='bbox 2329 3897 2512 3947; x_wconf 88' lang='lat' dir='ltr'><strong>tacere</strong></span> <span class='ocrx_word' id='word_1_721' title='bbox 2543 3891 2875 3963; x_wconf 84' lang='lat' dir='ltr'><strong>disponunt:</strong></span> <span class='ocrx_word' id='word_1_722' title='bbox 2912 3894 3006 3949; x_wconf 89' lang='lat' dir='ltr'><strong>sed</strong></span> <span class='ocrx_word' id='word_1_723' title='bbox 3042 3893 3277 3950; x_wconf 87' lang='lat' dir='ltr'><strong>calorem</strong></span> <span class='ocrx_word' id='word_1_724' title='bbox 3304 3897 3527 3967; x_wconf 90' lang='lat' dir='ltr'><strong>spiritus</strong></span> 
     </span>
    </p>
   </div>
   <div class='ocr_carea' id='block_1_96' title="bbox 1954 3981 3525 4051">
    <p class='ocr_par' dir='ltr' id='par_1_96' title="bbox 1954 3981 3525 4051">
     <span class='ocr_line' id='line_1_96' title="bbox 1954 3981 3525 4051; baseline 0.005 -17"><span class='ocrx_word' id='word_1_725' title='bbox 1954 3995 2066 4051; x_wconf 90' lang='lat' dir='ltr'><strong>quo</strong></span> <span class='ocrx_word' id='word_1_726' title='bbox 2094 3989 2356 4051; x_wconf 88' lang='lat' dir='ltr'><strong>aguntur,</strong></span> <span class='ocrx_word' id='word_1_727' title='bbox 2403 3981 2549 4037; x_wconf 81' lang='lat' dir='ltr'><strong>ferre</strong></span> <span class='ocrx_word' id='word_1_728' title='bbox 2588 3997 2694 4037; x_wconf 90' lang='lat' dir='ltr'><strong>non</strong></span> <span class='ocrx_word' id='word_1_729' title='bbox 2731 3983 3082 4051; x_wconf 82' lang='lat' dir='ltr'><strong>sustinentes,</strong></span> <span class='ocrx_word' id='word_1_730' title='bbox 3133 3984 3331 4040; x_wconf 86' lang='lat' dir='ltr'><strong>iterum</strong></span> <span class='ocrx_word' id='word_1_731' title='bbox 3361 3986 3417 4041; x_wconf 91' lang='lat' dir='ltr'><strong>in</strong></span> <span class='ocrx_word' id='word_1_732' title='bbox 3442 3986 3525 4042; x_wconf 92' lang='lat' dir='ltr'><strong>in-</strong></span> 
     </span>
    </p>
   </div>
   <div class='ocr_carea' id='block_1_97' title="bbox 1953 4073 2974 4145">
    <p class='ocr_par' dir='ltr' id='par_1_97' title="bbox 1953 4073 2974 4145">
     <span class='ocr_line' id='line_1_97' title="bbox 1953 4073 2974 4145; baseline 0 -16"><span class='ocrx_word' id='word_1_733' title='bbox 1953 4073 2322 4145; x_wconf 83' lang='lat' dir='ltr'><strong>crepationem</strong></span> <span class='ocrx_word' id='word_1_734' title='bbox 2344 4073 2634 4145; x_wconf 84' lang='lat' dir='ltr'><strong>prosiliunt</strong></span> <span class='ocrx_word' id='word_1_735' title='bbox 2667 4074 2974 4145; x_wconf 89' lang='lat' dir='ltr'><strong>impiorum.</strong></span> 
     </span>
    </p>
   </div>
   <div class='ocr_carea' id='block_1_98' title="bbox 2521 4186 2976 4243">
    <p class='ocr_par' dir='ltr' id='par_1_98' title="bbox 2521 4186 2976 4243">
     <span class='ocr_line' id='line_1_98' title="bbox 2521 4186 2976 4243; baseline -0.002 0"><span class='ocrx_word' id='word_1_736' title='bbox 2521 4187 2747 4243; x_wconf 80' lang='lat' dir='ltr'><strong>CAPUT</strong></span> <span class='ocrx_word' id='word_1_737' title='bbox 2788 4186 2976 4243; x_wconf 80' lang='lat' dir='ltr'><strong>XXVI.</strong></span> 
     </span>
    </p>
   </div>
   <div class='ocr_carea' id='block_1_99' title="bbox 1948 4274 3522 4351">
    <p class='ocr_par' dir='ltr' id='par_1_99' title="bbox 1948 4274 3522 4351">
     <span class='ocr_line' id='line_1_99' title="bbox 1948 4274 3522 4351; baseline 0.002 -18"><span class='ocrx_word' id='word_1_738' title='bbox 1948 4292 1951 4295; x_wconf 85' lang='lat'>&#39;</span> <span class='ocrx_word' id='word_1_739' title='bbox 2029 4276 2323 4351; x_wconf 85' lang='lat' dir='ltr'><strong>(Prosperi,</strong></span> <span class='ocrx_word' id='word_1_740' title='bbox 2372 4277 2438 4331; x_wconf 86' lang='lat' dir='ltr'><strong>de</strong></span> <span class='ocrx_word' id='word_1_741' title='bbox 2483 4274 2599 4329; x_wconf 82' lang='lat' dir='ltr'><strong>Vita</strong></span> <span class='ocrx_word' id='word_1_742' title='bbox 2636 4275 2969 4346; x_wconf 80' lang='lat' dir='ltr'><strong>eontemptat.</strong></span> <span class='ocrx_word' id='word_1_743' title='bbox 2994 4277 3034 4330; x_wconf 83' lang='grc' dir='ltr'><strong><em>ι.</em></strong></span> <span class='ocrx_word' id='word_1_744' title='bbox 3062 4295 3102 4342; x_wconf 88' lang='grc' dir='ltr'><strong>ι,</strong></span> <span class='ocrx_word' id='word_1_745' title='bbox 3128 4293 3176 4332; x_wconf 80' lang='lat' dir='ltr'><strong>c.</strong></span> <span class='ocrx_word' id='word_1_746' title='bbox 3208 4278 3324 4351; x_wconf 73' lang='grc'><strong>20.)</strong></span> <span class='ocrx_word' id='word_1_747' title='bbox 3369 4278 3522 4346; x_wconf 85' lang='lat' dir='ltr'><strong>Quod</strong></span> 
     </span>
    </p>
   </div>
   <div class='ocr_carea' id='block_1_100' title="bbox 1956 4364 3525 4439">
    <p class='ocr_par' dir='ltr' id='par_1_100' title="bbox 1956 4364 3525 4439">
     <span class='ocr_line' id='line_1_100' title="bbox 1956 4364 3525 4439; baseline 0.004 -17"><span class='ocrx_word' id='word_1_748' title='bbox 1956 4382 2086 4424; x_wconf 88' lang='lat' dir='ltr'><strong>vero</strong></span> <span class='ocrx_word' id='word_1_749' title='bbox 2118 4366 2396 4439; x_wconf 87' lang='lat' dir='ltr'><strong>[Prosperi</strong></span> <span class='ocrx_word' id='word_1_750' title='bbox 2421 4365 2565 4435; x_wconf 88' lang='lat' dir='ltr'><strong>quod</strong></span> <span class='ocrx_word' id='word_1_751' title='bbox 2596 4364 2731 4419; x_wconf 86' lang='lat' dir='ltr'><strong>nihil</strong></span> <span class='ocrx_word' id='word_1_752' title='bbox 2780 4365 2954 4435; x_wconf 90' lang='lat' dir='ltr'><strong>prosit</strong></span> <span class='ocrx_word' id='word_1_753' title='bbox 2974 4369 3263 4438; x_wconf 88' lang='lat' dir='ltr'><strong>sacerdoti,</strong></span> <span class='ocrx_word' id='word_1_754' title='bbox 3310 4371 3525 4428; x_wconf 86' lang='lat' dir='ltr'><strong>etiamsi</strong></span> 
     </span>
    </p>
   </div>
   <div class='ocr_carea' id='block_1_101' title="bbox 1958 4452 3524 4534">
    <p class='ocr_par' dir='ltr' id='par_1_101' title="bbox 1958 4452 3524 4534">
     <span class='ocr_line' id='line_1_101' title="bbox 1958 4452 3524 4534; baseline 0.004 -23"><span class='ocrx_word' id='word_1_755' title='bbox 1958 4456 2095 4511; x_wconf 88' lang='lat' dir='ltr'><strong>bene</strong></span> <span class='ocrx_word' id='word_1_756' title='bbox 2122 4455 2291 4522; x_wconf 87' lang='lat' dir='ltr'><strong>vivat,</strong></span> <span class='ocrx_word' id='word_1_757' title='bbox 2318 4455 2366 4511; x_wconf 91' lang='lat' dir='ltr'><strong>si</strong></span> <span class='ocrx_word' id='word_1_758' title='bbox 2416 4452 2557 4511; x_wconf 90' lang='lat' dir='ltr'><strong>male</strong></span> <span class='ocrx_word' id='word_1_759' title='bbox 2610 4454 2857 4510; x_wconf 89' lang='lat' dir='ltr'><strong>viventes</strong></span> <span class='ocrx_word' id='word_1_760' title='bbox 2893 4459 3120 4514; x_wconf 88' lang='lat' dir='ltr'><strong>tacendo</strong></span> <span class='ocrx_word' id='word_1_761' title='bbox 3167 4475 3273 4516; x_wconf 89' lang='lat' dir='ltr'><strong>non</strong></span> <span class='ocrx_word' id='word_1_762' title='bbox 3324 4463 3524 4534; x_wconf 85' lang='lat' dir='ltr'><strong>arguit,</strong></span> 
     </span>
    </p>
   </div>
   <div class='ocr_carea' id='block_1_102' title="bbox 1955 4542 3530 4623">
    <p class='ocr_par' dir='ltr' id='par_1_102' title="bbox 1955 4542 3530 4623">
     <span class='ocr_line' id='line_1_102' title="bbox 1955 4542 3530 4623; baseline 0.004 -23"><span class='ocrx_word' id='word_1_763' title='bbox 1955 4544 2109 4614; x_wconf 91' lang='lat' dir='ltr'><strong>Quod</strong></span> <span class='ocrx_word' id='word_1_764' title='bbox 2129 4558 2278 4610; x_wconf 88' lang='lat' dir='ltr'><strong>vero,</strong></span> <span class='ocrx_word' id='word_1_765' title='bbox 2317 4542 2451 4616; x_wconf 89' lang='lat' dir='ltr'><strong>etc.]</strong></span> <span class='ocrx_word' id='word_1_766' title='bbox 2481 4543 2612 4599; x_wconf 87' lang='lat' dir='ltr'><strong>dicit</strong></span> <span class='ocrx_word' id='word_1_767' title='bbox 2638 4542 2930 4615; x_wconf 82' lang='lat' dir='ltr'><strong>Apostolus</strong></span> <span class='ocrx_word' id='word_1_768' title='bbox 2990 4546 3078 4621; x_wconf 85' lang='lat' dir='ltr'><strong>(II</strong></span> <span class='ocrx_word' id='word_1_769' title='bbox 3110 4547 3287 4605; x_wconf 83' lang='lat' dir='ltr'><strong>Thess.</strong></span> <span class='ocrx_word' id='word_1_770' title='bbox 3320 4551 3435 4623; x_wconf 88' lang='grc' dir='ltr'><strong><em>ιιι),</em></strong></span> <span class='ocrx_word' id='word_1_771' title='bbox 3470 4561 3530 4607; x_wconf 91' lang='lat' dir='ltr'><strong>ut</strong></span> 
     </span>
    </p>
   </div>
   <div class='ocr_carea' id='block_1_103' title="bbox 1958 4634 3527 4711">
    <p class='ocr_par' dir='ltr' id='par_1_103' title="bbox 1958 4634 3527 4711">
     <span class='ocr_line' id='line_1_103' title="bbox 1958 4634 3527 4711; baseline 0.004 -19"><span class='ocrx_word' id='word_1_772' title='bbox 1958 4651 2058 4693; x_wconf 90' lang='lat' dir='ltr'><strong>nos</strong></span> <span class='ocrx_word' id='word_1_773' title='bbox 2087 4636 2318 4692; x_wconf 82' lang='lat' dir='ltr'><strong>formam</strong></span> <span class='ocrx_word' id='word_1_774' title='bbox 2354 4634 2649 4692; x_wconf 89' lang='lat' dir='ltr'><strong>debeamus</strong></span> <span class='ocrx_word' id='word_1_775' title='bbox 2672 4638 2930 4693; x_wconf 82' lang='lat' dir='ltr'><strong>exhibere</strong></span> <span class='ocrx_word' id='word_1_776' title='bbox 2973 4637 3240 4707; x_wconf 86' lang='lat' dir='ltr'><strong>ﬁdelibus,</strong></span> <span class='ocrx_word' id='word_1_777' title='bbox 3277 4642 3405 4711; x_wconf 91' lang='lat' dir='ltr'><strong>quid</strong></span> <span class='ocrx_word' id='word_1_778' title='bbox 3432 4659 3527 4699; x_wconf 89' lang='lat' dir='ltr'><strong>va-</strong></span> 
     </span>
    </p>
   </div>
   <div class='ocr_carea' id='block_1_104' title="bbox 1956 4725 3523 4803">
    <p class='ocr_par' dir='ltr' id='par_1_104' title="bbox 1956 4725 3523 4803">
     <span class='ocr_line' id='line_1_104' title="bbox 1956 4725 3523 4803; baseline 0.004 -20"><span class='ocrx_word' id='word_1_779' title='bbox 1956 4728 2091 4785; x_wconf 89' lang='lat' dir='ltr'><strong>lebit</strong></span> <span class='ocrx_word' id='word_1_780' title='bbox 2118 4727 2165 4782; x_wconf 91' lang='lat' dir='ltr'><strong>si</strong></span> <span class='ocrx_word' id='word_1_781' title='bbox 2187 4726 2235 4782; x_wconf 93' lang='lat' dir='ltr'><strong>is</strong></span> <span class='ocrx_word' id='word_1_782' title='bbox 2266 4727 2354 4782; x_wconf 86' lang='lat' dir='ltr'><strong>cui</strong></span> <span class='ocrx_word' id='word_1_783' title='bbox 2390 4725 2474 4781; x_wconf 89' lang='lat' dir='ltr'><strong>vel</strong></span> <span class='ocrx_word' id='word_1_784' title='bbox 2501 4727 2824 4782; x_wconf 81' lang='lat' dir='ltr'><strong>exhortandi</strong></span> <span class='ocrx_word' id='word_1_785' title='bbox 2853 4729 3044 4796; x_wconf 91' lang='lat' dir='ltr'><strong>bonos,</strong></span> <span class='ocrx_word' id='word_1_786' title='bbox 3094 4730 3179 4786; x_wconf 89' lang='lat' dir='ltr'><strong>vel</strong></span> <span class='ocrx_word' id='word_1_787' title='bbox 3222 4731 3523 4803; x_wconf 77' lang='lat' dir='ltr'><strong>casngandi</strong></span> 
     </span>
    </p>
   </div>
   <div class='ocr_carea' id='block_1_105' title="bbox 1960 4818 3527 4887">
    <p class='ocr_par' dir='ltr' id='par_1_105' title="bbox 1960 4818 3527 4887">
     <span class='ocr_line' id='line_1_105' title="bbox 1960 4818 3527 4887; baseline 0.004 -12"><span class='ocrx_word' id='word_1_788' title='bbox 1960 4820 2151 4885; x_wconf 87' lang='lat' dir='ltr'><strong>malos,</strong></span> <span class='ocrx_word' id='word_1_789' title='bbox 2182 4835 2313 4875; x_wconf 90' lang='lat' dir='ltr'><strong>cura</strong></span> <span class='ocrx_word' id='word_1_790' title='bbox 2343 4818 2634 4875; x_wconf 91' lang='lat' dir='ltr'><strong>commissa</strong></span> <span class='ocrx_word' id='word_1_791' title='bbox 2669 4828 2771 4887; x_wconf 88' lang='lat' dir='ltr'><strong>est,</strong></span> <span class='ocrx_word' id='word_1_792' title='bbox 2811 4821 2947 4876; x_wconf 89' lang='lat' dir='ltr'><strong>bene</strong></span> <span class='ocrx_word' id='word_1_793' title='bbox 2966 4822 3197 4879; x_wconf 88' lang='lat' dir='ltr'><strong>vivendo</strong></span> <span class='ocrx_word' id='word_1_794' title='bbox 3223 4839 3281 4879; x_wconf 91' lang='lat' dir='ltr'><strong>se</strong></span> <span class='ocrx_word' id='word_1_795' title='bbox 3305 4824 3527 4881; x_wconf 90' lang='lat' dir='ltr'><strong>imitan-</strong></span> 
     </span>
    </p>
   </div>
   <div class='ocr_carea' id='block_1_106' title="bbox 1960 4911 3530 4989">
    <p class='ocr_par' dir='ltr' id='par_1_106' title="bbox 1960 4911 3530 4989">
     <span class='ocr_line' id='line_1_106' title="bbox 1960 4911 3530 4989; baseline 0.002 -20"><span class='ocrx_word' id='word_1_796' title='bbox 1960 4915 2087 4970; x_wconf 91' lang='lat' dir='ltr'><strong>dum</strong></span> <span class='ocrx_word' id='word_1_797' title='bbox 2120 4913 2278 4968; x_wconf 90' lang='lat' dir='ltr'><strong>bonis</strong></span> <span class='ocrx_word' id='word_1_798' title='bbox 2302 4912 2572 4979; x_wconf 82' lang='lat' dir='ltr'><strong>exhibeat,</strong></span> <span class='ocrx_word' id='word_1_799' title='bbox 2604 4919 2660 4967; x_wconf 85' lang='lat' dir='ltr'><strong>et</strong></span> <span class='ocrx_word' id='word_1_800' title='bbox 2685 4911 2856 4969; x_wconf 90' lang='lat' dir='ltr'><strong>malos</strong></span> <span class='ocrx_word' id='word_1_801' title='bbox 2880 4914 3107 4970; x_wconf 90' lang='lat' dir='ltr'><strong>tacendo</strong></span> <span class='ocrx_word' id='word_1_802' title='bbox 3160 4931 3267 4971; x_wconf 94' lang='lat' dir='ltr'><strong>non</strong></span> <span class='ocrx_word' id='word_1_803' title='bbox 3292 4921 3530 4989; x_wconf 86' lang='lat' dir='ltr'><strong>arguat?</strong></span> 
     </span>
    </p>
   </div>
   <div class='ocr_carea' id='block_1_107' title="bbox 1959 5000 3529 5075">
    <p class='ocr_par' dir='ltr' id='par_1_107' title="bbox 1959 5000 3529 5075">
     <span class='ocr_line' id='line_1_107' title="bbox 1959 5000 3529 5075; baseline 0.003 -18"><span class='ocrx_word' id='word_1_804' title='bbox 1959 5003 2041 5058; x_wconf 84' lang='lat' dir='ltr'><strong>Ad</strong></span> <span class='ocrx_word' id='word_1_805' title='bbox 2074 5003 2178 5059; x_wconf 90' lang='lat' dir='ltr'><strong>hoc</strong></span> <span class='ocrx_word' id='word_1_806' title='bbox 2203 5002 2349 5057; x_wconf 89' lang='lat' dir='ltr'><strong>enim</strong></span> <span class='ocrx_word' id='word_1_807' title='bbox 2392 5001 2636 5072; x_wconf 89' lang='lat' dir='ltr'><strong>(nisime</strong></span> <span class='ocrx_word' id='word_1_808' title='bbox 2670 5000 2809 5056; x_wconf 83' lang='lat' dir='ltr'><strong>fallit</strong></span> <span class='ocrx_word' id='word_1_809' title='bbox 2850 5002 3056 5075; x_wconf 84' lang='lat' dir='ltr'><strong>opinio)</strong></span> <span class='ocrx_word' id='word_1_810' title='bbox 3104 5012 3293 5061; x_wconf 87' lang='lat' dir='ltr'><strong>sancte</strong></span> <span class='ocrx_word' id='word_1_811' title='bbox 3342 5006 3529 5061; x_wconf 87' lang='lat' dir='ltr'><strong>viven-</strong></span> 
     </span>
    </p>
   </div>
   <div class='ocr_carea' id='block_1_108' title="bbox 1962 5094 3526 5168">
    <p class='ocr_par' dir='ltr' id='par_1_108' title="bbox 1962 5094 3526 5168">
     <span class='ocr_line' id='line_1_108' title="bbox 1962 5094 3526 5168; baseline 0.003 -19"><span class='ocrx_word' id='word_1_812' title='bbox 1962 5095 2089 5149; x_wconf 89' lang='lat' dir='ltr'><strong>dum</strong></span> <span class='ocrx_word' id='word_1_813' title='bbox 2124 5102 2207 5150; x_wconf 88' lang='lat' dir='ltr'><strong>est</strong></span> <span class='ocrx_word' id='word_1_814' title='bbox 2232 5094 2521 5161; x_wconf 90' lang='lat' dir='ltr'><strong>sacerdoti,</strong></span> <span class='ocrx_word' id='word_1_815' title='bbox 2551 5108 2619 5150; x_wconf 91' lang='lat' dir='ltr'><strong>ne</strong></span> <span class='ocrx_word' id='word_1_816' title='bbox 2667 5094 2811 5150; x_wconf 90' lang='lat' dir='ltr'><strong>dicta</strong></span> <span class='ocrx_word' id='word_1_817' title='bbox 2837 5110 2934 5151; x_wconf 90' lang='lat' dir='ltr'><strong>sua</strong></span> <span class='ocrx_word' id='word_1_818' title='bbox 2985 5098 3411 5168; x_wconf 89' lang='lat' dir='ltr'><strong>repugnantibus</strong></span> <span class='ocrx_word' id='word_1_819' title='bbox 3445 5099 3526 5154; x_wconf 79' lang='lat' dir='ltr'><strong>fa-</strong></span> 
     </span>
    </p>
   </div>
   <div class='ocr_carea' id='block_1_109' title="bbox 1963 5182 3532 5256">
    <p class='ocr_par' dir='ltr' id='par_1_109' title="bbox 1963 5182 3532 5256">
     <span class='ocr_line' id='line_1_109' title="bbox 1963 5182 3532 5256; baseline 0 -15"><span class='ocrx_word' id='word_1_820' title='bbox 1963 5186 2068 5241; x_wconf 89' lang='lat' dir='ltr'><strong>ctis</strong></span> <span class='ocrx_word' id='word_1_821' title='bbox 2101 5193 2346 5241; x_wconf 88' lang='lat' dir='ltr'><strong>evacuet.</strong></span> <span class='ocrx_word' id='word_1_822' title='bbox 2388 5182 2447 5239; x_wconf 92' lang='lat' dir='ltr'><strong>Si</strong></span> <span class='ocrx_word' id='word_1_823' title='bbox 2483 5185 2625 5254; x_wconf 87' lang='lat' dir='ltr'><strong>quod</strong></span> <span class='ocrx_word' id='word_1_824' title='bbox 2685 5187 2944 5256; x_wconf 69' lang='lat' dir='ltr'><strong>pmdicat</strong></span> <span class='ocrx_word' id='word_1_825' title='bbox 2997 5186 3114 5243; x_wconf 85' lang='lat' dir='ltr'><strong>ﬁeri</strong></span> <span class='ocrx_word' id='word_1_826' title='bbox 3158 5189 3375 5255; x_wconf 89' lang='lat' dir='ltr'><strong>debere,</strong></span> <span class='ocrx_word' id='word_1_827' title='bbox 3426 5204 3532 5243; x_wconf 91' lang='lat' dir='ltr'><strong>non</strong></span> 
     </span>
    </p>
   </div>
   <div class='ocr_carea' id='block_1_110' title="bbox 1967 5274 3535 5348">
    <p class='ocr_par' dir='ltr' id='par_1_110' title="bbox 1967 5274 3535 5348">
     <span class='ocr_line' id='line_1_110' title="bbox 1967 5274 3535 5348; baseline 0.001 -19"><span class='ocrx_word' id='word_1_828' title='bbox 1967 5274 2156 5340; x_wconf 78' lang='lat' dir='ltr'><strong>faciat,</strong></span> <span class='ocrx_word' id='word_1_829' title='bbox 2198 5283 2291 5329; x_wconf 89' lang='lat' dir='ltr'><strong>aut</strong></span> <span class='ocrx_word' id='word_1_830' title='bbox 2324 5275 2370 5330; x_wconf 93' lang='lat' dir='ltr'><strong>si</strong></span> <span class='ocrx_word' id='word_1_831' title='bbox 2420 5275 2568 5346; x_wconf 89' lang='lat' dir='ltr'><strong>quod</strong></span> <span class='ocrx_word' id='word_1_832' title='bbox 2613 5291 2722 5332; x_wconf 90' lang='lat' dir='ltr'><strong>non</strong></span> <span class='ocrx_word' id='word_1_833' title='bbox 2746 5275 2894 5342; x_wconf 83' lang='lat' dir='ltr'><strong>facit,</strong></span> <span class='ocrx_word' id='word_1_834' title='bbox 2932 5278 3226 5347; x_wconf 70' lang='lat' dir='ltr'><strong>prmdicare</strong></span> <span class='ocrx_word' id='word_1_835' title='bbox 3273 5292 3535 5348; x_wconf 86' lang='lat' dir='ltr'><strong>praesum-</strong></span> 
     </span>
    </p>
   </div>
   <div class='ocr_carea' id='block_1_111' title="bbox 1966 5363 3535 5437">
    <p class='ocr_par' dir='ltr' id='par_1_111' title="bbox 1966 5363 3535 5437">
     <span class='ocr_line' id='line_1_111' title="bbox 1966 5363 3535 5437; baseline 0.001 -20"><span class='ocrx_word' id='word_1_836' title='bbox 1966 5363 2171 5433; x_wconf 90' lang='lat' dir='ltr'><strong>pserit,</strong></span> <span class='ocrx_word' id='word_1_837' title='bbox 2212 5363 2348 5418; x_wconf 90' lang='lat' dir='ltr'><strong>nihil</strong></span> <span class='ocrx_word' id='word_1_838' title='bbox 2381 5364 2522 5435; x_wconf 89' lang='lat' dir='ltr'><strong>apud</strong></span> <span class='ocrx_word' id='word_1_839' title='bbox 2548 5379 2643 5420; x_wconf 90' lang='lat' dir='ltr'><strong>eos</strong></span> <span class='ocrx_word' id='word_1_840' title='bbox 2676 5366 2789 5437; x_wconf 19' lang='lat' dir='ltr'><strong>qui.</strong></span> <span class='ocrx_word' id='word_1_841' title='bbox 2816 5366 2933 5437; x_wconf 85' lang='lat' dir='ltr'><strong>ejus</strong></span> <span class='ocrx_word' id='word_1_842' title='bbox 2961 5367 3129 5420; x_wconf 90' lang='lat' dir='ltr'><strong>vitam</strong></span> <span class='ocrx_word' id='word_1_843' title='bbox 3165 5380 3383 5428; x_wconf 88' lang='lat' dir='ltr'><strong>novere,</strong></span> <span class='ocrx_word' id='word_1_844' title='bbox 3408 5380 3535 5434; x_wconf 85' lang='lat' dir='ltr'><strong>pro-</strong></span> 
     </span>
    </p>
   </div>
   <div class='ocr_carea' id='block_1_112' title="bbox 1971 5442 3534 5525">
    <p class='ocr_par' dir='ltr' id='par_1_112' title="bbox 1971 5442 3534 5525">
     <span class='ocr_line' id='line_1_112' title="bbox 1971 5442 3534 5525; baseline 0.003 -18"><span class='ocrx_word' id='word_1_845' title='bbox 1971 5452 2133 5508; x_wconf 86' lang='lat' dir='ltr'><strong>ﬁciet.</strong></span> <span class='ocrx_word' id='word_1_846' title='bbox 2168 5452 2307 5521; x_wconf 87' lang='lat' dir='ltr'><strong>Quia</strong></span> <span class='ocrx_word' id='word_1_847' title='bbox 2342 5454 2409 5509; x_wconf 90' lang='lat' dir='ltr'><strong>ad</strong></span> <span class='ocrx_word' id='word_1_848' title='bbox 2431 5453 2533 5510; x_wconf 91' lang='lat' dir='ltr'><strong>hoc</strong></span> <span class='ocrx_word' id='word_1_849' title='bbox 2561 5461 2644 5510; x_wconf 89' lang='lat' dir='ltr'><strong>est</strong></span> <span class='ocrx_word' id='word_1_850' title='bbox 2677 5442 2930 5511; x_wconf 72' lang='lat' dir='ltr'><strong>Ecclesia:</strong></span> <span class='ocrx_word' id='word_1_851' title='bbox 2964 5456 3058 5510; x_wconf 87' lang='lat' dir='ltr'><strong>Dei</strong></span> <span class='ocrx_word' id='word_1_852' title='bbox 3103 5455 3444 5525; x_wconf 67' lang='lat' dir='ltr'><strong>praepositus,</strong></span> <span class='ocrx_word' id='word_1_853' title='bbox 3477 5465 3534 5511; x_wconf 89' lang='lat' dir='ltr'><strong>ut</strong></span> 
     </span>
    </p>
   </div>
   <div class='ocr_carea' id='block_1_113' title="bbox 1971 5545 3533 5616">
    <p class='ocr_par' dir='ltr' id='par_1_113' title="bbox 1971 5545 3533 5616">
     <span class='ocr_line' id='line_1_113' title="bbox 1971 5545 3533 5616; baseline 0.001 -16"><span class='ocrx_word' id='word_1_854' title='bbox 1971 5561 2079 5600; x_wconf 86' lang='lat' dir='ltr'><strong>non</strong></span> <span class='ocrx_word' id='word_1_855' title='bbox 2101 5545 2274 5601; x_wconf 87' lang='lat' dir='ltr'><strong>solum</strong></span> <span class='ocrx_word' id='word_1_856' title='bbox 2302 5546 2437 5602; x_wconf 88' lang='lat' dir='ltr'><strong>bene</strong></span> <span class='ocrx_word' id='word_1_857' title='bbox 2458 5545 2687 5602; x_wconf 82' lang='lat' dir='ltr'><strong>vivendo</strong></span> <span class='ocrx_word' id='word_1_858' title='bbox 2715 5548 2848 5603; x_wconf 89' lang='lat' dir='ltr'><strong>alios</strong></span> <span class='ocrx_word' id='word_1_859' title='bbox 2878 5547 3121 5616; x_wconf 73' lang='lat' dir='ltr'><strong>exemplo</strong></span> <span class='ocrx_word' id='word_1_860' title='bbox 3162 5561 3275 5600; x_wconf 75' lang='lat' dir='ltr'><strong>sua:</strong></span> <span class='ocrx_word' id='word_1_861' title='bbox 3307 5562 3533 5601; x_wconf 81' lang='lat' dir='ltr'><strong>convcr-</strong></span> 
     </span>
    </p>
   </div>
   <div class='ocr_carea' id='block_1_114' title="bbox 1970 5637 3533 5710">
    <p class='ocr_par' dir='ltr' id='par_1_114' title="bbox 1970 5637 3533 5710">
     <span class='ocr_line' id='line_1_114' title="bbox 1970 5637 3533 5710; baseline 0.004 -21"><span class='ocrx_word' id='word_1_862' title='bbox 1970 5637 2195 5693; x_wconf 87' lang='lat' dir='ltr'><strong>sationis</strong></span> <span class='ocrx_word' id='word_1_863' title='bbox 2223 5637 2484 5705; x_wconf 86' lang='lat' dir='ltr'><strong>instituat,</strong></span> <span class='ocrx_word' id='word_1_864' title='bbox 2511 5639 2602 5694; x_wconf 85' lang='lat' dir='ltr'><strong>sed</strong></span> <span class='ocrx_word' id='word_1_865' title='bbox 2628 5640 2787 5694; x_wconf 86' lang='lat' dir='ltr'><strong>etiam</strong></span> <span class='ocrx_word' id='word_1_866' title='bbox 2839 5639 3155 5694; x_wconf 67' lang='lat' dir='ltr'><strong>ﬁducizilitcr</strong></span> <span class='ocrx_word' id='word_1_867' title='bbox 3189 5638 3533 5710; x_wconf 70' lang='lat' dir='ltr'><strong>prtedicando</strong></span> 
     </span>
    </p>
   </div>
   <div class='ocr_carea' id='block_1_115' title="bbox 366 5736 2089 5812">
    <p class='ocr_par' dir='ltr' id='par_1_115' title="bbox 366 5736 2089 5812">
     <span class='ocr_line' id='line_1_115' title="bbox 366 5736 2089 5812; baseline 0.005 -21"><span class='ocrx_word' id='word_1_868' title='bbox 366 5751 391 5779; x_wconf 70' lang='grc' dir='ltr'><strong>ι</strong></span> <span class='ocrx_word' id='word_1_869' title='bbox 432 5736 564 5793; x_wconf 81' lang='lat' dir='ltr'><strong>Tota</strong></span> <span class='ocrx_word' id='word_1_870' title='bbox 617 5752 846 5808; x_wconf 81' lang='lat' dir='ltr'><strong>sequens</strong></span> <span class='ocrx_word' id='word_1_871' title='bbox 878 5742 1127 5811; x_wconf 80' lang='lat' dir='ltr'><strong>periodus</strong></span> <span class='ocrx_word' id='word_1_872' title='bbox 1177 5758 1345 5812; x_wconf 70' lang='lat' dir='ltr'><strong>usque</strong></span> <span class='ocrx_word' id='word_1_873' title='bbox 1370 5744 1436 5798; x_wconf 87' lang='lat' dir='ltr'><strong>ad</strong></span> <span class='ocrx_word' id='word_1_874' title='bbox 1460 5744 1722 5812; x_wconf 74' lang='lat' dir='ltr'><strong>sacerdos,</strong></span> <span class='ocrx_word' id='word_1_875' title='bbox 1751 5754 1879 5811; x_wconf 81' lang='lat' dir='ltr'><strong>etc.,</strong></span> <span class='ocrx_word' id='word_1_876' title='bbox 1922 5744 2089 5800; x_wconf 82' lang='lat' dir='ltr'><strong>deest.</strong></span> 
     </span>
    </p>
   </div>
  </div>
