3884 6192
394 310 499 366 859

396 419 625 492 singulis
673 426 801 473 ante
822 413 1008 471 oculos

393 527 556 583 pinna
596 516 812 565 maneat
831 505 1005 569 duris,
1024 516 1144 571 qua:
1170 497 1341 569 gloria
1371 492 1767 552 obedientibus,
1793 495 1968 583 osten-

395 577 509 666 dat,
537 599 736 656 nullius
757 595 984 650 salutem
1019 586 1352 658 desperando
1383 588 1714 643 contemnat,
1760 577 1969 632 animas

395 689 672 750 emendari
716 683 1011 740 nolentium
1062 680 1300 750 plangat,
1356 674 1598 730 imitatus
1650 666 1968 739 Apostolum

396 784 492 854 qui
512 781 625 835 ait:
659 775 724 832 Ut
747 776 953 846 lugeam
982 771 1176 826 multos
1203 786 1268 824 ea:
1311 769 1392 822 his
1419 767 1509 837 qui
1552 774 1673 817 ante
1723 776 1967 833 peccave-

399 850 541 936 runt,
563 878 611 924 et
642 885 749 922 non
771 872 984 936 egerunt
1005 861 1360 932 paenitentiam
1385 856 1469 929 (II
1493 853 1618 910 Cor.
1644 851 1744 925 xt).
1776 851 1843 904 Et
1869 850 1970 904 ite-

396 978 520 1018 rum
547 978 560 1014 :
600 957 730 1024 Quis
759 954 1079 1024 inﬁrmatur,
1135 959 1181 1005 et
1213 965 1307 1019 ego
1359 962 1465 1000 non
1505 941 1807 1024 .inﬁrmor?
1838 938 1969 1004 Quis

395 1048 816 1111 scandalizatur,
869 1053 917 1098 et
961 1057 1055 1112 ego
1083 1056 1188 1094 non
1232 1033 1465 1106 uror(11
1491 1032 1614 1088 Cor.
1648 1031 1778 1103 xi)?
1821 1029 1968 1096 Qua-

396 1147 619 1211 propter
637 1136 816 1192 sciens
864 1131 1009 1204 quod
1056 1131 1101 1184 si
1123 1127 1450 1199 quibuslibet
1497 1122 1752 1178 divitibus
1778 1135 1843 1175 ac
1871 1134 1970 1187 po-

397 1231 640 1288 tentibus
694 1225 834 1282 male
888 1221 1196 1278 viventibus
1233 1224 1439 1287 parcat.
1490 1220 1585 1268 aut
1638 1211 1819 1267 foveat
1854 1224 1968 1275 eos,

397 1322 590 1392 perdat
621 1316 783 1374 simul
808 1322 862 1370 et
882 1316 1100 1383 pereat,
1136 1315 1192 1362 et
1220 1315 1408 1362 sancte
1434 1303 1595 1358 debet
1638 1301 1822 1355 vivere
1846 1313 1972 1368 pro-

397 1390 520 1483 pter
545 1409 865 1479 exemplum,
894 1413 951 1459 et
978 1403 1065 1474 pie
1099 1402 1293 1456 docere
1336 1405 1558 1468 propter
1594 1409 1704 1449 sua:
1736 1390 1972 1446 admini-

400 1481 680 1556 strationis
715 1496 951 1553 cilicium
977 1511 991 1558 ;
1023 1498 1205 1548 certus
1235 1490 1376 1560 quod
1407 1489 1456 1542 ei
1479 1485 1614 1540 nihil
1643 1499 1738 1539 sua
1762 1481 1974 1552 justitia

400 1593 724 1662 suil‘ragetur
751 1608 764 1642 :
807 1589 874 1643 de
907 1585 1059 1655 cujus
1080 1598 1243 1638 manu
1265 1581 1446 1635 anima
1479 1575 1760 1647 pereuntis
1805 1573 1975 1642 exigi-

403 1693 512 1738 tur.
552 1681 775 1749 Quando
823 1678 1130 1749 quicunque
1158 1674 1296 1728 alius
1340 1670 1588 1742 perierit,
1636 1680 1798 1737 quem
1827 1663 1973 1719 nulla

1393 283 1794 346 AMALARIUS
1833 275 2245 337 PRESBYTER
2283 271 2642 330 METENSIS.

1049 415 1269 480 peccata
1328 419 1425 460 sua
1475 399 1770 456 constituat
1801 413 1814 450 :
1849 408 1968 464 quae
1994 393 2047 454 Α
2071 388 2245 444 vendo
2269 387 2610 445 conculcant.
2648 383 2892 454 Repente
2942 382 3136 438 docent
3175 397 3295 452 quae
3320 396 3427 437 non
3455 397 3639 453 opere,

3535 264 3640 320 860

2069 481 2166 536 sed
2212 478 2564 534 meditatione
2615 475 2937 538 didicerunt,
2985 481 3041 526 ct
3090 473 3235 543 quod
3289 471 3470 528 verbis
3509 489 3644 543 pra).-

2069 573 2250 628 dicant
2289 571 2532 626 moribus
2581 569 2914 638 impugnant.
2963 563 3120 620 Unde
3171 566 3233 617 lit
3285 573 3345 617 ut
3388 578 3515 619 cum
3556 580 3648 634 pa-

2070 670 2186 716 stor
2217 677 2316 731 per
2360 659 2590 727 abrupta
2621 656 2884 728 graditur,
2923 654 2990 709 ad
3011 653 3371 724 prazcipitium
3405 668 3539 724 grex
3563 669 3647 708 se-

2070 762 2294 824 quatur.
2325 751 2431 806 Per
2456 750 2778 821 prophetam
2813 745 3075 801 Dominus
3115 752 3305 799 contra
3329 745 3651 814 contempti-

2068 842 2232 898 bilem
2283 849 2563 910 pastorum
2609 838 2891 894 scientiam
2941 835 3193 905 queritur
3255 835 3486 890 dicens:
3518 833 3650 889 Cum

2070 932 2171 1002 ipsi
2194 932 2620 1002 limpidissimam
2647 945 2840 1001 aquam
2869 927 3124 992 biberitis,
3155 925 3410 998 reliquum
3433 927 3652 996 pedibus

2071 1025 2254 1079 vestris
2289 1023 2675 1078 conculcabatis
2714 1017 3056 1094 [turbabatis]
3084 1036 3098 1085 ;
3129 1029 3176 1073 et
3211 1035 3325 1073 oves
3351 1035 3509 1083 meae,
3538 1035 3654 1088 qua:

2072 1113 2392 1168 conculcata:
2411 1112 2631 1183 pedibus
2682 1111 2865 1166 vestris
2921 1109 3154 1178 fuerant,
3202 1108 3573 1179 pascebantur,
3605 1118 3650 1161 et

2071 1219 2190 1272 qua:
2218 1202 2371 1274 pedes
2395 1202 2552 1255 vestri
2581 1202 2940 1263 turbaverant,
2980 1199 3092 1253 hac
3144 1198 3381 1252 bibebant
3429 1197 3648 1268 (Each.

2074 1293 2180 1365 ιιι).
2211 1293 2422 1362 Aquam
2448 1307 2643 1361 nempe
2671 1291 3102 1361 limpidissimam
3150 1299 3395 1358 pastores
3439 1288 3650 1352 bibunt,

2075 1401 2198 1440 cum
2231 1383 2429 1438 ﬂuenta
2475 1383 2722 1438 veritatis
2745 1391 2893 1437 recte
2954 1381 3312 1452 intelligentes
3371 1380 3652 1434 hauriunt.

2079 1477 2186 1532 Sed
2209 1476 2455 1530 eamdem
2481 1490 2674 1545 aquam
2698 1473 3037 1546 perturbare,
3083 1480 3165 1527 est
3193 1479 3393 1526 sanctte
3420 1470 3654 1525 medita-

2077 1568 2241 1622 tionis
2267 1567 2445 1622 studia
2475 1567 2613 1623 male
2638 1566 2868 1621 vivendo
2898 1579 3265 1633 corrumpere.
3316 1563 3534 1632 Aquam
3562 1564 3660 1617 sci-

2077 1657 2204 1713 licet
2238 1665 2521 1727 pastorum
2573 1657 2844 1711 turbatam
2890 1655 3118 1725 pedibus
3161 1653 3660 1708 ovcsbibuntcum

403 1736 629 1829 ducentii
657 1736 953 1826 necessitas
984 1736 1188 1831 manet,
1231 1736 1379 1820 solus
1398 1775 1590 1832 poenas
1617 1759 1701 1815 sui
1751 1755 1972 1812 sceleris
1999 1736 2048 1798 Β
2081 1748 2309 1819 subjecti
2329 1748 2530 1818 quique
2550 1762 2658 1802 non
2680 1754 2957 1802 sectantur
2977 1746 3140 1801 verba
3162 1759 3281 1814 qua:
3295 1745 3551 1808 audiunt,
3569 1745 3659 1798 sed

405 1862 570 1916 dabit.
595 1861 689 1916 llle
709 1869 890 1915 autem
913 1859 1001 1913 cui
1031 1855 1361 1926 dispensatio
1383 1852 1535 1907 verbi
1560 1850 1851 1906 commissa
1872 1854 1976 1914 est,

403 1954 616 2007 etiamsi
640 1961 827 2007 sancte
851 1951 1018 2015 vivat,
1050 1957 1107 2004 et
1131 1957 1315 2003 tamen
1359 1944 1570 2016 perdite
1618 1942 1863 1996 viventes
1886 1953 1978 1992 ar-

404 2057 569 2113 guere
595 2050 688 2096 aut
713 2041 1022 2106 erubescat,
1056 2047 1150 2093 aut
1176 2044 1405 2103 metuat,
1455 2050 1580 2090 cum
1608 2031 1862 2090 omnibus
1884 2029 1979 2099 qui

407 2150 473 2189 eo
504 2141 717 2188 tacente
737 2132 1022 2203 perierint,
1074 2131 1230 2202 perit.
1264 2129 1333 2184 Et
1357 2128 1486 2199 quid
1513 2127 1566 2182 ei
1606 2123 1849 2197 proderit
1871 2137 1980 2178 non

405 2222 588 2294 puniri
619 2237 739 2286 suo,
769 2222 862 2291 qui
888 2219 1193 2292 puniendus
1221 2227 1307 2274 est
1329 2218 1505 2273 alieno
1534 2214 1797 2288 peccato?
1833 2212 1983 2267 Men-

383 2331 386 2334 ’
412 2314 540 2378 tior,
573 2313 677 2366 nisi
707 2313 811 2367 hoc
838 2310 1098 2367 Dominus
1149 2325 1248 2381 per
1273 2309 1612 2366 Ezechielem
1661 2308 1982 2378 prophetam

407 2409 508 2463 sub
547 2407 828 2478 cujusdam
874 2406 1102 2462 terroris
1159 2405 1566 2462 denuntiatione
1610 2402 1870 2472 loquitur,
1893 2400 1980 2454 di-

405 2515 537 2555 cens
566 2499 634 2554 ad
663 2514 788 2554 eum
815 2517 827 2552 :
861 2498 930 2552 Et
957 2507 1036 2563 tu,
1067 2496 1147 2566 ﬁli
1171 2497 1424 2562 hominis,
1449 2493 1832 2567 speculatorem
1856 2492 1980 2548 dedi

409 2599 462 2642 te
490 2588 670 2642 domui
721 2586 893 2642 Israel
950 2585 1171 2659 (Ezech.
1204 2585 1312 2659 ιιι).
1343 2585 1455 2642 Nec
1484 2585 1587 2645 hoc
1637 2591 1985 2638 transeunter

409 2678 671 2734 debemus
718 2679 932 2744 audire,
985 2680 1128 2748 quod
1192 2677 1533 2735 sacerdotem
1585 2675 1984 2747 speculatorem

411 2773 645 2843 appellat
675 2789 690 2838 ;
728 2781 790 2827 ut
828 2773 972 2829 sicut
997 2773 1350 2843 speculatoris
1403 2777 1490 2826 est
1525 2770 1592 2825 de
1616 2769 1734 2824 loco
1757 2765 1986 2824 editiore

409 2862 741 2929 prospicere,
771 2869 828 2916 et
848 2861 968 2932 plus
992 2863 1246 2917 omnibus
1274 2859 1651 2930 contemplari,
1689 2859 1768 2913 ita
1798 2871 1983 2913 sacer-

410 2950 510 3006 dos
533 2952 691 3006 debet
717 2968 840 3008 esse
871 2954 1132 3023 propositi
1161 2953 1488 3008 sublimitate
1531 2950 1725 3006 celsior
1754 2949 1984 3016 cunctis,

414 3057 482 3097 ac
512 3042 730 3141 majoris
755 3043 995 3099 scientiae
1028 3044 1230 3100 habere
1258 3045 1507 3114 gratiam,
1553 3056 1660 3111 qua
1685 3041 1859 3111 possit
1886 3039 1986 3096 sub
2011 3077 2058 3141 ε

411 3145 472 3186 se
493 3131 734 3187 viventes
773 3132 1058 3188 instruere.
1107 3132 1393 3189 Videamus
1436 3130 1554 3200 jam
1584 3131 1716 3201 quid
1767 3131 1986 3186 divinus

413 3235 593 3276 sermo
618 3222 911 3277 contineat.
945 3221 1164 3288 Audies,
1221 3223 1418 3292 inquit,
1474 3239 1764 3278 sermonem
1807 3238 1872 3276 ea:
1900 3239 1989 3276 ore

415 3328 549 3375 meo,
575 3320 625 3367 et
669 3313 1013 3367 annuntiabis
1041 3314 1116 3368 eis
1156 3330 1222 3368 ea:
1244 3330 1326 3368 me
1365 3312 1582 3386 (Ezech.
1613 3311 1698 3384 ιιι)
1724 3329 1741 3380 ;
1796 3320 1857 3367 ut
1882 3313 1986 3368 hoc

413 3401 560 3456 dicat
590 3403 864 3469 sacerdos,
892 3404 1037 3473 quod
1080 3419 1146 3458 ex
1194 3404 1376 3458 divina
1429 3404 1662 3459 lectione
1714 3404 1983 3471 didicerit,

415 3492 558 3562 quod
582 3492 658 3546 illi
689 3493 831 3549 Deus
860 3493 1222 3565 inSpiraverit,
1262 3511 1368 3551 non
1399 3497 1543 3566 quod
1570 3496 1989 3567 pmsumptione

416 3586 644 3641 humani
692 3601 886 3642 sensus
939 3588 1224 3644 invenerit.
1279 3588 1632 3644 Annuntiabis
1665 3591 1763 3656 eis,
1789 3589 1985 3659 inquit,

418 3695 484 3732 ea:
510 3695 611 3733 me.
668 3679 746 3734 Ex
778 3695 886 3746 me,
938 3689 993 3736 et
1021 3696 1126 3735 non
1153 3696 1221 3736 ex
1259 3689 1329 3747 te,
1365 3697 1486 3738 mea
1543 3683 1706 3738 verba
1752 3682 1989 3752 loqueris

417 3769 498 3824 eis
523 3786 537 3833 ;
569 3785 677 3824 non
704 3779 788 3825 est
815 3773 958 3840 quod
979 3787 1047 3828 ex
1075 3773 1156 3827 eis
1181 3781 1439 3844 tanquam
1491 3773 1559 3828 de
1608 3775 1713 3829 tuis
1737 3773 1940 3829 inﬂeris
1971 3793 1984 3826 :

421 3874 489 3913 ex
514 3873 620 3925 me,
657 3859 851 3929 inquit,
899 3861 980 3917 eis
1023 3863 1305 3918 annuntia.
1345 3863 1451 3918 Sed
1480 3863 1595 3933 jam
1621 3863 1750 3932 quid
1780 3878 1991 3918 annun-

420 3949 538 4015 tiet,
602 3951 902 4006 audiamus.
955 3952 1016 4008 Si
1041 3969 1122 4007 me
1167 3954 1368 4008 dicente
1397 3955 1466 4007 ad
1520 3955 1759 4024 impium,
1798 3953 1988 4023 Impie,

421 4049 590 4094 morte
618 4041 880 4106 morieris,
914 4059 1018 4096 non
1072 4043 1236 4112 fueris
1291 4043 1518 4110 locutus,
1544 4055 1599 4097 ut
1627 4061 1682 4098 se
1727 4043 1996 4098 custodiat

421 4131 614 4202 impius
640 4148 672 4184 a
706 4133 790 4186 via
817 4149 936 4198 sua,
976 4135 1086 4204 ipse
1114 4135 1305 4204 impius
1338 4134 1394 4188 in
1432 4135 1708 4204 iniquitate
1758 4151 1855 4187 sua
1881 4149 1994 4187 mo-

419 4223 586 4275 rietur
608 4235 627 4274 :
651 4222 955 4292 sanguinem
987 4240 1104 4278 vero
1133 4224 1248 4294 ejus
1291 4224 1355 4278 de
1380 4241 1540 4278 manu
1588 4235 1679 4278 tua
1708 4225 1989 4296 requiram.

423 4313 564 4381 Quid
612 4316 939 4384 expressius,
992 4317 1120 4387 quid
1167 4317 1406 4388 apertius
1434 4326 1613 4387 potest
1631 4318 1781 4373 dici?
1814 4315 1872 4371 Si
1897 4316 1996 4371 im-

2080 1839 2193 1896 sola
2233 1855 2352 1910 quae
2387 1839 2726 1909 conspiciunt
2767 1837 3011 1907 exempla
3041 1837 3322 1906 pravitatis
3355 1836 3660 1890 imitantur.

2081 1930 2184 2000 Qui
2206 1947 2330 1987 cum
2345 1931 2487 1986 dicta
2504 1931 2712 1996 sitiunt,
2733 1937 2894 2000 etper
2911 1943 3074 1998 opera
3085 1936 3494 1998 pervertuntur,
3513 1926 3660 1996 quasi

2081 2023 2352 2095 corruptis
2383 2021 2641 2088 fontibus,
2681 2020 2967 2091 inpotibus
2999 2019 3170 2073 lutum
3211 2025 3452 2073 sumunt.
3495 2016 3662 2072 Nemo

2083 2113 2311 2184 amplius
2332 2120 2489 2168 nocet
2519 2113 2574 2168 in
2607 2111 2852 2167 Ecclesia
2890 2126 3050 2182 quam
3064 2110 3156 2179 qui
3189 2124 3449 2179 perverse
3469 2124 3656 2180 agens,

2081 2221 2280 2264 nomen
2330 2206 2416 2262 vel
2465 2205 2709 2262 ordinem
2758 2203 3057 2259 sanctitatis
3111 2200 3294 2256 habet.
3335 2200 3669 2270 Delinquen-

2081 2308 2193 2355 tem
2222 2312 2456 2368 namque
2498 2297 2642 2352 hunc
2680 2295 3007 2366 redarguere
3049 2292 3231 2347 nullus
3258 2292 3549 2361 praesumit
3577 2310 3589 2344 :
3617 2299 3665 2346 et

2081 2391 2137 2447 in
2163 2389 2466 2461 exemplum
2493 2388 2652 2459 culpa
2687 2389 3040 2442 vehementer
3080 2384 3407 2449 extenditur,
3451 2383 3667 2452 quando

2081 2498 2183 2556 pro
2209 2483 2515 2538 reverentia
2557 2480 2763 2537 ordinis
2804 2490 3058 2551 peccator
3103 2478 3423 2535 honoratur.
3456 2478 3565 2546 Qui
3603 2478 3665 2532 ad

2083 2572 2388 2628 sanctitatis
2435 2571 2672 2642 speciem
2726 2570 2984 2625 deductus
3010 2610 3026 2635 ,
3081 2567 3167 2622 vel
3221 2569 3387 2623 verbo
3442 2577 3668 2624 eteteros

2085 2663 2331 2729 destruit,
2386 2661 2471 2716 vel
2519 2660 2786 2731 exemplo,
2831 2659 3024 2716 melius
3060 2659 3308 2730 profecto
3363 2657 3574 2724 fuerat,
3615 2666 3668 2713 ut

2087 2755 2233 2811 hunc
2254 2755 2323 2810 ad
2352 2763 2587 2811 mortem
2614 2755 2714 2809 sub
2740 2751 3016 2808 exteriori
3061 2749 3249 2806 habitu
3300 2759 3526 2806 terrena
3554 2761 3667 2807 acta

2087 2847 2542 2920 constringerent,
2575 2862 2739 2916 quam
2765 2842 2972 2918 [quem]
3003 2858 3159 2900 sacra
3199 2842 3374 2899 cilicia
3416 2844 3476 2898 in
3516 2843 3668 2912 culpa

2088 2939 2300 2996 caeteris
2328 2937 2644 2994 imitabilem
2685 2937 3161 2993 demonstrarent:
3190 2933 3282 3005 qui
3325 2934 3590 2988 nimirum
3621 2933 3664 2988 si

2089 3030 2236 3086 solus
2274 3029 2516 3093 caderet,
2569 3035 2841 3095 utcunque
2887 3025 3031 3080 hunc
3077 3023 3414 3080 tolerabilior
3469 3024 3662 3080 inferni

2088 3135 2250 3191 poma
2303 3119 2592 3174 cruciaret.
2627 3115 2828 3189 (Greg.,
2851 3117 2980 3170 ibid.
3010 3132 3057 3171 c.
3091 3115 3168 3186 ι.)
3221 3113 3375 3185 Saepe
3421 3123 3667 3186 suscepta

2088 3225 2218 3266 cura
2245 3207 2543 3282 regiminis,
2575 3222 2671 3263 cor
2711 3222 2808 3276 per
2852 3206 3067 3261 diversa
3114 3205 3373 3260 intuendo
3420 3205 3663 3262 diverbe-

2086 3310 2214 3368 rat;
2263 3308 2317 3357 et
2347 3302 2522 3370 impar
2562 3299 2793 3369 quisque
2840 3297 3115 3352 invenitur
3157 3296 3226 3352 ad
3276 3296 3517 3369 singula,
3547 3299 3664 3352 dum

2085 3391 2312 3449 confusa
2365 3400 2544 3446 mente
2603 3388 2866 3445 dividitur
2909 3389 2978 3443 ad
3019 3383 3206 3442 multa.
3250 3387 3410 3443 Unde
3452 3389 3664 3459 quidam

2087 3484 2304 3554 sapiens
2331 3482 2556 3555 provide
2583 3480 2859 3546 admonet,
2887 3479 3072 3534 dicens
3097 3497 3110 3533 :
3142 3477 3277 3543 Fili,
3315 3496 3382 3536 ne
3406 3481 3466 3533 in
3499 3480 3664 3533 multis

2087 3576 2193 3630 sint
2219 3584 2368 3629 actus
2409 3573 2486 3627 tui
2527 3571 2720 3644 (Eccli.
2745 3570 2846 3641 ιιι).
2878 3569 3015 3638 Quia
3039 3569 3290 3625 videlicet
3327 3584 3662 3640 nequaquam

2086 3664 2244 3735 plene
2298 3663 2355 3718 in
2412 3660 2838 3731 uniuscujusque
2883 3658 3066 3730 operis
3113 3658 3325 3714 ratione
3380 3659 3661 3729 colligitur,

2089 3755 2216 3812 dum
2237 3769 2388 3810 mens
2411 3769 2508 3824 per
2527 3753 2741 3810 diversa
2761 3768 2949 3824 sparsa
2974 3751 3151 3826 [Deest
3173 3746 3386 3824 sparsa]
3412 3752 3660 3822 partitur:

2090 3859 2318 3914 cumque
2348 3842 2494 3899 foras
2517 3859 2614 3914 per
2660 3844 2981 3900 insolentem
3027 3859 3212 3898 curam
3249 3844 3510 3910 trahitur,
3544 3859 3574 3898 a
3599 3843 3662 3897 ti-

2090 3937 2262 3993 moris
2291 3937 2470 3992 intimi
2511 3936 2784 3992 soliditate
2823 3943 3103 3991 vacuatur.
3142 3935 3280 3988 Dum
3324 3935 3492 3990 etiam
3521 3948 3662 3989 mens

2092 4029 2147 4084 in
2173 4029 2504 4084 exteriorum
2533 4027 2595 4082 fit
2643 4027 2996 4097 dispositione
3033 4025 3284 4091 sollicita,
3335 4026 3424 4081 sui
3463 4035 3543 4080 est
3582 4039 3662 4079 so-

2092 4119 2368 4176 lummodo
2394 4119 2603 4190 ignara,
2633 4128 2690 4175 et
2715 4120 2818 4174 scit
2842 4117 3010 4173 multa
3027 4119 3285 4189 cogitare,
3317 4133 3377 4172 se
3406 4118 3659 4174 nesciens.

2092 4211 2229 4266 Nam
2255 4227 2377 4266 cum
2402 4211 2524 4281 plus
2547 4225 2710 4280 quam
2734 4222 2956 4264 necesse
2993 4217 3077 4263 est
3099 4223 3158 4263 se
3179 4208 3538 4263 exterioribus
3570 4207 3662 4260 im-

2092 4303 2276 4374 plicat,
2327 4299 2482 4372 quasi
2528 4307 2787 4370 occupata
2834 4297 2892 4353 in
2945 4296 3160 4364 itinere,
3205 4297 3541 4353 obliviscitur
3561 4309 3662 4367 quo

418 4405 532 4474 pio,
563 4405 755 4475 inquit,
788 4405 1001 4461 locutus
1034 4422 1143 4462 non
1185 4405 1374 4473 fueris,
1403 4415 1464 4462 ut
1491 4423 1550 4463 se
1594 4407 1664 4462 ab
1691 4407 1970 4479 impietate
2017 4413 2072 4474 D
2099 4393 2388 4449 tendebat:
2424 4393 2498 4448 ita
2538 4401 2600 4448 ut
2642 4393 2711 4448 ab
2759 4391 2936 4447 studio
2965 4406 3078 4447 sua:
3121 4391 3491 4462 inquisitionis
3534 4389 3658 4444 alie.

421 4494 708 4560 custodiat,
739 4503 794 4550 et
825 4493 912 4550 ille
955 4495 1199 4564 perierit,
1224 4496 1542 4565 sanguinem
1575 4496 1692 4568 ejus
1717 4497 1783 4552 de
1829 4511 1992 4551 manu

424 4591 517 4638 tua
565 4585 858 4654 requiram.
895 4583 1011 4640 Hoc
1062 4592 1149 4638 est
1202 4585 1422 4640 dicere:
1459 4585 1516 4639 Si
1547 4587 1596 4639 ei
1643 4592 1865 4654 peccata
1894 4598 1993 4638 sua

421 4691 530 4730 non
563 4675 991 4739 annuntiaveris,
1023 4674 1071 4729 si
1105 4690 1228 4730 eum
1251 4690 1360 4729 non
1407 4673 1670 4744 argueris,
1698 4681 1759 4726 ut
1799 4673 1865 4727 ab
1894 4673 1994 4726 im-

421 4767 624 4837 pietate
669 4782 766 4821 sua
815 4773 1169 4821 convertatur
1197 4773 1252 4821 et
1278 4767 1424 4820 vivat
1449 4784 1461 4818 :
1499 4772 1553 4818 et
1574 4771 1629 4818 te
1659 4763 1750 4832 qui
1778 4779 1884 4818 non
1915 4763 1995 4817 in-

425 4859 678 4926 crepasti,
707 4864 761 4911 et
811 4857 986 4927 ipsum
1008 4857 1100 4927 qui
1133 4864 1185 4911 te
1235 4863 1445 4911 tacente
1469 4845 1744 4925 peccavit,
1761 4853 1995 4927 ﬂammis

423 4945 754 5015 perennibus
777 4947 1021 5016 perdam.
1058 4947 1209 5012 Quis,
1240 4960 1392 5013 rogo,
1421 4951 1531 4998 tam
1558 4943 1707 4998 saxei
1732 4945 1994 5014 pectoris,

428 5035 552 5104 quis
582 5043 687 5088 tam
715 5034 924 5090 ferreus
954 5037 1079 5101 erit,
1112 5051 1274 5106 quem
1319 5032 1586 5097 sententia
1625 5032 1729 5088 ista
1758 5051 1864 5088 non
1890 5041 1997 5090 ter-

429 5127 590 5181 reat?
625 5126 747 5197 quis
782 5134 892 5181 tam
919 5126 1130 5182 alienus
1156 5141 1188 5180 a
1209 5124 1334 5192 fide,
1359 5124 1450 5195 qui
1476 5124 1757 5181 sententiae
1785 5125 1872 5179 isti
1891 5139 1996 5179 non

434 5219 612 5278 credat
637 5218 660 5272 ?

999 5306 1226 5365 CAPUT
1253 5306 1464 5364 XXVII.

505 5394 775 5472 (Gregorii
821 5393 1038 5451 Pastor.
1072 5394 1110 5450 l.
1143 5411 1181 5462 ι,
1216 5411 1263 5450 c.
1290 5395 1371 5468 2.)
1406 5395 1545 5452 Sunt
1571 5395 1814 5450 nonnulli
1845 5394 2002 5468 [Gre-

432 5491 615 5562 gorius
645 5491 710 5545 de
737 5488 1049 5562 pastoribus
1080 5502 1189 5543 non
1224 5495 1374 5544 recte
1417 5486 1809 5558 gradientibus,
1865 5486 2001 5542 Sunt

432 5579 695 5646 nonnulli,
719 5578 876 5653 etc.],
909 5579 1004 5651 qui
1051 5577 1240 5636 solerti
1270 5593 1402 5634 cura
1435 5576 1702 5648 spiritalia
1731 5585 2000 5648 praecepta

432 5685 860 5743 pcrscrutantur,
911 5676 1005 5731 sed
1035 5689 1153 5744 qua:
1206 5671 1549 5744 intelligendo
1602 5677 1888 5742 penetrant
1921 5673 2000 5726 vi-

2095 4494 2244 4550 nata,
2282 4500 2349 4540 ne
2377 4483 2490 4554 ipsa
2528 4481 2767 4553 quidem,
2818 4496 2938 4551 qua:
2993 4481 3215 4554 patitur,
3268 4481 3466 4536 damna
3503 4477 3660 4534 consi-

2096 4575 2269 4640 deret,
2303 4581 2360 4630 et
2404 4588 2503 4645 per
2547 4581 2748 4644 quanta
2792 4572 3090 4643 delinquat,
3137 4572 3369 4644 ignoret.
3417 4572 3661 4628 Ezechias

2096 4681 2193 4720 rex
2226 4679 2453 4734 peccare
2502 4679 2560 4719 se
2600 4662 2823 4719 minime
2868 4663 3120 4729 credidit,
3173 4677 3297 4718 cum
3334 4660 3660 4718 venientibus

2096 4757 2165 4811 ad
2189 4769 2247 4809 se
2270 4753 2604 4824 alienigenis,
2636 4752 2799 4809 cellas
2827 4760 3132 4807 aromatum
3179 4752 3452 4807 ostendit:
3489 4750 3576 4806 sed
3604 4748 3660 4804 in

2092 4846 2493 4900 damnationem
2533 4851 2798 4899 secuturae
2836 4842 3022 4913 prolis,
3076 4858 3144 4898 ex
3186 4859 3252 4900 eo
3297 4842 3434 4897 iram
3480 4837 3661 4911 iudicis

2094 4937 2338 5008 pertulit,
2385 4935 2529 5004 quod
2574 4949 2635 4990 se
2674 4934 2901 4989 licenter
2941 4934 3121 4988 facere
3162 4932 3496 4988 existimavit
3531 4929 3655 5002 (Isa.

2095 5029 2304 5091 xxxrx).
2344 5028 2498 5098 Saepe
2537 5029 2681 5083 enim
2713 5027 2839 5082 dum
2885 5025 3053 5080 multa
3097 5033 3412 5094 suppetunt,
3441 5025 3656 5088 dumque

2096 5121 2181 5193 agi
2209 5128 2453 5191 possunt,
2497 5117 2725 5188 subjecti
2753 5131 2873 5188 qua:
2905 5125 3027 5172 acta
3068 5125 3193 5172 sunt
3231 5116 3574 5176 admirantur,
3602 5109 3654 5162 in

2097 5199 2422 5283 cogitatione
2466 5225 2525 5265 se
2568 5209 2781 5263 animus
2819 5207 3014 5273 elevat,
3069 5215 3124 5261 et
3147 5205 3306 5277 plene
3333 5206 3388 5260 in
3427 5219 3484 5260 se
3532 5202 3654 5256 iram

2091 5300 2289 5372 iudicis
2313 5309 2590 5372 provocat,
2615 5299 2861 5369 quamvis
2889 5313 2987 5369 per
3007 5297 3190 5367 iniqua
3214 5295 3364 5351 foras
3385 5309 3540 5365 opera
3557 5301 3657 5345 non

2097 5403 2360 5466 erumpat.
2393 5393 2542 5449 Intus
2593 5393 2789 5464 quippe
2835 5398 2918 5447 est
2947 5390 3039 5461 qui
3079 5388 3309 5460 judicat,
3351 5389 3492 5442 intus
3529 5379 3656 5452 quod

2093 5483 2385 5554 iudicatur.
2438 5483 2574 5540 Cum
2629 5498 2760 5554 ergo
2812 5482 2867 5537 in
2918 5480 3080 5537 corde
3125 5478 3507 5548 delinquimus,
3536 5473 3656 5526 latet

2100 5577 2346 5633 homines
2373 5575 2516 5645 quod
2555 5573 2695 5645 apud
2751 5586 2850 5627 nos
2881 5571 3130 5642 agimus:
3184 5569 3280 5623 sed
3327 5575 3504 5621 tamen
3549 5561 3656 5628 ipso

2095 5668 2277 5739 judice
2301 5674 2438 5723 teste
2479 5679 2787 5737 peccamus.
2833 5662 2958 5719 Hzec
2994 5658 3350 5731 proferentes,
3384 5670 3484 5712 non
3517 5655 3629 5721 pote
