3884 6192
315 346 415 400 861

894 342 1171 399 REGULA
1207 341 1701 399 CANO‘NICORUM
1740 343 1829 396 AB
1866 343 2222 402 AMALARIO
2260 344 2639 404 COLLECTA.
2680 380 2751 388 —
2787 349 2914 404 LIB.
2955 351 2997 406 Ι.

3465 354 3570 409 869..

317 469 514 514 statem
568 457 844 529 regiminis
896 457 1361 526 reprehendimus,
1391 457 1486 512 sed
1537 457 1606 510 ab
1656 456 1896 527 appetitu
1923 459 1973 518 Α
1999 459 2358 528 cognitionem
2389 460 2590 515 intima:
2615 461 2877 517 claritatis
2905 465 3295 533 apprehendit;
3320 465 3366 520 si
3394 477 3575 522 autem

318 550 467 605 illius
519 549 700 603 cordis
751 546 1120 612 inﬁmitatem
1151 547 1443 611 munimus,
1483 561 1552 601 ne
1602 544 1900 616 imperfecti

319 643 518 712 quippe
564 639 773 693 culmen
803 639 1042 708 arripere
1072 637 1369 708 'regiminis
1407 638 1674 691 audeant:
1725 645 1779 691 et
1808 636 1901 705 qui

319 737 376 790 in
404 734 579 805 planis
601 741 808 788 stantes
829 733 1083 796 titubant,
1110 733 1164 788 in
1185 733 1444 802 praecipiti
1467 733 1654 803 pedem
1669 737 1898 803 ponant.

320 825 524 896 (Greg.,
549 826 675 879 ibid.
704 842 750 879 e.
782 824 894 896 ll.)
941 825 1130 880 Cmcus
1165 834 1354 894 pastor
1383 833 1468 880 est
1516 825 1606 894 qui
1655 839 1902 893 superate

318 921 500 974 lumen
538 915 1008 986 contemplationis
1065 916 1298 986 ignorat,
1345 917 1434 986 qui
1469 916 1750 986 praesentis
1776 915 1903 968 vitae

319 1011 560 1066 tenebris
589 1024 828 1080 pressus,
863 1009 988 1062 dum
1012 1017 1294 1062 venturam
1345 1008 1518 1062 lucem
1558 1022 1902 1077 nequaquam

319 1101 604 1170 dirigendo
634 1099 920 1168 conspicit.
945 1114 1051 1168 quo
1081 1113 1326 1166 gressum
1355 1098 1533 1167 operis
1575 1097 1753 1168 [Deest
1776 1113 1903 1168 ope-

320 1188 417 1260 ris]
443 1194 624 1259 ponat,
658 1187 850 1243 nescit.
890 1186 1124 1240 Claudus
1162 1201 1292 1240 vero
1321 1193 1500 1239 rector
1524 1193 1609 1240 est
1653 1185 1744 1254 qui
1784 1183 1903 1253 qui-

320 1283 463 1342 dem,
496 1296 604 1349 quo
629 1293 852 1350 pergere
879 1278 1089 1342 debeat,
1131 1278 1345 1346 aspicit,
1384 1278 1476 1332 sed
1521 1291 1620 1347 per
1665 1275 1900 1330 infirmi-

321 1382 485 1426 tatem
521 1370 736 1434 mentis,
765 1369 890 1423 vitae
914 1369 1056 1422 viam
1087 1367 1327 1438 perfecte
1373 1383 1480 1421 non
1525 1366 1671 1421 valet
1718 1374 1903 1421 tenere

319 1477 481 1530 quam
515 1459 657 1513 videt
683 1475 696 1522 ;
725 1459 851 1528 quia
879 1459 945 1511 ad
981 1459 1198 1513 virtutis
1227 1466 1428 1512 statum
1460 1456 1588 1510 dum
1611 1456 1753 1510 fluxa
1775 1471 1903 1510 con-

319 1551 603 1607 suetudine
627 1565 731 1603 non
759 1549 1007 1620 erigitur,
1035 1564 1142 1617 quo
1163 1563 1260 1618 per
1279 1549 1603 1604 desiderium
1632 1547 1900 1610 innititur,

320 1644 450 1697 illuc
477 1657 692 1713 gressus
718 1641 898 1710 operis
936 1640 1226 1696 efﬁcaciter
1251 1655 1359 1694 non
1389 1647 1706 1709 sequuntur.
1729 1638 1904 1693 Parvo

317 1740 502 1785 autem
536 1746 666 1785 naso
693 1738 793 1792 cst,
819 1730 908 1800 qui
949 1731 1018 1784 ad
1045 1729 1337 1786 tenendam
1364 1744 1672 1784 mensuram
1700 1727 1906 1782 discre-

317 1822 488 1876 tionis
516 1822 740 1876 idoneus
769 1794 873 1875 non
902 1829 1004 1876 est.
1033 1821 1177 1875 Naso
1205 1820 1404 1890 quippe
1446 1820 1642 1874 odores
1670 1818 1902 1874 fetores-
1931 1794 1980 1854 Β

316 1928 427 1981 que
467 1912 846 1967 discernimus.
901 1912 1067 1967 Recte
1117 1926 1246 1983 ergo
1271 1927 1370 1981 per
1415 1926 1606 1966 nasum
1653 1910 1906 1966 discretio

317 2005 667 2074 exprimitur,
699 2019 798 2073 per
822 2019 987 2074 quam
1018 2005 1248 2059 virtutes
1290 2003 1560 2074 eligimus,
1604 2002 1799 2057 delicta
1826 2017 1910 2058 re-

315 2097 638 2166 probamus.
672 2095 779 2150 Sed
811 2103 939 2151 sunt
985 2095 1225 2166 nonnulli
1271 2095 1362 2164 qui
1393 2095 1519 2150 dum
1567 2095 1823 2149 aestimari
1849 2109 1908 2149 se

315 2189 546 2245 hebetes
595 2188 803 2256 nolunt,
836 2203 976 2258 saepe
1027 2202 1086 2242 se
1113 2188 1166 2242 in
1223 2186 1546 2258 quibusdam
1601 2185 1906 2256 inquisitio-

315 2284 503 2347 nibus,
536 2283 656 2353 plus
681 2297 842 2351 quam
873 2296 1096 2337 necesse
1125 2289 1231 2345 est,
1271 2287 1606 2344 exercentes,
1633 2295 1699 2334 ex
1740 2278 1908 2332 nimia

315 2373 620 2428 subtilitate
685 2371 960 2426 falluntur.
1025 2371 1177 2427 Unde
1229 2371 1320 2426 hic
1356 2386 1570 2440 quoque
1619 2369 1905 2424 subditur:

331 2462 426 2517 Vel
454 2463 644 2534 grandi
669 2472 716 2516 et
759 2472 896 2518 torto
935 2479 1064 2516 naso
1107 2461 1295 2532 (Lavit.
1325 2461 1462 2533 xxx).
1505 2459 1681 2516 Nasus
1707 2461 1907 2515 etenim

314 2555 543 2624 grandis
565 2561 620 2609 et
658 2563 854 2619 tortus,
898 2561 983 2608 est
1011 2553 1358 2608 discretionis
1405 2553 1677 2608 subtilitas
1719 2553 1910 2608 immo-

314 2649 533 2704 derata.
589 2644 718 2712 Quae
769 2646 895 2700 dum
954 2643 1076 2715 plus
1130 2659 1294 2713 quam
1357 2645 1512 2700 decet
1561 2646 1906 2710 excreverit,

314 2738 556 2796 actionis
592 2751 704 2791 suae
755 2735 1135 2791 rectitudinem
1202 2736 1316 2804 ipsa
1361 2734 1661 2791 confundit.
1716 2735 1910 2792 Fracto

313 2838 503 2883 autem
529 2828 664 2897 pede
687 2826 773 2882 vel
803 2841 968 2880 manu
999 2835 1082 2882 est
1115 2825 1208 2895 qui
1234 2825 1375 2880 viam
1405 2825 1498 2880 Dei
1542 2839 1769 2896 pergere
1795 2842 1912 2882 om-

315 2921 453 2976 nino
481 2935 586 2973 non
611 2917 770 2980 valet,
801 2929 963 2986 atque
991 2933 1020 2971 a
1041 2918 1198 2972 bonis
1219 2918 1429 2972 actibus
1453 2917 1698 2974 funditus
1718 2934 1911 2976 exsors

313 3019 518 3068 vacat:
569 3016 839 3079 quatenus
884 3008 1001 3064 haec
1043 3023 1150 3063 non
1196 3016 1254 3064 ut
1295 3008 1518 3064 claudus
1567 3009 1758 3066 saltem
1786 3027 1911 3067 cum

314 3101 640 3157 infirmitate
693 3107 896 3165 teneat,
953 3101 1048 3155 sed
1095 3101 1164 3155 ab
1213 3101 1300 3156 his
1339 3101 1652 3156 omnimodo
1700 3102 1910 3158 alienus

312 3192 544 3246 existat.
593 3189 798 3245 Gibbus
841 3205 972 3244 vero
1014 3199 1118 3257 est,
1163 3206 1322 3261 quem
1371 3202 1602 3248 terrenae
1648 3193 1910 3251 sollicitu—

313 3283 463 3338 dinis
487 3283 699 3352 pondus
743 3283 1016 3352 deprimit,
1046 3298 1115 3339 ne
1138 3299 1375 3353 unquam
1401 3285 1471 3340 ad
1517 3300 1750 3355 superna
1795 3303 1910 3344 res-

311 3373 506 3443 piciat,
532 3373 624 3428 sed
659 3373 790 3428 solis
812 3373 898 3428 his
924 3389 1045 3444 qua:
1085 3375 1140 3429 in
1187 3373 1388 3430 infimis
1425 3376 1706 3431 calcantur
1735 3378 1913 3434 inten-

318 3464 438 3517 dat.
464 3462 564 3530 Qui
590 3464 692 3519 etsi
723 3463 1013 3532 aliquando
1063 3464 1265 3534 aliquid
1307 3480 1375 3522 ex
1416 3467 1560 3522 bono
1584 3469 1775 3536 patria:
1801 3475 1913 3524 cm-

315 3553 473 3608 lestis
497 3554 750 3620 audierit,
781 3555 849 3610 ad
896 3555 1000 3610 hoc
1029 3556 1288 3611 nimirum
1328 3571 1599 3626 perversae
1623 3569 1912 3617 consuetu-

313 3642 467 3697 dinis
509 3643 744 3714 pondere
771 3655 1163 3717 praegravatus,
1217 3648 1398 3704 cordis
1436 3648 1628 3705 faciem
1675 3667 1784 3707 non
1827 3661 1912 3708 at-

318 3735 502 3790 tollit:
542 3737 668 3806 quia
711 3736 1053 3806 cogitationis
1102 3745 1302 3792 statum
1337 3739 1548 3810 erigere
1591 3755 1696 3796 non
1747 3741 1909 3808 valet,

318 3839 486 3894 quem
520 3834 747 3882 terrente
770 3826 1148 3883 sollicitudinis
1181 3845 1313 3885 usus
1337 3846 1560 3886 curvum
1586 3840 1750 3888 tenet.
1782 3833 1910 3904 Lip-

318 3930 425 3986 pus
459 3931 694 3987 namque
739 3925 844 3984 est,
877 3917 1032 3988 cujus
1069 3920 1285 3989 quidem
1334 3922 1607 3992 ingenium
1650 3925 1718 3978 ad
1759 3927 1913 3995 agni-

319 4006 530 4060 tionem
581 4008 827 4064 veritatis
883 4011 1102 4074 emicat,
1161 4011 1254 4068 sed
1305 4021 1486 4068 tamen
1523 4015 1627 4070 hoc
1673 4017 1911 4071 carnalia

317 4110 490 4166 opera
539 4098 852 4153 obscurant.
900 4100 957 4154 In
1015 4101 1172 4172 lippis
1225 4105 1426 4174 quippe
1473 4106 1644 4160 oculis
1697 4108 1912 4177 pupillae

319 4201 474 4243 sana:
493 4195 638 4254 sunt,
668 4191 764 4244 sed
785 4190 1012 4248 humore
1039 4192 1309 4249 deﬂuente
1335 4196 1622 4251 inﬁrmata:
1641 4197 1911 4267 palpebrae

320 4289 696 4348 grossescunt.
725 4280 856 4350 Quae
882 4283 1007 4351 quia
1051 4283 1321 4343 infusione
1349 4288 1538 4343 crebra
1579 4297 1908 4352 atteruntur,

321 4368 475 4423 acies
501 4370 716 4440 pupilla:
740 4372 982 4428 vitiatur.
1012 4374 1080 4429 Et
1108 4384 1234 4430 sunt
1262 4378 1503 4432 nonnulli
1533 4393 1762 4448 quorum
1787 4396 1912 4436 sen-

2001 550 2290 604 candorem
2331 551 2434 606 sibi
2449 553 2697 622 justilize,
2725 554 2838 608 sive
2861 556 3138 624 sapientia:
3168 557 3375 622 tribuit,
3401 572 3432 610 a
3457 557 3577 613 luce

2001 655 2061 694 se
2087 654 2335 708 superna:
2362 642 2684 712 cognitionis
2709 643 3024 707 excludit,et
3053 659 3118 698 co
3139 645 3439 701 claritatem
3463 646 3575 700 veri

2001 731 2220 786 luminis
2255 746 2594 802 nequaquam
2621 743 2870 804 penetrat
2894 749 3002 804 quo
3027 751 3084 790 se
3111 736 3252 804 apud
3280 750 3338 790 se
3367 751 3466 805 per
3487 752 3577 792 ar-

1999 830 2302 898 rogantiam
2336 829 2564 896 exaltat;
2591 831 2732 886 sicut
2765 831 2832 886 de
2855 832 3177 900 quibusdam
3211 831 3446 886 dicitur:
3480 833 3574 886 DI-

2001 929 2170 973 centes
2201 920 2337 974 enim
2361 939 2416 976 se
2451 939 2560 976 esse
2601 923 2882 992 sapientes,
2918 923 3064 977 stulti
3093 923 3219 993 facti
3247 933 3368 977 sunt
3398 921 3576 994 (Rom.

2001 1009 2064 1082 l).
2093 1008 2282 1082 Jugem
2311 1028 2442 1067 vero
2462 1013 2624 1068 habet
2651 1014 2887 1068 scabiem
2915 1014 2970 1068 in
3010 1029 3258 1084 corpore,
3283 1014 3368 1068 cui
3399 1015 3578 1068 carnis

1999 1102 2298 1170 petulantia
2330 1103 2446 1158 sine
2479 1103 2784 1158 cessatione
2826 1105 3134 1159 dominatur
3171 1105 3224 1158 in
3271 1111 3472 1158 mente.
3522 1101 3577 1156 In

2003 1191 2185 1245 scabie
2223 1192 2423 1246 etenim
2472 1191 2652 1246 fervor
2697 1193 2965 1247 viscerum
2996 1193 3062 1246 ad
3110 1201 3289 1246 cutem
3324 1192 3578 1255 trahitur,
3637 1254 3640 1256 γ

2001 1296 2099 1351 per
2128 1299 2290 1353 quam
2337 1292 2484 1338 recte
2523 1283 2735 1337 luxuria
2783 1285 3116 1353 designatur,
3158 1284 3286 1352 quia
3327 1285 3370 1338 si
3401 1284 3582 1338 cordis

2003 1371 2234 1425 tentatio
2264 1385 2436 1439 usque
2460 1370 2527 1425 ad
2550 1372 2922 1440 operationem
2947 1371 3179 1440 prosilit,
3208 1371 3463 1425 nimirum
3485 1369 3584 1424 fer-

2002 1475 2101 1514 vor
2131 1461 2354 1514 intimus
2393 1474 2564 1528 usque
2607 1461 2674 1513 ad
2704 1461 2845 1514 cutis
2873 1460 3109 1515 scabiem
3157 1461 3478 1529 prorumpit.
3519 1459 3588 1512 Et

2003 1550 2137 1605 foris
2161 1551 2272 1620 jam
2309 1565 2504 1618 corpus
2549 1549 2804 1620 [scabies]
2831 1551 3076 1621 sauciat,
3104 1551 3227 1620 quia
3267 1549 3394 1604 dum
3416 1551 3468 1604 in
3498 1567 3586 1606 co-

2003 1641 2263 1711 gitatione
2296 1639 2544 1694 voluntas
2569 1654 2676 1693 non
2706 1641 3041 1709 reprimitur,
3073 1641 3237 1695 etiam
3281 1641 3334 1694 in
3376 1641 3587 1695 actione

2007 1731 2334 1786 dominatur.
2390 1729 2555 1796 Quasi
2607 1729 2752 1783 enim
2809 1730 2948 1784 cutis
3003 1730 3336 1798 pruriginem
3389 1731 3587 1785 Paulus

2007 1811 2234 1880 curabat
2271 1825 2604 1893 abstergere,
2633 1837 2758 1876 cum
2783 1821 3032 1876 dicebat:
3083 1821 3321 1875 Tentatio
3364 1839 3452 1875 vos
3486 1840 3589 1875 nou

2007 1915 2386 1987 apprehendat,
2431 1915 2534 1967 nisi
2570 1913 2802 1966 humana
2849 1911 2902 1983 (Ι
2925 1910 3048 1965 Cor.
3080 1910 3158 1982 χ).
3205 1910 3284 1966 Ac
3327 1912 3371 1965 si
3405 1921 3589 1980 aperte

2007 2007 2213 2062 diceret
2238 2025 2251 2059 :
2282 2005 2588 2060 Humanum
2609 2004 2829 2073 quidem
2856 2011 2940 2058 est
2967 2003 3020 2056 in
3048 2003 3211 2058 corde
3239 2003 3587 2058 tentationem

2006 2098 2252 2167 perpeti;
2298 2095 2692 2150 daemoniacum
2748 2109 2877 2148 vero
2907 2103 2992 2149 est
3047 2093 3365 2148 tentatiouis
3415 2100 3588 2146 certa-

2007 2190 2152 2246 mine
2198 2189 2252 2243 in
2295 2188 2608 2258 operatione
2650 2187 2916 2255 superari.
2962 2186 3335 2258 Impetiginem
3378 2198 3590 2254 quoque

2008 2279 2173 2334 habet
2196 2279 2250 2333 in
2271 2292 2498 2347 corpore
2519 2276 2768 2345 quisquis
2795 2275 3024 2330 avaritia
3043 2282 3290 2330 vastatur
3311 2275 3365 2328 in
3388 2283 3590 2328 mente.

2008 2373 2139 2440 Qua:
2168 2373 2215 2427 si
2272 2372 2328 2426 in
2377 2371 2559 2442 parvis
2611 2385 2718 2423 non
2765 2368 3151 2438 compescitur,
3198 2367 3425 2422 nimium
3475 2367 3593 2421 sine

2007 2479 2266 2521 mensura
2289 2463 2567 2518 dilatatur.
2613 2460 2873 2531 lmpetigo
2895 2460 3089 2530 quippe
3118 2458 3238 2513 sine
3266 2458 3452 2513 dolore
3476 2472 3592 2512 cor-

2007 2573 2109 2628 pus
2132 2562 2378 2624 occupat,
2421 2562 2476 2607 et
2519 2551 2722 2620 absque
2761 2549 3009 2619 occupati
3050 2548 3209 2603 tmdio
3247 2561 3590 2610 excrescens,

2008 2646 2375 2701 membrorum
2409 2645 2659 2698 decorem
2692 2640 2898 2695 findat:
2931 2640 3057 2708 quia
3080 2647 3136 2693 et
3175 2638 3404 2692 avaritia
3426 2637 3587 2706 capti-

2009 2753 2131 2792 vam
2159 2737 2418 2799 animam,
2445 2734 2571 2789 dum
2599 2728 2755 2803 quasi
2796 2729 3047 2795 delectat,
3098 2728 3377 2783 exulcerat
3409 2744 3422 2793 ;
3463 2729 3591 2781 dum

2010 2827 2354 2899 adipiscenda
2380 2839 2609 2896 quaeque
2649 2821 2964 2894 cogitationi
3009 2819 3215 2888 objicit,
3261 2820 3329 2873 ad
3359 2819 3592 2873 inimici-

2010 2923 2115 2976 tias
2146 2920 2409 2980 accendit,
2441 2928 2496 2972 et
2534 2915 2772 2972 dolorem
2799 2915 2852 2968 in
2883 2913 3110 2968 vulnere
3138 2927 3243 2966 non
3289 2911 3434 2973 facit,
3467 2912 3592 2979 quia

2011 3011 2263 3068 aestuanti
2323 3009 2504 3063 animo
2558 3022 2622 3061 ex
2673 3005 2830 3075 culpa
2876 3002 3265 3058 abundantiam
3307 3001 3592 3071 promittit.

1936 3135 1981 3197 ρ
2013 3104 2187 3158 Decor
2211 3103 2578 3156 membrorum
2621 3113 2720 3169 per
2765 3095 3133 3166 impetiginem
3169 3094 3433 3165 perditur,
3469 3091 3594 3197 quia

2015 3195 2243 3250 aliarum
2274 3207 2490 3263 quoque
2521 3193 2782 3245 virtutum
2805 3204 2904 3258 per
2941 3187 3224 3242 avaritiam
3253 3183 3594 3254 pulchritudo

2014 3287 2358 3357 depravatur.
2405 3285 2472 3338 Et
2497 3284 2650 3352 quasi
2681 3290 2851 3337 totum
2880 3294 3077 3349 corpus
3115 3285 3422 3347 exasperat,
3470 3275 3594 3344 quia

2014 3396 2114 3450 per
2143 3379 2397 3432 universa
2426 3375 2557 3428 vitia
2607 3374 2847 3427 animum
2893 3371 3227 3440 supplantat,
3259 3368 3427 3422 Paulo
3460 3375 3596 3420 atte—
3625 3407 3628 3410 .

2015 3479 2198 3526 stante
2227 3469 2318 3538 qui
2351 3467 2457 3520 ait:
2492 3464 2669 3518 Radix
2708 3463 2941 3516 omnium
2983 3459 3244 3513 malorum
3281 3467 3358 3512 est
3397 3457 3594 3526 cupidi-

2014 3573 2095 3617 tas
2137 3561 2187 3633 (1
2224 3559 2358 3613 Tim.
2391 3556 2487 3614 vi].
2523 3555 2869 3610 Ponderosus
2916 3561 3020 3616 est,
3061 3551 3152 3622 qui
3206 3549 3595 3619 turpitudinem

2015 3669 2119 3709 non
2160 3656 2380 3707 exercet
2412 3661 2594 3716 opere,
2647 3645 2740 3700 sed
2792 3652 2970 3698 tamen
3015 3643 3084 3696 ab
3126 3642 3229 3696 hoc
3275 3638 3594 3710 cogitatione

2015 3745 2271 3801 continua
2315 3742 2434 3797 sine
2462 3735 2834 3794 moderamine
2881 3741 3138 3806 gravatur
3182 3733 3234 3786 in
3264 3739 3466 3786 mente.
3497 3727 3596 3794 Qui

2015 3849 2357 3907 nequaquam
2390 3845 2562 3901 usque
2596 3830 2664 3885 ad
2708 3843 2844 3898 opus
2873 3827 3094 3896 quidem
3146 3823 3410 3878 nefarium
3454 3819 3592 3889 rapi-

2016 3939 2122 3991 tur,
2158 3925 2252 3982 sed
2288 3921 2406 3993 ejus
2441 3922 2655 3976 animus
2703 3916 2980 3985 voluptate
3033 3913 3283 3977 luxuriae,
3329 3911 3448 3966 sine
3488 3909 3598 3964 ullo

2017 4013 2422 4088 repugnatiouis
2439 4009 2722 4067 obstaculo
2743 4004 3034 4080 [stimulo],
3055 4004 3372 4060 delectatur.
3398 4001 3598 4056 Vitium

2014 4108 2213 4178 quippe
2256 4113 2341 4161 est
2384 4102 2662 4174 ponderis,
2711 4113 2834 4154 cum
2871 4098 3068 4152 humor
3101 4095 3374 4148 viscerum
3423 4093 3490 4146 ad
3519 4091 3602 4144 vi-

2014 4199 2135 4254 rilia
2169 4195 2390 4258 labitur,
2439 4206 2560 4262 qua:
2589 4189 2836 4260 profecto
2877 4200 3002 4241 cum
3036 4183 3281 4238 molestia
3323 4181 3598 4236 dedecoris

2013 4289 2400 4343 intumescunt.
2448 4279 2793 4334 Ponderosus
2817 4291 2948 4346 ergo
2975 4282 3078 4336 est,
3112 4273 3204 4342 qui
3236 4271 3366 4326 totis
3395 4270 3590 4340 cogita-

2014 4373 2256 4429 tionibus
2291 4371 2358 4424 ad
2389 4367 2669 4422 lasciviam
2699 4364 2964 4427 defluens,
2999 4361 3211 4432 pondus
3250 4358 3598 4428 turpitudinis

319 4476 446 4517 sum
475 4454 712 4520 carnalis
731 4467 857 4520 vita:
891 4468 1133 4536 operatio
1161 4470 1392 4535 sauciat,
1435 4471 1527 4541 qui
1550 4473 1732 4528 videre
1757 4481 1906 4528 recta
1931 4484 1984 4544 D
2011 4473 2186 4536 gestat
2225 4463 2278 4516 in
2309 4459 2492 4516 corde.
2544 4457 2612 4510 Et
2659 4453 2908 4525 quamvis
2963 4466 3126 4521 prava
3176 4465 3284 4505 non
3337 4456 3592 4544 exerceat

318 4556 597 4612 subtiliter
619 4572 715 4627 per
738 4561 1010 4631 ingenium
1057 4571 1324 4631 potemnt,
1353 4565 1449 4619 sed
1474 4581 1575 4621 usu
1618 4581 1908 4635 pravorum

320 4656 548 4701 actuum
578 4648 832 4718 caligant.
877 4651 1078 4721 Lippus
1127 4653 1310 4720 itaque
1353 4663 1457 4718 est,
1489 4653 1646 4722 cujus
1689 4670 1910 4711 sensum

320 4746 523 4792 natura
547 4739 784 4805 exacuit,
825 4741 917 4798 sed
953 4742 1383 4798 conversationis
1417 4744 1659 4811 pravitas
1685 4743 1914 4800 confun-

321 4829 424 4882 dit.
457 4827 553 4884 Cui
580 4830 719 4886 bene
745 4846 846 4900 per
882 4833 1135 4904 angelum
1181 4835 1408 4890 dicitur:
1447 4833 1683 4904 Collyrio
1723 4837 1914 4907 inunge

320 4917 510 4973 oculos
565 4927 702 4982 tuos,
746 4931 803 4974 ut
841 4922 1016 4977 videas
1066 4923 1250 4994 (Apoc.
1293 4925 1398 4996 tu).
1451 4924 1688 4996 Collyrio
1714 4924 1913 4995 quippe

321 5010 537 5077 oculos,
569 5021 629 5065 ut
649 5012 944 5079 videamus,
970 5013 1302 5086 inungimus,
1329 5032 1453 5072 cum
1475 5017 1542 5072 ad
1581 5031 1914 5087 cognoscen-

323 5105 453 5158 dam
482 5104 595 5158 veri
619 5105 840 5162 luminis
868 5107 1192 5175 claritatem,
1221 5109 1529 5166 intellectus
1548 5111 1720 5166 nostri
1739 5110 1913 5166 aciem

325 5195 687 5251 medicamine
731 5197 886 5252 bonae
933 5201 1263 5269 operationis
1309 5200 1645 5269 adjuvamus.
1693 5201 1915 5272 Albugi-

324 5301 455 5342 nem
481 5288 737 5353 tolerans,
763 5289 900 5344 nihil
919 5289 1097 5345 videt:
1139 5291 1443 5360 albuginem
1473 5293 1638 5346 habet
1663 5292 1914 5346 sacerdos

327 5378 386 5432 in
441 5379 620 5443 oculo,
671 5378 764 5448 qui
817 5379 1062 5440 veritatis
1105 5380 1279 5435 lucem
1329 5381 1514 5435 videre
1555 5397 1663 5434 non
1692 5381 1908 5445 sinitur,

328 5469 459 5540 quia
518 5469 826 5540 arrogantia
877 5471 1181 5540 sapientim,
1232 5470 1348 5526 sive
1390 5469 1616 5538 justitim
1657 5479 1908 5525 creentur.

328 5557 539 5628 Pupilla
566 5575 802 5630 namque
845 5560 988 5616 oculi
1019 5561 1194 5629 nigra,
1227 5559 1374 5614 videt
1400 5578 1412 5613 :
1441 5559 1748 5631 albuginem
1779 5559 1912 5614 tole-

330 5665 482 5713 rans,
512 5649 644 5706 nihil
673 5651 820 5707 vidct
847 5669 858 5704 :
891 5651 1019 5721 quia
1040 5650 1288 5706 videlicet
1318 5666 1510 5706 sensus
1550 5651 1796 5705 humana:
1825 5667 1912 5706 co-

334 5741 632 5811 gitationis,
681 5744 724 5797 si
771 5743 994 5799 stultum
1043 5759 1100 5798 sc
1145 5751 1591 5814 peccatoremque
1643 5742 1907 5813 intelligit,

2011 4569 2195 4624 opere,
2229 4551 2414 4607 abhis
2456 4558 2638 4604 tamen
2685 4562 2794 4602 non
2837 4545 3086 4600 evellitur
3121 4552 3340 4598 mente:
3385 4557 3486 4596 nec
3529 4541 3596 4596 ad

2014 4664 2171 4703 usum
2220 4645 2348 4702 boni
2385 4642 2568 4714 operis
2622 4642 2676 4696 in
2721 4647 2910 4711 aperto
2953 4638 3096 4692 valet
3137 4649 3438 4706 assurgere,
3469 4635 3596 4704 quia

2013 4745 2203 4810 gravat
2230 4737 2376 4791 hunc
2411 4735 2465 4788 in
2498 4731 2698 4787 abditis
2723 4728 2934 4801 pondus
2959 4737 3136 4798 turpe.
3177 4726 3436 4796 Quisquis
3463 4739 3594 4794 ergo

2013 4829 2254 4900 quolibet
2284 4828 2477 4882 horum
2522 4824 2657 4880 vitio
2709 4823 2994 4892 subigitur,
3029 4837 3198 4891 panes
3245 4819 3475 4874 Domino
3517 4818 3597 4873 of-

2014 4921 2158 4976 ferre
2185 4919 2526 4990 prohibetur,
2559 4931 2627 4971 ne
2669 4915 2917 4985 profecto
2944 4912 3150 4968 diluere
3179 4911 3352 4966 aliena
3400 4909 3593 4964 delicta

2015 5026 2121 5064 non
2149 5008 2392 5071 valeatis,
2417 5021 2579 5076 quem
2603 5005 2780 5060 adhuc
2802 5003 3020 5073 propria
3043 5003 3342 5058 devastant.
3373 4999 3590 5072 (Moral.

2016 5119 2090 5167 ιι,
2123 5118 2170 5154 c.
2198 5098 2388 5169 9,10).
2425 5097 2560 5153 Cum
2604 5097 2861 5152 sacerdos
2895 5111 3003 5150 non
3044 5095 3156 5165 agit
3198 5097 3340 5149 bona
3371 5108 3490 5162 qua:
3518 5091 3594 5145 lo-

2014 5193 2218 5262 quitur,
2243 5191 2293 5244 ci
2317 5189 2479 5244 etiam
2516 5203 2695 5244 sermo
2725 5186 3082 5250 subtrahitur,
3123 5200 3193 5239 ne
3230 5183 3372 5253 loqui
3403 5181 3596 5235 audeat

2014 5283 2157 5353 quod
2193 5295 2297 5333 non
2341 5286 2616 5348 cperatur,
2663 5278 2808 5332 sicut
2844 5290 2941 5346 per
2987 5275 3310 5343 Prophetam
3355 5271 3589 5325 dicitur:

2016 5371 2289 5426 Peccatori
2318 5379 2493 5423 autem
2515 5368 2646 5422 dixit
2685 5367 2850 5433 Deus,
2888 5366 3064 5431 Quare
3093 5375 3149 5417 tu
3179 5376 3396 5416 enarras
3431 5359 3591 5426 justi-

2013 5464 2116 5516 tias
2153 5477 2318 5527 meas,
2340 5469 2388 5514 et
2425 5458 2647 5512 assumis
2669 5465 3031 5513 testamentum
3056 5469 3225 5506 meum
3249 5465 3341 5520 per
3363 5464 3418 5501 os
3443 5457 3591 5501 tuum

2016 5553 2187 5626 (Psal.
2214 5550 2400 5623 mx)?
2425 5550 2574 5608 Unde
2603 5551 2768 5606 etiam
2801 5549 2879 5622 [et
2906 5539 3213 5613 Psalmista]
3245 5540 3588 5610 deprecatur,

2015 5648 2240 5704 dicens:
2295 5643 2363 5699 Et
2389 5661 2452 5697 ne
2491 5644 2706 5713 auferas
2740 5642 2804 5696 de
2842 5655 2930 5693 ore
2973 5653 3084 5690 meo
3113 5633 3321 5688 verbum
3361 5631 3590 5686 veritatis

2017 5753 2381 5812 usquequaque
2404 5733 2576 5807 (Psal.
2609 5734 2818 5805 cxvm).
2869 5729 3156 5800 Perpendit
3189 5741 3421 5797 namque
3447 5723 3590 5796 quod
