3884 6192
341 327 451 387 865

1358 307 1762 370 AMALARIUS
1798 302 2211 361 PRESBYTER
2250 298 2610 358 METENSIS.

3501 291 3606 348 εει

342 446 688 514 onmipotcus
733 439 876 493 Deus
927 431 1174 490 veritatis
1208 429 1433 483 verbum
1469 422 1796 514 facientibus
1821 416 1922 472 tri-
1952 417 2002 476 Α
2026 417 2205 514 docet,
2228 415 2433 514 ipsam,
2459 424 2620 480 quam
2646 407 2922 478 praedicat,
2965 403 3250 514 veritatem
3275 412 3608 514 contempti-

344 510 566 597 buit,_ct
595 548 701 587 non
733 527 1051 582 facientibus
1091 521 1249 575 tollit.
1290 517 1392 584 Qui
1429 530 1561 586 ergo
1604 514 1708 567 hoc
1741 510 1808 565 de
1831 523 1926 563 ore

345 639 445 679 suo
477 639 582 678 non
639 617 842 674 auferri
893 613 1069 684 petiit,
1105 610 1234 678 quid
1289 606 1435 660 aliud
1481 619 1646 674 quam
1696 600 1928 673 gratiam

347 717 502 772 bona:
540 695 870 782 operationis
916 702 1206 775 quaesivit?
1234 698 1310 754 Ac
1345 699 1393 753 si
1445 703 1630 766 aperte
1678 694 1924 749 diceret:

347 803 568 873 (Norat.
597 819 674 864 χι,
697 817 742 853 c.
770 798 882 866 10.)
911 797 956 849 Α
983 796 1128 850 bono
1170 806 1337 862 opere
1379 803 1568 844 errare
1611 800 1698 841 me
1723 800 1831 840 non
1860 784 1932 839 si-

348 911 468 959 nas,
515 908 605 956 ne,
636 891 765 945 dum
797 889 987 943 amitto
1022 887 1265 942 ordinem
1303 885 1441 938 bene
1483 879 1715 943 vivendi,
1763 876 1928 932 recti-

349 987 594 1042 tudinem
651 983 873 1052 perdam
912 977 1185 1047 loquendi.
1224 975 1553 1042 Plerumque
1599 972 1788 1025 doctor
1836 967 1930 1037 qui

350 1079 547 1132 docere
569 1074 729 1129 audet
753 1071 897 1141 quod
926 1069 1150 1139 negligit
1176 1078 1356 1136 agere,
1392 1078 1516 1118 cum
1542 1061 1765 1116 desierit
1791 1061 1931 1114 bona

348 1168 494 1238 loqui
531 1180 652 1236 quae
697 1163 914 1233 cperari
948 1157 1288 1226 contempsit,
1319 1157 1516 1210 docere
1549 1151 1821 1221 subjectos
1851 1152 1930 1206 in-

347 1259 482 1328 cipit
512 1270 676 1326 prava
705 1269 826 1323 qua:
869 1251 1016 1320 agit:
1049 1257 1107 1302 ut
1129 1249 1278 1316 justo
1303 1243 1693 1314 omnipotentis
1728 1242 1823 1297 Dei
1844 1241 1937 1311 ju-

354 1349 518 1412 dicio,
545 1347 602 1401 in
630 1348 773 1401 bono
809 1343 922 1412 jam
949 1355 1048 1395 nec
1076 1339 1313 1408 linguam
1342 1335 1564 1398 habeat,
1604 1333 1696 1403 qui
1729 1332 1934 1388 habere

350 1443 548 1496 bonam
571 1439 734 1493 vitam
766 1442 1015 1491 recusat:
1047 1440 1317 1502 quatenus
1341 1429 1468 1482 dum
1498 1442 1652 1482 mens
1675 1425 1791 1494 ejus
1827 1432 1934 1479 ter-

353 1547 486 1586 reno
519 1545 706 1584 amore
753 1525 1078 1586 incenditur,
1129 1523 1196 1576 de
1234 1519 1466 1574 terrenis
1511 1517 1674 1572 rebus
1721 1529 1935 1584 semper

355 1623 627 1692 loquatur.
662 1619 815 1676 Unde
841 1619 894 1671 in
918 1613 1210 1682 Evangelia
1239 1610 1451 1666 Veritas
1472 1608 1601 1665 dicit
1627 1626 1639 1661 :
1671 1606 1756 1662 Ea:
1775 1607 1964 1694 abun-‘

355 1714 541 1767 dantia
577 1714 713 1766 enim
744 1709 916 1764 cordis
942 1724 998 1760 os
1027 1704 1275 1775 loquitur.
1326 1701 1505 1755 Bonus
1530 1699 1682 1753 homo
1703 1698 1767 1751 de
1801 1695 1960 1750 bono'

2025 507 2189 561 bilem
2225 504 2371 559 facit.
2405 501 2578 556 Arcus
2601 513 2888 569 perversus
2912 505 2996 551 est
3017 496 3197 565 lingua
3223 495 3608 565 magistrorum

2027 593 2332 649 docentium
2374 592 2533 655 bene,
2564 597 2620 644 et
2652 587 2950 642 viventium
2991 584 3171 639 male:
3219 591 3276 639 et
3302 584 3425 639 ideo
3450 585 3609 653 quasi

2029 705 2096 744 ex
2141 700 2398 757 perverso
2449 699 2582 738 arcu
2633 680 2887 752 sagittam
2943 677 3216 744 emittunt,
3266 679 3397 732 dum
3456 693 3612 733 suam

2027 793 2251 850 pravam
2279 776 2446 830 vitam
2474 772 2708 844 propria:
2740 771 2936 842 linguae
2980 770 3093 824 ictu
3123 768 3460 826 confodiunt.
3507 771 3612 837 Qui

2029 869 2167 926 bene
2210 868 2387 932 docet,
2415 874 2471 922 et
2512 864 2653 921 male
2679 864 2831 929 vivit,
2877 872 3133 931 tanquam
3177 877 3272 929 ωε,
3319 868 3416 916 aut
3460 878 3614 933 cym-

2029 957 2233 1024 balum,
2276 957 2512 1013 sonitum
2541 955 2674 1011 facit
2700 955 2843 1020 aliis,
2887 955 3006 1024 ipse
3040 961 3226 1009 tamen
3273 954 3378 1010 sibi
3424 965 3614 1009 manet

2032 1046 2372 1105 insensualis.
2421 1045 2524 1114 Qui
2567 1047 2706 1102 bene
2754 1045 2931 1111 docet,
2981 1052 3038 1099 et
3079 1043 3218 1100 male
3263 1043 3419 1111 vivit,
3465 1047 3613 1115 quod

2032 1139 2208 1206 docet,
2241 1143 2379 1196 bene
2400 1141 2708 1196 viventibus
2729 1139 2981 1210 proﬁcit:
3020 1140 3164 1210 quod
3202 1155 3332 1196 vero
3352 1141 3497 1195 male
3536 1142 3614 1194 vi-

2034 1232 2132 1297 vit,
2172 1231 2410 1300 seipsum
2459 1229 2674 1285 occidit.
2727 1229 2880 1285 Sicut
2912 1231 3168 1286 sacerdos
3213 1230 3327 1299 qui,
3376 1231 3423 1285 si
3452 1231 3614 1301 digne

2035 1337 2094 1377 se
2133 1321 2242 1392 agit
2285 1329 2344 1374 ut
2386 1321 2720 1376 sacerdotem
2769 1321 2945 1386 decet,
2995 1320 3357 1376 ministerium
3400 1321 3522 1391 ejus
3561 1331 3618 1376 et

2035 1412 2139 1478 ipsi
2184 1419 2240 1466 et
2277 1411 2398 1466 aliis
2429 1410 2560 1465 utile
2598 1419 2701 1466 est.
2751 1411 2973 1482 lndigne
3010 1418 3192 1467 autem
3235 1413 3444 1476 vivens,
3494 1412 3618 1468 aliis

2035 1504 2251 1574 quidem
2276 1503 2423 1558 utilis
2447 1511 2532 1558 est
2558 1503 2846 1572 loquendo,
2868 1517 2928 1558 se
2955 1511 3137 1558 autem
3166 1503 3421 1558 interficit
3449 1520 3617 1574 prave

2035 1595 2281 1650 vivendo.
2309 1593 2387 1649 Ac
2412 1609 2509 1662 per
2537 1595 2640 1649 hoc
2667 1594 2810 1663 quod
2836 1594 2892 1648 in
2931 1593 3024 1648 illo
3051 1602 3323 1649 mortuum
3350 1602 3457 1658 est,
3489 1610 3614 1664 pro-

2035 1686 2213 1754 prium
2247 1686 2363 1756 ejus
2383 1694 2504 1751 est;
2536 1685 2680 1755 quod
2708 1699 2836 1741 vero
2861 1685 2992 1740 vivit
3012 1687 3066 1741 in
3100 1701 3183 1752 eo,
3212 1687 3265 1742 id
3293 1696 3378 1742 est
3398 1704 3612 1743 sacrum

361 1808 606 1861 thesauro
645 1803 840 1874 profert
885 1801 1042 1862 bona,
1081 1771 1130 1851 et
1158 1794 1328 1849 malus
1358 1794 1512 1846 homo
1537 1791 1602 1845 de
1643 1787 1783 1843 malo
1825 1788 1932 1842 tlte-

2047 1775 2416 1840 :ninisterium,
2451 1775 2688 1830 alienum
2716 1783 2819 1831 est.
2859 1774 2962 1842 Qui
2991 1777 3130 1832 bene
3157 1777 3332 1843 docet,
3380 1787 3438 1834 et
3479 1780 3616 1834 male

353 1913 515 1951 tauro
542 1895 736 1966 profert
764 1891 903 1946 mala
933 1889 1149 1961 (Matth.
1181 1885 1301 1956 xu).
1328 1885 1463 1938 Hinc
1481 1890 1537 1938 et
1559 1881 1793 1936 Joannes
1816 1879 1893 1934 ait
1919 1895 1932 1932 :

361 1986 474 2055 Ipsi
531 1985 596 2038 de
651 1982 848 2036 mundo
903 1988 1068 2046 sunt,
1125 1975 1244 2030 ideo
1297 1973 1362 2028 de
1410 1972 1605 2027 mundo
1653 1970 1939 2042 loquuntur

359 2077 416 2144 (1
440 2075 600 2130 Joan.
626 2073 724 2145 tv).

921 2157 1149 2216 CAPUT
1172 2154 1408 2211 XXVIII.

430 2252 701 2326 (Prosperi
740 2253 805 2306 de
852 2250 972 2304 Vita
1015 2245 1292 2316 contempt.
1319 2244 1359 2299 ι.
1388 2245 1440 2308 l,
1468 2259 1516 2296 c.
1545 2240 1658 2309 l3.)
1700 2238 1942 2295 Recolite

358 2359 490 2415 ergo
519 2341 796 2416 [Prosperi
830 2340 897 2396 de
924 2337 1248 2409 negligentia
1277 2332 1598 2397 sacerdotis,
1629 2330 1720 2400 qui
1744 2328 1944 2385 doctri-

357 2449 442 2487 na:
479 2449 590 2488 sua:
621 2432 898 2503 negligens
922 2441 1206 2499 personam
1253 2424 1480 2495 implere
1506 2439 1613 2478 non
1638 2429 1819 2491 potest
1846 2421 1942 2477 do-

356 2526 552 2589 ctoris,
587 2523 829 2578 Recolite
857 2536 1000 2590 ergo,
1031 2517 1164 2589 etc.]
1193 2525 1396 2586 quanta
1426 2523 1482 2570 et
1514 2514 1717 2584 qualia,
1746 2528 1834 2569 me
1856 2527 1946 2567 au-

361 2617 540 2672 diente
577 2623 737 2683 atque
780 2613 1060 2682 probante,
1091 2609 1274 2664 dicere
1317 2606 1574 2661 solebatis
1618 2605 1685 2659 de
1714 2603 1945 2660 admini-

357 2705 622 2760 stratione
659 2700 949 2772 pontiﬁcis,
993 2698 1106 2768 qui,
1147 2695 1331 2767 pOpuli
1365 2694 1469 2751 sibi
1507 2691 1784 2749 commissi
1812 2705 1943 2746 cura

357 2794 666 2865 posthabita
690 2835 704 2856 ,
759 2792 1038 2847 ardentius
1096 2791 1237 2844 bona
1293 2788 1585 2858 praesentia
1643 2785 1940 2850 desiderat,

363 2900 525 2953 quam
553 2884 732 2938 futura
757 2899 773 2947 ;
810 2890 866 2938 et
888 2881 1086 2936 oblitus
1115 2878 1258 2948 quod
1289 2893 1395 2932 non
1439 2877 1615 2932 solum
1643 2875 1710 2930 de
1740 2889 1819 2941 se,
1850 2874 1946 2932 sed

362 2975 529 3029 etiam
558 2975 624 3029 de
653 2987 816 3043 grege
840 2971 944 3027 sibi
970 2970 1200 3035 credito,
1226 2969 1492 3024 rationem
1517 2967 1721 3037 pastori
1761 2974 1947 3038 pasto-

362 3081 485 3120 rum
511 3066 750 3121 omnium
777 3064 984 3128 reddet,
1019 3077 1114 3117 sua
1135 3076 1464 3130 suorumque
1487 3060 1810 3116 detrimenta
1834 3074 1943 3114 non

362 3158 583 3228 cogitat.
628 3156 798 3224 Quem
843 3171 950 3209 non
999 3152 1424 3222 delinquentium
1470 3159 1692 3222 peccata
1732 3153 1942 3208 contri-

362 3257 531 3312 stant,
557 3261 659 3302 nec
695 3244 1094 3316 proficientium
1139 3245 1280 3299 bona
1323 3241 1620 3307 laetificant,
1663 3242 1759 3298 sed
1797 3243 1863 3300 de
1887 3256 1946 3298 se

365 3347 597 3404 tantum,
632 3339 950 3409 plerumque
992 3343 1172 3391 autem
1215 3350 1316 3390 nec
1347 3335 1412 3390 de
1440 3349 1500 3390 se
1525 3333 1748 3389 omnino
1791 3333 1942 3388 solli-

367 3430 531 3495 citus,
557 3429 686 3498 quid
717 3445 746 3482 a
776 3428 890 3483 suis
916 3427 1041 3483 boni
1067 3426 1264 3481 malive
1289 3432 1530 3497 geratur,
1567 3425 1798 3495 ignorat.
1844 3425 1946 3492 Qui

365 3537 474 3575 non
523 3521 780 3590 praedicat
831 3519 1293 3591 persevcrantiam
1345 3518 1529 3587 justis,
1568 3519 1946 3589 paenitentiam

368 3612 573 3680 pravis,
595 3620 962 3680 contemptum
991 3611 1171 3664 mundi
1200 3610 1497 3674 conversis,
1527 3608 1736 3666 futuras
1758 3623 1951 3680 ptenas

369 3703 600 3758 aversis.
626 3702 728 3769 Qui
768 3717 872 3757 non
920 3708 1098 3769 potest
1143 3701 1324 3755 dicere
1365 3701 1828 3769 eontemptoribus
1853 3700 1950 3754 ad-

371 3791 683 3844 monitionis
727 3805 856 3854 sum,
904 3788 1166 3844 Futurum
1204 3789 1435 3857 cogitate
1471 3787 1759 3858 judicium,
1807 3789 1950 3858 quod

371 3882 487 3950 ipse
519 3879 660 3936 forte
687 3895 794 3934 non
840 3880 1062 3950 cogitat.
1116 3880 1468 3937 Amatoribus
1514 3882 1720 3947 mundi,
1773 3881 1951 3938 Nolite

369 3970 596 4040 diligere
651 3969 926 4030 mundum,
979 3968 1022 4022 si
1075 3984 1196 4024 eum
1251 3970 1436 4023 mundi
1488 3985 1642 4024 amor
1695 3969 1948 4026 oblectat.

373 4058 707 4122 Ambitiosis,
751 4056 1043 4111 Ambitioni
1078 4055 1192 4126 jam
1240 4057 1400 4112 tinem
1443 4059 1721 4130 imponite,
1750 4061 1797 4115 si
1826 4077 1950 4117 eum

377 4149 602 4205 ambitio
655 4148 870 4204 ruinosa
923 4148 1241 4217 praecipitat.
1303 4147 1567 4214 Ebriosis,
1619 4149 1951 4204 Ebrietatem

372 4248 578 4304 cavete,
610 4239 734 4294 sise
761 4252 912 4293 mero
939 4253 1110 4307 usque
1136 4238 1203 4293 ad
1227 4237 1605 4293 alienationem
1649 4239 1846 4294 mentis
1872 4239 1953 4293 in-

371 4331 626 4402 gurgitat.
658 4329 999 4399 Sumptuosis
1033 4327 1259 4399 dapibus
1304 4327 1576 4398 gravidus,
1620 4343 1727 4384 non
1772 4336 1954 4398 potest

370 4425 483 4480 suis
507 4423 888 4479 abstinentiam
921 4422 1162 4487 laudare,
1194 4435 1355 4491 quam
1382 4421 1573 4476 calcat.
1624 4421 1767 4477 Vitio
1792 4420 1945 4490 cupi-
1973 4455 2026 4516 D

370 4510 552 4572 ditatis
581 4517 844 4577 addictus,
873 4515 1080 4585 cupidis
1125 4529 1364 4570 amorem
1393 4530 1498 4569 non
1529 4522 1710 4583 potest
1737 4515 1948 4570 dissua-

376 4609 504 4664 dere
531 4607 789 4676 pecunize.
821 4605 1228 4660 Inimicitiarum
1257 4614 1438 4668 tenax,
1476 4621 1580 4658 non
1610 4605 1812 4659 valebit
1838 4604 1954 4658 ani-

377 4713 495 4751 mos
537 4697 914 4753 dissidentium
960 4695 1280 4751 sacerdotali
1310 4693 1700 4763 tranquillitate
1732 4707 1954 4762 compo-

377 4799 524 4839 nere.
554 4783 826 4840 Justitiam
846 4784 1143 4852 praedicare
1172 4781 1445 4852 iudicibus
1473 4781 1762 4845 erubescit,
1789 4795 1952 4848 quam

377 4875 492 4942 ipse
524 4890 767 4943 personae
787 4874 1022 4943 potentis
1049 4873 1235 4928 favore
1257 4872 1553 4940 corrumpit
1577 4887 1591 4923 :
1644 4886 1742 4924 nec
1770 4869 1956 4926 defen-

379 4967 457 5021 dit
481 4980 790 5036 Oppressos,
812 4966 858 5019 si
886 4980 1150 5035 personas
1179 4971 1273 5018 aut
1295 4964 1544 5028 honorat,
1568 4970 1663 5015 aut
1685 4960 1949 5031 despicit:

379 5066 436 5112 et
458 5055 716 5125 quidquid
740 5055 867 5109 boni
897 5070 1004 5110 non
1031 5054 1182 5120 facit,
1227 5060 1324 5106 aut
1359 5052 1487 5107 mali
1514 5051 1822 5117 committit,
1852 5065 1954 5106 nec

376 5144 589 5218 jubebit
619 5143 757 5209 fieri,
782 5157 882 5197 nec
916 5141 1153 5196 vetabit:
1186 5140 1312 5211 quia
1336 5141 1698 5196 necessariam
1727 5139 1954 5195 docendi

384 5234 786 5298 auctoritatem,
825 5225 1213 5288 contrarietate
1244 5244 1355 5285 sua:
1385 5229 1638 5290 actionis.
1676 5238 1772 5286 aut
1797 5228 1958 5284 amit-

384 5328 451 5384 tit
480 5332 574 5381 aut
604 5321 817 5382 minuit.

944 5407 1170 5467 CAPUT
1203 5408 1376 5464 XXIX

391 5539 404 5556 ι
460 5505 682 5576 (Isidori
708 5503 744 5558 ι.
771 5518 853 5568 ιιι,
881 5500 1046 5564 Sent,
1075 5515 1121 5552 c.
1146 5499 1259 5570 57.)
1283 5496 1495 5570 [lsidori
1515 5496 1580 5551 de
1602 5496 1688 5551 his
1707 5495 1797 5565 qui
1824 5497 1960 5551 bene

393 5597 590 5650 docent
612 5603 667 5647 et
695 5592 833 5646 male
861 5587 1088 5659 vivunt.]
1116 5587 1388 5642 Interdum
1414 5587 1647 5641 doctoris
1670 5586 1772 5638 vita
1797 5586 1958 5639 etiam

397 5689 510 5754 ipsa
537 5701 698 5740 verax
738 5687 978 5741 doctrina
1026 5683 1264 5749 vilescit;
1299 5690 1352 5735 et
1389 5679 1480 5750 qui
1517 5695 1622 5734 non
1653 5677 1782 5732 vivit
1817 5677 1956 5731 sicut

2039 1865 2193 1930 vivit,
2221 1864 2434 1919 videtur
2456 1873 2515 1919 ut
2537 1880 2748 1931 cereus,
2780 1866 2872 1936 qui
2901 1865 3024 1920 aliis
3043 1867 3241 1921 bonam
3267 1868 3420 1922 novit
3443 1857 3614 1922 lueem

2037 1963 2318 2024 pnestare,
2367 1968 2426 2009 se
2473 1968 2603 2010 vero
2649 1955 2706 2009 in
2741 1955 2898 2011 malis
2945 1955 3061 2010 suis
3105 1971 3427 2013 consumere
3458 1965 3617 2026 atque

2039 2047 2402 2116 exstinguere.
2435 2046 2539 2114 Qui
2570 2047 2710 2103 bene
2738 2047 2918 2114 docet,
2946 2055 3002 2102 et
3029 2048 3170 2118 male
3210 2050 3364 2116 vivit,
3405 2051 3620 2106 videtur

2038 2138 2241 2194 bonum
2289 2137 2434 2193 malo
2475 2135 2823 2209 conjungere,
2859 2139 3036 2196 lucem
3083 2141 3321 2197 tenebris
3366 2143 3614 2209 miscere,

2042 2231 2326 2287 veritatem
2361 2230 2644 2286 mendacio
2668 2239 2899 2288 mutare.

2612 2362 2840 2419 CAPUT
2872 2361 3046 2418 XXX.

2113 2454 2277 2526 (Ibid.
2303 2471 2350 2508 c.
2382 2453 2497 2528 58.)
2525 2452 2682 2524 Saepe
2714 2470 2815 2525 per
2842 2468 2980 2525 quos
3010 2453 3218 2524 iustitia
3250 2453 3409 2525 [Item
3435 2455 3617 2511 lsidori

2042 2547 2109 2601 de
2153 2545 2416 2615 exemplis
2461 2545 2724 2600 malorum
2760 2545 3121 2609 sacerdotum,
3168 2545 3323 2614 Saepe
3357 2562 3462 2616 per
3489 2563 3618 2616 quos

2037 2635 2272 2707 justitia,
2302 2633 2435 2706 etc.]
2465 2635 2710 2701 docetur,
2737 2652 2837 2706 per
2879 2636 3024 2706 ipsos
3050 2637 3256 2706 peccati
3302 2639 3529 2692 morbus
3551 2639 3619 2693 ir-

2043 2727 2202 2797 repit,
2229 2735 2286 2782 et
2313 2742 2460 2781 mors
2488 2727 2554 2780 ad
2577 2725 2761 2798 plebes
2783 2727 3112 2797 pertransit:
3144 2727 3348 2783 scilicet
3373 2729 3463 2782 vel
3495 2729 3615 2783 dum

2043 2819 2186 2874 mala
2215 2818 2431 2882 docent,
2459 2818 2545 2873 vel
2579 2819 2706 2873 dum
2733 2817 2937 2873 faciunt
2955 2833 3142 2888 prava.
3165 2818 3417 2888 Plerique
3443 2835 3620 2875 sacer—

2045 2910 2198 2965 dotes
2223 2916 2280 2963 et
2303 2908 2490 2963 clerici
2514 2924 2680 2978 prave
2706 2909 2973 2974 viventes,
2997 2908 3172 2964 forma
3197 2910 3412 2966 caeteris
3434 2911 3488 2965 in
3519 2928 3623 2965 ma-

2044 2999 2154 3053 lum
2183 2999 2444 3064 existunt,
2466 3000 2557 3069 qui
2575 2999 2628 3053 in
2653 3000 2811 3055 bonis
2831 2999 3135 3069 exemplum
3155 3015 3276 3056 esse
3295 3001 3616 3056 debuerunt.

1971 3111 2016 3173 ρ
2047 3089 2113 3144 Hi
2139 3090 2286 3145 enim
2310 3103 2661 3160 quoscunque
2711 3089 2958 3158 exemplo
2999 3090 3154 3145 mala:
3196 3093 3622 3147 conversationis

2049 3195 2160 3236 suae
2189 3181 2441 3250 perdunt,
2470 3181 2537 3235 de
2580 3179 2687 3234 illis
2716 3181 2980 3236 rationem
3008 3181 3127 3235 sine
3168 3181 3332 3236 dubio
3360 3183 3622 3237 reddituri

2048 3282 2193 3330 sunt.
2221 3274 2300 3328 Ex
2328 3273 2624 3329 carnalium
2650 3272 3060 3344 prmpositorum
3087 3272 3350 3342 exemplo,
3388 3274 3622 3343 plerum—

2049 3381 2155 3437 que
2196 3365 2257 3420 ﬁt
2284 3366 2396 3420 vita
2442 3365 2679 3421 deterior
2717 3364 3086 3429 subditorum;
3117 3373 3172 3419 et
3212 3363 3387 3434 plebis
3433 3365 3622 3419 merito

2052 3456 2188 3511 fiunt
2212 3455 2345 3511 tales
2387 3455 2720 3521 sacerdotes,
2750 3454 2843 3524 qui
2873 3453 3122 3524 exemplo
3150 3453 3423 3509 deteriore
3459 3469 3623 3524 popu-

2050 3547 2160 3601 lum
2187 3549 2487 3610 destruant,
2517 3561 2623 3600 non
2652 3546 2935 3600 aedificent.
2962 3545 3043 3600 Ex
3073 3544 3268 3600 merito
3290 3544 3437 3599 enim
3460 3545 3627 3614 plebis

2049 3652 2436 3706 nonnunquam
2461 3637 2699 3707 episcopi
2721 3636 3099 3706 depravantur.
3139 3643 3408 3706 quatenus
3439 3637 3629 3708 prodi-

2050 3729 2170 3783 vius
2206 3738 2466 3783 corruant
2494 3729 2585 3798 qui
2631 3737 2946 3798 sequuntur.
2990 3728 3183 3799 Capite
3223 3729 3625 3799 languescente,

2051 3827 2243 3875 caetera
2271 3819 2513 3889 corporis
2545 3819 2786 3874 membra
2823 3819 3157 3874 inﬁciuntur.
3203 3818 3358 3876 Unde
3399 3829 3457 3875 et
3497 3821 3628 3877 scri-

2050 3918 2203 3980 ptum
2235 3918 2320 3966 est
2343 3926 2358 3963 :
2383 3908 2550 3965 Omne
2576 3918 2732 3979 caput
2768 3910 3098 3980 languidum,
3135 3919 3185 3965 et
3207 3927 3360 3965 omne
3379 3928 3475 3966 cor
3510 3927 3628 3966 ma-

2054 4019 2190 4064 rem,
2216 4019 2250 4054 a
2268 4000 2449 4071 planta
2471 4001 2616 4072 pedis
2661 4017 2821 4072 usque
2852 4002 2921 4055 ad
2961 4002 3199 4056 verticem
3228 4019 3332 4057 non
3364 4012 3446 4057 est
3475 4005 3533 4056 in
3573 4020 3628 4056 eo

2051 4092 2254 4147 sanitas
2303 4089 2528 4162 (13ml).
2570 4089 2740 4159 Caput
2780 4091 2928 4145 enim
2970 4089 3282 4162 languidum
3312 4092 3508 4146 doctor
3549 4100 3629 4146 est

2054 4191 2221 4248 agens
2245 4187 2570 4250 peccatum;
2603 4180 2760 4250 cujus
2784 4179 2982 4233 malum
3018 4180 3085 4234 ad
3127 4194 3324 4249 corpus
3359 4180 3626 4250 pervenit,

2053 4273 2180 4328 dum
2220 4287 2288 4328 eo
2329 4272 2413 4326 vel
2456 4279 2738 4341 peccante,
2783 4269 2869 4326 vel
2911 4284 3076 4340 prave
3120 4271 3366 4334 docente,
3407 4269 3629 4340 pestifer

2054 4368 2283 4438 languor
2307 4368 2374 4422 ad
2417 4365 2600 4436 plebes
2637 4365 2879 4420 subditas
2923 4365 3134 4419 transit.
3164 4363 3475 4420 Deteriores
3509 4370 3628 4419 sunt

2051 4459 2142 4528 qui
2168 4459 2282 4512 sive
2324 4456 2610 4521 doctrinis,
2657 4455 2772 4510 sive
2804 4453 3091 4524 exemplis,
3139 4452 3308 4507 vitam
3345 4467 3627 4520 moresque

2052 4549 2318 4604 bonorum
2344 4552 2714 4616 corrumpunt,
2762 4543 2848 4599 bis
2893 4544 2985 4612 qui
3033 4542 3366 4598 substantias
3401 4540 3622 4596 aliorum

2052 4637 2362 4709 prmdiaque
2391 4636 2671 4706 diripiunt.
2706 4633 2770 4688 Hi
2796 4635 2942 4689 enim
2973 4649 3038 4688 ea
3066 4648 3188 4703 qua:
3205 4641 3361 4687 extra
3384 4647 3501 4694 nos,
3536 4630 3622 4686 sed

2056 4737 2233 4784 tamen
2261 4743 2381 4797 qua:
2407 4734 2592 4782 nostra
2622 4732 2771 4790 sunt,
2812 4724 3083 4778 auferunt.
3122 4721 3481 4791 Cormptores
3503 4736 3621 4774 vero

2052 4835 2267 4876 morum
2292 4818 2508 4890 proprie
2537 4833 2643 4873 non
2672 4818 2817 4886 ipsos
2843 4815 3124 4885 diripiunt,
3151 4814 3410 4884 quoniam
3435 4813 3619 4869 divitia:

2054 4912 2332 4967 hominum
2349 4910 2618 4981 justorum
2643 4921 2822 4963 mores
2854 4922 3039 4963 eorum
3079 4914 3225 4961 sunt.
3254 4904 3477 4960 Multum
3501 4918 3617 4972 ergo

2053 5001 2258 5056 distant
2281 5001 2474 5053 damna
2495 5012 2707 5053 morum
2734 5011 2766 5050 a
2789 4997 3002 5051 damnis
3023 4994 3401 5065 temporalium
3425 5008 3613 5054 rerum,

2054 5090 2182 5146 dum
2205 5089 2308 5145 ista
2337 5097 2491 5144 extra
2514 5101 2614 5144 nos
2639 5089 2772 5152 sint,
2802 5101 2984 5143 mores
3009 5091 3139 5142 vero
3160 5087 3218 5142 in
3245 5087 3420 5143 nobis.

2614 5217 2842 5274 CAPUT
2877 5217 3069 5273 XXXI.

2131 5311 2289 5384 (Isid.
2335 5312 2462 5365 ibid.
2505 5329 2550 5365 c.
2590 5309 2705 5380 39.)
2746 5307 3091 5363 Providentia
3134 5307 3289 5380 [Item
3329 5305 3512 5363 lsidori
3557 5302 3616 5357 de

2059 5401 2359 5472 praepositis
2384 5400 2712 5465 carnalibus,
2736 5395 3104 5462 Providentia,
3139 5394 3272 5466 etc.]
3319 5396 3618 5465 plerumque

2060 5492 2225 5546 divini
2257 5489 2466 5545 consilii
2490 5487 2810 5543 ordinantur
2838 5486 3128 5555 praepositi,
3155 5484 3422 5538 mundana
3446 5492 3498 5538 et
3534 5496 3619 5536 ex-

2061 5583 2260 5638 teriora
2298 5585 2670 5644 sectantes,ut
2693 5577 2818 5631 dum
2858 5574 3246 5644 temporalibus
3289 5576 3523 5629 rebussc
3547 5579 3616 5624 to-

2063 5682 2143 5727 tos
2165 5669 2494 5740 impendunt,
2523 5665 2790 5738 spiritales
2814 5665 3066 5719 tutiorem
3089 5664 3255 5717 vitam
3297 5670 3612 5730 contempta-
