3884 6192
313 305 420 364 865

891 310 1172 368 REGULA
1213 311 1713 371 CANONICORUM
1754 314 1842 367 AB
1883 310 2240 367 AMALARIO
2277 310 2660 369 COLLEC’I‘A.
2701 343 2770 353 —
2805 314 2933 369 LIB.
2974 313 3018 368 I.

3470 310 3577 368 866

307 428 475 482 tionis
493 436 804 480 exerceant.
830 425 963 492 Quia
987 427 1281 481 durae-sunt
1299 427 1480 496 quiete
1504 428 1685 482 vivere
1706 429 1892 484 volcn-
1917 429 1964 488 Α
1995 424 2115 480 ideo
2151 425 2441 482 minaciter
2487 427 2797 497 superbiam
2833 434 3076 483 nostram
3127 427 3342 483 divinus
3396 443 3577 485 sermo

307 521 455 576 tibus
474 520 704 574 sarcinae
725 534 978 574 curarum
1015 520 1422 589 episcopalium,
1470 523 1713 592 providet
1749 538 1892 591 sarpc

305 609 454 666 Deus
475 593 623 664 curis
643 610 851 664 deditos
868 611 1216 667 saecularibus
1234 612 1301 666 ad
1329 614 1726 682 susceptionem
1751 616 1890 685 regi-

305 701 506 758 minis:
537 709 598 754 ut
643 701 772 756 dum
817 702 871 755 hi
911 703 1182 757 exteriora
1221 703 1340 757 sine
1381 705 1538 758 taedio
1576 714 1888 773 procurant,

305 790 582 860 spiritales
626 791 790 845 rebus
819 791 1170 848 interioribus
1219 794 1336 848 sine
1382 794 1769 862 impedimento
1808 811 1893 851 re-

306 895 432 936 rum
478 889 818 938 terrenarum
847 881 1174 938 deserviant.
1209 882 1306 937 Dei
1347 898 1478 952 ergo
1512 884 1757 938 ordinem
1801 901 1893 940 ac-

306 981 529 1039 cusant,
571 987 602 1028 a
642 987 752 1042 quo
779 971 1156 1037 instituuntur,
1201 974 1293 1042 qui
1329 975 1608 1045 episcopos
1636 977 1892 1032 condem-

307 1072 484 1131 nant,
538 1065 663 1120 dum
715 1064 896 1119 minus
942 1065 1262 1135 spiritualia,
1311 1067 1404 1122 sed
1453 1069 1624 1140 magis
1675 1078 1890 1127 terrena

305 1163 608 1210 sectantur.
640 1151 719 1208 Ex
739 1155 920 1209 divina
945 1156 1089 1210 enim
1111 1166 1322 1213 constat
1347 1160 1681 1216 tabernaculi
1710 1162 1891 1234 dispo-

305 1247 528 1310 sitione,
575 1246 644 1300 ob
703 1244 932 1316 injurias
980 1248 1164 1302 mundi
1215 1248 1486 1316 ferendas,
1535 1260 1592 1306 et
1648 1255 1890 1310 turbines

309 1338 575 1408 quosdam
607 1337 816 1393 institui
849 1339 1153 1409 episcopos,
1197 1341 1547 1398 saecularibus
1584 1345 1733 1400 curis
1758 1345 1890 1400 insi-

309 1437 555 1484 stentes:
591 1436 649 1482 ut
673 1428 729 1482 hi
759 1428 851 1497 qui
879 1429 1109 1485 interius
1133 1445 1365 1500 superna
1389 1434 1720 1500 desiderant,
1743 1435 1889 1491 nullo

313 1531 532 1576 terreno
555 1519 853 1575 obsistente
881 1522 1118 1592 negotio,
1141 1522 1365 1578 liberius
1387 1525 1490 1579 hoc
1514 1526 1659 1595 quod
1682 1533 1885 1592 amant,

311 1613 616 1667 intendant.
649 1611 767 1666 Non
792 1620 878 1668 est
903 1613 1088 1682 itaque
1117 1612 1442 1682 judicandus
1467 1632 1497 1670 a
1523 1617 1678 1686 plebe
1708 1626 1888 1673 rector

308 1704 675 1790 inordinatus,
716 1703 843 1757 dum
889 1705 1062 1775 magis
1090 1706 1339 1761 noverint
1381 1708 1581 1778 pepuli,
1613 1710 1697 1764 sui
1721 1709 1890 1765 fuisse

2001 517 2304 581 contundit,
2319 517 2413 572 sed
2425 525 2610 572 noster
2630 519 2848 573 auditus
2859 518 3012 584 nihil,
3036 519 3178 573 unde
3197 517 3572 587 proﬁciamus,

2000 607 2266 671 admittit;
2309 607 2436 676 quia
2466 608 2751 676 praesentis
2776 608 2901 662 vitae
2929 608 3072 676 capti
3105 607 3410 674 dulcedine,
3451 625 3574 679 qua:

1998 711 2158 766 pmna
2190 697 2572 768 negligentiam
2623 706 2864 752 nostram
2919 707 3140 756 maneat
3189 701 3244 754 in
3286 710 3574 767 aeternum,

1999 785 2250 840 nolumus
2271 785 2532 855 cogitare.
2563 785 2618 840 In
2642 797 2888 856 pastores
2916 802 3048 856 ergo
3073 787 3176 843 ista
3203 790 3472 854 dicuntur,
3509 793 3576 848 de

1998 890 2228 944 quorum
2258 877 2412 931 nobis
2435 877 2580 930 inani
2601 877 2960 946 appellatione
2981 877 3318 934 blandimur:
3343 878 3472 933 lla'c
3495 882 3576 933 di-

1998 966 2069 1018 cit
2101 964 2363 1020 Dominus
2386 965 2526 1019 Deus
2559 980 2576 1016 .'
2620 965 2711 1020 Va:
2738 967 3034 1036 pastoribus
3067 967 3259 1034 Israel,
3291 969 3378 1038 qui
3404 985 3579 1038 pasce-

1998 1059 2122 1113 bant
2165 1059 2486 1129 semetipsos.
2541 1058 2730 1113 Nonne
2759 1075 2935 1129 greges
2962 1069 3249 1129 pascuntur
3278 1078 3310 1114 a
3348 1063 3576 1130 pastori-

1998 1147 2133 1202 bus?
2175 1145 2283 1200 Lac
2318 1146 2689 1211 comedebatis,
2727 1157 2774 1200 et
2802 1146 2938 1202 lanis
2988 1147 3380 1217 operiebamini.
3423 1148 3576 1213 Quod

1996 1253 2234 1291 crassum
2305 1245 2438 1300 erat,
2491 1235 2823 1299 occidebotis,
2896 1253 3099 1306 gregem
3161 1247 3335 1290 autem
3400 1254 3573 1292 meum

1998 1341 2102 1379 non
2137 1325 2430 1394 poscebatis
2457 1339 2475 1376 :
2516 1325 2655 1396 quod
2691 1325 2960 1393 infirmum
2989 1326 3109 1394 fuit,
3142 1343 3244 1380 non
3283 1327 3577 1381 consolida—

1996 1415 2089 1468 stis
2119 1429 2136 1465 :
2163 1425 2211 1468 et
2239 1415 2380 1485 quod
2416 1424 2690 1484 a'grotum,
2722 1432 2826 1468 non
2860 1415 3087 1468 sanastis
3128 1429 3145 1466 :
3175 1417 3312 1486 quod
3352 1417 3577 1482 fructum

1996 1513 2094 1570 est,
2126 1521 2229 1558 non
2252 1504 2510 1574 alligastis
2535 1518 2553 1555 .'
2581 1514 2628 1558 et
2655 1505 2795 1575 quod
2819 1504 3097 1574 abjectum,
3126 1523 3229 1559 non
3251 1507 3533 1562 reduxistis
3557 1523 3575 1560 :

1995 1596 2133 1666 quod
2176 1595 2418 1665 perierat,
2469 1611 2574 1648 non
2625 1596 2888 1666 qua'sistis
2927 1612 2945 1649 :
2975 1596 3065 1649 sed
3113 1613 3230 1650 cum
3277 1600 3579 1654 austeritate

1995 1683 2332 1754 imperabatis
2367 1684 2465 1749 eis,
2514 1693 2562 1737 et
2599 1701 2716 1738 cum
2757 1686 2987 1752 potentia
3021 1699 3039 1737 .'
3082 1694 3129 1739 et
3176 1688 3422 1757 dispersae
3456 1699 3577 1743 sunt

309 1795 510 1858 meriti,
541 1778 781 1864 perversi
811 1773 1046 1866 regimen
1086 1773 1398 1868 suscepisse.
1432 1773 1722 1869 pontiﬁcis.
1754 1800 1888 1855 Nam
1919 1779 1966 1838 Β
1994 1790 2112 1869 9”“
2136 1789 2284 1869 τηεψ»
2313 1790 2373 1826 eo
2403 1773 2543 1869 (“‘04
2575 1791 2677 1869 "0’?
2703 1784 2833 1869 εδεεί
2861 1785 3076 1869 Ρα⁸²⁰νῇ
3106 1786 3171 1869 ἐξ
3184 1777 3339 1844 rum”
3367 1789 3488 1833 ⁶²⁴¹⁸¹
3516 1781 3572 1833 δ”

307 1902 411 1957 pro
450 1887 661 1942 meritis
705 1887 965 1956 plebium,
1017 1888 1318 1959 diSponitur
1343 1906 1374 1945 a
1426 1890 1537 1947 Deo
1579 1893 1690 1946 vita
1717 1899 1892 1948 recto-

309 1993 456 2032 rum.
489 1977 750 2048 Exemplo
777 1978 946 2034 David
973 1989 1202 2050 peccant
1247 1982 1438 2053 [David
1465 1983 1794 2055 peccantis],
1823 1984 1889 2039 ad

308 2070 773 2139 comparationem
829 2069 1154 2140 principum,
1217 2073 1308 2142 qui
1360 2089 1425 2128 ex
1474 2075 1672 2130 merito
1719 2075 1890 2144 plebis

307 2157 754 2227 przevaricantur.
785 2158 1064 2214 Sententia
1089 2162 1414 2216 damnantur
1439 2161 1608 2218 Cham
1635 2164 1729 2219 ﬁlii
1755 2164 1888 2231 Noe,

307 2248 402 2316 qui
434 2263 657 2303 suorum
678 2250 1088 2319 praepositorum
1115 2251 1303 2321 culpas
1326 2252 1377 2307 in
1399 2253 1613 2322 publico
1632 2255 1889 2323 produnt,

305 2339 456 2392 sicut
487 2338 655 2393 Cham
682 2340 773 2409 qui
815 2341 984 2410 patris
1004 2342 1251 2410 pudenda
1281 2359 1388 2397 non
1417 2345 1652 2414 Operuit,
1682 2346 1776 2401 sed
1797 2347 1891 2402 de-

310 2428 539 2484 ridenda
580 2431 920 2485 monstravit.
967 2431 1214 2487 llabituri
1245 2444 1372 2490 sunt
1401 2434 1527 2490 Sem
1554 2438 1808 2492 meritum
1836 2446 1891 2494 et

307 2515 543 2588 Japhet,
589 2519 681 2588 qui
729 2530 1039 2576 reverenter
1080 2524 1330 2593 operiunt
1372 2541 1493 2595 quae
1535 2535 1719 2596 patres
1764 2544 1892 2584 suos

308 2611 613 2666 excessisse
641 2622 992 2684 cognoscunt,
1029 2615 1074 2670 si
1121 2624 1299 2671 tamen
1348 2626 1561 2687 patrum
1609 2619 1750 2676 facta
1783 2638 1890 2678 non

309 2700 562 2771 diligant,
590 2704 683 2758 sed
711 2711 918 2760 tantum
943 2705 1210 2776 operiant,
1255 2723 1354 2762 nec
1404 2709 1702 2764 imitentur.
1754 2711 1890 2766 Nam

309 2800 442 2845 sunt
477 2793 571 2862 qui
617 2796 934 2866 praepositos
981 2812 1108 2852 suos
1153 2813 1410 2867 perverse
1447 2799 1713 2870 judicant,
1763 2803 1890 2858 dum

312 2889 550 2945 terrenis
576 2892 768 2947 studiis
786 2908 880 2949 eos
905 2894 1026 2963 plus
1052 2895 1285 2952 viderint
1306 2914 1427 2954 esse
1452 2899 1707 2966 intentos,
1737 2902 1784 2957 si
1807 2903 1891 2958 vel

307 2997 505 3051 parum
521 2983 634 3054 jam
655 2983 754 3054 ipsi
782 2985 848 3040 de
871 2987 1205 3057 spiritalibus
1233 2992 1600 3060 cognoverint.
1633 2992 1893 3051 [tectores

308 3091 444 3144 ergo
487 3075 760 3145 iudicandi
805 3093 836 3132 a
869 3079 980 3135 Deo
1013 3089 1160 3148 sunt,
1211 3099 1242 3138 a
1284 3085 1397 3140 suis
1433 3094 1614 3141 autem
1661 3087 1893 3144 subditis

309 3184 655 3239 nequaquam
676 3169 954 3240 jndicandi
980 3181 1126 3240 sunt,
1149 3175 1398 3245 exemplo
1422 3177 1656 3243 Domini,
1681 3179 1772 3248 qui
1795 3195 1892 3249 per

310 3276 372 3315 se
415 3260 706 3315 vendentes
749 3261 1026 3317 columbas
1056 3273 1112 3318 et
1160 3267 1644 3322 nummulariorum
1673 3284 1893 3325 mensas

307 3351 534 3421 pr0prio
550 3352 745 3407 evertit
765 3351 976 3424 flagello
997 3353 1179 3425 (Joan.
1205 3356 1290 3426 ιι),
1311 3369 1368 3414 et
1392 3358 1620 3428 projecit
1641 3374 1672 3412 a
1694 3360 1893 3429 templo

311 3443 398 3495 vel
425 3442 588 3496 etiam
617 3443 757 3498 sicut
792 3445 925 3500 dicit
960 3445 1244 3503 Psalmista
1270 3466 1283 3501 :
1313 3448 1454 3504 Deus
1487 3450 1627 3504 stetit
1651 3451 1707 3503 in
1737 3467 1893 3520 syna-

306 3548 446 3602 goga
475 3533 714 3601 deorum,
757 3535 811 3590 in
853 3538 1022 3592 medio
1068 3548 1242 3594 autem
1271 3541 1395 3596 deos
1422 3542 1675 3614 discernit
1714 3540 1888 3615 (Psal.

308 3621 522 3693 Lxxxt).
555 3623 711 3690 Quod
759 3626 805 3681 si
853 3642 882 3680 a
914 3629 1018 3684 ﬁde
1065 3630 1457 3687 exorbitaverit
1510 3643 1708 3701 rector,
1765 3644 1892 3690 tunc

307 3713 416 3766 erit
437 3711 742 3784 arguendus
769 3732 799 3771 a
825 3718 1077 3775 subditis.
1101 3721 1209 3778 Pro
1232 3724 1474 3780 moribus
1495 3738 1624 3779 vero
1645 3726 1891 3795 reprobis

305 3805 622 3862 tolerandas
650 3809 823 3880 magis
849 3825 1012 3881 quam
1049 3813 1451 3906 distringendus
1477 3833 1508 3872 a
1535 3818 1692 3890 plebe
1716 3828 1816 3875 est.

859 3922 1086 3982 CAPUT
1121 3927 1335 3985 XXXII.

381 3987 655 4060 (Prosperi
687 3991 752 4045 de
788 3991 908 4049 Vita
954 3999 1230 4069 contempt.
1279 4001 1317 4054 Ι.
1354 4018 1393 4068 ι,
1426 4019 1473 4057 c.
1504 4003 1620 4075 2i.)
1652 4003 1759 4060 Sed
1791 4021 1890 4063 nos

305 4083 668 4152 praesentibus
699 4083 974 4156 [Prosperi
1000 4089 1246 4148 luctuosa
1274 4093 1569 4165 descriptio
1595 4098 1892 4155 carnaliter

307 4172 611 4228 viventium
633 4178 994 4246 sacerdotum,
1012 4180 1119 4236 Sed
1138 4197 1235 4239 nos
1255 4188 1628 4254 praesentibus,
1655 4189 1787 4261 etc.]
1803 4192 1890 4247 de-

308 4264 518 4328 lectati,
551 4267 678 4322 dum
702 4269 757 4323 in
794 4271 896 4327 hac
927 4273 1035 4327 vita
1064 4279 1347 4332 commoda
1371 4290 1553 4335 nostra
1576 4291 1631 4336 et
1654 4284 1890 4341 honores

308 4353 656 4424 inquirimus,
681 4373 789 4413 non
831 4369 893 4415 ut
918 4363 1188 4430 meliores,
1218 4369 1311 4423 sed
1341 4377 1399 4422 ut
1425 4371 1670 4437 ditiores,
1703 4391 1803 4431 nec
1829 4387 1891 4432 ut

1992 1865 2382 1920 devorationem
2405 1867 2637 1920 omnium
2659 1867 2942 1920 bestiarum
2962 1867 3077 1936 agri
3101 1865 3318 1937 (Ezech.
3349 1871 3558 1940 xxxrv).

1991 1954 2059 2009 Et
2105 1955 2266 2024 paulo
2308 1964 2477 2025 post:
2519 1953 2805 2025 Propterea
2848 1965 3106 2025 pastores,
3156 1957 3334 2010 audite
3367 1959 3575 2012 verbum

1989 2045 2250 2101 Domini:
2288 2044 2411 2100 Vivo
2435 2063 2551 2117 ego,
2580 2047 2708 2101 dicit
2749 2046 3004 2100 Dominus
3047 2047 3210 2113 Deus,
3239 2050 3363 2118 quia
3392 2065 3488 2119 pro
3512 2067 3573 2104 eo

1991 2137 2131 2208 quod
2177 2137 2304 2207 facti
2332 2148 2452 2192 sunt
2482 2155 2659 2209 greges
2709 2139 2808 2192 mei
2839 2137 3188 2208 in'rapinam,
3219 2149 3266 2194 et
3297 2157 3413 2195 oves
3441 2158 3571 2196 mea:

1991 2230 2046 2283 in
2071 2230 2455 2284 devorationem
2487 2231 2718 2284 omnium
2742 2230 3023 2284 bestiarum
3053 2233 3191 2302 agri,
3213 2248 3272 2285 eo
3299 2233 3438 2303 quod
3469 2250 3573 2288 non

1990 2332 2121 2376 esset
2144 2331 2324 2392 pastor
2349 2337 2368 2375 :
2393 2337 2556 2393 neque
2593 2321 2729 2374 enim
2752 2323 3068 2392 qutcsierunt
3100 2332 3334 2391 pastores
3368 2339 3574 2393 gregem

1989 2430 2185 2478 meum,
2229 2413 2319 2468 sed
2356 2413 2636 2482 pascebant
2665 2423 2901 2482 pastores
2930 2413 3252 2483 semetipsos,
3284 2422 3333 2466 et
3366 2429 3574 2482 gregem

1992 2519 2163 2557 meum
2188 2519 2292 2556 non
2314 2502 2615 2572 pascebant.
2643 2499 2959 2572 Propterea,
2982 2510 3237 2572 pastores,
3266 2502 3445 2555 audite
3466 2518 3576 2555 ver-

1993 2594 2112 2647 bum
2165 2593 2398 2647 Domini.
2433 2592 2564 2646 Ilwc
2594 2593 2720 2648 dicit
2765 2593 3022 2646 Dominus
3057 2592 3199 2646 Deus
3238 2609 3258 2646 :
3294 2592 3432 2646 Ecce
3480 2608 3575 2661 ego

1992 2684 2098 2754 ipse
2127 2701 2282 2754 super
2316 2691 2553 2754 pastores
2586 2684 2847 2754 requiram
2883 2698 3087 2752 gregem
3115 2697 3286 2736 meum
3315 2681 3380 2734 de
3409 2698 3570 2734 manu

1991 2790 2192 2838 eorum,
2224 2781 2270 2827 et
2317 2789 2519 2826 cessare
2545 2772 2738 2842 faciam
2776 2787 2884 2838 eos,
2928 2779 2986 2824 ut
3035 2769 3176 2824 ultra
3203 2787 3307 2824 non
3355 2781 3574 2841 pascant

1992 2881 2216 2935 gregem,
2279 2879 2371 2917 nec
2421 2871 2639 2934 pascant
2711 2860 2936 2932 amplius
2987 2871 3222 2932 pastores
3275 2861 3575 2931 semetipsos

1995 2952 2209 3027 (Ibid.).
2239 2951 2370 3019 Quis
2394 2952 2463 3006 ad
2491 2951 2606 3006 haec
2629 2967 2736 3006 non
2765 2951 3186 3005 contmmiscat?
3207 2949 3340 3017 Quis
3368 2950 3470 3004 ista
3497 2951 3574 3004 si-

1993 3061 2064 3100 ne
2091 3043 2417 3100 intolerabili
2447 3051 2598 3098 metu
2640 3041 2835 3097 futurae
2885 3041 3302 3097 examinationis
3351 3043 3570 3112 accipit,

1919 3131 1964 3194 C
1994 3137 2100 3192 nisi
2125 3138 2216 3206 qui
2240 3145 2334 3191 aut
2353 3151 2462 3190 non
2487 3134 2756 3205 intelligit,
2781 3142 2876 3189 aut
2903 3133 3081 3189 futura
3109 3149 3217 3190 non
3239 3134 3448 3190 credit?
3469 3135 3577 3190 Sed

1994 3229 2119 3299 quia
2146 3227 2328 3284 omnia
2362 3242 2483 3296 quae
2514 3226 2654 3280 Deus
2691 3226 2968 3280 observari
3013 3225 3200 3290 voluit,
3245 3234 3355 3279 tam
3389 3236 3574 3296 aperta

1992 3318 2196 3388 posuit,
2229 3325 2284 3371 et
2321 3317 2395 3371 ita
2423 3316 2506 3372 sui
2530 3315 2763 3370 nominis
2788 3315 3117 3370 auctoritate
3147 3315 3404 3380 ﬁrmavit,
3432 3325 3573 3369 utea

1992 3409 2208 3464 facilius
2259 3407 2423 3480 (quod
2457 3407 2604 3462 dictu
2642 3421 2858 3476 quoque
2909 3407 3062 3461 nefas
3100 3407 3206 3478 est)
3257 3416 3576 3462 contemna-

1992 3516 2132 3564 mus,
2159 3516 2320 3571 quam
2344 3515 2444 3554 nos
2462 3515 2569 3554 non
2596 3499 2918 3570 intelligere,
2949 3498 3034 3553 vel
3063 3515 3172 3553 non
3196 3500 3440 3565 credere,
3466 3508 3572 3554 tam

1993 3599 2180 3661 aperta
2211 3599 2265 3647 et
2292 3591 2471 3646 divina
2511 3591 2799 3662 ﬁngamus,
2855 3591 3070 3660 quando
3114 3591 3386 3656 audimus,
3442 3590 3574 3645 Η(ιέ

1994 3683 2120 3736 dicit
2170 3681 2450 3747 Dominus,
2491 3682 2613 3750 quis
2643 3697 2748 3736 non
2780 3682 3021 3735 futurum
3051 3696 3171 3736 esse
3203 3682 3394 3736 credat
3432 3682 3574 3752 quod

1994 3773 2126 3829 dicit
2147 3773 2425 3839 Dominus,
2460 3773 2564 3827 nisi
2588 3775 2680 3843 qui
2708 3774 2819 3829 Deo
2844 3789 2950 3828 non
2981 3774 3192 3829 credit?
3218 3773 3372 3842 Quod
3393 3785 3573 3829 autem

1992 3859 2145 3923 dicit,
2171 3875 2245 3913 va:
2267 3859 2582 3929 pastoribus,
2607 3860 2750 3915 istud
2784 3877 2860 3914 va:
2893 3875 2992 3930 pro
3023 3860 3306 3916 maledicto
3333 3863 3485 3932 poni,
3514 3871 3574 3917 et

1991 3958 2272 4019 pastorum
2311 3951 2529 4006 nomine
2566 3967 2668 4006 nos
2709 3952 3025 4021 signiﬁcari,
3069 3953 3191 4023 quis
3224 3969 3330 4009 non
3377 3955 3577 4010 intelli-

1993 4047 2105 4110 gat,
2130 4039 2234 4094 nisi
2282 4041 2372 4109 qui
2401 4040 2641 4095 futurum
2676 4057 2782 4096 non
2827 4038 3075 4112 cogitat?
3110 4040 3316 4113 Greges
3360 4045 3574 4100 Domini

1991 4132 2293 4202 pascendos
2335 4141 2581 4204 pastores
2619 4133 2746 4190 facti
2789 4135 3137 4204 suscipimus,
3172 4143 3228 4189 et
3274 4151 3374 4190 nos
3431 4138 3577 4206 ipsos

1991 4223 2287 4291 pascimus,
2319 4225 2534 4292 quando
2557 4239 2663 4277 non
2686 4238 2908 4293 gregum
2934 4222 3155 4277 utilitati
3187 4224 3569 4292 prospicimus,

1993 4311 2090 4367 sed
2119 4312 2249 4381 quid
2274 4309 2452 4366 foveat
2479 4320 2534 4365 et
2567 4319 2759 4378 augeat
2791 4319 3004 4365 nostras
3026 4311 3352 4379 voluptates,
3392 4320 3572 4366 atten-

1992 4400 2191 4454 dimus.
2223 4399 2335 4453 Lac
2367 4407 2422 4452 et
2453 4400 2603 4454 lanas
2642 4400 2824 4452 ovium
2863 4397 3087 4461 Christi,
3127 4399 3380 4455 videlicet
3423 4399 3573 4455 obla-

308 4449 1634 4560 ῗὲξξῑιιοτεενεξξίυιὶιοηοτθξξοτεξεξωυενεεῑθΐίε
1656 4476 2168 4543 ΡνωθεεθΒιίοηθε
2222 4487 2568 4558 quotidianas
2618 4503 2682 4542 ac
2730 4489 2971 4543 decimas
3023 4487 3282 4555 ﬁdelium,
3335 4491 3573 4560 gauden-

307 4535 653 4629 l’estinamus.
676 4539 786 4597 Nec
801 4558 1018 4616 gregem
1040 4549 1276 4618 Domini,
1299 4555 1390 4623 qui
1413 4557 1571 4612 nobis
1585 4535 1886 4629 pascendus

309 4627 654 4720 tuendosque
693 4637 1013 4693 commissus
1043 4649 1148 4707 est,
1190 4643 1285 4698 sed
1313 4653 1528 4702 nostras
1562 4627 1885 4720 voluptates,

305 4718 759 4793 dominationem,
789 4729 1029 4798 divitias,
1060 4742 1115 4787 et
1140 4743 1336 4791 caetera
1365 4718 1734 4798 blandimenta
1769 4760 1888 4800 car-

306 4808 510 4864 naliter
525 4815 844 4884 cogitamus.
868 4817 1121 4878 Pastores
1144 4824 1250 4879 dici
1282 4827 1551 4896 volumus,
1579 4824 1686 4887 nec
1709 4842 1888 4890 tamen

306 4915 435 4957 esse
448 4909 842 4964 contendimus.
869 4912 1039 4968 Oﬁicii
1068 4919 1237 4973 nostri
1261 4921 1492 4979 vitamus
1510 4925 1773 4996 laborem,
1795 4945 1890 5000 ap-

307 4996 550 5065 petimus
575 4999 914 5070 dignitatem.
948 5004 1351 5067 Immundorum
1386 5016 1673 5086 spirituum
1694 4996 1847 5076 feras
1858 5036 1890 5076 a

311 5103 478 5160 grege
504 5091 850 5150 dilacerando
877 5113 983 5152 non
1005 5100 1256 5169 pellimus
1282 5122 1294 5158 :
1319 5113 1375 5160 et
1397 5111 1541 5177 quod
1571 5110 1651 5165 eis
1681 5127 1894 5168 reman-

309 5179 472 5242 serit,
526 5181 626 5249 ipsi
667 5187 1052 5254 consumimus,
1097 5195 1312 5262 quando
1355 5208 1648 5266 peccantes
1698 5203 1892 5260 divites

310 5269 400 5323 vel
445 5280 716 5340 potentes,
746 5291 855 5331 non
889 5278 1061 5334 solum
1112 5297 1217 5337 non
1264 5288 1561 5356 arguimus,
1601 5293 1694 5346 sed
1726 5295 1891 5350 etiam

311 5375 662 5427 veneramur,
687 5379 756 5419 ne
784 5368 942 5423 nobis
969 5379 1061 5424 aut
1103 5388 1328 5429 munera
1360 5378 1520 5433 solita
1551 5379 1740 5438 olfensi
1784 5401 1891 5441 non

314 5451 572 5521 dirigant,
607 5461 700 5508 aut
746 5457 1003 5528 obsequia
1033 5463 1336 5522 desiderata
1369 5471 1689 5526 subducant.
1739 5475 1818 5530 Ac
1847 5479 1892 5532 si

314 5543 638 5598 muneribus
665 5559 852 5603 eorum
900 5558 954 5604 et
988 5552 1263 5623 obsequiis
1304 5559 1470 5627 capti,
1502 5559 1611 5614 imo
1635 5577 1733 5632 per
1779 5565 1894 5623 hmc

316 5633 426 5688 illis
473 5636 670 5692 addicti
721 5638 917 5711 [imo...
961 5645 1179 5711 addicti,
1219 5649 1474 5720 desunt],
1529 5651 1673 5724 loqui
1718 5657 1797 5712 eis
1827 5658 1893 5713 de

317 5735 545 5797 peccato
584 5743 700 5795 suo,
749 5741 838 5786 aut
875 5733 940 5787 de
977 5735 1157 5792 futuro
1188 5737 1392 5806 judicio
1422 5740 1790 5803 formidamus.
1827 5748 1894 5804 Et

1992 4588 2076 4635 tes
2125 4578 2444 4650 accipimus,
2480 4589 2535 4634 et
2574 4595 2758 4634 curam
2802 4581 3195 4649 pascendorum
3234 4596 3454 4653 gregum
3506 4599 3571 4638 ac

1994 4669 2430 4733 reﬁciendorum,
2483 4687 2512 4726 a
2555 4671 2750 4741 quibus
2789 4683 3045 4740 perverso
3076 4673 3269 4727 ordine
3321 4673 3572 4730 volumus

1991 4761 2162 4831 pasci,
2195 4761 2510 4830 deponimus
2541 4759 2927 4833 [negligimus].
2973 4761 3088 4816 Non
3121 4778 3378 4821 sanamus
3405 4766 3567 4836 spiri-

1995 4849 2086 4902 tali
2117 4849 2345 4904 consilio
2375 4853 2611 4920 peccatis
2654 4853 2945 4918 inﬁrmum,
2977 4869 3081 4909 non
3120 4857 3438 4912 sacerdotali
3469 4874 3570 4929 ope

1992 4939 2390 4996 consolidamus
2420 4950 2512 4997 aut
2555 4941 2830 4997 reﬁcimus
2865 4943 3094 5000 diversis
3134 4946 3571 5004 tribulationibus

1993 5029 2258 5094 fractum;
2293 5048 2397 5086 non
2428 5033 2495 5087 ad
2519 5034 2661 5088 viam
2699 5034 2887 5090 salutis
2924 5051 3240 5093 revocamus
3273 5047 3566 5103 errantem,

1992 5136 2101 5176 non
2142 5123 2473 5191 requirimus
2504 5125 2864 5181 sollicitudine
2893 5128 3151 5198 pastorali
3177 5129 3350 5184 venite
3379 5130 3567 5199 despe-

1992 5214 2201 5268 ratione
2223 5212 2335 5280 jam
2375 5215 2644 5285 perditum
2679 5218 2785 5272 :ad
2811 5218 2915 5272 hoc
2958 5226 3165 5273 tantum
3206 5227 3453 5289 potentes
3492 5219 3568 5270 ef—

1992 5301 2142 5370 fecti,
2178 5313 2236 5357 ut
2274 5305 2427 5361 nobis
2477 5307 2530 5360 in
2561 5305 2833 5376 subjectos
2863 5308 3283 5363 dominationem
3327 5307 3568 5377 tyranni-

1993 5409 2112 5449 cam
2164 5395 2518 5460 vindicemus,
2573 5413 2681 5452 non
2737 5397 2963 5454 alliietos
3013 5409 3203 5456 contra
3255 5398 3566 5454 violentiam

1991 5493 2293 5554 potentum,
2328 5488 2418 5557 qui
2449 5488 2500 5542 in
2531 5503 2624 5544 eos
2653 5487 2890 5544 ferarum
2922 5504 3072 5544 more
3101 5488 3351 5552 saeviunt,
3380 5488 3568 5544 defen-

1993 5575 2203 5628 damus.
2255 5576 2381 5630 Inde
2407 5585 2492 5631 est
2521 5579 2664 5647 quod
2703 5595 2808 5634 non
2851 5588 2958 5633 tam
2989 5593 3018 5632 a
3062 5579 3370 5647 potentibus
3409 5579 3569 5650 hujus

1993 5665 2178 5719 mundi
2213 5681 2372 5733 quam
2412 5682 2441 5720 a
2473 5669 2627 5722 nobis
2649 5668 2814 5738 (quod
2843 5667 2995 5738 pejus
3023 5668 3126 5740 est)
3173 5671 3413 5724 nonnulli
3443 5687 3568 5742 gra-

1993 5753 2137 5807 viter
2182 5753 2390 5825 fatigati
2435 5756 2753 5825 depereunt,
2785 5774 2920 5828 quos
2965 5773 3022 5814 se
3065 5759 3132 5815 de
3180 5775 3340 5816 manu
3383 5771 3566 5818 nostra
