3884 6192
371 196 472 292 sci

1392 235 1794 292 AMALARIUS
1833 234 2241 293 PRESBYTER
2277 236 2635 293 METENSIS.

3530 242 3631 298 868

375 350 638 405 Dominus
666 350 1055 420 requisiturum
1087 349 1402 404 terribiliter
1439 349 1818 412 comminatur,
1863 347 1950 402 di-
1978 353 2028 410 Α
2054 349 2282 417 spiritali
2309 350 2428 405 zelo
2453 351 2649 420 agitur,
2673 352 3033 422 omnipotenti
3060 351 3172 408 Deo
3193 353 3423 424 placeat,
3450 368 3638 428 aperte

372 459 506 500 cens
544 462 557 497 :
607 441 889 515 Requiram
933 459 1048 496 oves
1094 459 1234 496 meas
1271 443 1335 495 de
1375 458 1536 496 manu
1565 451 1858 511 pastorum,
1899 452 1947 494 et

374 551 580 589 cessare
604 550 690 588 eos
718 535 936 602 faciam,
978 543 1036 585 ut
1075 531 1219 586 ultra
1235 533 1354 603 jam
1387 549 1490 587 non
1530 543 1747 604 pascant
1772 550 1950 604 greges

373 645 535 682 meos.
564 626 715 692 Quod
756 625 887 694 quid
922 633 1008 680 est
1049 625 1217 691 aliud,
1249 641 1413 696 quam
1453 635 1698 696 pastores
1737 627 1831 696 qui
1860 642 1950 680 se-

373 721 648 789 metipsos,
678 733 783 772 non
809 733 1003 789 greges
1025 732 1192 784 meos,
1213 728 1464 788 pascunt,
1493 720 1824 775 sublimitate
1839 735 1951 774 suae

374 812 650 882 dignitatis
679 811 1012 881 exspoliabo,
1040 820 1093 865 et
1124 813 1264 866 inter
1305 813 1585 882 reprobos,
1623 813 1750 882 quia
1777 813 1950 867 hono-

375 917 486 956 rem
535 917 691 955 suum
723 901 1013 955 noluerunt
1061 902 1356 966 custodire,
1387 902 1708 973 projiciam?
1747 903 1949 958 Horum

370 1001 425 1043 et
451 992 536 1044 his
567 992 825 1046 similium
868 993 1302 1047 consideratione
1328 995 1650 1062 perterritus
1683 995 1951 1065 Pr0pheta

375 1078 551 1149 [Deest
588 1079 883 1151 Propheta]
913 1100 925 1133 :
955 1080 1132 1134 Timor
1152 1093 1199 1134 et
1228 1091 1445 1146 tremor,
1476 1083 1670 1151 inquit,
1704 1094 1952 1138 venerunt

373 1187 530 1240 super
555 1188 656 1235 me,
695 1181 741 1225 et
769 1181 1108 1226 contexerant
1135 1189 1216 1226 me
1251 1183 1583 1242 peccatorum
1617 1191 1850 1229 meorum
1878 1185 1952 1229 te-

368 1263 562 1316 nebrtr.
590 1263 659 1316 Et
691 1264 824 1328 dixi,
855 1263 987 1328 Quis
1016 1264 1159 1317 dabit
1189 1266 1316 1318 mihi
1362 1282 1560 1335 pennas
1589 1266 1722 1320 sicut
1753 1267 1952 1320 colum-

379 1356 477 1417 ba',
511 1366 558 1408 et
583 1356 788 1423 volabo,
821 1367 868 1410 et
899 1359 1217 1427 requiescam
1247 1357 1418 1429 (Psal.
1465 1360 1616 1429 LIV)?
1650 1359 1715 1412 Et
1740 1360 1844 1413 hoc
1867 1367 1953 1414 est

372 1455 546 1500 totum
591 1457 813 1517 propter
839 1450 979 1518 quod
1011 1449 1292 1518 imperitia:
1333 1465 1468 1503 mem
1517 1465 1581 1505 ac
1629 1449 1798 1504 futuri
1829 1450 1953 1506 linis

367 1539 684 1593 recordatus
736 1539 991 1609 ingemui,
1041 1551 1095 1593 et
1140 1539 1302 1605 volui,
1349 1541 1559 1595 sarcina
1609 1542 1953 1612 episcopatus

368 1629 475 1684 mei
506 1629 770 1699 deposita,
800 1629 1054 1701 elongare
1083 1629 1309 1702 fugiens,
1335 1640 1389 1685 et
1417 1647 1640 1687 manere
1671 1633 1727 1686 in
1762 1633 1952 1687 solitu-

2053 439 2378 505 ostenditur,
2409 457 2530 495 cum
2567 441 2750 496 otl'erri
2787 458 2885 511 per
2911 442 3084 512 legem
3120 443 3302 498 simila
3340 445 3398 501 in
3425 448 3636 502 sacriﬁ-

2052 529 2197 583 cium
2239 529 2482 598 jubetur.
2513 530 2786 602 Scriptum
2829 534 3030 603 quippe
3075 540 3161 589 est
3205 553 3217 589 :
3258 533 3325 588 In
3371 539 3639 608 sartagine

2051 618 2163 672 oleo
2206 636 2482 690 conspersa
2515 622 2759 692 (rigetur,
2803 623 3090 693 o/ferctque
3131 641 3248 677 eam
3297 624 3533 679 calidam
3585 629 3640 683 in

2051 708 2264 764 odorem
2294 714 2670 767 suavissimum
2699 713 2912 768 domino
2941 716 3210 781 sacerdos,
3229 718 3322 787 qui
3348 720 3493 788 patri
3515 721 3641 789 jure

2053 805 2383 868 successerit,
2433 813 2481 856 et
2512 813 2622 857 tota
2657 805 2979 859 cremabitur
3020 808 3074 859 in
3112 807 3272 862 altari
3305 807 3492 879 (Leuit.
3542 815 3637 881 τι).

2052 895 2203 952 Tunc
2246 897 2420 953 simila
2447 899 2500 952 in
2529 900 2802 970 sartagine
2828 898 3065 971 frigitur,
3097 918 3228 957 cum.
3252 906 3454 960 munda
3485 923 3642 963 mens

2045 987 2180 1056 justi
2226 1003 2322 1056 per
2369 989 2469 1043 zeli
2519 991 2693 1044 sancti
2726 991 2979 1046 ardorem
3015 1002 3309 1048 crematur.
3349 994 3484 1061 Quze
3515 1013 3642 1051 oon-

2052 1076 2229 1147 spergi
2255 1076 2373 1132 oleo
2396 1079 2728 1147 prmcipitur,
2761 1079 2815 1134 id
2843 1088 2928 1134 est
2954 1081 3239 1137 eharitatis
3266 1084 3640 1141 misericordia

2052 1171 2293 1236 misceri,
2325 1188 2447 1241 quae
2487 1173 2541 1226 in
2571 1182 2865 1242 conspectu
2907 1175 3297 1244 omnipotentis
3341 1177 3438 1231 Dei
3485 1179 3640 1232 ardet

2052 1270 2107 1316 et
2135 1261 2298 1317 lucet.
2331 1261 2736 1334 Conspergatur
2763 1279 2894 1332 ergo
2923 1263 3044 1318 oleo
3073 1279 3246 1331 mens,
3276 1280 3402 1334 quae
3432 1267 3490 1320 in
3517 1283 3637 1321 sar-

2053 1353 2232 1425 tagine
2252 1353 2488 1424 frigitur,
2511 1355 2638 1424 quia
2668 1355 2845 1410 sancti
2879 1355 2982 1410 zeli
3011 1356 3281 1412 districtio
3304 1367 3638 1412 necesseest

2052 1455 2111 1500 ut
2139 1458 2206 1498 ex
2247 1445 2633 1500 misericordia:
2669 1447 2871 1500 virtute
2910 1454 2967 1501 et
3013 1445 3205 1502 ardeat
3249 1456 3307 1500 et
3345 1447 3633 1502 clarescat.

2051 1537 2213 1593 Amat
2260 1540 2404 1593 enim
2447 1539 2697 1594 eumdem
2742 1539 2920 1608 ipsum
2963 1555 3124 1609 quem
3158 1540 3367 1610 insequi
3397 1542 3632 1595 videtur.

2055 1629 2208 1685 Unde
2235 1638 2290 1685 et
2318 1630 2494 1686 calida
2512 1631 2589 1685 sin
2617 1631 2840 1686 odorem
2881 1631 3261 1688 suavissimum
3295 1631 3533 1686 Domino
3558 1633 3637 1686 of-

367 1717 513 1782 dine,
537 1727 592 1773 et
619 1718 691 1772 ibi
715 1700 1030 1788 exspectare
1051 1700 1358 1785 Dominum,
1391 1721 1483 1790 qui
1513 1722 1724 1777 salvum
1745 1739 1834 1778 me
1863 1724 1947 1777 fa-
1976 1700 2024 1760 B
2050 1721 2184 1776 ferri
2200 1723 2533 1792 pramipitur,
2550 1724 2680 1792 quia
2707 1725 2751 1778 si
2781 1738 3023 1778 amorem
3049 1723 3199 1779 zelus
3219 1719 3336 1778 non'
3353 1724 3545 1785 habet,
3575 1739 3636 1778 ea

367 1824 519 1868 ceret
560 1829 590 1866 a
633 1815 1076 1885 pusillanimitate
1113 1831 1256 1881 mea,
1288 1825 1341 1872 et
1384 1818 1452 1872 ab
1480 1818 1596 1887 ipsa
1625 1818 1945 1874 intolerabi-

367 1903 496 1959 lium
529 1907 660 1961 mihi
690 1907 1110 1961 sollicitudinum
1141 1916 1480 1978 tempestate.

904 2020 1133 2076 CAPUT
1175 2021 1410 2075 XXXIII.

439 2109 661 2183 (Isidori
699 2111 738 2164 l.
795 2129 874 2176 ιιι,
915 2112 1085 2177 Seut.,
1131 2131 1179 2166 c.
1229 2112 1344 2183 40.)
1388 2114 1636 2170 Iracundi
1694 2117 1945 2172 doctores

364 2202 580 2276 [Isidori
637 2206 702 2260 de
756 2206 1034 2261 iracundis
1081 2207 1412 2272 doctoribus,
1469 2207 1717 2263 Iracundi
1761 2209 1946 2264 docto-

363 2311 474 2360 res,
501 2294 654 2367 etc.],
685 2311 781 2364 per
815 2297 1018 2352 rabiem
1047 2297 1266 2364 furoris,
1293 2299 1590 2371 disciplina
1630 2302 1846 2356 modum
1877 2303 1944 2358 ad

361 2385 1113 2458 immanitatemgcrudelitatis
1137 2399 1459 2445 convertunt
1484 2410 1497 2444 :
1521 2399 1576 2447 et
1600 2393 1742 2447 unde
1764 2409 1943 2448 emen-

360 2475 492 2530 dare
529 2479 771 2533 subditos
799 2488 1068 2549 poterant,
1100 2481 1226 2536 inde
1256 2483 1436 2552 potius
1465 2483 1771 2539 vulnerant.
1817 2486 1944 2542 Ideo

359 2569 478 2624 sine
517 2586 771 2625 mensura
815 2573 1097 2628 ulciscitur
1137 2565 1341 2645 culpas‘
1364 2577 1686 2646 praepositus
1728 2578 1943 2640 iracun-

358 2661 461 2715 dus
495 2679 506 2713 :
547 2663 673 2730 quia
702 2678 799 2716 cor
837 2662 954 2731 ejus
995 2665 1301 2734 dispersum
1330 2666 1384 2720 in
1422 2682 1604 2721 rerum
1633 2669 1802 2733 curis,
1834 2685 1943 2724 non

358 2753 628 2823 colligitur
650 2755 704 2808 in
737 2771 976 2811 amorem
1024 2758 1185 2813 unius
1216 2759 1459 2814 deitatis.
1489 2759 1639 2816 Mens
1677 2761 1822 2816 enim
1849 2777 1941 2818 so-

358 2841 469 2896 luta
509 2843 562 2898 in
594 2844 844 2910 diversis,
872 2856 1066 2902 catena
1115 2850 1400 2906 charitatis
1426 2866 1532 2906 non
1571 2853 1887 2924 astringitur
1923 2873 1937 2909 :

358 2933 453 2987 sed
497 2933 640 2989 male
687 2933 888 3004 laxata,
924 2939 1064 2994 male
1093 2941 1161 2996 ad
1192 2957 1412 2997 omnem
1445 2943 1787 3000 occasionem
1822 2961 1939 3003 mo-

359 3031 533 3080 vetur.

885 3096 1114 3154 CAPUT
1163 3099 1406 3155 XXXIV.

430 3183 692 3257 (Gregorii
725 3188 763 3243 ι.
793 3207 810 3244 ι
836 3207 992 3261 super
1016 3191 1234 3258 Ezech.,
1263 3194 1406 3247 hom.
1437 3194 1552 3266 22.)
1593 3195 1780 3253 Omnis
1829 3200 1939 3269 spi-

357 3278 531 3333 ritalis
593 3280 693 3352 (De
737 3283 854 3338 zelo
899 3285 1135 3354 pastoris
1182 3285 1342 3342 ofﬁcii
1387 3288 1696 3360 Gregorius,
1753 3291 1939 3350 Omnis

354 3369 636 3438 spiritalis,
664 3371 797 3446 etc.]
839 3374 985 3430 zelus
1025 3376 1284 3443 dectoris,
1317 3379 1559 3434 animum
1594 3381 1745 3452 frigit
1771 3397 1785 3436 :
1812 3384 1937 3453 quia

353 3461 509 3516 valde
551 3464 847 3530 cruciatur,
881 3465 1008 3520 dum
1038 3467 1284 3524 infirmos
1312 3486 1557 3540 quosque
1602 3482 1807 3529 aeterna
1841 3476 1935 3530 de-

353 3568 557 3620 serere,
605 3564 659 3611 et
695 3558 858 3612 rebus
901 3560 1286 3629 temporalibus
1337 3562 1596 3618 delectari
1648 3568 1932 3637 conspicit.

353 3643 567 3700 Nullum
598 3649 794 3719 quippe
824 3651 1182 3720 omnipotenti
1207 3652 1317 3709 Deo
1339 3654 1447 3708 tale
1474 3665 1558 3710 est
1583 3659 1933 3725 sacriﬁcium,

352 3735 511 3804 quale
531 3746 613 3789 est
634 3738 782 3792 zelus
803 3739 1127 3805 animarum,
1155 3742 1297 3796 sicut
1324 3743 1610 3800 Psalmista
1633 3749 1712 3802 ait
1739 3768 1751 3802 :
1777 3748 1936 3808 Zelus

351 3826 538 3878 domus
571 3835 676 3879 tua:
699 3828 921 3880 comedit
944 3845 1026 3882 me
1051 3829 1222 3901 (Psal.
1254 3836 1468 3903 vam).
1494 3834 1692 3893 Paulus
1725 3847 1936 3908 aposto-

352 3915 437 3971 lus
481 3915 596 3972 zelo
624 3917 926 3972 animarum
977 3920 1272 3986 cruciatus,
1321 3923 1577 3979 dicebat:
1621 3926 1750 3990 Quis
1785 3930 1936 3999 infir-

352 4015 550 4071 matur,
588 4017 635 4060 et
679 4023 772 4077 ego
804 4024 908 4062 non
940 4009 1221 4078 inﬁrmor?
1266 4010 1395 4078 Quis
1426 4015 1843 4086 scandalizatur,
1887 4030 1934 4075 et

351 4106 400 4150 et
425 4114 518 4168 ego
546 4114 648 4151 non
677 4113 806 4150 uror
835 4097 922 4169 (II
946 4095 1068 4153 Cor.
1094 4099 1211 4173 x1)?
1255 4102 1432 4172 Ipsum
1459 4121 1615 4159 suum
1645 4122 1757 4173 cor,
1791 4111 1935 4178 quod

351 4191 654 4244 animarum
687 4190 803 4245 zelo
830 4192 1204 4259 succenderat,
1234 4196 1364 4265 quid
1412 4197 1556 4253 aliud
1583 4215 1746 4269 quam
1777 4203 1932 4270 quasi

351 4282 682 4351 sartaginem
723 4281 947 4348 fecerat,
995 4284 1048 4339 in
1080 4301 1187 4356 qua
1214 4303 1399 4344 amore
1436 4291 1698 4346 virtutum
1741 4303 1931 4349 contra

2049 1827 2171 1882 quae
2211 1813 2278 1867 de
2319 1815 2596 1884 sartagine
2631 1812 2875 1879 offertur,
2912 1813 3150 1868 calorem
3198 1813 3377 1867 simila
3427 1815 3632 1868 amisit.

2047 1904 2357 1960 Notandum
2385 1905 2542 1960 valde
2565 1915 2649 1960 est
2669 1907 2792 1976 quis
2817 1905 3052 1960 similam
3074 1905 3269 1960 oﬂ‘erre
3294 1906 3631 1976 praecipitur,

2046 1993 2301 2049 videlicet
2347 1994 2604 2049 sacerdos
2642 1994 2736 2064 qui
2780 1995 2921 2063 patri
2961 1994 3086 2063 jure
3133 1995 3486 2049 successerit.
3542 1995 3631 2048 Ille

2047 2084 2192 2139 enim
2219 2085 2472 2140 sacerdos
2499 2085 2639 2153 patri
2658 2083 2781 2153 jure
2808 2086 3073 2150 succedit,
3109 2086 3198 2154 qui
3225 2101 3284 2140 se
3305 2101 3430 2141 esse
3457 2088 3632 2140 omni.

2045 2177 2284 2248 potentis
2313 2177 2524 2230 Domini
2557 2176 2726 2230 ﬁlium
2751 2177 2994 2230 moribus
3015 2176 3373 2239 demonstrat,
3407 2187 3575 2247 atque
3601 2194 3630 2230 a

2045 2268 2349 2324 nobilitate
2382 2269 2570 2322 intima
2620 2282 2844 2336 operum
2885 2283 3106 2322 suorum
3148 2268 3484 2338 ignobilitate
3527 2285 3629 2324 non

2046 2359 2338 2428 discrepat.
2370 2358 2499 2424 Quae
2535 2358 2587 2412 in
2617 2358 2776 2412 altari
2812 2366 2923 2412 tota
2945 2358 3176 2413 cremari
3205 2359 3543 2428 prmcipitur,
3574 2369 3629 2413 ut

2044 2447 2299 2503 videlicet
2343 2448 2717 2503 holocaustum
2761 2447 2873 2502 ﬁat.
2922 2447 3108 2502 Simila
3133 2449 3317 2517 itaque
3364 2449 3419 2502 in
3459 2458 3630 2504 sarta-

2045 2542 2190 2612 gine,
2238 2550 2322 2597 est
2351 2543 2548 2597 munda
2589 2558 2746 2598 mens
2777 2542 2912 2612 justi
2943 2543 2997 2596 in
3042 2541 3141 2596 zeli
3188 2541 3454 2611 spiritalis
3499 2542 3629 2596 allii-

2044 2635 2246 2700 ctione,
2284 2650 2406 2704 qua:
2432 2650 2529 2706 per
2559 2620 2976 2690 sollicitudinem
3025 2635 3329 2688 animarum
3363 2633 3581 2703 frigitur
3611 2653 3623 2688 :

2043 2735 2100 2782 et
2133 2743 2242 2783 non
2277 2727 2454 2782 solum
2505 2726 2852 2790 sacriﬁcium,
2893 2726 2988 2780 sed
3034 2726 3198 2781 etiam
3247 2726 3625 2783 holocaustum

2043 2819 2273 2878 Domino
2299 2833 2419 2874 esse
2448 2819 2756 2887 deputatur.
2789 2816 3080 2871 Sumamus
3104 2817 3268 2887 igitur
3296 2820 3626 2888 sartaginem

2041 2909 2298 2976 ferream,
2330 2918 2383 2965 et
2413 2923 2678 2979 ponamus
2706 2923 2828 2962 eam
2847 2922 3060 2960 murum
3093 2906 3331 2961 ferreum
3356 2908 3504 2962 inter
3531 2925 3628 2963 nos

2042 3011 2098 3058 et
2121 3001 2416 3066 civitatem,
2433 2998 2486 3053 id
2501 3009 2604 3065 est,
2621 3015 2960 3055 a55umamus
2979 3000 3154 3056 zelum
3177 3001 3395 3067 fortem,
3411 3013 3471 3056 ut
3490 3005 3628 3058 inter

2040 3111 2141 3152 nos
2182 3103 2239 3150 et
2291 3093 2552 3148 auditoris
2597 3093 2772 3147 nostri
2801 3092 3043 3148 animum
3097 3095 3443 3151 inveniamus
3488 3097 3624 3150 hanc

2038 3183 2378 3256 postmodum
2425 3182 2618 3238 fortem
2657 3182 3032 3238 munitionem.
3085 3183 3240 3238 Tunc
3284 3187 3431 3239 enim
3485 3187 3622 3240 hunc

2037 3291 2253 3330 murum
2275 3273 2512 3329 ferreum
2538 3273 2809 3328 inventuri
2841 3289 3050 3340 sumus,
3077 3276 3122 3330 si
3153 3291 3298 3331 nunc
3323 3292 3452 3333 eum
3476 3278 3620 3332 forti-

2039 3374 2121 3421 ter
2171 3376 2438 3433 tenemus,
2470 3365 2720 3422 videlicet
2767 3365 3032 3430 docendo,
3071 3368 3453 3433 custodiendo,
3500 3386 3618 3424 sua-

2037 3459 2233 3526 dendo,
2284 3459 2636 3528 increpando,
2667 3457 2973 3524 mulcenda,
3004 3459 3283 3523 terrendo,
3329 3459 3617 3530 aliquando

2036 3553 2251 3617 leniter,
2293 3552 2584 3622 aliquando
2611 3566 2742 3606 vero
2779 3559 2835 3606 et
2872 3552 3118 3606 severius
3147 3553 3379 3622 agendo.
3417 3553 3492 3607 De
3517 3570 3615 3623 qua

2035 3644 2325 3699 severitate
2351 3658 2449 3714 per
2475 3642 2814 3698 Ezechielem
2839 3652 2988 3698 recte
3017 3642 3266 3697 subditur
3299 3660 3312 3695 :
3344 3640 3416 3696 Et
3448 3648 3615 3696 obser-

2035 3733 2176 3788 vabis
2221 3733 2410 3802 faciem
2462 3743 2607 3788 tuam
2645 3734 2714 3788 ad
2761 3750 2899 3798 eam,
2930 3743 2979 3788 et
3023 3733 3123 3786 erit
3171 3734 3224 3786 in
3279 3733 3605 3788 obsidionem

2036 3821 2252 3894 (Ezech.
2287 3824 2382 3894 tv).
2416 3822 2555 3890 Quid
2576 3831 2679 3890 est,
2703 3824 2992 3879 obfirmare
3019 3822 3212 3878 faciem
3228 3826 3296 3878 ad
3313 3822 3608 3879 Jerusalem

2036 3918 2091 3973 in
2120 3917 2288 3972 latere
2319 3917 2666 3986 descriptam,
2695 3917 2803 3972 nisi
2839 3925 2899 3972 ut
2925 3917 2975 3972 ei
3017 3918 3234 3983 animae,
3263 3919 3350 3974 cui
3378 3920 3609 3974 caelestis

2033 4008 2186 4077 pacis
2206 4007 2471 4081 visionem
2501 4008 2692 4062 doctor
2715 4008 3014 4069 denuntiat,
3046 4008 3089 4061 si
3119 4009 3298 4063 adhuc
3324 4025 3446 4064 eam
3471 4010 3608 4064 infir-

1964 4112 1976 4118 '
2033 4100 2167 4154 mari
2215 4100 2269 4154 in
2300 4101 2412 4155 suis
2441 4100 2652 4153 actibus
2691 4100 2976 4168 conspicit,
3006 4101 3378 4155 remissiorcm
3419 4113 3474 4156 et
3510 4103 3607 4155 cleo

2033 4192 2354 4245 mentiorem
2387 4206 2446 4245 se
2469 4191 2692 4246 minime
2710 4191 2993 4246 ostendat?
3023 4191 3174 4248 Unde
3199 4194 3465 4264 scriptum
3494 4203 3601 4248 est:

2033 4278 2192 4336 Filia:
2220 4282 2314 4335 tibi
2335 4292 2456 4337 sunt
2473 4283 2498 4336 1’
2517 4299 2664 4336 serva
2685 4298 2875 4353 corpus
2897 4281 3134 4348 illarum,
3162 4294 3210 4338 et
3236 4302 3341 4340 non
3367 4287 3602 4340 ostendas

352 4369 479 4441 vitia
507 4372 733 4424 ardebat
764 4369 916 4442 (Cap.
949 4371 1048 4443 4)?
1082 4373 1236 4442 Quod
1283 4378 1426 4432 enim
1454 4382 1734 4448 urebatur,
1759 4391 1928 4438 sarm-
1951 4391 2006 4452 Ι)
2031 4371 2253 4426 hilarem
2301 4373 2492 4442 faciem
2526 4382 2670 4426 tuam
2717 4374 2785 4426 ad
2816 4372 2937 4427 illas
2988 4373 3159 4445 (Eccl.
3207 4374 3328 4447 vn).
3381 4376 3600 4431 Inﬁrma:

348 4474 416 4530 go
443 4469 580 4514 erat.
608 4459 987 4515 Inardescebat
1013 4462 1156 4517 enim
1199 4472 1256 4519 et
1286 4467 1642 4537 coquebatur,
1684 4472 1809 4541 quia
1837 4471 1922 4528 in-

348 4551 678 4605 cendebatur
697 4552 1080 4618 amaritudine,
1109 4556 1203 4609 sed
1227 4558 1488 4613 virtutum
1514 4562 1772 4616 alimenta
1792 4578 1923 4632 prae-

348 4643 573 4709 parabat
591 4659 657 4698 ex
681 4658 778 4698 sua
803 4642 996 4699 amicta
1023 4646 1370 4717 cogitatione.
1402 4649 1508 4706 Sed
1528 4652 1657 4722 quid
1677 4661 1761 4708 est
1781 4655 1924 4724 quod

349 4731 602 4788 Ezechiel
629 4736 892 4805 propheta
943 4739 1186 4794 eamdem
1218 4743 1550 4813 sartaginem
1596 4745 1739 4800 inter
1765 4763 1824 4802 se
1869 4757 1924 4803 et

349 4824 624 4878 civitatem
679 4841 892 4881 murum
930 4827 1165 4885 ferreum
1211 4832 1382 4901 ponit,
1429 4834 1536 4887 nisi
1585 4836 1729 4904 quod
1782 4837 1922 4894 idem

347 4913 504 4969 fortis
534 4915 701 4981 zelus,
738 4917 830 4985 qui
869 4934 1014 4974 nunc
1049 4921 1104 4973 in
1141 4928 1323 4976 mente
1365 4922 1603 4978 doctoris
1626 4926 1824 4995 agitur,
1867 4929 1921 4983 in

346 5007 434 5062 die
467 5007 696 5061 extremi
716 5007 904 5078 judicii
931 5011 1073 5065 inter
1098 5027 1221 5067 eum
1247 5021 1302 5068 et
1331 5013 1566 5068 animam
1597 5032 1757 5086 quam
1784 5035 1816 5074 a
1843 5021 1923 5075 vi-

344 5099 438 5154 tiis
463 5097 687 5162 zelatur,
718 5099 873 5154 testis
899 5101 1020 5156 est?
1043 5109 1104 5155 ut
1143 5110 1198 5157 et
1225 5104 1270 5158 si
1298 5105 1487 5160 audire
1511 5107 1557 5161 is
1581 5109 1673 5177 qui
1699 5108 1922 5164 docetur

343 5189 598 5255 noluerit,
625 5188 814 5244 doctor
849 5199 1030 5246 tamen
1069 5209 1168 5263 pro
1206 5194 1322 5250 zelo
1367 5212 1527 5268 quem
1567 5199 1808 5268 exhibet,
1855 5202 1921 5257 de

342 5279 585 5336 auctoris
615 5279 940 5352 negligentia
984 5298 1110 5340 reus
1138 5301 1244 5339 non
1288 5287 1393 5342 sit?
1429 5287 1637 5343 Murum
1666 5307 1794 5362 ergo
1822 5290 1923 5346 fer-

341 5386 494 5424 reum
523 5371 783 5439 propheta
813 5369 956 5425 inter
998 5386 1056 5425 se
1081 5380 1138 5426 et
1163 5374 1444 5430 civitatem
1480 5379 1653 5446 ponit,
1698 5381 1822 5448 quia
1866 5381 1920 5436 in

342 5458 562 5513 ultionis
585 5469 846 5528 tempore,
879 5459 1004 5515 inde
1035 5460 1225 5516 doctor
1249 5479 1280 5517 a
1301 5465 1661 5521 damnationis
1683 5469 1920 5538 periculo

341 5547 603 5613 munitur,
656 5551 795 5604 unde
845 5566 991 5606 nunc
1038 5566 1136 5620 per
1199 5551 1372 5608 zelum
1430 5557 1690 5612 custodiae
1743 5561 1922 5617 cordis

344 5635 606 5690 frixuram
631 5641 852 5708 patitur.
888 5640 1157 5709 Quantum
1185 5659 1314 5699 vero
1346 5643 1551 5701 frixura
1575 5647 1776 5715 cordis,
1798 5665 1918 5719 qua:

2029 4466 2228 4536 quippe
2253 4467 2466 4530 animae,
2501 4474 2666 4536 atque
2713 4467 2975 4536 appetitui
3009 4467 3196 4522 mundi
3235 4468 3452 4532 deditae,
3504 4468 3596 4522 ali-

2026 4559 2240 4628 quando
2270 4557 2463 4613 melius
2486 4574 2554 4612 ex
2582 4559 2869 4612 severitate
2898 4566 3208 4625 servantur,
3237 4567 3298 4613 ut
3323 4559 3594 4616 obﬁrmata

2027 4648 2212 4711 facies,
2242 4647 2295 4704 id
2318 4656 2423 4713 est,
2454 4663 2552 4719 per
2583 4648 2891 4703 severitatis
2914 4649 3215 4704 custodiam
3242 4651 3312 4705 ab
3339 4651 3484 4706 omni
3507 4664 3596 4718 spe

2025 4739 2232 4796 frivola:
2276 4741 2615 4796 remissionis
2648 4741 2902 4806 abducta,
2934 4741 3332 4796 inconstantem
3368 4744 3588 4798 animam

2024 4839 2246 4897 terreat,
2293 4839 2454 4901 atque
2481 4846 2513 4885 a
2539 4830 2894 4886 delectatione
2933 4832 3213 4898 vitiorum,
3245 4833 3590 4890 districtionis

2022 4920 2209 4991 vigore
2235 4921 2591 4991 constringat.
2619 4919 2774 4988 Quod
2796 4936 2919 4977 cum
2941 4936 2972 4974 a
2997 4922 3216 4978 doctore
3240 4925 3437 4993 agitur,
3464 4937 3587 4979 sem-

2021 5029 2121 5084 per
2148 5031 2372 5070 necesse
2392 5024 2500 5081 est,
2527 5023 2589 5070 ut
2616 5015 2841 5072 dulcedo
2869 5023 2927 5070 et
2953 5013 3231 5070 humilitas
3256 5016 3312 5070 in
3335 5015 3489 5072 corde
3513 5021 3583 5064 te.

2021 5113 2247 5169 ncatur;
2299 5113 2566 5175 quatenus
2612 5113 2669 5162 et
2725 5106 2952 5160 multum
3003 5113 3166 5172 amet,
3219 5113 3277 5160 et
3327 5116 3580 5174 nunquam

2020 5203 2211 5252 contra
2259 5211 2380 5250 eum
2419 5211 2518 5266 per
2569 5196 2862 5252 elationem
2906 5197 3182 5268 superbiat
3226 5215 3239 5251 :
3278 5198 3366 5253 cui
3417 5207 3578 5251 tamen

2021 5302 2260 5341 amorem
2288 5303 2444 5341 suum
2473 5296 2529 5341 et
2555 5288 2917 5348 humilitatem
2946 5304 3046 5358 pro
3073 5289 3311 5344 utilitate
3335 5290 3448 5360 ejus
3469 5300 3578 5357 βιοο

2021 5377 2150 5433 dere
2195 5387 2430 5434 recusat.
2471 5379 2772 5448 Sequitur:
2804 5379 2874 5434 Et
2918 5381 3269 5434 circumdabis
3311 5396 3441 5434 eam.
3474 5375 3572 5431 Cir-

2021 5467 2241 5523 cumdat
2288 5469 2476 5522 doctor
2532 5469 2794 5524 auditoris
2847 5471 3109 5534 animam,
3161 5487 3288 5526 cum
3333 5471 3385 5525 in
3433 5479 3577 5522 omne

2021 5558 2164 5627 quod
2193 5557 2247 5610 in
2275 5557 2377 5611 hac
2401 5557 2511 5610 vita
2541 5558 2742 5626 agitur,
2769 5559 3126 5614 tentationum
3155 5560 3377 5630 laqueos
3400 5551 3573 5626 apponi

2020 5664 2178 5720 posse
2214 5649 2523 5715 denuntiat;
2562 5658 2622 5706 ut
2664 5650 2792 5704 dum
2830 5651 3031 5721 ubique
3074 5649 3137 5706 fit
3189 5667 3340 5708 mens
3375 5649 3572 5719 pavida.
