3884 6192
267 317 374 378 869

857 311 1136 369 REGULA
1173 309 1678 368 CANONICORUM‘
1707 309 1796 363 AB
1832 307 2190 364 AMALARIO
2230 307 2612 365 COLLECTA.
2649 340 2719 351 υ-
2755 311 2884 366 LlB.
2921 309 2959 364 l.

3423 310 3528 368 870

269 431 470 500 ubique
512 426 925 496 circumspecta,
971 434 1179 496 quanto
1206 423 1466 488 timidior,
1522 431 1672 477 tanto
1715 421 1848 492 vigi—
1873 422 1924 482 Α
1951 421 2298 493 dispensavit.
2332 421 2449 489 Quo
2479 423 2622 477 facto
2654 423 2788 477 satis
2807 424 3062 488 ostendit,
3102 433 3158 480 et
3186 425 3404 496 propria
3431 428 3529 482 de-

269 521 470 575 lantior
519 518 684 571 vivat.
743 515 958 587 (Morel.
988 515 1026 568 Ι.
1058 531 1168 579 ux,
1215 531 1262 569 c.
1311 512 1427 583 55.)
1464 513 1581 582 Ipse
1617 525 1848 580 namque

266 609 422 666 zelus
447 605 809 670 rectitudinis,
846 606 971 660 dum
1001 604 1372 675 inquietudine
1401 612 1637 658 mentem
1659 603 1845 672 agitat,

265 697 389 768 ejus
416 713 540 753 mox
567 697 742 751 aciem
769 697 1047 761 obscurat,
1079 703 1141 750 ut
1176 695 1370 750 altiora
1403 695 1458 749 in
1485 695 1848 749 commotione

267 806 378 847 non
404 789 604 853 videat,
636 803 758 858 qua:
779 788 918 842 bene
942 787 1093 857 prius
1118 787 1405 857 tranquilla
1434 788 1710 843 cernebat.
1743 786 1849 842 Sed

271 885 399 939 inde
429 880 680 937 subtilius
702 879 770 934 ad
797 878 904 932 alta
937 878 1229 942 reducitur,
1253 879 1395 934 unde
1423 880 1490 934 ad
1521 887 1751 948 tempus,
1782 893 1850 935 ne

270 974 472 1036 videat,
502 971 898 1026 reverberatur.
922 967 1057 1022 Nam
1083 969 1199 1038 ipsa
1220 969 1354 1024 recti
1380 969 1673 1034 aemulatio,
1697 976 1852 1024 teter-

269 1081 343 1120 na
376 1060 636 1135 [interna]
667 1068 788 1132 post
825 1059 1100 1130 paululum
1130 1061 1186 1115 in
1216 1061 1611 1131 tranquillitate
1650 1060 1852 1132 largius

271 1155 470 1224 aperit,
515 1153 607 1208 hic
650 1152 868 1206 interim
898 1167 995 1220 per
1015 1152 1433 1208 commotionem
1484 1153 1688 1209 claudit
1732 1172 1745 1207 :
1795 1161 1852 1208 et

272 1245 420 1299 unde
455 1257 610 1297 mens
645 1241 895 1296 turbatur
923 1257 994 1296 ne
1026 1243 1228 1308 videat,
1265 1243 1391 1298 inde
1430 1243 1666 1312 proﬁcit,
1695 1254 1754 1299 ut
1783 1247 1851 1301 ad

273 1333 567 1388 videndum
608 1331 790 1386 verius
829 1331 1108 1386 clarescat.
1157 1331 1314 1388 Sicut
1355 1333 1649 1388 inﬁrmanti
1696 1335 1852 1390 oculo

277 1440 402 1479 cum
430 1423 712 1495 collyrium
742 1421 1070 1486 immittitur,
1097 1422 1184 1477 lux
1208 1424 1422 1493 penitus
1450 1431 1682 1494 negatur
1711 1441 1726 1478 :
1758 1425 1852 1480 sed

279 1516 406 1570 inde
433 1529 554 1569 eam
574 1521 698 1583 post
720 1513 994 1582 paululum
1019 1515 1284 1568 veraciter
1309 1515 1522 1585 recipit,
1548 1517 1689 1570 unde
1711 1517 1854 1570 hanc

255 1603 347 1658 ad
398 1612 611 1673 tempus
645 1595 937 1658 salubriter
960 1603 1181 1658 amittit.
1211 1603 1497 1674 Nunquam
1521 1619 1652 1659 vero
1697 1619 1852 1660 com-

275 1694 504 1750 motioni
548 1694 932 1764 contemplatio
954 1694 1228 1767 jungitur;
1264 1711 1365 1752 nec
1402 1697 1657 1767 pnevalet
1693 1713 1848 1754 mens

1949 514 2080 568 bere
2107 523 2325 584 propter
2343 513 2731 584 perfectionem
2758 516 3048 581 contemni,
3083 524 3139 570 et
3162 518 3280 573 sine
3305 519 3532 589 impedi-

1950 613 2134 659 mento
2165 603 2546 675 perfectionis,
2581 619 2742 673 posse
2781 619 2900 673 quae
2940 614 3068 660 sunt
3099 609 3404 663 communia
3435 624 3530 664 ec-

1950 695 2129 750 clesia:
2173 695 2458 765 possideri.
2501 694 2643 761 Quid
2681 703 2900 750 sanctus
2941 695 3212 752 Hilarius?
3255 697 3444 754 Nonne
3479 707 3536 755 et

1951 786 2065 855 ipse
2091 786 2272 840 omnia
2311 799 2428 848 sua,
2455 793 2548 838 aut
2569 786 2884 854 parentibus
2912 785 3152 856 reliquit,
3187 796 3280 843 aut
3319 791 3534 845 vendita

1950 879 2276 948 pauperibus
2323 878 2602 946 erogavit?
2645 878 2695 933 Is
2736 887 2913 933 tamen
2943 919 2958 944 ,
3001 895 3127 934 cum
3164 881 3360 936 merito
3405 895 3534 951 per-

1951 970 2199 1026 fectionis
2225 971 2347 1026 sua:
2385 971 2540 1026 ﬁeret
2570 971 2812 1026 ecclesiis
2847 972 3184 1027 Arelatensis
3223 974 3533 1043 episcopus,

1951 1060 2095 1128 quod
2124 1059 2213 1113 illa
2252 1067 2380 1114 tunc
2406 1059 2640 1114 habebat
2666 1060 2897 1116 ecclesia
2923 1076 3031 1116 non
3065 1061 3235 1116 scium
3266 1063 3534 1133 possedit,

1953 1152 2047 1206 sed
2078 1151 2242 1205 etiam
2272 1152 2511 1222 acceptis
2536 1151 2774 1205 ﬁdelium
2805 1153 3110 1208 numerosis
3133 1153 3538 1209 hereditatibus

1953 1241 2247 1311 ampliavit.
2298 1239 2390 1294 lsti
2441 1255 2573 1312 ergo
2622 1248 2733 1294 tam
2789 1241 3001 1306 sancti,
3050 1249 3265 1312 tamque
3310 1242 3538 1312 perfecti

1951 1335 2257 1404 pontiﬁces,
2296 1333 2452 1388 factis
2484 1332 2826 1387 evidentibus
2863 1331 3128 1394 clamant,
3162 1348 3320 1401 posse
3357 1341 3412 1387 et
3441 1333 3536 1388 de-

1953 1424 2082 1479 bere
2122 1423 2240 1477 fieri
2278 1423 2421 1493 quod
2459 1422 2723 1477 fecerunt.
2769 1422 2871 1487 Qui
2919 1422 3104 1490 utique
3147 1423 3391 1476 homines
3427 1430 3536 1476 tam

1954 1515 2324 1578 saecularium,
2359 1527 2520 1582 quam
2549 1513 2854 1566 divinarum
2887 1512 3190 1566 litterarum
3220 1513 3334 1566 sine
3364 1512 3539 1565 ambi-

1954 1605 2154 1675 guitate
2201 1603 2537 1668 doctissimi,
2589 1603 2633 1656 si
2683 1603 2886 1657 scirent
2932 1618 3023 1657 res
3061 1601 3305 1657 ecclesia:
3342 1602 3543 1657 debere

1955 1695 2248 1759 contemni,
2281 1709 2556 1763 nunquam
2588 1708 2680 1748 eas
2701 1694 2964 1747 haberent
2990 1694 3081 1762 qui
3123 1695 3303 1748 omnia
3331 1709 3428 1750 sua
3458 1711 3544 1749 rc—

275 1785 591 1855 perturbata
621 1785 957 1854 conspicere,
999 1787 1065 1840 ad
1094 1786 1238 1855 quod
1265 1787 1353 1840 vix
1385 1787 1672 1855 tranquilla
1711 1788 1855 1844 valet
1884 1769 1930 1828 Β
1959 1785 2243 1854 liquerant.
2286 1783 2440 1840 Unde
2478 1785 2636 1840 datur
2670 1783 2927 1854 intelligi,
2965 1785 3107 1854 quod
3143 1784 3280 1839 tales
3313 1800 3378 1839 ac
3406 1784 3544 1838 tanti

276 1878 490 1933 inhiare
521 1895 533 1929 :
565 1876 689 1946 quia
723 1892 825 1932 nec
870 1877 999 1932 solis
1028 1878 1211 1932 radius
1253 1879 1518 1942 cernitur,
1555 1895 1675 1933 cum
1704 1896 1854 1934 com-

280 1977 447 2024 motae
488 1968 661 2023 nubes
712 1967 836 2023 coeli
877 1967 1071 2022 faciem
1116 1968 1412 2032 obducunt,
1458 1984 1559 2023 nec
1608 1970 1855 2024 turbatus

277 2059 406 2113 fons
425 2058 767 2128 respicientis
793 2057 1082 2127 imaginem
1113 2056 1312 2123 reddit,
1343 2073 1506 2128 quam
1532 2057 1854 2128 tranquillus

275 2150 499 2220 proprie
563 2146 881 2220 [propriam]
925 2148 1182 2213 ostendit,
1225 2149 1349 2216 quia
1407 2163 1506 2218 pro
1551 2147 1667 2216 ejus
1711 2151 1854 2204 unda

274 2241 527 2312 palpitat,
559 2253 624 2293 eo
670 2239 722 2292 in
775 2252 832 2292 se
874 2237 1110 2307 speciem
1161 2237 1530 2294 similitudinis
1577 2240 1851 2294 obscurat.

276 2331 388 2386 Sed
435 2344 557 2384 cum
606 2342 702 2396 per
746 2326 922 2382 zelum
971 2327 1184 2382 animus
1238 2335 1507 2392 movetur,
1559 2330 1854 2384 curandum

274 2436 622 2492 summopere
670 2427 776 2485 est,
827 2435 896 2476 ne
945 2421 1062 2475 haec
1085 2420 1294 2485 eadem,
1328 2436 1448 2490 quae
1495 2422 1856 2477 instrumento

277 2513 497 2568 virtutis
521 2512 837 2577 assumitur,
866 2510 1031 2565 menti
1072 2510 1153 2564 ira
1187 2510 1496 2566 dominetur
1527 2525 1542 2564 :
1573 2526 1674 2566 nec
1699 2495 1856 2581 quasi

274 2605 499 2660 domina
533 2610 753 2672 prmeat,
788 2603 882 2658 sed
921 2601 1068 2657 velut
1095 2600 1288 2657 ancilla
1325 2601 1392 2656 ad
1416 2603 1737 2670 obsequium
1761 2617 1856 2672 pa-

275 2705 422 2762 rata,
451 2713 480 2750 a
513 2696 739 2750 rationis
767 2703 917 2765 tergo
951 2708 1225 2763 nunquam
1255 2694 1490 2748 recedat.
1535 2692 1686 2748 Tunc
1711 2694 1856 2748 cutim

275 2789 560 2845 robustius
595 2795 782 2844 contra
810 2787 942 2841 vitia
979 2787 1224 2858 erigitur,
1257 2802 1379 2842 cum
1422 2787 1637 2842 subdita
1661 2787 1858 2842 rationi

275 2879 593 2934 famulatur.
638 2876 772 2932 Nam
803 2876 1200 2948 quantumlibet
1224 2877 1306 2932 ira
1326 2891 1393 2932 ex
1430 2877 1547 2933 zelo
1572 2877 1857 2932 rectitudi-

278 2977 607 3045 nis-surgat,
644 2973 690 3029 si
734 2973 1086 3028 immoderata
1132 2979 1368 3027 mentem
1406 2973 1618 3039 vicerit,
1660 2973 1854 3028 rationi

275 3069 531 3140 protinus
582 3066 786 3122 servire
829 3064 1145 3121 contemnit.
1179 3065 1248 3120 Et
1277 3074 1427 3121 tanto
1467 3082 1528 3168 se
1566 3067 1851 3137 impuden-
1883 3102 1928 3168 Ο

274 3159 392 3214 tius
415 3157 622 3220 dilatat,
654 3163 858 3226 quanto
882 3156 1233 3226 impatientiae
1254 3157 1446 3211 vitium
1475 3148 1728 3212 virtutem
1758 3173 1858 3228 pu-

275 3257 385 3301 tat.
426 3245 583 3301 Unde
611 3259 831 3301 necesse
858 3252 942 3300 est
981 3253 1043 3300 ut
1083 3245 1189 3300 hoc
1217 3256 1344 3301 ante
1369 3247 1572 3312 omnia,
1615 3249 1707 3317 qui
1739 3248 1856 3304 zelo

274 3338 628 3395 rectitudinis
669 3345 934 3402 movetur,
965 3337 1230 3400 attendat,
1257 3351 1328 3392 ne
1356 3337 1435 3392 ira
1465 3345 1618 3391 extra
1657 3338 1857 3394 mentis

274 3429 583 3487 dominium
631 3435 890 3493 transeat,
923 3430 1016 3484 sed
1057 3426 1114 3482 in
1139 3426 1348 3482 ultione
1389 3427 1597 3495 peccati
1646 3434 1858 3497 tempus

274 3524 612 3591 modumque
635 3521 1002 3584 considerans,
1031 3527 1342 3590 surgentem
1372 3519 1539 3573 animi
1567 3519 1857 3588 perturba-

276 3599 776 3669 tionem‘subtilius
811 3610 1150 3665 retractando
1190 3609 1505 3680 restringat,
1542 3609 1858 3664 animosita-

278 3714 395 3758 tem
420 3700 698 3770 reprimat,
730 3707 786 3753 et
801 3707 981 3754 motus
1008 3697 1245 3753 fervidos
1265 3699 1367 3752 sub
1395 3698 1653 3768 aequitate
1678 3698 1859 3769 dispo-

279 3800 382 3847 nat
430 3797 538 3844 :ut
581 3803 648 3845 eo
701 3789 796 3844 ﬁat
838 3789 1035 3860 justior
1082 3787 1226 3842 ultor
1275 3788 1503 3854 alienus,
1558 3803 1666 3859 quo
1705 3773 1862 3859 prius

279 3880 500 3937 exstitit
532 3880 706 3935 victor
741 3893 892 3933 suus.
918 3878 1021 3944 Qui
1072 3877 1188 3932 zelo
1223 3877 1566 3933 rectitudinis
1590 3890 1859 3946 movetur,

281 3976 366 4030 sic
398 3972 588 4041 culpas
633 3969 1060 4040 delinquentium
1101 3969 1360 4039 corrigat,
1388 3976 1449 4024 ut
1475 3977 1600 4023 ante
1629 3969 1746 4039 ipse
1767 3971 1860 4039 qui

279 4061 533 4132 corrigit,
574 4076 674 4131 per
698 4059 1012 4130 patientiam
1035 4065 1267 4124 crescat,
1306 4065 1367 4111 ut
1407 4055 1678 4112 fervorem
1704 4072 1863 4112 suum

281 4155 720 4211 transcendendo
781 4153 1060 4222 dijudicet,
1117 4167 1188 4207 ne
1243 4153 1669 4224 intemperanter
1718 4154 1864 4208 exci-

282 4254 453 4308 tatus,
517 4245 633 4315 ipso
689 4244 806 4300 zelo
855 4245 1194 4300 rectitudinis
1242 4243 1400 4316 longe
1447 4260 1478 4298 a
1535 4245 1864 4302 rectitudine

277 4338 526 4392 aberret.
1213 4337 1230 4349 '

838 4403 1064 4460 CAPUT
1101 4402 1318 4458 XXXV.

355 4515 643 4586 (Prosperi
681 4515 745 4568 de
777 4512 897 4568 Vita
929 4514 1205 4585 contempt.
1245 4515 1283 4568 Ι.
1315 4532 1386 4582 ιι,
1423 4533 1470 4570 c.
1507 4517 1595 4588 9.)
1636 4517 1867 4587 Expedit

277 4607 575 4662 facultates
603 4604 876 4677 [Prosperi
917 4606 1061 4677 quod
1087 4607 1396 4662 sacerdotes
1424 4609 1556 4663 nihil
1587 4611 1868 4680 proprium

277 4699 543 4760 habeant,
585 4704 640 4751 et
659 4697 898 4752 ecclesiae
920 4697 1218 4764 facultates,
1253 4705 1510 4769 tanquam
1533 4716 1866 4769 communes,

275 4797 344 4843 ut
375 4794 504 4858 pote
532 4787 644 4842 Deo
673 4787 934 4842 rationem
949 4787 1233 4854 reddituri,
1258 4802 1478 4844 servare
1496 4789 1748 4855 debeant,
1763 4791 1870 4846 Ex-

275 4879 436 4950 pedit
466 4876 772 4943 facultates,
809 4876 941 4950 etc.]
975 4877 1218 4934 ecclesiae
1244 4879 1508 4949 possideri
1539 4888 1593 4935 et
1621 4881 1870 4949 proprias

274 4965 636 5039 perfectionis
655 4981 840 5022 amore
858 4967 1150 5022 contemni.
1164 4967 1281 5023 Non
1299 4968 1444 5024 enim
1465 4969 1700 5040 propriae
1719 4976 1864 5036 sunt,

274 5058 384 5114 sed
404 5071 744 5123 communes,
767 5056 1014 5112 ecclesia:
1037 5055 1319 5114 facultates
1347 5076 1361 5113 :
1390 5069 1446 5114 et
1473 5059 1595 5115 ideo
1621 5058 1869 5129 quisquis

275 5149 565 5213 omnibus,
605 5163 725 5218 quae
759 5147 966 5213 habuit,
1006 5147 1245 5203 dimissis
1277 5158 1374 5203 aut
1398 5150 1652 5211 venditis,
1686 5149 1748 5204 ﬁt
1787 5149 1868 5204 rei

271 5255 400 5296 sua:
419 5247 780 5310 contemptor,
808 5253 933 5294 cum
964 5239 1284 5309 praepositus
1302 5238 1466 5294 fuerit
1487 5239 1660 5294 factus
1689 5239 1866 5294 eccle-

274 5333 402 5397 siae,
423 5333 663 5387 omnium
683 5347 806 5402 quae
823 5330 986 5387 habet
1008 5331 1236 5387 ecclesia
1255 5330 1482 5386 edicitur
1504 5331 1864 5400 dispensator.

279 5422 532 5492 Denique
569 5429 789 5478 sanctus
826 5421 1082 5477 Paulinus
1120 5421 1214 5494 (ut
1256 5422 1354 5490 ipsi
1395 5421 1589 5476 melius
1627 5419 1866 5489 nostis,)

276 5513 526 5582 ingentia
547 5512 749 5582 praedia
771 5529 892 5583 qua:
917 5512 1132 5568 fuerant
1157 5527 1274 5576 sua,
1301 5512 1516 5567 vendita
1545 5511 1871 5582 pauperibus

274 5603 551 5673 erogavit.
586 5601 694 5658 Sed
731 5618 854 5658 cum
896 5613 1084 5674 postea
1125 5603 1299 5659 factus
1337 5603 1527 5658 fuisset
1565 5603 1867 5672 episcopus,

277 5709 394 5750 non
433 5695 757 5766 contempsit
799 5695 1039 5752 ecclesia
1077 5695 1362 5752 facultates
1378 5734 1394 5762 ,
1428 5694 1521 5751 sed
1561 5692 1871 5750 fidelissime

1954 1875 2089 1939 viri,
2124 1875 2216 1944 qui
2257 1875 2504 1929 volentos
2547 1873 2665 1928 ficri
2712 1872 2914 1928 Christi
2960 1873 3228 1942 discipuli,
3270 1875 3542 1928 renuntia-

1957 1975 2150 2021 verunt
2183 1967 2434 2022 omnibus
2463 1982 2582 2036 qua:
2611 1966 2914 2031 habebant,
2943 1981 3050 2020 non
3079 1974 3141 2020 ut
3175 1980 3538 2036 possessores,

1955 2057 2051 2113 sed
2077 2065 2140 2112 ut
2167 2065 2566 2128 procuratores,
2592 2055 2877 2112 facultates
2901 2056 3147 2112 ecclesiae
3170 2058 3540 2128 possidebant.

1957 2150 2025 2204 Et
2051 2151 2254 2205 idcirco
2289 2151 2523 2205 scientes
2546 2149 2681 2204 nihil
2709 2149 2855 2204 aliud
2878 2163 2998 2204 esse
3028 2164 3116 2205 res
3142 2149 3406 2216 ecclesiae,
3436 2149 3542 2204 nisi

1955 2249 2081 2295 vota
2129 2240 2368 2296 ﬁdelium
2394 2281 2408 2306 ,
2457 2239 2631 2310 pretia
2673 2248 3021 2309 peccatorum
3048 2279 3064 2305 ,
3119 2249 3174 2295 et
3219 2241 3544 2310 patrimonia

1955 2346 2284 2402 pauperum,
2324 2347 2430 2385 non
2459 2347 2552 2388 eas
2585 2333 3012 2388 vendicaveruut
3042 2333 3097 2388 in
3136 2349 3269 2388 usus
3307 2349 3454 2399 suos,
3487 2343 3545 2390 ut

1955 2423 2231 2492 proprias;
2275 2424 2370 2480 sed
2409 2431 2468 2478 ut
2511 2425 2950 2492 commendatas,
2991 2427 3317 2496 pauperibus
3351 2427 3544 2482 divise-

1955 2520 2102 2565 runt.
2134 2511 2248 2567 Hoc
2277 2521 2360 2568 est
2383 2514 2524 2568 enim
2550 2514 2876 2583 possidendo
2899 2523 3266 2581 contemnere,
3290 2532 3396 2572 non
3418 2517 3542 2583 sibi,

1957 2603 2051 2658 sed
2085 2603 2206 2658 aliis
2231 2604 2544 2673 possidere,
2578 2621 2680 2661 nec
2708 2605 2938 2660 habendi
2977 2606 3272 2675 cupiditate
3304 2607 3548 2663 ecclesiae

1955 2695 2240 2749 facultates
2261 2696 2488 2760 ambire,
2520 2695 2614 2752 sed
2645 2711 2737 2752 eas
2766 2696 2966 2766 pietate
2992 2696 3344 2751 subveniendi
3369 2697 3547 2752 susci-

1956 2800 2107 2856 pere.
2143 2784 2298 2852 Quod
2327 2785 2493 2840 habet
2519 2785 2781 2850 ecclesia,
2824 2801 2947 2841 cum
2987 2788 3238 2844 omnibus
3274 2789 3407 2844 nihil
3447 2790 3546 2844 lxa-

1957 2874 2211 2930 bentibus
2245 2874 2409 2930 habet
2437 2889 2742 2929 commune.
2783 2873 2894 2930 Nec
2919 2874 3122 2945 aliquid
3163 2875 3290 2931 inde
3325 2877 3425 2940 eis,
3454 2878 3546 2945 qui

1957 2965 2060 3022 sibi
2091 2965 2157 3020 de
2185 2979 2284 3020 suo
2313 2962 2604 3030 sufﬁciunt,
2629 2972 2826 3034 erogat
2853 2981 2868 3017 :
2899 2965 3118 3034 quando
3147 2964 3281 3018 nihil
3311 2963 3455 3019 aliud
3480 2965 3550 3020 sit

1958 3061 2288 3118 habentibus
2311 3061 2458 3126 dare,
2489 3074 2651 3131 quam
2680 3062 2930 3131 perdere.

2498 3150 2726 3209 CAPUT
2765 3151 3006 3210 XXXVI.

2032 3242 2256 3314 (Isidori
2284 3241 2322 3294 ι.
2361 3257 2419 3296 m
2453 3239 2622 3306 Sent,
2657 3258 2704 3294 c.
2737 3241 2854 3311 46.)
2892 3240 3216 3298 Sacerdotes
3250 3241 3350 3316 [De
3389 3243 3552 3299 disci-

1959 3333 2102 3404 plina
2140 3333 2512 3395 sacerdotum,
2541 3333 2609 3386 de
2644 3331 2730 3386 his
2766 3333 2859 3401 qui
2889 3332 3230 3403 delinquunt.
3283 3333 3551 3390 Sacerdo-

1961 3431 2076 3488 tes,
2111 3419 2242 3492 etc.]
2277 3434 2377 3488 pro
2417 3419 2735 3488 populorum
2776 3419 3060 3488 iniquitate
3103 3422 3457 3488 damnantur,
3501 3423 3548 3477 si

1959 3537 2056 3578 eos
2089 3526 2182 3573 aut
2211 3517 2523 3588 ignorantes
2551 3529 2660 3569 non
2690 3513 2972 3579 erudiant,
3001 3522 3097 3569 aut
3125 3524 3416 3585 peccantes
3442 3532 3549 3572 non

1963 3622 2208 3684 arguant,
2238 3618 2470 3666 testante
2498 3610 2726 3664 Domino
2754 3611 2822 3664 ad
2850 3610 3165 3680 prophetam
3194 3629 3206 3664 :
3240 3610 3552 3681 Speculato-

1964 3720 2071 3758 rem
2106 3702 2285 3756 domui
2316 3698 2486 3754 Israel
2514 3699 2636 3753 dedi
2667 3708 2735 3753 te.
2778 3697 2844 3754 Si
2883 3715 2989 3753 non
3027 3699 3190 3768 fueris
3223 3700 3451 3767 locutus,
3495 3713 3552 3754 ut

1963 3811 2018 3848 se
2046 3792 2305 3847 custodiat
2342 3792 2533 3863 impius
2571 3809 2604 3846 a
2645 3793 2731 3846 uia
2769 3809 2891 3858 sua,
2928 3791 3017 3846 ille
3053 3793 3424 3863 iit-iniquitate
3455 3811 3553 3847 sua

1964 3885 2249 3947 morietur;
2274 3883 2582 3953 sanguinem
2610 3899 2728 3937 vero
2751 3883 2866 3953 ejus
2890 3882 2954 3936 de
2974 3899 3136 3936 manu
3165 3891 3258 3937 tua
3290 3885 3552 3954 requiram

1967 3955 2181 4045 (EzecIi.
2206 3973 2311 4044 ιιι).
2347 3973 2439 4028 Sic
2463 3974 2608 4030 enim
2643 3973 2762 4030 Heli
2789 3975 3043 4031 sacerdos
3067 3990 3168 4045 pro
3193 3973 3425 4030 filiorum
3451 3975 3554 4030 ini-

1965 4065 2173 4134 quitate
2203 4063 2493 4120 damnatus
2525 4072 2642 4130 est,
2671 4064 2800 4121 licet
2833 4080 2928 4120 eos
2955 4065 3332 4134 delinquentes
3370 4065 3554 4120 admo—

1930 4204 1936 4210 .
1967 4155 2116 4218 nuit,
2151 4155 2248 4209 sed
2281 4163 2460 4208 tamen
2489 4169 2596 4207 non
2628 4161 2688 4207 ut
2723 4152 3006 4223 oportebat
3031 4153 3309 4223 redarguit
3344 4151 3397 4220 (1
3422 4151 3550 4221 Reg.

1967 4260 2007 4299 ιι
2033 4256 2080 4300 et
2106 4243 2202 4315 Iv).
2243 4242 2564 4298 Sacerdotes
2595 4243 2881 4310 exquirere
2907 4243 3104 4298 debent
3130 4249 3352 4310 peccata
3383 4256 3554 4312 popu-

1969 4335 2166 4398 lorum,
2189 4343 2245 4388 et
2265 4334 2443 4403 sagaci
2471 4331 2835 4387 sollicitudine
2860 4345 3300 4402 unumquemque
3321 4331 3555 4401 probare

1889 4450 1944 4511 Β
1961 4426 2116 4496 juxta
2154 4424 2514 4482 testimonium
2549 4423 2760 4477 Domini
2802 4423 2870 4478 ad
2907 4422 3193 4478 Jeremiam
3235 4423 3506 4492 loquentis
3539 4441 3552 4476 :

1975 4515 2338 4581 Probatorem,
2362 4514 2553 4583 inquit,
2581 4514 2704 4567 dedi
2728 4522 2778 4568 te
2803 4513 2860 4567 in
2884 4513 3076 4584 populo
3100 4529 3214 4567 meo
3243 4513 3511 4567 robustum
3536 4527 3553 4564 :

1971 4619 2020 4665 et
2047 4609 2201 4674 scies,
2232 4617 2280 4661 et
2316 4606 2558 4677 probabis
2583 4607 2696 4660 vias
2720 4621 2901 4660 eorum
2931 4603 3066 4674 (Jer.
3092 4602 3192 4676 vi).
3235 4603 3558 4659 Sacerdotes

1971 4701 2151 4759 studio
2176 4699 2481 4770 corrigendi
2518 4699 2660 4753 facta
2691 4698 3024 4768 perscrutari
3055 4698 3250 4752 debent
3287 4696 3554 4768 subjecto-

1973 4811 2111 4858 rum,
2137 4802 2198 4849 ut
2227 4792 2542 4849 emendatos
2572 4791 2894 4848 lucrifacere
2919 4791 3148 4862 possint.
3186 4789 3340 4846 Sicut
3373 4799 3555 4846 autem

1973 4892 2310 4956 pcccatorem
2349 4881 2601 4938 convenit
2635 4881 2817 4951 argui,
2857 4879 2930 4934 ita
2957 4878 3164 4947 justum
3197 4895 3306 4935 non
3339 4879 3555 4936 exulce-

1975 4974 2106 5028 rari.
2155 4971 2477 5028 Sacerdotes
2515 4985 2704 5026 curam
2745 4969 2943 5024 debent
2984 4969 3186 5025 habere
3225 4969 3292 5024 de
3331 4970 3418 5024 his
3459 4969 3554 5039 qui

1973 5070 2233 5132 pereunt,
2261 5071 2322 5117 ut
2348 5060 2665 5117 sacerdotali
2689 5059 3071 5132 redargutione
3093 5067 3186 5115 aut
3212 5060 3556 5131 corrigantur

1975 5170 2006 5209 a
2029 5153 2288 5224 peccatis,
2309 5161 2403 5207 aut
2428 5151 2475 5206 si
2509 5151 2905 5220 incorrigibiles
2940 5143 3202 5216 existunt,
3232 5151 3300 5205 ab
3325 5149 3552 5206 ecclesia

1974 5251 2312 5314 separentur.
2337 5241 2612 5299 Atrociter
2635 5250 2954 5314 arguuntur,
2982 5242 3074 5312 qui
3095 5240 3407 5311 decipienda
3427 5253 3552 5308 pec-

1974 5342 2180 5399 cantes,
2229 5349 2337 5388 non
2382 5333 2555 5388 solum
2600 5348 2708 5388 non
2751 5340 2984 5403 arguunt
3025 5346 3125 5402 pro
3166 5335 3411 5399 peccato,
3456 5327 3552 5380 sed

1974 5425 2138 5480 etiam
2177 5424 2459 5479 adulanter
2497 5425 2806 5492 decipiunt,
2855 5424 3068 5478 dicente
3113 5419 3371 5490 propheta
3414 5433 3428 5470 :
3481 5415 3552 5469 Et

1975 5525 2124 5571 erunt
2151 5517 2239 5588 qui
2276 5516 2572 5585 beatiﬁcant
2608 5513 2857 5586 populum
2894 5515 3081 5575 istum,
3109 5509 3408 5562 reducentes
3445 5518 3466 5557 :
3501 5514 3553 5558 et

1975 5607 2065 5677 qui
2086 5607 2471 5675 beatiﬁcantur,
2497 5604 2808 5676 pra'cipitati
2836 5601 2970 5672 (Isa.
3005 5600 3104 5669 ιχ).
3141 5598 3419 5652 Atrociter
3453 5595 3553 5652 ite-

1978 5713 2096 5752 rum
2128 5707 2443 5769 arguuntur,
2488 5697 2578 5765 qui
2617 5701 2932 5766 peccantem
2974 5703 3082 5745 non
3120 5690 3415 5761 recipiunt,
3458 5687 3554 5744 sed
