3884 6192
383 309 480 365 871

1401 300 1802 356 ΛΜᾹΙΛΠΙΠΞ
1841 297 2257 355 PRESBYTER
2296 294 2653 354 METENSIS.

3533 299 3643 354 871

383 418 686 489 despiciunt
712 428 768 472 et
789 426 1080 487 spernunt,
1125 428 1225 468 nec
1255 411 1478 465 alterius
1522 410 1772 465 delictmn
1793 450 1807 472 ,
1844 418 1959 464 tan—
1988 412 2038 470 Α
2065 409 2318 474 Quotidie
2355 423 2588 476 namque
2624 422 2812 462 omnes
2842 408 3201 477 delinquimus
3230 407 3418 478 (Jacob
3449 410 3558 481 tu),
3593 424 3646 466 et

383 529 546 583 quam
577 512 874 581 proprium,
907 507 1282 578 ingemiscunt.
1313 505 1388 556 Dc
1414 503 1610 557 talibus
1636 517 1733 570 per
1764 501 1956 556 lsaiam

385 605 644 660 Dominus
661 602 1013 660 comminans,
1030 598 1163 651 dicit
1185 613 1196 649 :
1223 595 1325 661 Qui
1345 595 1545 658 dicunt,
1565 592 1762 646 Recede
1785 611 1816 645 a
1843 609 1922 646 me
1939 608 1959 645 :

387 713 492 752 non
515 693 891 764 appropinques
917 690 1064 754 mihi,
1093 689 1218 759 quia
1242 686 1544 741 immundus
1566 702 1642 749 es,
1670 685 1757 738 isti
1784 685 1960 754 fumus

386 795 538 840 erunt
567 785 622 837 in
651 784 826 852 furore
855 797 991 844 meo,
1021 780 1156 850 ignis
1185 779 1374 832 ardens
1400 787 1508 831 tota
1530 777 1615 831 die
1645 775 1780 846 (lsa.
1812 772 1960 844 va).

387 875 511 930 Inde
531 873 781 942 estquod
804 881 858 925 et
881 869 1170 941 Apostolus
1199 869 1450 923 omnibus
1470 868 1650 923 omnia
1685 866 1856 920 factus
1879 874 1964 919 est

389 967 439 1036 (I
462 965 583 1019 Cor.
613 964 712 1034 Ix),
744 978 848 1018 non
876 963 1178 1016 imitatione
1203 960 1425 1023 erroris,
1453 959 1548 1012 sed
1573 955 1963 1026 compassionis

389 1055 754 1118 miseratione,
785 1054 990 1109 scilicet
1015 1063 1076 1107 ut
1104 1054 1176 1107 ita
1209 1051 1337 1106 vitia
1368 1051 1541 1104 aliena
1575 1049 1748 1111 ﬂeret,
1771 1062 1961 1118 quem-

388 1147 678 1200 admodum
715 1146 771 1201 -si
804 1145 896 1199 tali
927 1153 984 1198 et
1037 1145 1151 1214 ipse
1188 1142 1556 1212 implicaretur
1587 1155 1791 1195 errore.
1831 1137 1963 1192 Boni

389 1246 633 1306 pastores
673 1236 855 1307 populi
897 1237 1095 1290 debent
1132 1234 1324 1288 delicta
1357 1232 1582 1296 deﬂere,
1622 1240 1678 1286 et
1721 1239 1863 1285 totos
1905 1244 1965 1284 se

386 1329 690 1398 planctibus
727 1329 966 1388 tradere,
1006 1326 1280 1381 imitantes
1315 1324 1604 1379 Jeremiam
1649 1323 1964 1392 prophetam

389 1419 658 1472 dicentem
695 1436 708 1470 :
756 1417 885 1482 Quis
926 1416 1069 1468 dabit
1111 1416 1266 1484 capiti
1307 1431 1420 1466 meo
1457 1429 1681 1482 aquam,
1723 1421 1768 1464 et
1801 1409 1965 1464 oculis

388 1511 516 1562 meis
548 1508 741 1576 fontem
767 1507 1139 1574 lacrymarum,
1172 1515 1217 1556 et
1249 1503 1462 1574 plorabo
1487 1502 1571 1556 die
1596 1519 1658 1554 ac
1699 1510 1847 1555 nocte
1885 1501 1966 1554 in-

388 1599 627 1666 terfectos
657 1595 832 1666 pepuli
859 1595 958 1648 mei
1002 1593 1134 1663 (Jer.
1167 1593 1283 1663 ix)?
1327 1593 1604 1660 Tanquam
1627 1591 1846 1661 propria
1873 1590 1968 1660 igi-

391 1699 478 1744 tur
502 1688 716 1751 delicta,
748 1685 921 1756 plebis
951 1691 1170 1754 peccata
1202 1683 1453 1738 sacerdos
1478 1682 1606 1737 ﬂere
1632 1683 1792 1736 debet
1819 1700 1831 1734 :
1870 1681 1964 1736 sed

2062 499 2116 552 in
2144 499 2328 552 multis
2351 499 2631 554 erroribus
2659 499 2909 552 labimur.
2938 499 3036 565 Qui
3066 500 3210 553 enim
3241 501 3295 554 in
3325 501 3532 556 nostris
3554 505 3645 558 de-

2062 587 2203 641 lictis
2244 587 2538 642 clementes
2576 604 2784 650 sumus,
2828 589 2879 642 in
2926 589 3103 644 alieno
3144 600 3369 658 peccato
3413 594 3643 662 rigorem

2063 686 2248 732 tenere
2272 694 2610 747 nequaquam
2639 678 2916 733 debemus.
2943 679 3094 733 Multi
3117 681 3346 736 aliorum
3377 684 3508 736 vitia
3536 697 3645 738 cer-

2062 777 2226 834 nunt,
2251 784 2347 823 sua
2380 783 2486 824 non
2515 768 2806 838 aspiciunt,
2830 777 2885 823 et
2911 784 3033 822 cum
3063 770 3163 839 ipsi
3191 772 3442 826 maximis
3471 774 3643 828 crimi-

2063 861 2222 914 nibus
2259 859 2480 914 obnoxii
2520 866 2825 924 teneantur,
2874 860 3080 914 minora
3126 874 3346 930 peccata
3391 862 3644 919 fratribus

2063 965 2168 1003 non
2200 949 2495 1003 dimittunt.
2538 948 2846 1019 Hypocrita':
2882 950 3090 1004 trabem
3119 951 3172 1005 in
3203 952 3361 1006 oculo
3391 968 3493 1007 suo
3523 969 3645 1008 con-

2064 1040 2344 1095 sistentem
2390 1055 2494 1093 non
2537 1041 2811 1106 sentiunt,
2855 1048 2911 1094 et
2956 1041 3257 1095 haerentem
3296 1041 3560 1098 festucam
3595 1046 3643 1099 in

2065 1130 2264 1184 lumine
2322 1130 2507 1184 fratris
2560 1129 2864 1184 intendunt.
2911 1128 3147 1184 Facilius
3201 1132 3646 1200 reprehendimus

2065 1220 2195 1274 vitia
2222 1221 2398 1274 aliena
2439 1235 2603 1290 quam
2661 1229 2868 1275 nostra.
2908 1219 3042 1274 Nam
3072 1236 3214 1290 smpe
3243 1237 3364 1291 qua:
3394 1237 3643 1292 perversa

2066 1310 2120 1364 in
2165 1310 2286 1365 aliis
2329 1311 2656 1380 iudicamus,
2708 1311 2762 1365 in
2809 1311 2963 1366 nobis
3006 1311 3260 1366 nocibilia
3306 1327 3428 1366 esse
3473 1313 3646 1366 minus

2067 1402 2330 1456 sentimus
2371 1419 2385 1456 :
2426 1412 2482 1456 et
2522 1403 2666 1471 quod
2711 1403 2763 1456 in
2811 1402 2932 1456 aliis
2979 1402 3445 1471 reprehendimus,
3491 1419 3645 1470 agere

2066 1493 2169 1564 ipsi
2193 1492 2310 1547 'non
2339 1495 2732 1548 erubescimus.
2767 1493 3007 1548 Facilius
3040 1493 3171 1547 vitia
3201 1491 3642 1562 uniuscujusque.

2066 1597 2228 1652 quam
2255 1584 2507 1650 virtutes,
2542 1584 2870 1638 intendimus
2899 1601 2914 1638 :
2951 1598 3054 1638 nec
3089 1583 3216 1653 quid
3252 1584 3380 1638 boni
3418 1585 3646 1653 quisque

2066 1674 2296 1745 gesserit
2337 1674 2586 1744 cupimus
2622 1688 2939 1745 agnoscere,
2981 1674 3077 1728 sed
3116 1675 3245 1744 quid
3285 1674 3415 1728 mali
3455 1675 3643 1744 egerit,

387 1779 581 1834 affectu
609 1749 990 1845 compatiendi,
1021 1789 1124 1828 non
1153 1775 1365 1828 actione
1392 1773 1685 1828 commissi.
1713 1771 1965 1827 Nonnulli
1993 1749 2040 1808 Β
2068 1773 2493 1835 perscrutamur.

387 1870 646 1940 praesules
667 1867 861 1938 gregis,
888 1867 1146 1936 quosdam
1172 1881 1270 1935 pro
1289 1873 1514 1934 peccato
1537 1880 1566 1918 a
1591 1864 1970 1919 communione

386 1959 642 2027 ejiciunt,
679 1967 739 2012 ut
779 1956 1078 2026 pmniteant
1115 1973 1126 2008 :
1171 1955 1265 2010 sed
1302 1954 1447 2023 quali
1490 1961 1636 2008 sorte
1663 1953 1848 2008 vivere
1874 1954 1968 2007 de—

386 2053 578 2116 beant,
625 2050 692 2104 ad
730 2049 922 2103 melius
961 2047 1296 2101 exhortando
1332 2059 1440 2100 non
1479 2045 1718 2100 visitant.
1765 2043 1970 2111 Quibus

385 2154 622 2211 congrue
651 2140 938 2208 increpans
977 2152 1157 2190 sermo
1183 2136 1396 2190 divinus
1425 2135 1788 2191 comminatur
1814 2152 1826 2188 :
1861 2132 1971 2188 Pa-

386 2242 550 2286 stores
585 2232 673 2300 qui
719 2238 937 2299 pascunt
985 2227 1232 2297 populum
1272 2243 1476 2290 meum,
1518 2242 1607 2280 vos
1653 2225 1968 2295 dispersistis

386 2339 590 2392 gregem
627 2337 796 2374 meum
825 2335 842 2374 :
870 2319 1113 2388 ejecistis,
1158 2327 1205 2372 et
1248 2335 1351 2371 non
1382 2317 1638 2372 oisitastis
1679 2333 1786 2370 eos.
1833 2316 1970 2371 Ecce

386 2429 480 2482 ego
510 2412 728 2466 visitabo
763 2427 920 2480 super
949 2426 1036 2462 vos
1070 2407 1327 2462 malitiam
1364 2407 1656 2460 studiorum
1683 2416 1969 2460 vestrorum

387 2503 598 2574 (Ibid.).
640 2502 907 2556 Bonorum
939 2500 1116 2555 studia
1143 2501 1486 2554 sacerdotum
1506 2540 1521 2565 ,
1550 2499 1717 2554 multa
1741 2499 1969 2568 diligen-

386 2595 460 2648 tia
491 2593 657 2647 etiam
691 2607 856 2661 parva
889 2591 1132 2660 plebium
1159 2589 1298 2644 facta
1334 2592 1655 2660 perquirunt
1690 2608 1704 2645 :
1746 2598 1805 2646 ut
1839 2591 1967 2644 dum

387 2685 441 2738 in
473 2684 713 2738 minimis
751 2683 1088 2737 subditorum
1117 2682 1357 2752 peccatis
1397 2696 1456 2735 se
1497 2682 1793 2736 acerrimos
1826 2696 1967 2750 prae-

386 2782 562 2838 stant,
597 2774 664 2827 de
701 2773 1001 2842 majoribus
1034 2773 1190 2826 malis
1226 2781 1414 2826 cautos
1457 2772 1559 2826 sibi
1600 2771 1860 2837 subditos,
1904 2787 1968 2827 ac

387 2866 647 2920 sollicitos
685 2865 903 2919 faciant.
946 2865 1100 2919 Sicut
1136 2866 1328 2919 medici
1370 2866 1588 2918 morbos
1625 2865 1968 2921 imminentes

388 2957 657 3011 curandos
686 2955 1010 3025 suscipiunt,
1044 2953 1254 3008 futuros
1277 2969 1428 3018 vero,
1459 2971 1526 3008 ne
1551 2955 1820 3023 irrepant,
1851 2967 1967 3009 me.

389 3046 580 3100 dicina!
610 3044 822 3113 objectu
857 3045 1088 3115 quadam
1116 3045 1456 3113 praescientia
1493 3046 1818 3100 antecedunt
1845 3064 1859 3099 :
1892 3045 1965 3100 ita

389 3146 445 3191 et
471 3137 720 3193 doctores
746 3137 873 3192 boni
911 3137 990 3192 sic
1016 3150 1100 3198 ea,
1140 3151 1259 3205 qua:
1294 3136 1435 3190 male
1470 3146 1587 3192 acta
1617 3146 1772 3202 sunt,
1815 3153 1964 3193 rese-

389 3237 538 3294 cant,
573 3237 634 3282 ut
667 3243 730 3282 ea
768 3242 888 3296 quae
929 3227 1139 3281 admitti
1177 3235 1424 3297 possunt,
1463 3242 1531 3282 ne
1566 3236 1965 3297 perpetrentur,

389 3321 635 3376 doctrina
685 3337 777 3375 sua
827 3328 1176 3374 succurrente
1224 3319 1572 3389 praeveniant.
1623 3318 1725 3386 Qui
1771 3319 1967 3374 blando

387 3429 638 3469 sermone
680 3413 970 3483 castigatus
1012 3428 1117 3467 non
1162 3411 1471 3482 corrigitur,
1521 3411 1703 3466 acrius
1746 3427 1968 3467 necesse

387 3515 472 3560 est
497 3516 558 3559 ut
578 3515 854 3576 arguatur.
877 3505 1013 3558 Cum
1043 3504 1228 3558 dolore
1257 3503 1400 3557 enim
1426 3503 1789 3559 abscindenda
1819 3512 1964 3571 sunt,

387 3611 508 3664 quae
533 3597 725 3650 leniter
748 3595 926 3650 sanari
957 3609 1062 3650 non
1089 3601 1333 3663 possunt.
1361 3593 1684 3650 Admonitus
1713 3595 1966 3650 secretim

387 3685 433 3739 si
463 3687 660 3755 corrigi
681 3686 746 3740 de
767 3694 990 3754 peccato
1016 3685 1254 3755 negligit,
1283 3692 1344 3737 ut
1367 3685 1559 3740 vulnus
1587 3686 1730 3754 quod
1757 3685 1967 3742 occulte

389 3774 570 3828 sanari
599 3773 799 3837 nescit,
832 3772 1114 3827 manifeste
1139 3773 1334 3827 debeat
1356 3773 1653 3827 emendari.
1683 3773 1967 3830 Manifesta

390 3872 610 3933 peccata
666 3878 771 3917 non
835 3871 963 3917 sunt
1013 3863 1222 3918 occulta
1277 3865 1614 3918 correctione
1664 3867 1961 3935 purganda.

391 3953 574 4006 Palam
616 3953 760 4007 enim
807 3961 934 4007 sunt
973 3952 1254 4022 arguendi,
1299 3955 1389 4022 qui
1430 3955 1606 4023 palam
1650 3965 1866 4023 nocent,
1904 3965 1966 4013 ut

390 4044 517 4097 dum
553 4050 736 4120 aperta
775 4041 1148 4113 objurgatione
1183 4051 1464 4109 sanantur,
1496 4045 1551 4098 hi
1581 4045 1672 4114 qui
1709 4061 1804 4101 eos
1838 4047 1964 4102 imi-

392 4135 555 4188 tando
594 4134 961 4204 deliquerant,
1000 4133 1361 4205 corrigantur.
1402 4135 1540 4190 Dum
1569 4153 1710 4192 unus
1739 4139 1966 4209 corripi-

391 4233 498 4289 tur,
529 4224 741 4296 plurimi
779 4224 1154 4278 emendantur.
1186 4221 1418 4280 Necesse
1451 4233 1534 4281 est
1559 4227 1738 4292 enim,
1775 4234 1835 4281 ut
1864 4243 1964 4298 pro

391 4315 678 4370 multorum
719 4314 1016 4368 salvatione
1050 4329 1190 4368 unus
1223 4315 1633 4383 condemnetur,
1671 4332 1832 4386 quam
1863 4332 1964 4387 pro

391 4406 549 4459 utrius
595 4405 810 4460 licentia
853 4404 1007 4458 multi
1052 4404 1444 4474 periclitentur.
1489 4406 1566 4461 ita
1608 4423 1738 4480 erga
1787 4409 1960 4464 delin-
1986 4435 2040 4496 Β

389 4507 640 4566 queutem
678 4511 857 4552 sermo
887 4504 969 4551 est
996 4496 1366 4566 proferendus,
1406 4499 1547 4553 sicut
1579 4497 1692 4567 ejus
1719 4501 1811 4568 qui
1841 4516 1962 4555 eor-

391 4587 586 4656 ripitur
609 4585 915 4655 expostulat
953 4586 1117 4640 salus.
1162 4586 1315 4652 Quod
1355 4587 1401 4641 si
1436 4603 1572 4656 opus
1610 4597 1694 4643 est
1728 4589 1960 4658 aliquam

389 4677 764 4732 medicamenti
791 4677 1020 4730 salutem
1045 4677 1210 4731 verbo
1237 4677 1623 4746 increpationis
1650 4692 1959 4748 aspergere,

388 4764 661 4820 lenitatem
700 4775 875 4819 tamen
909 4765 1070 4820 corde
1108 4781 1242 4834 opus
1283 4775 1368 4821 est
1407 4768 1662 4821 retinere.
1705 4767 1963 4826 Doctores

390 4868 770 4920 nonnunquam
796 4853 945 4907 duris
971 4851 1171 4908 feriunt
1198 4854 1660 4923 increpationibus
1697 4857 1958 4925 subditos,

389 4941 478 5009 qui
503 4950 676 4994 tamen
701 4957 728 4992 a
756 4942 1020 4997 charitate
1045 4959 1232 4998 eorum
1253 4959 1388 5011 quos
1409 4944 1723 5013 corripiunt,
1746 4962 1852 5001 non
1883 4965 1964 5004 re-

390 5030 603 5082 cedunt.
645 5029 798 5096 Saepe
825 5030 1066 5085 ecclesia:
1094 5046 1320 5086 censura
1349 5033 1726 5102 arrogantibus
1751 5036 1962 5091 videtur

389 5132 508 5171 esse
551 5115 798 5184 superbia
841 5116 1115 5189 [superba]
1154 5133 1167 5172 :
1213 5126 1270 5172 et
1321 5121 1464 5188 quod
1498 5137 1529 5176 a
1573 5121 1727 5178 bonis
1762 5125 1848 5193 pie
1877 5124 1958 5192 ﬁt,

389 5206 680 5262 crudeliter
719 5205 834 5260 ﬁeri
874 5215 1090 5276 putatur
1127 5223 1157 5262 a
1197 5209 1379 5278 pravis
1409 5227 1422 5262 :
1455 5212 1578 5280 quia
1619 5227 1725 5266 non
1759 5214 1960 5269 discer-

388 5308 524 5354 nunt
548 5307 696 5352 recto
724 5298 898 5364 oculo,
927 5300 1069 5368 quod
1095 5316 1126 5354 a
1153 5300 1308 5355 bonis
1336 5311 1484 5356 recto
1516 5302 1576 5356 fit
1609 5304 1809 5359 animo.
1853 5304 1959 5361 No-

390 5393 608 5446 tandum
637 5392 704 5446 ab
724 5391 866 5444 omni
894 5391 1147 5461 pontifice
1171 5393 1539 5460 vehementer,
1565 5404 1625 5448 ut
1655 5404 1803 5450 tanto
1832 5411 1958 5450 cau—

391 5483 497 5537 tius
529 5498 655 5552 erga
693 5483 1008 5537 commissos
1039 5492 1179 5553 agat,
1222 5495 1422 5552 quanto
1461 5485 1648 5540 durius
1676 5502 1706 5538 a
1743 5487 1958 5542 Christo

382 5575 614 5643 judicari
651 5575 920 5630 formidat.
963 5575 1096 5630 Nam
1137 5576 1279 5631 sicut
1319 5577 1578 5646 scriptum
1619 5586 1722 5641 est,
1763 5580 1814 5631 in
1853 5596 1957 5649 qua

389 5677 631 5717 mensura
658 5669 821 5721 mensi
849 5667 1074 5736 fueritis,
1099 5667 1395 5724 remetietur
1421 5669 1560 5722 vobis
1592 5667 1804 5740 (Matth.
1833 5669 1951 5737 vn).

2601 1855 2827 1912 CAPUT
2865 1855 3129 1911 XXXVII.

2139 1944 2399 2018 (Gregorii
2437 1946 2620 2000 Itomil.
2665 1946 2757 2012 26,
2798 1948 2853 2001 in
2886 1946 3048 2001 Joan.
3092 1945 3206 2018 xx.)
3257 1945 3647 2003 Praedicator“

2067 2041 2240 2095 sancti
2281 2039 2600 2112 [Gregorius
2637 2040 2702 2095 de
2738 2039 2932 2094 collata
2970 2040 3250 2111 Episcopis
3282 2050 3554 2110 potestate
3588 2041 3645 2094 li-

2067 2131 2225 2201 gandi
2250 2139 2412 2199 atque
2437 2131 2701 2196 solvendi,
2729 2130 3122 2188 Praedicatores
3151 2133 3348 2199 sancti,
3372 2133 3536 2205 etc.],
3560 2135 3645 2202 qui

2069 2221 2372 2276 districtum
2403 2222 2496 2276 Dei
2517 2221 2780 2290 judicium
2809 2232 3080 2290 metuunt,
3111 2225 3416 2279 animarum
3439 2224 3647 2294 judices

2068 2311 2240 2366 ﬁunt:
2273 2320 2328 2366 et
2358 2311 2495 2367 alios
2535 2314 2794 2368 damnant
2818 2323 2873 2368 et
2899 2314 3168 2378 liberant,
3207 2314 3299 2384 qui
3330 2316 3646 2384 semetipsos

2067 2403 2313 2458 damnari
2348 2403 2684 2476 metuebant.
2719 2403 2922 2460 Horum
2946 2404 3190 2475 profecto
3220 2420 3369 2460 nunc
3395 2405 3451 2458 iu
3477 2406 3646 2459 eccle-

2068 2493 2149 2548 sia
2189 2482 2427 2563 episcopi
2475 2487 2663 2549 locum'
2695 2503 2880 2550 tenent
2912 2513 2925 2550 :
2962 2497 3203 2553 solvendi
3245 2507 3411 2569 atque
3454 2499 3646 2570 ligandi

2067 2587 2443 2642 auctoritatem
2472 2588 2800 2658 suscipiunt,
2849 2590 2939 2659 qui
2977 2590 3200 2660 gradum
3226 2591 3514 2661 regiminis
3541 2608 3648 2646 sor-

2069 2677 2294 2731 tiuntur.
2335 2677 2569 2734 Grandis
2599 2679 2772 2734 honor
2799 2680 3155 2749 pontificalis,
3194 2681 3289 2736 sed
3324 2697 3494 2752 grave.
3520 2699 3647 2752 pon-

2069 2768 2170 2824 dus
2212 2769 2372 2824 istius
2414 2778 2499 2825 est
2544 2771 2787 2826 honoris.
2838 2771 3040 2827 Durum
3081 2772 3278 2843 quippe
3312 2781 3422 2839 est,
3465 2783 3525 2828 ut
3559 2773 3645 2842 qui

2068 2863 2243 2918 nescit
2270 2871 2455 2917 tenere
2483 2862 2858 2916 moderamina
2881 2863 3007 2917 vitae
3036 2878 3175 2929 sua},
3207 2862 3374 2930 judex
3403 2863 3531 2916 vita:
3559 2862 3645 2916 fiat

2068 2955 2275 3010 alienas.
2315 2953 2636 3023 Plerumque
2673 2953 2958 3023 contingit,
2998 2963 3059 3008 ut
3092 2955 3204 3024 ipse
3241 2953 3430 3023 judicii
3476 2953 3644 3008 locum

2070 3053 2270 3108 teneat,
2318 3044 2404 3099 cui
2450 3043 2517 3098 ad
2557 3043 2736 3098 locum
2782 3044 2892 3098 vita
2939 3045 3163 3099 minime
3208 3043 3528 3099 concordat.
3574 3044 3642 3096 Ac

2073 3135 2301 3207 proinde
2337 3150 2478 3205 szepe
2507 3134 2708 3206 agitur,
2749 3144 2811 3189 ut
2839 3135 2920 3190 vel
2959 3135 3178 3190 damnet
3209 3135 3538 3198 immeritos,
3568 3136 3642 3188 vel

2071 3226 2208 3280 alios
2235 3226 2347 3295 ipse
2376 3225 2572 3293 ligatus
2597 3225 2787 3280 solvat.
2823 3224 2978 3296 Saepe
3011 3227 3064 3280 in
3093 3225 3365 3281 solvendis
3389 3241 3455 3280 ac
3483 3226 3641 3296 ligan-

2070 3315 2153 3371 dis
2188 3315 2417 3370 subditis
2452 3330 2563 3370 sua:
2586 3315 2881 3370 voluntatis
2906 3325 3107 3380 motus,
3148 3332 3255 3371 non
3287 3327 3468 3371 autem
3497 3332 3631 3371 caus

2070 3422 2255 3462 sarum
2283 3407 2476 3462 merita
2499 3407 2763 3476 sequitur.
2789 3407 2943 3462 Unde
2966 3407 3044 3473 fit,
3069 3416 3128 3461 ut
3151 3408 3266 3477 ipsa
3292 3418 3350 3463 et
3373 3407 3572 3479 ligandi
3593 3417 3638 3462 et

2069 3496 2308 3551 solvendi
2347 3504 2615 3566 potestate
2655 3512 2714 3551 se
2745 3498 2949 3567 privet,
2989 3499 3079 3566 qui
3108 3499 3249 3552 hanc
3282 3513 3385 3567 pro
3421 3500 3534 3554 suis
3562 3515 3638 3552 vo-

2069 3587 2367 3642 luntatibus
2414 3587 2840 3660 [voluptatibus],
2885 3597 2942 3642 et
2986 3604 3092 3643 non
3140 3605 3239 3658 pro
3281 3589 3637 3660 subjecton

2068 3679 2294 3742 meritis,
2326 3685 2564 3733 exercet.
2606 3677 2768 3747 Same
2803 3677 2896 3744 fit,
2934 3688 2992 3731 ut
3033 3693 3162 3747 erga
3196 3678 3496 3747 quemlibet
3527 3693 3635 3747 pro-

2069 3769 2274 3822 ximum
2317 3767 2441 3823 odio
2478 3767 2561 3822 vel
2610 3768 2783 3837 gratia
2831 3774 3112 3822 moveatur
3149 3775 3356 3836 pastor.
3399 3764 3636 3822 Judicare

2067 3867 2248 3913 autem
2275 3858 2434 3929 digne
2470 3859 2536 3913 de
2573 3859 2803 3914 subditis
2843 3866 3147 3928 nequeunt,
3190 3858 3282 3928 qui
3314 3859 3372 3913 in
3410 3859 3635 3914 subdito-

2067 3965 2189 4005 rum
2225 3949 2406 4005 causis
2444 3964 2542 4018 sua
2580 3949 2666 4004 vel
2707 3950 2830 4004 odia
2853 3989 2869 4014 ,
2922 3949 3005 4003 vel
3044 3950 3276 4020 gratiam
3323 3959 3630 4020 sequuntur.

2069 4041 2221 4096 Unde
2267 4049 2415 4094 recte
2458 4054 2556 4110 per
2598 4039 2916 4109 prephetam
2957 4039 3156 4094 dicitur
3195 4058 3208 4093 :
3252 4040 3632 4110 Mortiﬁcabant

2066 4128 2269 4182 animas
2312 4143 2430 4197 qua!
2474 4144 2576 4181 non
2617 4127 2933 4192 moriuntur,
2977 4137 3026 4181 et
3065 4129 3398 4197 viviﬁcabant
3443 4131 3631 4182 animus

2064 4235 2183 4288 quia
2205 4235 2307 4272 non
2329 4219 2502 4272 vivunt
2524 4218 2740 4288 (Ezeclt.
2761 4219 2942 4289 mu).
2968 4218 3083 4273 Non
3107 4220 3430 4275 morientem
3451 4222 3632 4290 quippe

2066 4309 2378 4373 mortiﬁcat,
2406 4307 2496 4376 qui
2524 4307 2730 4376 justum
2758 4308 2980 4362 damnat
3007 4323 3021 4363 :
3054 4316 3110 4363 et
3134 4325 3242 4364 non
3274 4311 3537 4365 victurum
3564 4311 3632 4366 vi—

2065 4400 2285 4456 viﬁcare
2322 4399 2534 4463 nititur,
2572 4398 2664 4467 qui
2701 4412 2850 4452 reum
2884 4413 2915 4452 a
2950 4399 3210 4470 supplicio
3247 4401 3526 4455 absolvere
3552 4416 3630 4456 co-

2067 4497 2245 4544 natur.
2275 4487 2493 4558 (Moral.
2524 4504 2636 4552 nx,
2668 4504 2712 4540 ο.
2747 4486 2858 4557 14.)
2889 4487 3032 4541 Deus
3057 4489 3426 4558 omnipotens,
3462 4499 3521 4543 ut
3545 4503 3629 4543 nos

2065 4592 2098 4630 a
2121 4576 2455 4647 praecipitata
2479 4575 2762 4630 sententiae
2779 4575 3076 4645 prolatione
3106 4587 3499 4646 compesceret,
3521 4592 3626 4633 cum

2067 4667 2247 4721 omnia
2276 4667 2416 4720 nuda
2458 4675 2514 4719 ct
2551 4674 2735 4734 aperta
2770 4665 2878 4719 sint
2905 4665 3076 4719 oculis
3103 4664 3242 4733 ejus,
3284 4668 3427 4722 mala
3465 4679 3626 4722 tamen

2069 4755 2314 4811 Sodoma:
2344 4755 2516 4810 noluit
2549 4755 2727 4808 audita
2751 4755 3017 4824 judicare,
3044 4755 3135 4825 qui
3161 4757 3276 4811 ait:
3302 4755 3516 4812 Clamor
3540 4759 3625 4811 So-

2066 4849 2340 4903 domorum
2369 4858 2417 4902 et
2445 4845 2750 4902 Camorrha:
2773 4848 3145 4917 multiplicatus
3175 4860 3273 4915 est,
3301 4860 3350 4904 et
3375 4861 3622 4921 peccatum

2060 4955 2239 4992 eorum
2281 4948 2618 5008 aggravatum
2659 4949 2733 4992 est
2767 4939 2940 4992 nimis.
2986 4938 3310 4993 Descendam
3350 4952 3399 4994 et
3442 4941 3622 5005 videbo,

2063 5039 2238 5084 utrum
2271 5030 2551 5083 clamorem
2574 5030 2666 5100 qui
2688 5031 2823 5084 venit
2850 5031 2920 5083 ad
2945 5047 3049 5096 nte,
3074 5048 3226 5101 opere
3256 5033 3619 5104 compleverint,

2061 5140 2133 5177 an
2174 5138 2275 5175 non
2315 5133 2389 5176 est
2434 5122 2538 5188 ita,
2585 5132 2641 5176 ut
2682 5123 2846 5176 sciam
2885 5121 3040 5193 (Gen.
3071 5124 3247 5195 xvnt).
3292 5125 3620 5196 Omnipotens

2062 5215 2244 5283 itaque
2283 5215 2575 5281 Dominus,
2609 5223 2665 5269 et
2699 5217 2882 5270 omnia
2911 5217 3110 5282 sciens,
3149 5233 3250 5272 cur
3286 5229 3412 5274 ante
3443 5215 3619 5288 proba-

2064 5308 2267 5363 tionem
2294 5309 2448 5376 quasi
2473 5308 2712 5373 dubitat,
2751 5309 2855 5362 nisi
2880 5316 2942 5362 ut
2976 5309 3258 5379 gravitatis
3284 5310 3438 5364 nobis
3461 5319 3620 5363 exem-

2061 5399 2209 5468 plum
2251 5409 2546 5468 proponat,
2588 5413 2656 5454 ne
2699 5399 2838 5454 mala
2881 5399 3160 5454 hominum
3190 5409 3319 5454 ante
3357 5411 3616 5470 prassuma-

2062 5505 2182 5542 mus
2213 5489 2454 5551 credere.
2487 5503 2650 5557 quam
2675 5491 2924 5558 probare.
2956 5489 3094 5556 Quid
3123 5491 3229 5545 hoc
3257 5491 3494 5560 exemplo
3523 5485 3612 5543 nisi

2062 5594 2159 5633 nos
2185 5578 2558 5642 admouerunt,
2589 5595 2656 5634 ne
2682 5580 2748 5634 ad
2774 5580 3150 5650 proferendam
3183 5583 3497 5636 sententiam
3521 5591 3612 5631 un-

2061 5684 2222 5739 quam
2264 5671 2564 5740 prmcipitcs
2603 5686 2724 5727 esse
2761 5673 3070 5740 debeamus,
3116 5691 3183 5729 ne
3229 5684 3428 5730 temere
3463 5669 3612 5725 indis-
