3884 6192
274 343 383 401 875

868 337 1146 395 REGULA
1185 292 1677 393 CdNONICORUM
1714 335 1803 390 AB
1840 331 2196 387 AMALARIO
2234 328 2613 386 COLLECTA.
2657 361 2725 370 —
2766 330 2892 385 LIB.
2934 330 2973 383 I.
3424 334 3531 391 875

274 469 436 510 cussa
465 452 786 524 iudicemus,
829 463 896 505 ne
921 450 1173 519 quaelibet
1208 449 1349 504 mala
1388 449 1573 503 audita
1609 462 1707 503 nos
1741 462 1855 500 mo-
1883 447 1931 506 Α
1958 457 2143 498 sacros
2167 442 2385 498 ordines
2414 442 2626 505 tribuit,
2658 449 2787 496 tunc
2813 442 2881 496 ab
2912 442 3058 496 omni
3095 457 3318 500 munere
3345 460 3537 505 manus

273 552 469 611 veant,
508 560 577 600 ne
604 543 817 614 'passim
856 543 1000 598 dicta
1037 544 1152 599 sine
1188 544 1508 615 probatione
1540 542 1859 597 credamus?

274 636 460 707 (Hom.
491 634 562 689 26
585 636 643 689 in
667 632 828 687 Jecur.
864 632 979 706 xx.)
1017 632 1206 689 Causa:
1233 649 1362 702 ergo
1393 633 1683 703 peusandae
1708 641 1855 698 sunt,

271 736 331 782 et
375 737 502 780 tunc
537 723 731 795 ligandi
774 730 934 792 atque
974 723 1212 777 solvendi
1253 730 1491 793 potestas
1530 721 1853 776 exercenda.

276 818 578 871 Videndum
609 823 694 870 est
722 830 842 884 qus!
867 814 1021 883 culpa
1049 814 1352 883 praecessit,
1383 822 1473 867 aut
1496 828 1615 882 qua:
1647 812 1718 866 sit
1741 826 1857 881 p03-

272 907 505 962 nitentia
545 912 730 960 secuta
778 915 900 974 post
938 902 1152 972 culpam
1188 921 1200 954 :
1242 910 1302 955 ut
1343 917 1479 971 quos
1516 902 1857 970 omnipotens

272 1001 420 1054 Deus
448 1013 546 1067 per
572 992 1000 1065 compunctionis
1030 994 1262 1065 gratiam
1291 994 1471 1049 visitat
1492 1035 1506 1059 ,
1535 993 1651 1048 illos
1674 1003 1855 1064 pasto-

270 1091 350 1146 ris
384 1087 654 1144 sententia
690 1085 949 1141 absolvat.
985 1085 1134 1139 Tunc
1161 1086 1305 1140 enim
1330 1101 1452 1139 vera
1480 1096 1563 1139 est
1589 1084 1855 1139 absolutio

268 1178 632 1252 praesidentis,
665 1192 786 1231 cum
824 1176 1021 1231 interni
1057 1177 1340 1231 arbitrium
1368 1178 1613 1247 sequitur
1632 1175 1851 1244 judicis.

271 1270 426 1337 Quod
461 1269 597 1323 bene
642 1267 990 1336 quatriduani
1025 1267 1226 1321 mortui
1274 1268 1613 1322 resuscitatio
1654 1269 1744 1322 illa
1786 1268 1856 1323 si-

270 1360 493 1432 gniﬁcat
526 1377 538 1413 :
574 1374 694 1427 qua:
722 1358 973 1412 videlicet
1002 1359 1357 1424 demonstrat,
1382 1362 1509 1430 quia
1540 1363 1689 1430 prius
1715 1378 1855 1418 mor-

273 1461 424 1506 tuum
448 1450 707 1504 Dominus
730 1449 941 1503 vocavit
966 1457 1020 1503 et
1043 1449 1353 1515 viviﬁcavit,
1383 1451 1564 1507 dicens
1590 1471 1603 1505 :
1629 1452 1852 1520 Lazare,

270 1543 385 1598 ueni
425 1542 568 1610 {oras
612 1528 794 1610 (Ιοαηῖ
836 1539 946 1610 xi);
989 1548 1046 1594 et
1082 1541 1424 1609 postmodum
1464 1542 1531 1609 is,
1571 1543 1661 1613 qui
1701 1544 1854 1600 vivus

267 1648 523 1704 egressus
552 1630 760 1696 fuerat,
797 1646 829 1685 a
865 1630 1146 1701 discipulis
1175 1639 1261 1685 est
1294 1631 1524 1697 solutus,
1552 1634 1693 1688 sicut
1722 1634 1855 1688 scri-

268 1731 423 1792 ptum
463 1729 547 1776 est
584 1735 597 1773 :
638 1719 871 1790 Cumque
901 1736 1134 1790 egressus
1162 1728 1294 1773 esset
1335 1721 1421 1790 qui
1453 1719 1624 1789 fuerat
1659 1720 1852 1790 ligatus

1958 532 2195 597 excutit,
2224 532 2440 602 quando
2471 532 2526 586 in
2560 532 2756 587 divinis
2785 533 2949 588 rebus
2977 547 3084 587 nun
3121 534 3293 592 solum
3335 537 3536 595 nullam

1955 625 2264 696 pecuniam,
2294 624 2389 680 sed
2407 625 2570 679 etiam
2594 625 2881 679 humanam
2905 625 3135 695 gratiam
3157 642 3262 681 non
3286 630 3533 699 requirit.

1954 715 2275 791 Plerumque
2302 716 2380 780 lit,
2404 725 2465 770 ut
2492 716 2717 786 quisque
2746 730 2930 781 eorum
2959 716 3043 771 vel
3073 717 3210 772 bona
3235 720 3537 790 corporalia

1955 809 2023 861 ab
2054 807 2360 862 hominibus
2382 808 2629 877 accipere
2657 816 2965 862 contemnat
2989 826 3001 860 :
3028 810 3122 863 scd
3143 810 3268 880 quia
3293 812 3407 866 haec
3429 829 3536 868 non

1954 897 2183 967 accipit,
2226 896 2464 965 majores
2502 899 2569 957 ab
2596 899 2674 953 eis
2703 900 2944 968 recipere
2982 899 3172 955 laudes
3200 911 3436 971 quaerat;
3482 913 3539 959 et

1955 985 2185 1042 fortasse
2216 1004 2410 1043 munus
2440 1004 2498 1044 se
2527 990 2800 1059 accepisse
2836 1006 2938 1045 non
2968 993 3231 1058 :estimat,
3271 995 3363 1063 qui
3397 997 3535 1050 bona

1954 1080 2254 1152 corporalia
2297 1082 2544 1152 accipere
2586 1092 2818 1137 recusat.
2865 1082 3019 1138 Sicut
3046 1086 3304 1156 scriptum
3331 1097 3411 1141 est
3440 1104 3535 1143 su-

1952 1172 2157 1241 perius,
2183 1170 2472 1239 aliquando
2501 1186 2695 1224 munus
2724 1186 2753 1223 a
2785 1186 2969 1236 manu,
2998 1173 3286 1242 aliquando
3312 1191 3443 1231 vero
3469 1177 3536 1232 ab

1953 1276 2050 1317 ore
2072 1262 2384 1333 porrigitur.
2418 1261 2554 1315 Nam
2583 1262 2671 1331 qui
2703 1279 2980 1317 nummum
3014 1266 3217 1332 tribuit,
3250 1283 3444 1324 munus
3468 1283 3536 1323 ex

1953 1366 2117 1407 manu
2161 1352 2309 1407 dedit
2349 1370 2362 1405 :
2410 1353 2502 1423 qui
2547 1361 2728 1408 autem
2771 1354 2995 1408 verbum
3038 1356 3208 1411 laudis
3252 1359 3536 1429 impendit,

1954 1456 2151 1496 munus
2193 1441 2262 1495 ab
2303 1456 2399 1496 ore
2441 1442 2681 1511 protulit.
2734 1442 3060 1514 Plerumque
3109 1451 3385 1515 sacerdos,
3433 1451 3537 1507 etsi

1952 1531 2226 1587 exteriora
2245 1531 2409 1598 dona,
2433 1547 2553 1601 qua:
2574 1541 2802 1588 terrena:
2823 1534 3048 1590 forsitan
3076 1540 3386 1595 necessitati
3408 1557 3539 1597 con-

1953 1630 2181 1693 gruunt,
2219 1638 2320 1692 pro
2350 1622 2694 1691 impositione
2726 1639 2982 1680 manuum
3018 1629 3264 1698 accipere
3293 1642 3534 1699 recusat,

1951 1713 2074 1784 plus
2098 1721 2185 1768 est
2209 1715 2352 1784 quod
2382 1714 2485 1768 sibi
2512 1714 2737 1770 retribui
2778 1718 3013 1786 appetit,
3047 1734 3170 1774 cum
3202 1721 3343 1776 ultra
3375 1725 3538 1779 meri-

266 1789 483 1875 institis,
511 1821 635 1865 tunc
659 1789 792 1864 dixit
818 1789 1089 1880 discipulis
1115 1810 1225 1863 suis
1252 1825 1271 1863 :
1301 1789 1499 1864 solvite
1524 1826 1673 1874 eum,
1703 1789 1752 1864 et
1780 1812 1852 1864 si-
1879 1789 1926 1848 Β
1955 1815 2069 1861 tum
2097 1805 2303 1861 laudari
2333 1805 2668 1871 desiderans,
2700 1823 2895 1862 munus
2926 1809 2993 1864 ab
3022 1825 3115 1864 ore
3142 1813 3354 1880 qumrit.

265 1904 375 1956 nite
416 1902 560 1955 abire
601 1900 811 1972 (Ibid),
860 1900 1069 1955 scilicet
1118 1908 1179 1954 ut
1220 1908 1467 1969 pastores
1504 1900 1759 1956 Ecclesiae
1802 1902 1853 1958 ei

262 2007 481 2063 penam
507 1990 740 2045 debeant
764 2004 1018 2043 amovere
1040 2004 1203 2057 quam
1228 1988 1448 2054 meruit,
1476 1989 1566 2059 qui
1597 2004 1703 2043 non
1733 2005 1852 2044 eru-

262 2084 386 2139 buit
423 2081 670 2136 conﬁteri
706 2080 848 2150 quod
888 2077 1034 2134 fecit.
1085 2077 1197 2134 Sub
1243 2093 1440 2148 magno
1483 2079 1852 2134 moderamine

262 2184 516 2247 pastores
553 2172 826 2238 Ecclesim,
856 2170 942 2225 vel
983 2169 1193 2225 solvere
1221 2170 1503 2236 studeant,
1537 2169 1623 2223 vel
1658 2169 1847 2239 ligare.

262 2268 374 2323 Sed
402 2275 585 2322 utrum
619 2267 767 2337 juste
799 2281 868 2319 an
910 2265 1107 2335 injuste
1136 2263 1337 2334 obliget
1373 2272 1576 2333 pastor,
1615 2263 1849 2333 pastoris

263 2371 445 2415 tarmen
475 2360 743 2415 sententia
770 2358 916 2429 gregi
948 2356 1184 2412 timenda
1208 2365 1314 2421 est,
1344 2372 1412 2411 ne
1442 2357 1488 2411 is
1515 2357 1606 2426 qui
1636 2358 1848 2423 subest,

258 2459 320 2505 et
358 2466 481 2506 cum
527 2449 727 2519 injuste
766 2448 995 2504 forsitan
1025 2447 1247 2519 ligatur,
1291 2448 1462 2517 ipsam
1506 2447 1848 2518 obligationis

259 2557 377 2596 sua:
397 2541 723 2596 sententiam
745 2555 810 2595 ex
835 2539 939 2594 alia
959 2538 1114 2610 culpa
1140 2546 1432 2617 mereatur.
1454 2538 1647 2594 Pastor
1666 2541 1848 2610 itaque

257 2634 495 2703 quisque
518 2632 604 2687 vel
635 2631 917 2686 absolvere
956 2631 1247 2685 indiscrete
1287 2629 1502 2697 timeat,
1534 2630 1619 2684 vel
1657 2630 1844 2701 ligare.

258 2726 314 2780 Is
341 2733 523 2778 autem
548 2725 639 2793 qui
669 2722 769 2777 sub
796 2737 958 2775 manu
985 2721 1221 2792 pastoris
1242 2730 1346 2786 est,
1375 2721 1531 2792 ligari
1556 2722 1745 2777 timeat
1763 2722 1848 2778 vel

258 2817 485 2887 injuste,
520 2832 620 2872 nec
653 2817 888 2885 pastoris
918 2816 998 2870 sui
1027 2815 1295 2890 judicium
1323 2825 1526 2871 temere
1562 2817 1850 2885 reprehen-

256 2910 387 2974 dat,
417 2924 486 2963 ne
515 2908 615 2963 etsi
656 2906 853 2976 injuste
890 2907 1089 2978 ligatus
1124 2914 1229 2973 est,
1261 2921 1329 2961 ex
1359 2907 1474 2977 ipsa
1514 2907 1733 2964 tumida:
1762 2922 1849 2963 re—

257 2998 638 3068 prehensionis
662 2998 936 3067 superbia,
963 2997 1119 3067 culpa
1146 3013 1265 3067 quae
1291 3014 1395 3052 non
1421 3006 1559 3063 erat,
1590 2997 1702 3052 ﬁat.

779 3087 1006 3144 CAPUT
1043 3088 1327 3145 XXXVIII.

334 3179 614 3251 (Ejusdem
643 3138 998 3243 [mutii—1,
1245 3138 1451 3235 dii-(mh.
1483 3197 1535 3245 κ,
1570 3182 1715 3237 Misit
1741 3184 1849 3238 Do-
1875 3138 1920 3200 Ο

256 3274 457 3328 minus.
478 3272 595 3326 Act.
614 3270 753 3342 vni.)
773 3271 1024 3326 Nonnulli
1045 3272 1420 3342 episcoporum
1445 3271 1761 3345 [Gregorius
1783 3275 1850 3330 de

254 3362 534 3432 episcopis
560 3362 650 3429 qui
678 3375 779 3430 pro
805 3361 1145 3416 ordinatione
1184 3362 1485 3418 sacerdotis
1524 3380 1749 3419 munera
1780 3364 1845 3419 li-

258 3452 455 3506 benter
484 3450 776 3521 accipiunt.
824 3449 1074 3505 Nonnulli
1105 3451 1477 3521 episcoporum
1498 3493 1512 3517 ,
1549 3452 1707 3525 ctc.],
1754 3454 1849 3510 do-

255 3558 394 3598 num
436 3541 640 3611 accepti
682 3540 918 3611 Spiritus
958 3541 1010 3596 in
1052 3558 1207 3597 usum
1248 3543 1422 3597 solent
1465 3545 1849 3615 negotiationis

254 3630 562 3697 inﬂectere,
601 3640 655 3687 et
687 3632 1068 3688 miraculorum
1108 3635 1259 3705 signa
1301 3635 1370 3690 ad
1408 3638 1651 3692 avaritia:
1694 3640 1849 3696 obse-

255 3723 452 3792 quium
480 3723 770 3777 declinare.
798 3723 933 3777 Hinc
961 3731 1044 3779 est
1071 3725 1214 3779 enim
1246 3727 1388 3795 quod
1416 3726 1600 3784 Simon
1628 3747 1725 3801 per
1754 3732 1848 3787 im-

254 3816 590 3886 positionem
630 3831 821 3871 ncanus
848 3817 990 3871 edita
1032 3818 1291 3872 miracula
1333 3822 1691 3891 conspiciens,
1731 3840 1848 3893 pcr-

254 3907 446 3976 cipere
472 3906 669 3960 donum
708 3904 943 3974 Spiritus
984 3907 1156 3961 sancti
1195 3922 1293 3978 per
1319 3910 1601 3978 pecuniam
1633 3912 1800 3967 voluit
1830 3940 1845 3976 ε

254 3997 473 4052 scilicet
496 4004 551 4050 ut
572 3996 808 4051 deterius
828 3998 1103 4058 venderet,
1130 3999 1271 4067 quod
1297 4000 1434 4053 male
1455 4013 1842 4070 comparasset.

256 4089 405 4145 Ilinc
446 4089 757 4159 redemptor
798 4098 984 4145 noster
1024 4090 1233 4161 ﬂagello
1259 4093 1326 4148 de
1372 4096 1641 4152 resticulis
1679 4097 1843 4167 facto,

258 4179 330 4233 de
370 4178 572 4248 templo
615 4179 801 4234 turbas
839 4179 1018 4251 ejecit,
1059 4182 1342 4238 cathedras
1383 4184 1727 4242 vendentium
1755 4205 1846 4245 co-

255 4270 478 4325 lumbas
501 4271 695 4325 evertit
716 4269 899 4343 (Joan.
932 4272 1014 4349 ιι).
1056 4272 1346 4329 Columbus
1372 4276 1569 4345 quippe
1591 4279 1841 4345 vendere,

254 4373 346 4419 est
376 4364 773 4433 impositionem
813 4380 1027 4430 manus,
1049 4381 1152 4434 qua
1196 4365 1428 4436 Spiritus
1459 4377 1675 4424 sanctus
1701 4377 1844 4426 acci-

2509 1898 2736 1955 CAPUT
2774 1890 3015 1954 XXXIX.

2024 1988 2132 2060 (Ex
2167 1989 2388 2044 concilio
2430 1989 2674 2057 Νξεανηο,
2702 2008 2819 2045 can.
2853 1991 2905 2058 5,
2937 1993 3060 2047 dist.
3096 1994 3209 2065 52.)
3252 1994 3536 2052 Interdixit

1950 2093 2049 2148 per
2076 2080 2257 2153 omnia
2288 2078 2500 2151 [Incipit
2528 2096 2701 2135 canon
2727 2095 2791 2134 ex
2820 2080 3038 2138 Nicazno
3065 2084 3293 2139 concilio
3320 2085 3385 2139 de
3412 2088 3536 2142 sub-

1951 2171 2271 2228 introductis
2309 2172 2655 2239 mulieribus,
2701 2173 2983 2229 Iuterdixit
3023 2190 3120 2245 per
3156 2179 3370 2244 omnia,
3401 2180 3535 2256 etc.]

1951 2277 2144 2332 magna
2175 2264 2429 2333 synodus.
2472 2278 2578 2318 non
2610 2264 2881 2334 episcopo,
2914 2281 3019 2321 non
3060 2268 3396 2338 presbytero,
3425 2287 3533 2328 non

1951 2352 2196 2418 diacono,
2231 2367 2331 2408 nec
2372 2353 2531 2408 alicui
2573 2354 2794 2411 omnino
2831 2355 2923 2426 qui
2966 2358 3021 2411 in
3065 2358 3209 2413 clero
3234 2369 3337 2425 est,
3371 2360 3534 2417 licere

1950 2441 2415 2498 subintroductam
2459 2444 2658 2499 habere
2702 2446 2990 2501 mulierem
3042 2465 3055 2501 :
3106 2449 3213 2504 nisi
3261 2450 3398 2506 forte
3439 2463 3533 2507 aut

1950 2544 2199 2600 matrem,
2243 2543 2336 2589 aut
2376 2551 2638 2604 sororem,
2666 2549 2758 2593 aut
2796 2538 3039 2606 amitam,
3075 2541 3157 2595 vel
3199 2558 3293 2598 eas
3323 2554 3531 2601 tantum

1947 2638 2227 2694 personas,
2255 2640 2377 2696 quae
2406 2628 2739 2697 suspiciones
2769 2628 3047 2697 effugiunt.

2545 2717 2770 2775 CAPUT
2809 2718 2924 2774 XL.

2021 2807 2130 2881 (Ea:
2152 2808 2330 2864 eodem
2355 2809 2604 2876 concilio,
2629 2827 2746 2866 can.
2776 2812 2860 2877 I7,
2890 2811 2974 2877 14,
2998 2829 3087 2883 qu.
3115 2814 3168 2879 4,
3199 2825 3245 2868 et
3268 2816 3390 2870 dist.
3416 2817 3530 2887 47.)

1949 2899 2214 2968 Quoniam
2256 2901 2409 2955 multi
2451 2899 2605 2972 [Item
2641 2902 2695 2956 in
2731 2904 2919 2958 eodem
2959 2919 3136 2971 conc.,
3176 2921 3294 2976 cap.
3340 2907 3426 2973 I7,
3464 2909 3533 2963 de

1949 2991 2164 3046 clericis
2191 3006 2385 3046 usuras
2427 2991 2831 3061 accipientibus,
2875 2992 3140 3061 Quoniam
3182 2995 3368 3063 multi,
3397 2997 3530 3071 etc.]

1952 3086 2052 3140 sub
2083 3085 2265 3157 regula
2306 3086 2601 3150 constituti,
2640 3086 2925 3140 avaritiam
2965 3094 3020 3141 ct
3061 3087 3237 3160 turpia
3265 3088 3415 3145 lucra
3444 3106 3529 3146 se-

1952 3186 2185 3241 ctantur,
2221 3176 2481 3249 oblitique
2507 3175 2703 3232 divina:
2746 3176 3059 3247 Scripturae,
3108 3179 3337 3235 dicentis
3371 3199 3384 3235 :
3427 3180 3533 3247 Qui

1948 3268 2223 3339 pecuniam
2262 3285 2413 3323 suam
2444 3285 2546 3322 non
2575 3267 2714 3322 dedit
2742 3267 2811 3321 ad
2836 3284 3052 3321 usuram
3074 3308 3088 3334 ,
3120 3277 3363 3324 mutuum
3403 3268 3531 3325 dau-

1946 3368 2062 3426 tes,
2106 3360 2432 3415 centesimas
2475 3360 2698 3431 exigunt
2745 3377 2759 3412 :
2801 3357 2947 3427 juste
2990 3359 3201 3419 censuit
3246 3371 3431 3416 sancta
3477 3368 3530 3416 et

1948 3466 2142 3522 magna
2165 3450 2419 3521 synodus,
2447 3457 2507 3503 ut
2534 3449 2578 3502 si
2606 3449 2727 3519 quis
2757 3449 3004 3503 inventus
3031 3447 3195 3502 fuerit
3235 3462 3357 3520 post
3392 3452 3531 3507 hanc

1947 3542 2315 3598 deﬁnitionem
2352 3556 2549 3595 usuras
2579 3539 2871 3609 accipiens,
2912 3548 3006 3594 aut
3042 3553 3109 3593 ex
3154 3539 3530 3597 adinveutione

1946 3635 2145 3706 aliqua,
2179 3633 2261 3689 vel
2307 3632 2547 3703 quolibet
2574 3632 2733 3688 modo
2762 3631 3037 3703 negotium
3079 3634 3400 3704 transigeus,
3436 3644 3530 3689 aut

1948 3728 2223 3792 hemiolia,
2269 3726 2322 3780 id
2365 3733 2450 3781 est
2490 3723 2754 3792 sescupla,
2787 3723 3028 3794 exigens,
3071 3723 3152 3777 vel
3181 3724 3383 3794 aliquid
3426 3728 3530 3781 tale

1946 3835 2171 3892 prorsus
2199 3817 2514 3887 excogitans
2560 3815 2733 3886 turpis
2778 3815 2913 3870 lucri
2962 3817 3157 3887 gratia,
3188 3814 3470 3885 dejicialur
3499 3836 3527 3873 a

1948 3914 2115 3977 clero,
2144 3921 2199 3967 et
2222 3910 2429 3966 alienus
2456 3908 2658 3964 existat
2685 3924 2716 3962 a
2746 3906 2950 3978 regula.

2532 3998 2758 4055 CAPUT
2794 3998 2928 4053 XLI.
3346 4073 3355 4081 .

2020 4096 2128 4170 (Ea:
2154 4096 2335 4150 eodem
2356 4094 2595 4158 concilio,
2627 4110 2744 4147 can.
2778 4092 2863 4157 I8,
2887 4092 3010 4146 dist.
3036 4091 3149 4160 95.)
3182 4091 3433 4148 Pervenit
3462 4096 3529 4149 ad

1947 4197 2193 4245 sanctum
2240 4185 2404 4259 [Item
2453 4185 2519 4239 de
2572 4182 2864 4253 privilegiis
2915 4181 3385 4250 presbyterorum,
3442 4184 3523 4237 tit.

1946 4296 2101 4341 xvm,
2124 4276 2377 4332 Pervenit
2400 4276 2464 4329 ad
2493 4282 2758 4335 sanctum,
2782 4270 2924 4342 etc.]
2957 4286 3317 4341 magnumque
3340 4273 3524 4327 conci-

1945 4375 2097 4438 lium,
2120 4370 2262 4442 quod
2288 4370 2342 4423 in
2375 4367 2695 4438 quibusdam
2734 4365 2867 4419 locis
2895 4373 2949 4419 et
2974 4364 3282 4420 civitatibus
3309 4367 3527 4438 presby-

250 4455 425 4527 pitur,
459 4470 561 4508 non
589 4456 655 4509 ad
683 4456 801 4509 vita:
832 4457 1084 4510 meritum
1106 4496 1120 4520 ,
1152 4459 1244 4512 sed
1281 4461 1347 4511 ad
1374 4459 1656 4529 priamium
1682 4461 1835 4516 dare.
1864 4476 1916 4534 ι)
1945 4465 2074 4521 teris
2101 4460 2328 4532 gratiam
2357 4473 2527 4513 sacra:
2552 4455 2947 4511 communionis
2977 4455 3189 4511 diaconi
3223 4457 3522 4528 porrigant,

253 4547 370 4602 Sed
407 4557 533 4602 sunt
562 4549 833 4615 nonnulli,
864 4551 956 4620 qui
988 4566 1329 4605 nummorum
1368 4553 1586 4622 quidem
1620 4557 1840 4623 praemia

249 4654 324 4693 ex
353 4638 692 4693 ordinatione
722 4654 825 4694 non
853 4639 1155 4710 accipiunt,
1189 4646 1244 4693 et
1278 4648 1457 4695 tamen
1488 4656 1674 4699 sacros
1697 4644 1843 4699 ordi-

249 4747 359 4787 nes
372 4745 484 4804 pro
509 4732 742 4785 humana
767 4732 940 4803 gratia
965 4731 1288 4802 largiuntur,
1317 4740 1478 4802 atque
1502 4732 1569 4789 de
1598 4734 1843 4806 largitate

248 4822 453 4877 eadem
481 4820 653 4875 laudis
680 4820 1012 4876 solummodo
1040 4821 1452 4877 retributionem
1482 4832 1750 4892 qumrunt.
1778 4825 1841 4882 lli

248 4912 549 4976 nimirum,
579 4913 718 4982 quod
747 4914 915 4983 gratis
946 4925 1222 4982 acceptum
1253 4922 1366 4981 est,
1405 4917 1574 4987 gratis
1595 4904 1707 4970 .nou
1748 4918 1839 4972 tri-

245 5003 437 5058 buunt
462 5020 475 5055 :
504 5003 628 5071 quia
655 5002 720 5057 de
746 5003 987 5073 impenso
1010 5004 1188 5059 cilicio
1213 5006 1534 5073 sanctitatis,
1563 5023 1841 5064 nummum

249 5090 468 5146 favoris
492 5100 768 5161 expetunt.
806 5092 956 5148 Unde
983 5094 1141 5158 bene,
1170 5111 1292 5149 cum
1315 5094 1520 5162 justum
1549 5099 1722 5155 virum
1752 5100 1843 5155 de-

249 5181 528 5237 scriberet
567 5180 731 5236 Isaias
776 5183 1065 5250 propheta,
1108 5182 1184 5236 ait
1223 5202 1235 5236 :
1281 5183 1385 5249 Qui
1424 5187 1619 5240 excutit
1654 5205 1841 5243 manus

245 5288 386 5327 suas
412 5271 477 5325 ab
501 5272 642 5325 omni
662 5288 873 5325 munere
897 5271 1029 5344 (lsa.
1056 5273 1271 5344 χχχιιι).
1305 5272 1487 5344 Neque
1513 5277 1657 5330 enim
1687 5278 1839 5343 dicit,

249 5362 366 5431 Qui
395 5364 599 5418 excutit
626 5379 817 5418 manus
847 5380 973 5420 suas
999 5380 1027 5418 a
1060 5379 1300 5428 munere,
1344 5367 1438 5421 sed
1469 5366 1744 5436 adjunxit,
1774 5370 1841 5424 ab

247 5452 412 5511 omni
443 5471 458 5508 :
488 5456 617 5526 quia
646 5455 791 5511 aliud
820 5463 903 5511 est
930 5471 1123 5512 munus
1149 5457 1217 5512 ab
1241 5458 1522 5528 obsequio,
1549 5459 1694 5516 aliud
1717 5476 1838 5515 mu-

249 5558 367 5599 nus
392 5558 424 5598 a
452 5559 633 5611 manu,
658 5545 801 5600 aliud
827 5560 1023 5601 munus
1049 5561 1079 5600 a
1105 5545 1304 5618 lingua.
1337 5547 1527 5604 Munus
1550 5550 1747 5622 quippe
1771 5552 1840 5608 ab

249 5636 545 5706 obsequio,
587 5647 671 5693 est
706 5638 966 5709 subiectio
1005 5638 1241 5695 indebite
1279 5639 1539 5711 impensa.
1588 5642 1779 5699 Munus
1807 5660 1839 5700 a

254 5741 453 5793 manu,
480 5727 707 5796 pecunia
735 5736 837 5782 est.
867 5727 1060 5785 Munus
1082 5743 1114 5784 a
1143 5728 1345 5801 lingua,
1375 5729 1544 5788 favor.
1577 5732 1678 5803 Qui
1711 5749 1839 5807 ergo

513 5820 784 5889 ΡΑτιιοι.
835 5822 956 5885 CV.

1944 4552 2086 4625 quod
2116 4566 2217 4606 nec
2243 4548 2446 4620 regula,
2470 4562 2572 4602 nec
2598 4547 2931 4602 consuetudo
2965 4545 3206 4611 tradidit,
3240 4555 3300 4602 ut
3341 4546 3410 4601 ab
3438 4548 3524 4601 bis

1943 4646 2035 4716 qui
2078 4648 2401 4715 potestatem
2450 4654 2559 4695 non
2597 4638 2795 4693 habent
2823 4636 3101 4702 oﬁ‘erendi,
3136 4636 3208 4691 illi
3259 4638 3350 4709 qui
3396 4637 3525 4694 oﬁ'e-

1944 4745 2090 4803 runt,
2111 4733 2315 4792 Christi
2345 4746 2543 4802 corpus
2572 4730 2855 4801 accipiant.
2890 4728 3105 4785 Necnon
3129 4738 3182 4784 et
3208 4729 3336 4784 illud
3367 4730 3522 4786 inno-

1945 4830 2068 4897 tuit,
2088 4828 2232 4900 quod
2253 4827 2472 4898 quidam
2496 4823 2706 4880 diaconi
2728 4830 2854 4878 ante
2874 4825 3153 4895 episcopos
3174 4839 3326 4878 sacra
3342 4822 3524 4879 oblata

1943 4922 2276 4992 contingant.
2329 4916 2456 4973 Haec
2493 4916 2658 4987 igitur
2685 4915 2865 4970 omnia
2894 4924 3233 4981 resecentur,
3256 4924 3310 4971 et
3340 4916 3393 4971 in
3425 4932 3522 4971 sua

1943 5010 2153 5067 diaconi
2186 5023 2437 5065 mensura
2479 5012 2856 5080 permaneant,
2879 5006 3113 5062 scientes
3140 5007 3281 5078 quod
3309 5007 3522 5077 episco-

1942 5118 2132 5174 porum
2161 5100 2379 5170 quidem
2399 5099 2633 5154 ministri
2648 5098 2776 5163 sint,
2792 5095 3075 5154 inferiores
3091 5105 3273 5155 autem
3299 5099 3520 5169 presby-

1947 5196 2075 5250 teris
2107 5194 2427 5248 habeantur.
2456 5191 2560 5247 Per
2611 5191 2853 5248 ordinem
2889 5206 3039 5263 ergo,
3073 5200 3197 5262 post
3243 5192 3516 5262 presbyte~

1894 5308 1897 5311 ι
1945 5299 2035 5338 ros
2084 5282 2311 5352 gratiam
2380 5295 2549 5335 sacrae
2602 5280 2993 5335 communionis
3062 5279 3365 5350 accipiant,
3423 5284 3516 5330 aut

1942 5371 2195 5440 episcopo
2251 5369 2360 5436 eis,
2400 5379 2494 5424 aut
2544 5371 2857 5439 presbytero
2894 5369 3221 5438 porrigentc.
3271 5366 3375 5420 Sed
3418 5382 3519 5421 nec

1942 5460 2132 5515 sedere
2153 5459 2206 5514 in
2222 5459 2399 5515 medio
2423 5460 2862 5531 presbyterorum
2888 5458 3129 5513 diaconis
3158 5457 3317 5512 liceat
3346 5473 3358 5508 :
3390 5456 3516 5527 quia

1941 5554 1988 5609 si
2018 5554 2120 5608 hoc
2165 5552 2292 5619 ﬁat,
2352 5561 2547 5625 praeter
2579 5553 2818 5626 regulam
2865 5560 2921 5607 et
2966 5552 3209 5607 ordinem
3258 5552 3518 5622 probatur

1941 5645 2192 5702 existere.
2227 5645 2285 5701 Si
2311 5644 2432 5716 quis
2469 5654 2648 5701 autem
2684 5646 2845 5701 etiam
2881 5651 3004 5712 post
3043 5642 3142 5697 has
3180 5641 3516 5704 deﬁnitiones

1940 5735 2161 5792 obedire
2188 5736 2439 5799 noluerit,
2468 5752 2499 5792 a
2525 5735 2824 5792 ministerio
2861 5749 3076 5791 cessare
3106 5733 3339 5792 debebit.

3075 5826 3154 5891 28
