3884 6192
389 333 493 392 875

966 439 1193 496 CAPUT
1231 437 1387 493 XLII.

459 539 568 612 (Ea:
596 539 775 594 eodem
804 535 1056 598 concilio,
1105 549 1221 586 cun.
1251 530 1304 596 5,
1333 530 1424 594 2|,
1453 548 1502 600 q.
1538 528 1614 599 1.)
1658 531 1732 584 De
1758 529 1842 584 his
1881 528 1973 597 qui

386 631 766 690 communione
793 626 901 699 [De
935 623 1417 680 excommunicatis
1443 622 1496 675 in
1523 623 1715 676 eodem
1743 619 1977 675 concilio

387 725 472 778 tit.
500 739 552 777 v.
591 723 666 776 De
713 719 796 774 bis
825 718 917 788 qui
944 715 1344 778 communione,
1373 711 1517 784 etc.]
1551 713 1853 782 privantur,
1881 727 1976 766 seu

385 829 449 869 ex
501 811 676 874 clero,
724 825 818 865 seu
860 824 927 863 ex
972 807 1114 862 laico
1160 807 1348 863 ordine
1394 805 1462 860 ab
1521 804 1829 874 episcopis,
1880 817 1979 872 per

385 916 823 974 unamquamque
865 899 1199 970 provinciam
1244 896 1511 952 sententia
1544 894 1807 964 regularis
1831 891 1973 948 obti-

386 1003 527 1058 neat,
559 1002 619 1050 ut
656 994 712 1048 hi
742 993 833 1064 qui
863 990 1213 1060 abjiciuntur,
1245 989 1314 1044 ab
1345 987 1467 1041 aliis
1493 1001 1598 1040 non
1623 985 1971 1054 recipiantur.

387 1083 714 1154 chuiratur
756 1090 959 1146 autem,
991 1095 1060 1135 ne
1094 1077 1535 1152 pusillanimitate
1559 1116 1573 1141 ,
1618 1083 1710 1130 aut
1754 1081 1978 1128 conten~

385 1176 552 1240 tione,
583 1172 668 1229 vel
697 1173 802 1229 alio
849 1171 1090 1242 quolibet
1133 1170 1372 1240 episcopi
1423 1168 1592 1231 vitio,
1645 1165 1894 1221 videatur
1944 1179 1976 1218 a

383 1264 803 1338 congregatione
829 1262 1089 1318 seclusus.
1113 1260 1189 1317 Ut
1205 1261 1306 1315 hoc
1324 1273 1460 1329 ergo
1486 1257 1766 1312 decentius
1795 1253 1974 1323 inqui-

383 1364 554 1421 ratur,
584 1354 720 1408 bene
742 1351 950 1422 placuit
978 1350 1135 1404 annis
1168 1346 1393 1419 singulis
1418 1361 1516 1416 per
1539 1357 1978 1413 unamquamque

382 1445 719 1515 provinciam
746 1443 831 1499 bis
868 1443 922 1496 in
958 1457 1102 1496 anno
1143 1439 1371 1496 concilia
1412 1437 1698 1503 celebrari,
1739 1443 1803 1490 ut
1829 1449 1977 1491 com-

383 1539 622 1594 muniter
649 1536 901 1593 omnibus
945 1533 1106 1592 simul
1144 1531 1410 1603 episcopis
1434 1529 1726 1602 provincia:
1751 1541 1976 1597 congre-

383 1634 522 1705 gatis
543 1631 906 1689 discutiantur
925 1627 1230 1696 hujusmodi
1261 1625 1588 1696 quaestiones
1617 1640 1630 1676 :
1669 1631 1725 1676 et
1757 1621 1858 1685 sic,
1881 1619 1974 1691 qui

385 1739 484 1781 suo
521 1729 879 1794 peccaverunt
903 1719 1183 1774 evidenter
1207 1716 1482 1786 episcopo,
1516 1710 1972 1768 excommunicati

1353 321 1756 378 AMALARIUS
1798 320 2209 378 PRESBYTER
2251 317 2610 376 METENSES.

2008 443 2058 500 Α

3571 323 3668 378 876

2629 431 2859 488 CAPUT
2900 431 3086 487 XLVI.

2147 524 2256 597 (Ex
2289 525 2470 578 cadent
2497 523 2740 587 concilio,
2768 540 2886 576 can.
2917 521 3032 593 20.)
3059 521 3326 589 Quoniam
3353 532 3484 577 sunt
3508 521 3669 595 [Item

2076 616 2131 672 in
2169 616 2358 671 eodem
2415 614 2646 670 concilio
2692 613 2759 669 de
2812 612 3078 668 ﬂectendo
3105 628 3268 682 genu,
3293 613 3378 667 tit.
3408 630 3504 680 xx,
3532 615 3673 682 Quo-

2076 707 2223 761 niam
2252 713 2398 770 sunt,
2446 704 2588 776 etc.]
2624 705 2842 774 quidam
2880 705 2935 759 in
2983 705 3070 759 die
3098 704 3380 760 Dominico
3437 705 3674 776 genuﬂe-

2077 807 2305 864 ctentes,
2333 808 2389 854 et
2427 800 2480 854 in
2513 797 2701 854 diebus
2742 796 3109 861 Pentecostes,
3139 805 3198 850 ut
3244 797 3425 852 omnia
3470 798 3524 852 in
3552 799 3671 853 uni-

2076 890 2250 944 versis
2279 889 2416 944 locis
2441 880 2808 943 consonanter
2832 888 3221 952 observentur,
3252 888 3454 958 placuit
3481 901 3671 944 sancto

2076 979 2324 1042 concilio,
2369 987 2576 1033 stantes
2601 978 2835 1032 Domino
2868 989 2988 1030 vota
3026 977 3354 1046 persolvere.

2642 1067 2871 1123 CAPUT
2909 1067 3116 1122 XLVII.

2149 1158 2256 1230 (Ea:
2282 1159 2503 1212 concilio
2542 1159 2885 1222 Antiocheno,
2911 1175 3028 1228 cap.
3072 1158 3137 1221 4,
3183 1159 3268 1220 Il,
3295 1176 3347 1231 ᾳ.
3372 1161 3442 1226 4,
3487 1163 3568 1231 3.)
3614 1164 3668 1218 Si

2076 1251 2200 1320 quis
2233 1251 2518 1321 episcopus
2542 1248 2634 1321 [In
2661 1248 2998 1304 Antiocheno
3029 1250 3260 1305 concilio
3306 1253 3374 1306 de
3397 1254 3670 1309 damnatis

2076 1350 2132 1398 et
2160 1329 2472 1397 ministrare
2502 1340 2857 1405 tentantibus,
2892 1340 2975 1394 tit.
3019 1355 3096 1395 IV.
3131 1339 3187 1396 Si
3214 1343 3336 1411 quis
3359 1344 3669 1415 episcopus,

2075 1436 2220 1509 etc.]
2244 1437 2532 1492 damnatus
2559 1451 2589 1489 a
2618 1433 2843 1506 synodo,
2867 1433 2950 1490 vel
2977 1435 3264 1505 presbyter
3285 1444 3380 1489 aut
3407 1437 3668 1492 diaconus

2076 1544 2107 1583 a
2151 1543 2250 1584 suo
2287 1527 2542 1598 episeopo
2570 1565 2584 1592 ,
2631 1526 2751 1580 ausi
2787 1525 2988 1580 fuerint
3013 1525 3216 1596 aliquid
3243 1527 3309 1580 de
3363 1526 3670 1582 ministeno

2077 1633 2235 1674 sacro
2257 1617 2584 1688 contingere,
2619 1617 2735 1670 sive
2759 1615 3063 1687 presbyter,
3091 1625 3183 1669 aut
3222 1617 3500 1681 diaconus,
3525 1623 3672 1672 null»

2076 1709 2238 1764 modo
2259 1708 2418 1762 liceat
2447 1707 2497 1762 ei
2527 1721 2626 1761 nec
2656 1705 2709 1760 in
2735 1705 2840 1760 alia
2869 1705 3075 1777 synodo
3109 1705 3470 1761 restitutionis
3496 1722 3668 1778 spem,

386 1792 785 1870 rationabiliter
809 1813 877 1867 ab
901 1811 1155 1868 omnibus
1184 1809 1544 1872 aestimentur,
1569 1819 1854 1876 usquequo
1888 1803 1974 1858 vel
2003 1792 2048 1852 B
2078 1808 2170 1854 aut
2211 1799 2389 1854 locum
2437 1797 2640 1852 habere
2675 1795 3079 1850 satisfactionis.
3123 1795 3229 1850 Sed
3266 1803 3322 1849 et
3360 1800 3665 1852 communi-

385 1909 439 1963 in
466 1906 762 1971 communi,
790 1903 875 1959 vel
922 1904 1174 1974 episcopo
1221 1901 1434 1971 placeat
1469 1896 1844 1952 humaniorem
1873 1907 1972 1964 pro
2071 1900 2258 1947 cantes
2284 1889 2333 1944 ei
2359 1903 2552 1943 omnes
2605 1886 2767 1956 abjici
2818 1888 2883 1942 de
2922 1887 3152 1942 ecclesia
3179 1929 3193 1952 ,
3243 1896 3297 1942 ct
3343 1889 3585 1944 maxime
3625 1892 3669 1944 si

385 1997 580 2054 talibus
607 1994 751 2050 ferre
800 1993 1145 2050 sententiam.
1182 1989 1422 2047 Concilia
1449 2004 1579 2044 vero
1603 1986 1970 2051 celebrentur,

2070 1989 2257 2052 postea
2281 1994 2443 2050 quam
2470 1977 2762 2033 didicerint
2785 1978 3044 2032 adversus
3061 1988 3390 2033 memoratos
3405 1978 3666 2048 prolatam

384 2104 550 2143 unum
571 2085 788 2157 quidem
815 2091 942 2140 ante
969 2082 1438 2153 quadragesimam
1477 2080 1716 2151 paschae,
1741 2086 1801 2132 ut
1823 2079 1970 2133 omni
2071 2072 2239 2128 fuisse
2268 2071 2614 2136 sententiam,
2646 2070 2851 2124 eisdem
2881 2070 3285 2124 communicare
3311 2072 3664 2126 tentaverint.

382 2177 724 2234 dissensione
745 2174 956 2230 sublata
974 2187 1170 2227 munus
1184 2169 1442 2226 offeratur
1458 2170 1567 2224 Deo
1581 2167 1930 2239 purissimum
1954 2181 1969 2221 :

383 2266 680 2323 secundum
707 2279 835 2320 vero
854 2263 999 2319 circa
1025 2269 1235 2330 tempus
1260 2259 1526 2314 autumni.

960 2350 1188 2407 CAPUT
1225 2349 1404 2404 XLIII.

457 2446 565 2518 (Ea:
590 2444 769 2501 eodem
799 2442 1042 2509 concilio,
1067 2457 1184 2496 can.
1207 2441 1298 2506 15,
1329 2440 1382 2506 7,
1407 2459 1458 2513 q.
1486 2439 1565 2511 1.)
1588 2438 1817 2510 Propter
1839 2437 1973 2492 mul-

386 2549 493 2594 tam
527 2536 606 2610 [In
621 2537 809 2591 eodem
836 2533 1067 2591 concilio
1095 2533 1237 2603 quod
1261 2549 1368 2588 non
1391 2540 1639 2603 oporteat
1661 2530 1971 2600 demigrari,

386 2631 609 2702 Propter
633 2629 879 2693 multam,
907 2627 1054 2700 etc.]
1106 2627 1570 2698 perturbationem
1602 2635 1656 2680 et
1682 2625 1975 2682 seditiones

383 2743 503 2796 quae
529 2726 682 2794 ﬁunt,
713 2722 916 2793 placuit
962 2721 1412 2777 consuetudinem
1441 2719 1766 2774 omnimodis
1788 2733 1975 2789 ampu-

386 2818 520 2881 tari,
568 2831 688 2884 qua:
730 2822 926 2883 praeter
961 2811 1202 2883 regulam
1253 2811 1308 2864 in
1363 2811 1684 2880 quibusdam
1728 2809 1976 2879 partibus

387 2908 596 2960 videtur
622 2904 980 2969 admissajta
1007 2910 1067 2956 ut
1105 2902 1172 2957 de
1200 2902 1421 2956 civitate
1449 2900 1516 2954 ad
1548 2900 1820 2955 civitatem
1865 2914 1973 2954 non

388 2999 820 3070 cpiscopus,non
844 2995 1152 3066 presbyter,
1169 3009 1273 3049 non
1303 2993 1564 3048 diaconus
1594 2991 1974 3049 transferatur.

392 3092 448 3146 Si
483 3092 606 3161 quis
637 3099 812 3144 autem
837 3098 956 3158 post
978 3085 1345 3141 definitionem
1366 3085 1536 3140 sancti
1563 3092 1619 3139 et
1646 3087 1825 3156 magni
1849 3099 1976 3139 con-

387 3183 503 3240 cilii
545 3181 650 3236 tale
671 3180 798 3251 quid
826 3194 987 3250 agere
1010 3177 1318 3242 tentaveril,
1333 3185 1388 3231 et
1400 3190 1458 3230 se
1489 3173 1856 3244 hujuscemodi
1882 3190 1974 3230 ne-
2002 3161 2047 3222 C

387 3286 536 3348 gouo
553 3272 892 3343 manciparit,
907 3272 1011 3326 hoc
1027 3269 1229 3324 factum
1252 3283 1479 3338 prorsus
1495 3268 1548 3321 in
1577 3267 1790 3322 irritum
1813 3266 1976 3321 duca-

376 3379 494 3434 tur,
521 3377 578 3422 et
621 3366 939 3422 restituatur
963 3362 1242 3426 ecclesiae,
1294 3361 1450 3431 cujus
1496 3357 1598 3413 fuit
1651 3359 1970 3429 episc0pus,

379 3470 479 3516 aut
510 3460 815 3533 presbyter,
846 3464 938 3512 aut
967 3456 1227 3512 diaconus
1252 3453 1550 3508 ordinatus.

956 3548 1183 3605 CAPUT
1223 3545 1406 3601 XLIV.

446 3643 566 3715 .(Ea:
595 3640 816 3697 concilio
841 3636 1296 3704 Cltalcedoueusi.)
1328 3636 1402 3690 De
1451 3635 1536 3689 his
1585 3633 1677 3703 qui
1726 3631 1977 3686 transmi-

384 3744 544 3807 grant
567 3733 662 3804 [In
699 3730 930 3787 concilio
961 3727 1385 3784 Chalcedonensi
1416 3726 1500 3780 tit.
1528 3740 1616 3788 xv,
1649 3739 1756 3778 non
1800 3730 1977 3776 trans-

389 3825 734 3899 migrandum
761 3825 827 3877 de
855 3823 1074 3877 civitate
1106 3823 1160 3876 in
1183 3821 1491 3883 civitatem;
1512 3817 1594 3872 tit.
1621 3833 1673 3881 v,
1696 3819 1762 3870 de
1784 3815 1976 3885 bisqui

388 3917 806 3987 transmigrant,
825 3913 960 3986 etc.]
975 3913 1040 3968 de
1061 3911 1280 3967 civitate
1305 3911 1358 3964 in
1385 3907 1685 3970 civitatem,
1709 3905 1978 3974 episcopis

389 4021 482 4068 aut
501 4009 732 4073 clericis,
759 4006 961 4077 placuit
980 4014 1038 4059 ut
1064 4017 1299 4060 canones
1319 4000 1410 4071 qui
1437 4000 1504 4054 de
1521 3999 1621 4053 hac
1649 4013 1708 4051 re
1728 4013 1758 4051 a
1775 3999 1977 4050 sanctis

389 4104 640 4160 Patribus
665 4099 855 4157 statuti
893 4106 1040 4160 sunt,
1065 4096 1306 4151 habeant
1332 4091 1612 4162 propriam
1638 4090 1972 4146 ﬁrmitatem.

967 4185 1195 4244 CAPUT
1235 4183 1393 4241 XLV.

459 4288 567 4361 (Ea:
589 4284 808 4341 concilio
840 4282 1082 4346 Nicwno,
1115 4296 1232 4334 can.
1271 4278 1357 4343 16,
1391 4277 1444 4342 7,
1469 4294 1520 4348 q.
1554 4274 1627 4347 l.)
1657 4274 1976 4344 Quicunque

391 4392 593 4436 temere
619 4393 684 4433 ac
709 4373 1011 4446 periculose
1037 4371 1128 4445 [In
1155 4370 1389 4427 concilio
1414 4368 1652 4434 Niczeno,
1681 4369 1747 4424 de
1773 4367 1859 4423 his
1883 4368 1974 4436 qui

390 4474 444 4528 in
480 4471 727 4527 ecclesiis
756 4469 809 4522 in
831 4466 1028 4538 quibus
1054 4463 1278 4534 profecti
1306 4470 1434 4518 sunt
1460 4461 1680 4516 minime
1713 4462 1976 4530 perdura-

394 4571 537 4628 runt,
552 4563 634 4617 tit.
660 4575 770 4625 xvi,
799 4521 1118 4625 ubicunque
1144 4563 1346 4609 temere
1367 4567 1431 4607 ac
1456 4548 1779 4621 periculose,
1805 4558 1909 4603 etc.
1927 4547 1970 4620 ],
2003 4521 2053 4580 Ῑ)

391 4668 566 4724 neque
593 4653 842 4707 timorem
879 4647 972 4702 Dei
998 4660 1119 4715 pra:
1154 4643 1324 4700 oculis
1356 4642 1637 4704 habentes,
1670 4653 1770 4693 nec
1812 4652 1977 4706 agno-

391 4754 604 4802 scentes
623 4741 1046 4800 ecclesiasticam
1066 4736 1328 4808 regulam,
1353 4733 1635 4789 discedunt
1661 4730 1730 4784 ab
1749 4728 1976 4784 ecclesia

391 4838 495 4893 sibi
532 4836 822 4892 commissa
872 4831 1065 4906 [Deest
1117 4829 1219 4885 sibi
1265 4822 1626 4894 commissa],
1675 4821 1978 4893 presbyteri

391 4936 488 4986 aut
514 4926 760 4990 diaconi,
794 4925 875 4979 vel
902 4925 1211 4993 quicunque
1244 4919 1346 4973 sub
1396 4915 1579 4987 regula
1611 4929 1837 4985 prorsus
1865 4915 1978 4969 exi-

387 5027 562 5084 stunt,
610 5017 666 5072 hi
692 5029 1030 5086 nequaquam
1073 5011 1272 5066 debent
1300 5008 1354 5062 in
1380 5006 1542 5061 aliam
1579 5004 1864 5060 ecclesiam
1895 5019 1979 5058 re-

392 5112 524 5184 cipi,
553 5109 649 5166 sed
668 5120 886 5163 omnem
917 5101 1300 5159 necessitatem
1327 5097 1580 5154 convenit
1608 5095 1712 5152 illis
1752 5095 1974 5165 imponi,

395 5215 454 5261 ut
478 5203 545 5260 ad
569 5217 696 5259 suas
730 5197 1014 5270 parochias
1036 5201 1398 5251 revertantur.
1429 5189 1580 5259 Quod
1605 5191 1649 5246 si
1690 5205 1797 5245 non
1840 5187 1976 5244 fece-

395 5299 752 5365 rint,oportet
774 5303 870 5358 eos
897 5286 1277 5344 communione
1312 5283 1533 5353 privari.
1561 5281 1620 5337 Si
1651 5281 1774 5351 quis
1797 5291 1975 5335 autem

395 5389 464 5443 ad
504 5387 670 5442 alium
698 5382 1061 5455 pertinentem
1091 5377 1349 5432 audacter
1377 5374 1654 5439 invadere,
1685 5381 1740 5428 et
1779 5373 1832 5426 in
1877 5388 1972 5426 sua

396 5479 624 5535 ecclesiia
677 5474 932 5531 ordinare
984 5469 1299 5544 [audacten
1327 5506 1374 5520 ..
1401 5507 1414 5520 .
1452 5465 1706 5521 ordinare
1749 5459 1973 5534 desunt]

399 5567 706 5632 tentaverit,
730 5581 834 5621 non
859 5561 1232 5620 consentiente
1264 5558 1532 5628 episcopo,
1563 5571 1594 5610 a
1628 5571 1735 5626 quo
1775 5554 1976 5608 disces-

397 5660 542 5715 sit'is
567 5660 655 5728 qui
695 5657 893 5728 regula:
915 5655 1274 5724 mancipatur,
1307 5650 1575 5706 ordinatio
1605 5646 1975 5718 hujuscemodi

383 5749 549 5806 irrita
579 5749 974 5816 couiprobetur.

2616 2160 2846 2218 CAPUT
2891 2159 3121 2215 XLVIII.

2144 2251 2254 2325 (Ea:
2279 2251 2502 2307 concilio
2528 2251 2799 2320 Africano,
2832 2267 2951 2304 can.
2981 2250 3097 2323 29.)
3128 2251 3194 2305 Et
3218 2250 3347 2306 iiiud
3375 2253 3666 2322 petendum

2075 2345 2166 2420 [In
2211 2345 2471 2400 Africano
2516 2342 2749 2398 concilio
2809 2340 2877 2396 de
2924 2341 3142 2398 clericis
3194 2342 3508 2409 damnatis,
3581 2345 3664 2399 tit.

2075 2452 2268 2500 xxvm,
2313 2435 2380 2488 Et
2414 2433 2544 2488 illud
2584 2432 2896 2503 petendum,
2928 2429 3070 2502 etc.]
3098 2441 3158 2485 ut
3193 2439 3440 2488 statuere
3489 2433 3665 2503 digne-

2075 2538 2164 2584 tur
2199 2523 2581 2600 [dignemini],
2608 2533 2666 2577 ut
2689 2525 2732 2578 si
2762 2523 2884 2595 quis
2927 2521 3216 2592 cujuslibet
3259 2522 3488 2578 honoris
3514 2524 3667 2579 cleri-

2076 2634 2194 2683 cus,
2225 2617 2430 2688 judicio
2469 2607 2846 2685 episcoporum
2905 2628 3225 2684 quocunque
3272 2614 3509 2669 crimine
3559 2615 3664 2670 fue-

2075 2711 2148 2765 rit
2169 2711 2474 2772 damnatus,
2501 2721 2607 2761 non
2636 2706 2798 2761 liceat
2817 2720 2963 2770 eum,
2989 2707 3104 2760 sive
3140 2705 3208 2760 ab
3251 2706 3505 2762 ecclesiis
3548 2709 3663 2778 qui-

2075 2804 2177 2859 bus
2201 2801 2434 2872 praal‘uit,
2461 2802 2574 2856 sive
2601 2817 2628 2854 a
2657 2799 2897 2870 quolibet
2925 2800 3144 2856 homine
3173 2799 3473 2865 defensari,
3503 2802 3663 2856 inter-

2077 2893 2251 2964 posita
2291 2907 2452 2962 paena
2480 2892 2663 2946 damni
2689 2892 2930 2963 pecunia:
2955 2900 3120 2961 atque
3156 2892 3404 2958 honoris,
3435 2909 3544 2962 quo
3572 2909 3660 2948 nec

2078 2996 2313 3051 mtatem,
2348 3001 2447 3040 nec
2469 3001 2656 3042 sexum
2684 2985 3052 3040 excusandum
3075 3000 3196 3040 esse
3229 2987 3568 3056 praecipiant.

2642 3075 2869 3132 CAPUT
2908 3076 3096 3131 XLIX.

2149 3170 2259 3244 (Ex
2282 3169 2502 3224 concilio
2523 3169 2867 3235 Antiacheno,
2895 3187 3012 3224 can.
3041 3169 3118 3232 7.)
3143 3169 3330 3223 Nullus
3361 3171 3658 3240 peregrino-

2077 3279 2196 3319 rum
2227 3261 2315 3335 [ln
2342 3262 2679 3318 Antiocheno
2715 3262 2948 3317 concilio
2991 3263 3056 3317 de
3095 3263 3509 3332 peregrinorum
3552 3279 3659 3316 sus-

2076 3354 2323 3422 ceptione
2388 3354 2470 3406 tit.
2518 3353 2571 3416 7,
2623 3351 2810 3406 Nullus
2861 3353 3308 3424 peregrinorum.
3369 3353 3513 3426 etc.]
3553 3357 3657 3407 sine

2077 3445 2336 3514 paciﬁcis,
2361 3444 2411 3499 id
2440 3453 2540 3509 est,
2571 3445 3027 3500 commendatitiis
3054 3445 3383 3514 suscipiatur
3408 3446 3652 3517 epistolis.

2723 3535 2952 3591 CAPUT
2993 3534 3055 3588 L.

2150 3625 2258 3697 (Ea:
2279 3625 2500 3680 concilio
2522 3624 2955 3692 Chalcedonensi,
2973 3644 3092 3680 cun.
3126 3626 3211 3685 10,
3235 3627 3298 3681 21
3314 3670 3328 3693 ,
3352 3645 3407 3699 q.
3446 3629 3520 3697 1.)
3542 3626 3643 3681 Non

2077 3718 2241 3774 licere
2267 3719 2522 3773 clericum
2555 3719 2642 3790 [In
2663 3719 3084 3774 Chalcedonensi
3115 3721 3364 3785 concilio,
3388 3723 3640 3793 quodnon

2076 3810 2236 3865 liceat
2277 3809 2477 3865 clerico
2523 3811 2574 3864 in
2615 3811 2843 3866 duarum
2885 3812 3166 3865 civitatum
3215 3813 3463 3868 ecclesiis
3504 3810 3649 3866 mini-

2077 3913 2273 3967 strare,
2299 3903 2381 3957 tit.
2421 3919 2477 3967 κ,
2502 3901 2615 3956 Non
2653 3902 2817 3957 licere
2843 3902 3098 3958 clericum
3121 3945 3134 3966 ,
3180 3903 3327 3975 etc.]
3360 3905 3414 3959 in
3442 3905 3645 3959 duarum

2076 3996 2356 4050 civitatum
2404 3995 2672 4050 conscribi
2716 3996 2877 4050 simul
2907 3996 3154 4051 ecclesiis
3176 4038 3190 4060 ,
3241 3999 3335 4052 sed
3389 3999 3439 4052 in
3469 4014 3564 4067 qua
3587 3998 3644 4049 ab

2077 4090 2235 4145 initio
2264 4090 2545 4146 ordinatus
2569 4099 2670 4154 est,
2701 4106 2805 4143 non
2839 4090 2906 4143 ad
2939 4105 3102 4160 quam
3127 4090 3389 4162 confugit,
3416 4091 3560 4161 quasi
3588 4090 3644 4142 ad

2077 4182 2363 4250 potiorem,
2396 4181 2464 4234 ob
2511 4181 2686 4235 inanis
2711 4180 2892 4250 gloria:
2929 4181 3300 4249 cupiditatem.
3337 4180 3448 4235 Hoc
3486 4189 3642 4233 autem

2079 4272 2343 4328 facientes
2370 4273 2612 4326 revocari
2642 4273 2838 4326 debere
2863 4273 2931 4325 ad
2967 4287 3121 4326 suam
3147 4272 3453 4336 ecclesiam,
3480 4273 3526 4326 in
3552 4285 3640 4339 qua

2077 4363 2329 4432 primitus
2383 4363 2617 4418 ordinati
2663 4373 2808 4427 sum,
2860 4373 2914 4416 et
2969 4363 3041 4418 ibi
3088 4363 3462 4418 tantummodo
3507 4360 3641 4416 mini-

2078 4463 2278 4510 strare.
2324 4453 2381 4508 Si
2416 4469 2544 4509 vero
2582 4455 2704 4524 quis
2745 4453 2860 4524 jam
2891 4453 3182 4509 translatus
3219 4464 3307 4509 est
3341 4470 3408 4510 ex
3458 4453 3552 4507 alia
3592 4449 3635 4502 in

2079 4545 2240 4600 aliam
2267 4545 2574 4610 ecclesiam,
2622 4546 2818 4616 prioris
2841 4546 3087 4601 ecclesiae
3105 4588 3118 4606 .
3169 4546 3255 4601 vel
3284 4546 3637 4618 martyriorum

2079 4652 2200 4707 quze
2228 4637 2328 4691 sub
2351 4653 2413 4692 ea
2445 4645 2592 4701 sunt,
2625 4645 2718 4691 aut
2755 4638 3274 4707 ptochodochiorum
3312 4637 3636 4710 [ptuchotro-

2078 4726 2384 4799 phiorum],
2411 4736 2504 4782 aut
2531 4729 2988 4783 xenodochiorum
3033 4728 3196 4783 rebus
3237 4730 3290 4784 in
3345 4729 3490 4783 nullo
3512 4741 3638 4782 com-

2081 4817 2339 4883 municet.
2365 4817 2471 4873 Eos
2498 4833 2626 4873 vero
2652 4859 2666 4883 ,
2726 4819 2814 4888 qui
2857 4821 2973 4873 ausi
3005 4819 3227 4884 fuerint,
3258 4829 3383 4890 post
3405 4817 3641 4875 deﬁnitio—

2081 4923 2204 4964 nem
2249 4924 2456 4980 magna:
2489 4920 2544 4964 et
2576 4910 2895 4967 universalis
2937 4910 3094 4980 hujus
3120 4913 3338 4983 synodi,
3370 4912 3636 4982 quidquam

2079 5017 2147 5056 ex
2176 5001 2262 5056 his
2281 5017 2401 5072 quae
2422 5011 2548 5058 sunt
2563 5003 2832 5074 prohibita
2859 5013 3195 5075 perpetrare,
3217 5005 3462 5060 decrevit
3482 5009 3639 5058 sancta

2081 5095 2337 5167 synodus,
2367 5111 2397 5150 a
2427 5095 2647 5167 proprio
2681 5097 2987 5167 hujusmodi
3020 5098 3188 5165 gradu
3220 5098 3488 5153 excidere.

2698 5186 2926 5244 CAPUT
2965 5186 3048 5242 LI.

2151 5276 2261 5350 (Ea:
2288 5278 2465 5332 eodem
2486 5277 2730 5344 concilio,
2761 5293 2879 5332 can.
2910 5275 3019 5344 l3.)
3070 5276 3398 5349 Peregrinos
3440 5274 3640 5333 clericos

2083 5365 2237 5439 [item
2255 5367 2308 5420 in
2329 5369 2518 5423 eodem
2541 5367 2685 5436 quod
2709 5383 2815 5422 non
2838 5369 3414 5439 Oporteatpcregrinos
3441 5363 3639 5420 clericos

2081 5462 2198 5515 sine
2220 5461 2679 5516 commendatitiis
2721 5461 3050 5526 ministrare,
3080 5462 3164 5514 tit.
3200 5476 3322 5526 xui,
3351 5455 3640 5527 Peregrinos

2081 5552 2312 5608 clericos
2347 5593 2362 5617 ,
2406 5551 2553 5624 etc.]
2586 5561 2640 5606 et
2681 5551 2914 5607 lectores
2961 5553 3015 5605 in
3043 5551 3150 5606 alia
3173 5552 3428 5613 civitate,
3471 5552 3640 5616 prater

2081 5645 2552 5699 commendatitias
2568 5644 2774 5699 litteras
2787 5643 2867 5699 sui
2883 5643 3139 5716 episcopi,
3163 5655 3429 5713 nusquam
3454 5633 3636 5706 ικηιὶιιιε

2084 5736 2390 5794 ministrare
2420 5739 2632 5794 debere.
