3884 6192
360 315 467 371 877

964 415 1190 470 CAPUT
1231 415 1337 469 LII.

432 510 542 582 (Ex-
567 509 788 563 concilio
817 507 1148 571 Laodicensi,
1177 525 1295 560 can.
1324 507 1438 576 41.)
1468 505 1621 571 Quod
1649 521 1753 558 non
1784 521 1940 573 opor-

358 614 472 660 teat
511 603 600 675 [In
630 602 945 656 Laodicensi
993 601 1223 656 concilio
1265 601 1406 669 quod
1443 616 1548 654 non
1585 600 1700 654 sine
1748 599 1942 653 litteris

359 711 517 751 sacro
547 693 846 746 ministerio
899 693 1196 746 servientes
1244 692 1516 760 proficisci
1546 690 1808 754 debeant,
1853 690 1936 744 tit.

361 805 472 850 xvi,
499 786 650 854 Quod
681 800 786 838 non
814 792 1082 854 oporteat,
1105 783 1249 854 etc.]
1283 784 1639 848 sacerdotem,
1671 782 1754 836 vel
1783 783 1942 838 cleri-

358 891 505 938 cum,
533 875 651 929 sine
683 874 880 928 litteris
906 873 1172 942 proﬁcisci
1197 874 1488 928 canonicis.

960 964 1185 1020 CAPUT
1224 965 1351 1019 LIII.

435 1061 543 1132 (Ea:
577 1059 798 1114 concilio
825 1057 1149 1123 Sardicensi,
1180 1075 1300 1112 can.
1332 1057 1442 1128 I6.)
1477 1057 1635 1113 Osius
1657 1057 1943 1126 episcopus

361 1151 455 1222 [In
484 1150 715 1206 concilio
760 1147 1071 1203 Sardicensi
1119 1148 1186 1203 de
1233 1147 1445 1202 clericis
1483 1162 1514 1202 a
1562 1146 1942 1202 communione

358 1239 741 1296 submovendis
780 1238 848 1292 ab
879 1237 988 1291 alio
1019 1253 1123 1291 non
1165 1237 1488 1307 recipiendis
1526 1238 1814 1307 episcopo,
1857 1237 1936 1290 tit.

360 1347 448 1394 xv,
477 1329 638 1385 Osius
667 1329 976 1398 episcopus,
999 1325 1142 1398 etc.]
1189 1327 1324 1381 dixit
1349 1345 1361 1380 :
1389 1327 1501 1381 Hoc
1529 1340 1742 1396 quoque
1765 1325 1942 1380 omni-

356 1423 459 1476 bus
480 1419 678 1490 placet,
703 1425 763 1472 ut
785 1417 898 1471 sive
923 1416 1201 1480 diaconus,
1226 1416 1340 1472 sive
1359 1416 1663 1487 presbyter,
1685 1415 1799 1470 sive
1819 1414 1944 1484 quis

357 1511 680 1568 clericorum
709 1509 778 1563 ab
803 1510 1058 1577 episcopo
1099 1522 1197 1560 suo
1221 1505 1600 1561 communione
1626 1503 1791 1558 fuerit
1831 1503 1944 1572 pri-

355 1613 532 1662 vatus,
561 1610 615 1656 et
642 1600 710 1655 ad
745 1599 973 1654 alterum
1015 1598 1254 1669 perrexit
1299 1598 1632 1666 episcopum,
1659 1604 1714 1650 et
1759 1595 1944 1650 scierit

355 1695 448 1753 ille
495 1693 563 1748 ad
609 1706 769 1761 quem
818 1687 1058 1759 confugit
1086 1700 1208 1740 eum
1242 1687 1310 1741 ab
1349 1687 1602 1755 episcopo
1646 1700 1744 1740 suo
1775 1683 1942 1738 fuisSe

966 308 1245 364 RECELA
1281 304 1778 362 CANONICORUM
1813 301 1901 356 AB
1939 301 2296 358 ABIALARIO
2334 305 2711 362 COLLECTA.
2751 336 2820 345 —
2856 305 2981 360 LIB.
3021 305 3060 360 I.

3510 313 3612 365 878

2612 417 2837 473 CAPUT
2874 417 3048 472 LVIII.

2115 506 2221 578 (Ex
2249 508 2434 564 Leonis
2464 527 2614 579 papw
2637 511 2785 581 epist.
2812 510 2900 574 82,
2928 513 2998 563 ad
3035 513 3369 566 Anastasium
3414 514 3613 581 Thess"

2042 614 2088 650 c.
2117 599 2168 662 9,
2203 598 2289 664 I9,
2315 617 2366 670 q.
2390 600 2470 671 2.)
2508 601 2754 655 Alienum
2811 601 3067 656 clericum
3091 641 3106 665 ,
3145 603 3311 659 invito
3363 607 3616 678 episc0po

2041 686 2228 754 ipsius,
2260 704 2416 743 nemo
2442 691 2722 760 suscipiat,
2752 706 2910 745 nemo
2940 691 3212 758 sollicitet,
3240 695 3344 750 nisi
3381 695 3522 754 forte
3546 713 3614 753 ex

2042 778 2240 846 placito
2281 779 2560 833 charitatis
2610 781 2663 834 id
2713 781 2853 835 inter
2894 782 3111 837 dantem
3155 785 3617 859 accipientemque

2041 870 2343 923 conveniat.
2374 870 2505 923 Nam
2539 872 2718 941 gravis
2749 871 2958 939 injuria:
2987 888 3111 927 reus
3150 883 3254 940 est,
3286 877 3379 945 qui
3409 878 3476 932 de
3502 877 3616 932 fra-

2043 957 2142 1011 tris
2165 958 2391 1012 ecclesia
2417 959 2492 1023 id,
2515 961 2657 1029 quod
2685 970 2770 1015 est
2799 961 2983 1016 utilius
3005 971 3096 1017 aut
3122 965 3433 1032 pretiosius,
3455 967 3618 1024 audet

2042 1044 2128 1098 vel
2159 1044 2395 1112 allicere,
2428 1048 2510 1103 vel
2539 1057 2736 1103 tenere.
2768 1050 2957 1119 Itaque
3001 1051 3047 1106 si
3084 1049 3228 1106 intra
3278 1055 3614 1123 provinciam

2043 1155 2129 1194 res
2163 1151 2376 1212 agatur,
2408 1143 2741 1213 transfugam
2765 1146 3017 1201 clericum
3048 1146 3116 1201 ad
3133 1165 3286 1203 suam
3307 1151 3614 1221 ecclesiam,

2042 1233 2487 1301 metropolitanus
2527 1237 2700 1291 redire
2743 1238 3045 1307 compellet.
3088 1239 3145 1294 Si
3174 1251 3354 1297 autem
3405 1243 3617 1316 longius

2042 1325 2290 1390 recessit,
2315 1325 2398 1380 sui
2439 1329 2696 1396 praecepti
2747 1329 3072 1385 auctoritate
3120 1334 3502 1402 revocabitur,
3557 1348 3615 1393 ut

2042 1433 2144 1472 nec
2168 1418 2470 1486 cupiditati,
2499 1435 2600 1474 nec
2645 1420 2924 1475 ambitioni
2953 1423 3168 1477 occasio
3197 1424 3550 1494 relinquatur.

2631 1512 2858 1568 CAPUT
2895 1513 3030 1569 LIX.

2112 1602 2220 1672 (Ea:
2261 1603 2481 1658 concilio
2509 1605 2781 1673 Africano,
2811 1623 2928 1660 can.
2961 1607 3039 1670 9.)
3083 1608 3150 1663 Ut
3188 1610 3319 1665 nulli
3354 1609 3443 1683 [In
3473 1611 3617 1668 Afri-

1993 1717 2001 1725 ’
2041 1707 2178 1747 cano
2195 1693 2442 1756 concilio,
2469 1695 2554 1748 tit.
2581 1695 2636 1759 9,
2653 1695 2721 1750 Ut
2745 1696 2904 1760 nulli,
2923 1697 3054 1768 etc.]
3071 1701 3310 1770 episcopi
3334 1701 3417 1756 vel
3431 1702 3615 1760 clerici

354 1789 626 1858 abjcctum
651 1825 669 1850 ,
706 1799 813 1838 non
854 1790 1066 1851 oportet
1116 1789 1174 1834 ut
1204 1780 1253 1834 ei
1290 1778 1726 1834 communionem
1768 1776 1939 1832 indul-

2052 1783 2098 1836 in
2121 1783 2350 1838 ecclesia
2375 1785 2750 1850 conviventur,
2768 1787 2872 1840 nisi
2898 1786 3037 1842 forte
3063 1797 3407 1846 transeuntes
3433 1794 3614 1864 hospi-

353 1888 496 1951 geat.
532 1877 686 1945 Quod
715 1876 764 1932 si
791 1874 982 1932 fecerit
1008 1913 1023 1938 ,
1070 1873 1208 1928 sciat
1247 1886 1308 1925 se
1336 1871 1648 1926 convocatis
1677 1869 1943 1940 episcopis

353 1985 549 2026 causas
570 1983 690 2022 esse
713 1967 1007 2021 dicturum.
1035 1961 1280 2019 Universi
1311 1962 1600 2016 dixerunt:
1635 1959 1748 2014 I'Ioc
1773 1967 1943 2014 statu-

355 2073 468 2116 tum
492 2069 546 2116 et
572 2074 758 2130 pacem
787 2057 1051 2120 servabit,
1084 2063 1140 2109 et
1170 2051 1516 2108 concordiam
1542 2049 1830 2106 custodiet.

954 2144 1182 2200 CAPUT
1222 2143 1353 2197 LIV.

427 2243 534 2314 (Ex
558 2239 778 2294 concilio
810 2235 1213 2306 Carthaginensi
1235 2275 1250 2297 ,
1293 2251 1414 2288 can.
1584 2231 1716 2286 Item
1743 2230 1943 2300 placuit

357 2332 452 2404 [In
481 2325 890 2399 Cartliaginensi
925 2322 1173 2388 concilio,
1207 2322 1289 2377 tit.
1321 2337 1448 2376 xxix
1471 2361 1485 2388 ,
1534 2320 1665 2376 Item
1707 2317 1939 2389 placuit,

355 2421 498 2494 etc.]
528 2421 776 2475 universo
798 2415 1046 2480 concilio,
1071 2423 1129 2468 ut
1165 2413 1256 2483 qui
1289 2410 1789 2468 excommunicatns
1829 2407 1942 2463 fue—

357 2516 429 2569 rit
451 2530 548 2583 pro
577 2527 675 2565 suo
703 2509 948 2578 neglectu
977 2547 991 2571 ,
1040 2507 1153 2560 sive
1186 2504 1469 2574 episcopus
1495 2542 1509 2566 ,
1549 2501 1664 2556 sive
1715 2498 1944 2573 quilibet

357 2603 605 2663 clericus,
653 2607 706 2653 et
753 2608 993 2668 tempore
1042 2591 1619 2649 excommunicationis
1662 2604 1773 2644 sua:
1816 2597 1942 2643 ante

356 2695 689 2750 audientiam
736 2691 1170 2746 communionem
1225 2685 1673 2757 praesumpserit,
1725 2684 1838 2754 ipse
1887 2683 1940 2738 in

357 2801 416 2841 se
447 2782 810 2839 damnationis
833 2781 1106 2852 iudicetur
1130 2777 1418 2848 protulisse
1448 2775 1794 2832 sententiam.

932 2869 1158 2924 CAPUT
1200 2867 1310 2923 LV.

432 2965 540 3037 (Ex
566 2963 785 3017 concilio
830 2960 1164 3024 Sardicensi,
1217 2976 1336 3014 can.
1369 2957 1478 3029 l8.)
1514 2955 1804 3012 Januarius
1828 2957 1939 3026 epi-

356 3074 554 3129 scopus
593 3056 682 3130 [In
714 3055 944 3112 concilio
992 3053 1300 3109 Sardicensi
1338 3054 1404 3108 de
1442 3067 1549 3107 non
1585 3052 1939 3108 sollicitandis

2045 1875 2242 1929 tiorum
2268 1876 2592 1932 necessitate
2618 1877 2728 1932 illic
2749 1876 3013 1932 reficiant.
3035 1878 3223 1948 Populi
3250 1880 3413 1935 etiam
3433 1885 3501 1938 ab
3523 1884 3621 1938 hu-

2035 1961 2271 2030 jusmodi
2284 1965 2564 2030 conviviis,
2583 1974 2843 2036 quantum
2861 1967 2974 2022 fieri
2989 1977 3185 2037 potest,
3201 1971 3612 2039 prohibeantur.

2639 2055 2866 2112 CAPUT
2906 2056 3016 2111 LX.

2115 2142 2222 2214 (Ex
2253 2144 2473 2199 concilio
2496 2143 2825 2212 Laodicensi,
2852 2146 2975 2202 dist.
2999 2147 3113 2220 44.)
3151 2149 3304 2216 Quod
3333 2167 3438 2206 non
3460 2168 3616 2222 opor-

2045 2243 2154 2288 teat
2195 2233 2287 2306 [In
2336 2235 2643 2292 Laodiceno
2691 2237 2965 2304 concilio,
3019 2240 3100 2294 tit.
3153 2240 3260 2306 24,
3315 2241 3466 2309 Quod
3508 2259 3616 2297 non

2041 2333 2304 2391 oporteat,
2321 2325 2460 2398 etc.]
2489 2341 2644 2381 sacro
2677 2328 2981 2384 ministerio
3007 2329 3216 2387 deditos
3238 2347 3268 2386 a
3289 2334 3620 2404 presbyteris

2043 2416 2316 2482 usquead
2342 2417 2619 2483 diaconos,
2651 2426 2706 2472 et
2761 2418 3027 2489 reliquum
3068 2423 3493 2480 ecclesiasticum
3531 2442 3620 2481 or-

2041 2506 2243 2572 dinem,
2269 2506 2323 2560 id
2354 2515 2457 2570 est,
2484 2521 2652 2577 usque
2685 2507 2752 2560 ad
2803 2509 3184 2574 subdiaconos,
3210 2511 3459 2579 lectores,
3492 2529 3621 2569 can-

2045 2602 2206 2657 tores,
2234 2595 2533 2649 exorcistas
2584 2605 2638 2649 et
2679 2595 2951 2662 ostiarios,
2981 2614 3046 2652 ex
3082 2614 3308 2656 numero
3335 2603 3620 2660 continen-

2044 2685 2174 2738 IIUIII
2207 2693 2260 2739 et
2291 2686 2700 2752 monachorum,
2731 2686 2940 2758 ingredi
2981 2689 3252 2745 tabernas.

2606 2790 2632 2818 ιι
2658 2775 2884 2833 CAPUT
2921 2777 3056 2833 LXI.

2113 2871 2222 2944 (Ex
2275 2871 2499 2926 concilio
2556 2871 2997 2942 Carthagincnsi,
3050 2891 3170 2930 can.
3225 2876 3305 2949 5.)
3365 2877 3620 2936 Aurelius

2042 2965 2328 3034 episcopus
2355 2963 2531 3018 dixit:
2565 2961 2820 3018 Avaritiae
2865 2965 3162 3034 cupiditas,
3220 2983 3383 3036 quam
3435 2984 3616 3024 rerum

2042 3057 2282 3112 omnium
2309 3055 2571 3111 malarum
2615 3066 2847 3112 matrem
2875 3072 2996 3114 esse
3032 3074 3192 3116 nemo
3221 3069 3306 3115 est
3343 3062 3435 3131 qui
3467 3063 3620 3118 dubi-

357 3151 573 3206 clericis
607 3149 818 3213 alienis,
860 3149 943 3201 tit.
977 3162 1094 3211 vni,
1139 3144 1428 3200 Januarius
1456 3145 1763 3215 episcopus,
1792 3143 1936 3216 etc.]
1967 3116 2011 3177 C
2045 3156 2140 3214 tet,
2183 3146 2408 3218 proinde
2457 3147 2745 3204 inhibenda
2773 3157 2879 3214 est,
2902 3157 2957 3202 et
2993 3164 3059 3204 ne
3087 3151 3208 3218 quis
3254 3116 3623 3210 alienos

358 3242 500 3298 dixit
543 3259 556 3295 :
612 3240 744 3296 Illud
789 3253 1002 3308 quoque
1055 3244 1258 3292 statuat
1306 3237 1564 3290 sanctitas
1610 3244 1790 3290 vestra
1817 3275 1832 3300 ,
1880 3245 1940 3289 ut

357 3334 491 3390 nulli
525 3333 777 3402 cpiscOpo
801 3331 961 3385 liceat
1003 3328 1225 3383 alterius
1250 3328 1486 3399 episcopi
1521 3326 1760 3382 civitatis
1787 3326 1940 3380 mini-

357 3435 531 3480 strum
555 3423 982 3479 ecclesiasticum
1004 3421 1318 3484 sollicitare,
1345 3427 1399 3474 et
1451 3417 1504 3472 in
1530 3418 1641 3472 suis
1668 3417 1940 3488 parocbiis

357 3516 632 3573 ordinare.
683 3513 931 3570 Universi
972 3513 1262 3567 dixerunt:
1292 3509 1513 3574 Placet,
1578 3509 1703 3578 quia
1750 3523 1824 3564 ex
1856 3507 1940 3563 his

357 3605 797 3664 contentionibus
827 3605 962 3659 solet
985 3604 1133 3658 nasci
1158 3601 1444 3666 discordia,
1463 3610 1518 3653 et
1543 3601 1664 3655 ideo
1688 3599 1935 3671 prohibet

355 3697 598 3751 omnium
647 3695 911 3749 sententia
951 3693 1039 3765 [et
1089 3693 1225 3747 ideo.
1248 3731 1262 3744 .
1289 3729 1302 3743 .
1326 3729 1340 3744 .
1371 3691 1638 3745 sententia
1687 3687 1936 3759 desunt],

357 3804 429 3845 ne
451 3788 572 3858 quis
597 3789 699 3842 hoc
734 3786 913 3842 facere
944 3785 1156 3839 audeat.

953 3874 1180 3930 CAPUT
1220 3874 1348 3929 LVI.

435 3969 542 4041 (Ea:
583 3966 803 4022 concilio
829 3966 1101 4036 Africano,
1138 3981 1257 4018 can.
1284 3964 1399 4033 57.)
1451 3963 1580 4018 Item
1619 3963 1821 4033 placuit
1850 3962 1938 4035 [In

357 4061 590 4118 concilio
623 4059 901 4122 Africano,
930 4057 996 4112 de
1019 4057 1104 4111 his
1125 4056 1214 4126 qui
1241 4055 1408 4110 semel
1436 4055 1660 4124 legerint
1687 4054 1740 4108 in
1767 4055 1939 4109 eccle-

358 4157 460 4219 sia,
501 4155 569 4209 ab
625 4153 746 4207 aliis
781 4167 888 4206 non
941 4165 1100 4219 posse
1141 4146 1475 4218 promoveri,
1525 4146 1608 4200 tit.
1653 4145 1755 4210 57,
1807 4145 1939 4201 Item

359 4246 582 4318 placuit,
607 4242 774 4314 etc.],
802 4250 862 4295 ut
902 4241 1209 4310 quicunque
1260 4239 1312 4292 in
1361 4237 1590 4292 ecclesia
1640 4237 1725 4290 vel
1774 4235 1941 4291 semel

357 4338 574 4408 legerit,
611 4338 679 4391 ab
711 4335 811 4390 alia
848 4333 1074 4389 ecclesia
1099 4332 1167 4384 ad
1192 4331 1505 4386 clericatum
1535 4346 1640 4385 non
1673 4338 1937 4386 teneatur.

361 4430 428 4484 Et
457 4428 912 4515 subscripserunt.
945 4425 1193 4479 Aurelius
1219 4425 1502 4494 episcopus
1525 4424 1777 4479 Ecclesiae
1805 4422 1942 4477 Car-
1974 4455 2020 4513 ο

361 4520 715 4591 thaginensis,
745 4514 871 4573 huic
897 4519 1115 4572 decreto
1143 4515 1412 4579 consensi,
1445 4523 1500 4568 et
1539 4514 1789 4584 praelecto
1817 4514 1942 4568 sub-

360 4611 575 4682 scripsi.
604 4609 864 4664 Similiter
895 4616 948 4661 et
976 4606 1158 4661 caueri
1207 4605 1443 4674 episcopi
1489 4605 1940 4674 subscripserunt.

941 4696 1168 4753 CAPUT
1207 4697 1359 4750 LVII.

437 4789 547 4861 (E1:
577 4789 796 4843 concilio
822 4787 1243 4858 Cartltagfnensi,
1281 4804 1400 4840 can.
1426 4787 1538 4855 51.)
1566 4787 1696 4842 Item
1745 4787 1947 4856 placuit

365 4882 456 4956 [In
480 4880 709 4937 concilio
743 4877 1155 4950 Cartliaginensi
1183 4878 1272 4947 qui
1304 4893 1367 4931 ex
1406 4877 1618 4932 clericis
1642 4877 1708 4930 ab
1735 4877 1946 4944 cpisco-

363 4975 449 5043 pis
485 4973 598 5027 suis
637 4970 867 5042 promoti
916 4971 1363 5040 contempserint,
1392 4985 1492 5024 nec
1536 4969 1646 5024 illic
1694 4978 1949 5024 maneant

365 5066 510 5120 unde
531 5063 782 5118 recedere
811 5062 1118 5126 noluerunt,
1153 5062 1235 5116 tit.
1262 5063 1354 5126 5|,
1380 5061 1510 5117 Item
1533 5061 1754 5132 placuit,
1777 5071 1882 5116 etc.
1902 5059 1945 5132 ],

367 5171 427 5216 ut
454 5161 764 5231 quicunque
785 5157 968 5214 clerici
993 5157 1078 5212 vel
1115 5157 1362 5221 diaconi,
1410 5172 1506 5226 pro
1538 5155 1948 5210 necessitatibus

366 5253 744 5314 ecclesiarum,
767 5263 874 5304 non
904 5248 1399 5319 obtemperaverint
1424 5245 1689 5316 episcopis
1718 5246 1832 5299 suis
1857 5260 1948 5298 vo-

369 5346 604 5400 lentibus
628 5358 722 5398 eos
745 5343 812 5398 ad
841 5342 1105 5397 honorem
1133 5339 1448 5410 ampliorem
1479 5338 1532 5392 in
1577 5353 1674 5391 sua
1720 5336 1948 5390 ecclesia

367 5447 708 5506 promovere,
744 5447 843 5487 nec
877 5431 985 5486 illic
1023 5429 1330 5485 ministrent
1356 5428 1409 5482 in
1446 5427 1616 5497 gradu
1659 5440 1780 5489 suo,
1809 5425 1950 5479 unde

369 5525 624 5582 recedere
648 5523 952 5578 noluerunt.

442 5648 469 5676 ι
511 5635 772 5702 Deinceps
799 5634 851 5688 in
900 5634 1018 5687 cod.
1056 5632 1458 5702 Vatic.desunt
1505 5629 1642 5684 tituli
1697 5629 1951 5702 capitulo:

371 5721 496 5765 rum
520 5720 572 5759 et
612 5699 938 5760 adnotantur
959 5701 1294 5760 solummodo
1322 5702 1530 5756 numeri
1553 5699 1839 5764 canonum,
1856 5699 1948 5769 qni

2042 3245 2288 3307 usurpet,
2309 3245 2403 3290 aut
2431 3251 2529 3306 per
2553 3238 2833 3306 praemium
2859 3239 3119 3294 terminos
3144 3241 3364 3296 Patrum
3389 3251 3622 3300 statutos

2043 3331 2406 3385 transcendat.
2453 3328 2563 3384 Nec
2583 3330 2804 3383 omnino
2829 3331 3082 3399 cuiquam
3104 3333 3426 3388 clericorum
3458 3334 3622 3390 liceat

2041 3418 2105 3489 de
2130 3417 2370 3487 qualibet
2399 3433 2457 3472 re
2484 3417 2661 3473 fumus
2683 3419 2946 3488 accipere.
2983 3419 3137 3486 Quod
3179 3423 3221 3476 si
3252 3430 3307 3476 et
3341 3424 3620 3479 sanctitati

2042 3519 2164 3576 tuae,
2197 3519 2252 3564 et
2287 3511 2416 3565 huic
2450 3511 2680 3565 concilio
2712 3511 2975 3578 videatur,
3021 3515 3272 3582 praesenti
3298 3513 3498 3585 placito
3528 3517 3624 3571 dc-

2042 3601 2300 3672 signetur.
2335 3598 2540 3672 (Carth.
2579 3618 2728 3655 conc.
2761 3602 2811 3666 l,
2855 3618 2903 3656 c.
2952 3603 3062 3672 I3.)
3095 3603 3294 3658 Gratus
3339 3606 3624 3676 episcopus

2041 3690 2175 3746 dixit
2205 3709 2216 3743 :
2252 3688 2485 3746 Novella:
2517 3691 2906 3762 suggestiones,
2938 3707 3058 3761 quae
3082 3693 3162 3746 vel
3193 3693 3438 3751 obscura:
3471 3707 3621 3763 sunt,

2040 3781 2122 3836 vel
2151 3781 2250 3836 sub
2278 3796 2474 3851 genere
2500 3781 2689 3846 latent,
2719 3784 2972 3852 inspectae
3000 3800 3030 3838 a
3061 3784 3215 3840 nobis
3249 3784 3481 3841 formam
3531 3803 3623 3843 ac-

2041 3873 2260 3944 cipient.
2291 3871 2554 3928 Czcterum
2581 3872 2648 3927 de
2676 3873 2872 3942 quibus
2900 3875 3238 3944 apertissime
3266 3875 3446 3932 divina
3471 3876 3619 3934 Scri-

2040 3973 2197 4033 ptura
2225 3963 2438 4027 sanxit,
2467 3979 2571 4017 non
2600 3973 2682 4018 est
2713 3964 3007 4020 differenda
3053 3967 3319 4022 sententia
3346 4008 3363 4034 ,
3405 3971 3500 4024 sed
3527 3985 3622 4041 po-

2045 4055 2148 4109 tius
2180 4055 2543 4125 exsequenda.
2573 4054 2804 4111 Proinde
2831 4058 2975 4126 quod
3006 4058 3061 4111 in
3099 4057 3250 4113 laicis
3274 4061 3624 4129 reprehendi-

2043 4154 2150 4209 tur,
2179 4145 2230 4198 id
2281 4144 2449 4198 mnlto
2477 4144 2649 4213 magis
2683 4147 2843 4200 debet
2890 4146 2943 4199 in
2980 4146 3193 4202 clericis
3241 4149 3620 4216 praedamnari.

2045 4237 2364 4292 Universum
2381 4237 2668 4291 concilium
2691 4237 2863 4291 dixit:
2894 4235 3061 4291 Nemo
3092 4246 3278 4291 contra
3302 4241 3617 4309 prophetas,

2043 4344 2200 4383 nemo
2229 4338 2417 4383 contra
2447 4327 2736 4395 Evangelia
2762 4326 2888 4382 facit
2913 4328 3030 4382 sine
3057 4328 3318 4396 periculo.

2627 4405 2854 4470 CAPUT
2893 4415 3050 4470 LXII.

2116 4505 2224 4575 (Ex
2248 4505 2496 4560 decretali
2528 4505 2555 4559 Ι
2601 4505 2788 4561 Leonis
2817 4524 2988 4578 papce,
3018 4507 3081 4561 I4
3102 4548 3116 4572 ,
3157 4525 3208 4578 q.
3241 4506 3320 4583 4.)
3365 4508 3478 4565 Nec
3519 4510 3622 4566 hoc

2045 4612 2260 4667 quoque
2286 4598 2718 4665 prretereundum
2746 4613 2868 4653 esse
2893 4598 3165 4666 duximus,
3192 4601 3452 4670 quosdam
3487 4602 3624 4658 lucri

2047 4692 2218 4761 turpis
2246 4691 2537 4760 cupiditate
2565 4699 2752 4760 captos
2776 4732 2790 4755 ,
2837 4691 3140 4746 usurariam
3163 4706 3418 4748 exercere
3461 4707 3626 4763 pecu-

2048 4783 2280 4847 niam,et
2305 4779 2509 4836 fcenore
2541 4781 2677 4836 velle
2704 4783 2989 4848 ditescere,
3013 4785 3157 4852 quod
3177 4798 3295 4849 nos,
3312 4799 3418 4840 non
3447 4785 3620 4841 dicam

2048 4873 2100 4926 in
2129 4888 2222 4928 eos
2250 4873 2342 4942 qui
2373 4880 2499 4928 sunt
2527 4873 2580 4928 in
2607 4873 2844 4928 clericali
2874 4872 3049 4931 ollicio
3079 4876 3392 4941 constituti,
3442 4878 3539 4932 sed
3568 4877 3623 4932 in

2048 4962 2211 5018 laicos
2238 4964 2450 5028 cadere,
2484 4963 2575 5033 qui
2613 4963 2949 5021 Christianos
2989 4981 3048 5022 se
3081 4967 3189 5024 dici
3215 4968 3464 5038 cupiunt,
3495 4984 3626 5024 con-

2047 5055 2308 5109 dolemus.
2359 5054 2510 5121 Quod
2551 5056 2807 5132 vindicari
2854 5057 3034 5113 acrius
3081 5059 3134 5114 in
3159 5073 3255 5117 eos
3301 5059 3395 5130 qui
3425 5057 3625 5124 fuerint

2047 5147 2306 5202 confutati
2335 5148 2696 5212 decernimus,
2727 5158 2784 5204 ut
2812 5149 2990 5205 omnis
3023 5151 3282 5218 peccandi
3311 5149 3624 5222 opportuni-

2049 5248 2132 5294 tas
2157 5238 2443 5293 adimatur.

2616 5331 2842 5389 CAPUT
2877 5333 3055 5389 LXIII.

2119 5423 2227 5494 (Ea:
2247 5421 2466 5478 concilio
2501 5425 2842 5494 Ancyritano,
2867 5442 2986 5479 can.
3020 5425 3128 5493 15.)
3174 5425 3249 5479 De
3292 5424 3399 5485 his,
3422 5423 3514 5492 qui
3565 5423 3623 5479 in

2049 5515 2194 5572 clero
2247 5522 2372 5570 sinit
2425 5516 2722 5586 presbyteri
2781 5527 2834 5571 et
2884 5515 3130 5578 diaconi,
3175 5522 3230 5568 et
3282 5529 3313 5568 a
3365 5515 3626 5571 carnibus

2051 5633 2103 5686 in
2133 5631 2215 5685 his
2241 5627 2676 5685 adnotationibus
2690 5627 3082 5681 exhibebnntnr
3104 5633 3230 5678 tunc
3253 5629 3624 5683 tantummst

2052 5717 2173 5757 cum
2201 5702 2506 5765 discrepant
2533 5699 2599 5752 ab
2636 5698 2810 5753 editis.
