3884 6192
408 296 517 351 8ῗ9
1434 292 1835 348 AMALARIUS
1874 290 2283 347 PRESBYTER
2317 292 2673 350 ME'l‘ENSlS.
3519 306 3603 361 330

410 409 700 473 abstinent,
725 407 926 479 placuit
971 424 1064 465 eas
1093 409 1307 477 quidem
1351 409 1690 477 contingere,
1732 416 1789 460 et
1829 407 1903 461 ita
1934 408 1981 461 si
2007 409 2057 469 Α
2083 405 2302 475 proprio
2321 409 2573 476 episcopo
2597 406 2977 462 communione
3011 407 3248 477 privatus
3273 419 3370 477 est,
3385 429 3482 468 non
3505 429 3608 475 ante

409 501 694 563 voluerint,
725 501 1019 557 continere.
1056 499 1209 567 Quod
1254 500 1299 553 si
1326 500 1380 553 in
1411 507 1619 553 tantum
1648 513 1744 553 eas
1785 498 1985 551 abomi-
2084 493 2410 563 Suscipiatur
2429 496 2497 550 ab
2526 496 2666 561 aliis,
2685 511 2849 565 quam
2868 511 2966 552 suo
2986 498 3605 577 reconcilieturepiscopo:

410 600 632 658 uantur,
657 600 718 646 ut
742 606 841 645 nec
864 593 1034 656 olera,
1060 604 1182 660 qua:
1201 604 1323 644 cum
1351 589 1431 644 eis
1452 592 1774 658 coquuntur,
1797 586 1985 641 existi—
2083 590 2177 635 aut
2201 591 2352 639 certe
2372 585 2439 639 ad
2466 585 2749 655 synodum,
2779 600 2901 655 qua:
2928 596 3302 658 congregatur,
3337 606 3610 664 occurrens,

412 694 560 739 ment
582 683 930 746 comedenda,
945 691 1199 752 tanquam
1220 696 1326 736 non
1347 680 1745 737 consentientes
1767 678 1982 752 regulae,
2083 687 2183 741 pro
2214 688 2275 729 se
2299 672 2618 730 satisfaciat.

412 775 481 828 ab
504 775 692 830 ordine
718 788 933 830 cessare
959 774 1245 829 debebunt.
2619 761 2847 819 CAPUT
2884 764 3115 819 LXXIII.

972 862 1199 918 CAPUT
1236 861 1418 919 LXIV,
2153 854 2282 926 (Ex
2306 853 2483 907 eodem
2514 853 2737 908 concilio
2756 895 2771 919 ,
2806 872 2925 909 can.
2959 856 3015 909 ll
3040 897 3055 922 ,
3089 857 3187 923 15,
3217 873 3272 927 q.
3302 858 3394 932 8.)
3434 860 3484 916 Si
3510 865 3614 933 quis

483 953 593 1025 (Ea:
614 954 835 1009 concilio
868 952 1304 1020 Neocwsariensi,
1335 955 1414 1007 tit.
1449 968 1570 1019 xm,
1596 969 1714 1008 can.
1749 952 1836 1018 li,
1859 951 1982 1006 dist.
2085 943 2388 1013 episcopus,
2426 952 2518 997 aut
2547 943 2849 1014 presbyter,
2876 952 2970 998 aut
3006 945 3233 1014 quilibet
3280 950 3466 1018 regulae
3507 952 3611 1005 sub.

411 1044 526 1113 93.)
573 1044 795 1099 Ηίθεοῃί
852 1053 1058 1114 septem
1106 1059 1227 1098 esse
1275 1044 1471 1099 debent
1507 1043 1662 1112 juxta
1702 1042 1984 1113 regulam,
2078 1030 2258 1099 iectus
2297 1032 2572 1096 Ecclesiae,
2603 1041 2800 1103 praeter
2820 1033 3103 1094 consilium
3134 1045 3189 1090 et
3215 1037 3416 1092 litteras
3438 1039 3613 1108 episco-

413 1135 542 1190 llcet
577 1144 634 1191 et
658 1134 813 1191 valde
860 1150 1055 1206 magna
1092 1136 1162 1189 sit
1198 1134 1408 1189 civitas.
1440 1132 1682 1204 ldipsum
1712 1140 1890 1189 autem
1933 1145 1947 1184 ι

2084 1134 2274 1191 porum
2303 1121 2619 1191 provincia),
2641 1128 2696 1176 et
2716 1123 2987 1192 pnecipue
3017 1126 3423 1194 metropolitani,
3453 1128 3614 1182 adierit

411 1225 640 1280 Actuum
672 1224 1034 1296 apostolorum
1061 1224 1197 1278 liber
1223 1223 1475 1278 insinuat.
2086 1213 2491 1283 imperatorem,
2514 1214 2656 1268 hunc
2684 1215 2963 1283 rcprobari
2993 1224 3048 1270 et
3074 1215 3233 1286 abjici
3255 1226 3503 1286 oportere,
3528 1233 3614 1272 non

972 1312 1201 1368 CAPUT
1244 1312 1409 1368 LXV.
1822 1307 1826 1311 ‘
2086 1303 2263 1357 solum
2310 1319 2340 1356 a
2370 1304 2771 1369 communione,
2803 1320 2990 1359 verum
3031 1314 3089 1360 et
3139 1307 3208 1361 ab
3257 1308 3450 1363 honore
3487 1308 3616 1376 cujus

483 1406 593 1479 (Εισ
635 1406 856 1460 concilio
885 1404 1196 1475 Gangrensi,
1226 1420 1346 1459 οαη,
1388 1404 1443 1469 2,
1472 1405 1597 1459 diu,
1625 1403 1738 1474 50,)
1767 1402 1825 1459 Si
1868 1403 1989 1473 quis
2085 1393 2358 1462 particeps
2389 1393 2600 1448 vidctur
2624 1394 2881 1456 existere,
2905 1396 3031 1465 quia
3068 1398 3356 1452 venerandi
3395 1399 3617 1468 principis

411 1513 603 1553 carnes
630 1498 900 1562 edentem,
932 1506 1129 1565 praeter
1157 1495 1474 1565 sanguinem
1501 1503 1556 1549 et
1596 1494 1752 1549 idolis
1795 1495 1988 1549 immo-
2087 1483 2309 1538 auribus
2343 1483 2641 1539 molestiam
2668 1487 2900 1543 tentavit
2936 1487 3140 1543 inferre
3181 1497 3364 1544 contra
3390 1490 3516 1560 leges
3536 1492 3617 1545 Ec-

413 1588 579 1641 iaiom
608 1595 664 1640 ει
688 1585 1005 1641 ευσοωιιιηι
1028 1585 1167 1657 (Aa,
1198 1586 1292 1655 Vi),
1324 1599 1448 1639 cum
1490 1583 1750 1654 religione
1787 1592 1841 1637 ει
1886 1583 1991 1638 nde
2087 1572 2283 1627 clesiaa.
2323 1572 2381 1628 Si
2421 1574 2588 1643 igitur
2628 1576 2781 1631 adire
2810 1576 3107 1648 principem
3148 1582 3442 1635 necessaria
3483 1595 3617 1635 causa

412 1678 759 1741 condemnat,
775 1677 919 1733 velut
946 1692 1092 1747 spem
1121 1685 1341 1746 propter
1360 1675 1667 1745 hujusmodi
1691 1675 1988 1745 perceptio.
2087 1664 2347 1735 deposcit,
2375 1666 2481 1721 hoc
2507 1676 2701 1737 agatur
2728 1683 2850 1723 cum
2893 1677 3130 1724 tractatu
3178 1680 3234 1725 et
3273 1672 3487 1726 consilio
3527 1688 3619 1727 me-

412 1786 540 1826 nem
563 1785 669 1825 non
695 1771 1000 1835 habentem,
1025 1770 1313 1824 analhema
1335 1769 1424 1823 sit,
2012 1756 2059 1815 Β
2088 1752 2417 1824 tropolitani,
2447 1764 2502 1811 et
2530 1766 2850 1814 cieterorum
2871 1760 3249 1831 episcoporum
3278 1763 3365 1833 qui
3391 1764 3440 1817 in
3463 1765 3619 1819 eadem

969 1859 1197 1916 CAPUT
1230 1858 1414 1915 LXVI,
2086 1846 2363 1916 provincia
2388 1858 2812 1905 commorantur.
2858 1849 2960 1919 Qui
3012 1853 3179 1907 etiam
3230 1854 3619 1926 proﬁciscentem

482 1951 592 2023 (Em
624 1952 806 2006 eodem
840 1951 1081 2017 concilio,
1112 1969 1230 2006 can.
1274 1950 1354 2024 8.)
1390 1951 1449 2008 Si
1489 1950 1610 2022 quis
1652 1949 1861 2006 dederit
1904 1949 1989 2004 vel
2086 1938 2201 1993 ειιίε
2228 1948 2630 2009 prosequantur
2649 1941 2914 2012 epistolis.

412 2041 683 2110 acceperit
722 2040 935 2106 oblata,
965 2050 1162 2110 praeter
1204 2040 1515 2110 episcopum
1541 2079 1558 2106 ,
1603 2039 1688 2094 vel
1735 2054 1856 2093 eum
1894 2038 1986 2109 qui
2617 2050 2847 2109 CAPUT
2883 2052 3101 2111 LXXIV

412 2137 735 2192 constitutus
754 2142 837 2191 est
850 2136 920 2191 ab
937 2149 1002 2190 eo
1023 2133 1091 2189 ad
1117 2134 1532 2204 dispensandam
1555 2132 1986 2221 misericordiam
2157 2138 2281 2211 (Ex
2305 2140 2482 2195 eodem
2503 2142 2749 2211 concilio,
2774 2161 2894 2199 can.
2929 2145 3025 2213 l2,
3050 2145 3145 2214 2|,
3174 2163 3229 2219 q.
3258 2149 3352 2221 5.)
3389 2147 3443 2205 Si
3470 2149 3573 2220 quis
3594 2165 3619 2203 a

410 2227 765 2298 pauperibus,
788 2233 844 2281 et
865 2225 957 2295 qui
986 2225 1108 2290 dat,
1132 2234 1186 2280 et
1207 2224 1299 2294 qui
1330 2224 1549 2295 accipit,
1580 2223 1866 2278 anathema
1893 2220 1983 2275 sit.
2085 2229 2303 2299 proprio
2343 2231 2597 2301 episeopo
2634 2235 2921 2309 presbyter
2962 2248 3055 2292 aut
3085 2239 3365 2308 diaconus,
3391 2250 3477 2297 θυι
3498 2257 3526 2295 ε
3550 2256 3621 2312 εγ-

958 2316 1185 2373 CAPUT
1221 2315 1427 2373 LXVll.
2086 2321 2228 2376 nodo
2254 2319 2418 2376 fuerit
2446 2323 2730 2394 cpiscOpus
2770 2325 2915 2383 forte
2944 2331 3271 2397 damnatus,
3299 2341 3352 2388 et
3377 2332 3623 2403 imperato-

482 2408 593 2483 (E1:
618 2410 797 2465 eodem
830 2407 1073 2475 concilio,
1102 2426 1222 2463 can.
1259 2407 1346 2472 10,
1369 2407 1493 2461 dist.
1521 2404 1637 2477 50.)
1667 2403 1725 2460 Si
1753 2405 1873 2475 finis
1918 2417 1987 2460 ex
2088 2410 2166 2466 ris
2206 2412 2427 2468 auribus
2470 2414 2729 2472 molestus
2768 2418 3071 2486 exstiterit,
3106 2432 3319 2493 oportet
3363 2423 3426 2477 ad
3476 2422 3622 2491 majus

410 2503 497 2559 his
526 2503 619 2574 qui
648 2502 1011 2573 virginitatem
1059 2507 1282 2570 propter
1307 2498 1593 2554 Dominum
1627 2505 1862 2564 servant,
1894 2509 1988 2551 ει·
2087 2502 2465 2574 episcoporum
2495 2509 2737 2563 converti
2766 2510 3052 2566 concilium
3082 2531 3095 2566 :
3127 2524 3185 2570 et
3209 2530 3327 2585 qua!
3359 2517 3621 2586 putaverint

410 2593 620 2649 tollitur
642 2593 905 2648 adversus
934 2590 1274 2679 coniugatos,
1303 2589 1590 2645 anathema
1614 2588 1703 2644 sit.
2088 2594 2291 2649 habere
2322 2594 2472 2664 josta
2494 2639 2508 2663 ,
2537 2597 2787 2669 plurimis
2817 2603 3084 2675 episcopis
3122 2618 3424 2679 suggeram,
3448 2624 3623 2663 ροωιη.

1084 2678 1315 2736 LXVIII.
1936 2764 1947 2766 ξ
2087 2701 2192 2756 que
2217 2687 2582 2746 discussioncs
2628 2705 2694 2747 ac
2737 2691 2941 2762 judicia
2989 2698 3386 2766 prmstolentur.
3430 2697 3480 2754 Si
3515 2713 3621 2752 vero

482 2772 590 2843 (Ea:
616 2773 793 2828 eodem
831 2769 1074 2838 concilio,
1104 2771 1187 2824 tit.
1220 2769 1305 2832 l9,
1341 2782 1460 2823 can.
1492 2768 1579 2832 l8,
1610 2767 1734 2822 dist.
1764 2766 1879 2837 '50.)
1928 2764 1986 2822 Si

2088 2778 2203 2834 haec
2239 2780 2709 2850 parvipendentes,
2740 2783 2952 2840 molesti
2980 2764 3190 2843 l’nerint
3219 2789 3527 2859 imperatori,
3543 2788 3619 2841 hos

409 2863 532 2933 quis
556 2870 779 2932 propter
801 2859 1189 2917 continentiam
1227 2874 1347 2929 quae
1388 2866 1625 2929 putatur,
1658 2864 1752 2912 alii
1796 2865 1989 2912 ωηιιι-
2088 2866 2233 2921 nulla
2266 2870 2420 2924 venia
2451 2870 2641 2940 dignos
2665 2888 2804 2938 esse,
2835 2890 2935 2930 nec
2961 2875 3145 2933 locum
3175 2878 3533 2935 satisfactionis
3550 2878 3625 2931 ba-

412 2951 664 3016 maCiam,
703 2951 759 3005 in
785 2949 872 3005 die
897 2944 1433 3042 Doqliliifgifigijii.
1469 2947 1760 3002 anathema
1788 2947 1878 3001 δίι·
2087 2958 2238 3026 bere,
2270 2977 2369 3016 nec
2397 2977 2546 3032 spem
2586 2962 2779 3020 futura:
2798 2967 3170 3028 restitutionis
3189 2973 3401 3042 penitus
3423 2970 3618 3041 opperin

978 3038 1204 3115 CAPUT
1238 3037 1421 3092 LXIX.
2015 3104 2055 3122 Α
2088 3050 2465 3122 dijudicamus.

479 3131 591 3205 (Ex
626 3132 804 3187 eodem
845 3112 1084 3197 concilio,
1112 3128 1237 3184 dist.
1275 3126 1388 3200 so.)
1419 3127 1477 3183 Si
1516 3126 1640 3197 quis
1673 3141 1863 3182 eorum
1893 3126 1985 3197 qui
2012 3104 2057 3165 C
2634 3126 2864 3185 CAPUT
2898 3128 3116 3185 Lxxv.

406 3223 754 3279 continentia:
806 3221 1059 3288 student,
1109 3218 1314 3291 absque
1343 3218 1664 3273 necessitate
1704 3232 1985 3287 corporea,
2158 3212 2177 3284 (
2196 3212 2282 3268 Ex
2327 3215 2549 3271 concilio
2589 3216 2920 3287 Laodicensi,
2952 3222 3032 3276 tit.
3061 3239 3123 3289 v,
3157 3240 3275 3278 can.
3306 3225 3358 3291 6,
3382 3224 3493 3277 dist.
3520 3220 3617 3293 46.)

370 3314 373 3315 ⁷
409 3313 605 3368 tradita
635 3313 690 3367 in
723 3325 1007 3367 commune
1026 3308 1231 3380 jejunia
1252 3322 1308 3365 et
1336 3309 1403 3364 ab
1432 3309 1669 3364 Ecclesia
1692 3310 1983 3375 custodita,
2084 3301 2237 3370 Quod
2268 3322 2375 3361 non
2400 3317 2648 3377 oporteat
2672 3311 2983 3368 sacerdotes
3007 3321 3062 3368 et
3086 3313 3319 3371 clericos
3357 3317 3618 3371 fencrantes

407 3402 766 3473 superhiendo
808 3401 1052 3458 dissolvit
1082 3399 1301 3457 stimulo
1347 3414 1459 3455 suae
1506 3399 1848 3470 cogitationis
1883 3400 1986 3454 im—
2083 3406 2297 3458 usuras,
2328 3395 2407 3451 vel
2430 3412 2550 3469 quae
2584 3399 2835 3455 dicuntur
2883 3402 3159 3473 scscupla,
3201 3405 3255 3460 id
3299 3412 3400 3469 est,
3427 3414 3477 3458 et
3498 3417 3617 3457 sum-

404 3495 623 3564 ρυιευε,
663 3493 949 3549 anathema
985 3493 1073 3548 sit,
2081 3490 2224 3540 mam
2253 3487 2447 3558 capitis
2471 3498 2527 3545 et
2551 3490 2831 3547 dimidium
2861 3508 3090 3550 summa:
3110 3536 3126 3561 ,
3154 3498 3443 3568 percipere.

978 3583 1205 3640 CAPUT
1243 3582 1405 3639 LXX.
2620 3581 2846 3641 CAPUT
2874 3584 3113 3643 LXXVI.

474 3679 494 3749 (
523 3678 608 3731 Ea:
653 3676 877 3731 concilio
905 3676 1244 3742 Antiocheno,
1275 3691 1394 3729 can.
1424 3673 1476 3729 2.
1503 3672 1522 3747 )
1557 3674 1757 3730 Omnes
1784 3674 1877 3744 qui
1905 3674 1985 3728 in-
2150 3668 2260 3740 (Ex
2290 3672 2470 3726 eodem
2507 3675 2753 3740 concilia,
2776 3694 2895 3760 can.
2928 3679 3039 3750 l5.)
3070 3679 3232 3748 Quod
3265 3696 3368 3737 non
3413 3685 3616 3751 oporteat

404 3768 722 3841 grediuntur
749 3766 1035 3821 ecclesiam
1065 3765 1193 3830 Dei,
1220 3772 1278 3820 et
1318 3763 1632 3833 Scripturas
1665 3774 1852 3818 sacras
1887 3777 1980 3816 au-
2078 3760 2309 3829 amplius
2327 3771 2526 3831 praeter
2542 3778 2637 3819 eos
2664 3767 2753 3835 qui
2788 3770 3112 3840 regulariter
3132 3782 3378 3829 cantores
3398 3770 3612 3831 existunt,

403 3859 577 3924 diunt,
610 3872 711 3912 nec
734 3855 1133 3910 communicant
1179 3855 1232 3909 in
1279 3853 1524 3908 oratione
1570 3868 1692 3907 cum
1744 3851 1974 3922 populo,
2080 3850 2173 3918 qui
2199 3851 2344 3906 etde
2372 3852 2559 3909 codice
2585 3865 2810 3922 canunt,
2841 3860 2976 3915 alios
3006 3861 3060 3915 in
3096 3864 3363 3933 pulpitum
3394 3875 3615 3919 conscenc

403 3951 501 4006 sed
555 3960 655 4018 pro
699 3947 932 4018 quadam
980 3944 1392 4016 intemperantia
1442 3959 1502 3999 se
1550 3958 1581 3997 a
1628 3943 1978 4014 perceptione
2075 3942 2226 4010 dere,
2259 3945 2397 4000 etin
2421 3947 2648 4004 ecclesia
2674 3952 2923 4020 psallere.

402 4048 606 4097 sanctae
630 4036 1024 4094 communionis
1051 4043 1302 4091 avertunt
1330 4053 1342 4089 ε
1371 4033 1424 4089 bi
1455 4034 1521 4088 de
1548 4032 1783 4121 ecclesia
1801 4046 1977 4088 remo-
2391 4112 2401 4121 .
2602 4039 2831 4098 CAPUT
2861 4043 3126 4102 Lxxvu,

403 4127 898 4216 veantur,quaudiu
911 4121 1753 4216 perconfessionempmnitentize
1768 4120 1974 4179 fructus
2145 4124 2255 4199 (Ex
2291 4120 2471 4184 eodem
2515 4134 2757 4199 concilio,
2787 4150 2906 4190 can.
2933 4136 3003 4191 20
3023 4179 3036 4203 ,
3068 4139 3200 4193 dist.
3227 4139 3341 4211 95.)
3368 4134 3505 4206 Quod
3526 4150 3610 4189 non

402 4222 722 4287 ostendant,
757 4226 814 4275 et
847 4217 1100 4289 precibus
1135 4215 1521 4287 indulgentiam
1547 4222 1969 4284 consequantur.
2073 4225 2321 4287 oporteat
2367 4220 2653 4277 diaconum
2705 4239 2891 4279 coram
2941 4228 3266 4299 presbytero
3309 4223 3611 4291 sederc,sed

971 4307 1195 4365 CAPUT
1219 4305 1408 4362 LXXI.
2065 4303 2313 4374 iussione
2347 4312 2652 4382 presbyteri
2689 4313 2891 4368 sedeat.
2937 4314 3210 4374 Similiter
3245 4328 3418 4373 autem
3450 4323 3499 4370 et
3521 4313 3612 4367 dia-

472 4404 583 4477 (Ex
605 4405 784 4460 eodem
809 4401 1029 4458 concilio
1050 4441 1065 4467 ,
1085 4416 1206 4455 can.
1230 4399 1285 4465 5,
1311 4398 1365 4463 7,
1396 4413 1452 4468 q.
1485 4397 1563 4467 l.)
1601 4395 1658 4452 Si
1690 4395 1813 4466 quis
1843 4410 1971 4466 pre-
1996 4445 2049 4481 ῃ
2074 4412 2243 4453 conus
2283 4400 2336 4454 in
2366 4396 2583 4457 honore
2601 4404 2867 4459 habeatur
2898 4406 2968 4460 ab
2988 4408 3433 4481 obsequentibus.
3455 4406 3503 4460 id
3524 4412 3609 4467 est,

400 4499 606 4572 sbyter,
632 4506 726 4553 aut
759 4490 1041 4559 diaconus,
1063 4499 1118 4548 et
1160 4491 1384 4548 omnino
1424 4490 1649 4560 quilibet
1690 4504 1754 4543 ex
1800 4488 1966 4554 clero,
1996 4487 2047 4506 ¹¹
2075 4487 2440 4556 subdiaconis,
2471 4500 2523 4546 et
2553 4494 2804 4549 omnibus
2833 4495 3065 4552 clericis.
3282 4509 3287 4513 ‘

400 4590 713 4661 parochiam
741 4586 1016 4659 propriam
1047 4584 1325 4646 deserens,
1352 4581 1420 4636 ad
1444 4580 1604 4636 aliam
1633 4581 1966 4651 properavit,
2585 4583 2813 4642 CAPUT
2849 4586 3129 4645 Lxxvm,

401 4683 525 4736 dein
550 4682 772 4736 omnino
795 4678 1123 4749 demigrans,
1148 4677 1203 4732 iu
1240 4673 1345 4729 alia
1371 4673 1630 4743 parochia
1676 4687 1775 4742 per
1805 4672 1968 4726 multa
2147 4670 2255 4743 (Ea:
2280 4671 2459 4726 eodem
2486 4675 2730 4742 concilio,
2755 4694 2875 4732 can.
2906 4678 2998 4745 25,
3036 4682 3161 4734 dist.
3195 4682 3309 4752 95.)
3352 4680 3493 4746 Quod
3523 4690 3609 4732 non

401 4780 644 4839 tempora
688 4770 880 4823 nititur
920 4765 1218 4828 immorari,
1244 4761 1475 4820 ulterius
1499 4762 1699 4817 ibidem
1732 4775 1836 4815 non
1866 4761 1970 4816 mi-
2072 4770 2320 4831 oporteat
2345 4764 2704 4822 subdiaconos
2724 4782 2918 4837 panem
2945 4771 3094 4838 dare,
3118 4772 3206 4827 vel
3235 4772 3452 4829 calicem
3475 4771 3611 4827 benc-

399 4862 594 4916 nistrct
626 4880 640 4914 :
674 4861 905 4915 maxime
935 4858 981 4911 si
1011 4859 1223 4912 vocanti
1251 4872 1349 4912 suo
1372 4856 1653 4925 episcopo,
1675 4862 1730 4908 et
1759 4855 1969 4923 regredi
2073 4853 2273 4909 dicere.
2812 4900 2821 4909 .

398 4948 467 5003 ad
503 4946 779 5018 propriam
810 4946 1126 5017 parochiam
1162 4946 1546 5010 commonenti,
1571 4945 1793 5002 obedire
1841 4961 1971 5000 con-
2599 4926 2826 4985 CAPUT
2872 4929 3110 4989 LXXIX.

397 5041 698 5108 tempserit.
719 5037 873 5105 Quod
897 5037 943 5092 si
973 5038 1029 5092 in
1053 5038 1158 5093 hac
1176 5034 1667 5104 indiseiplinatione
1687 5036 1967 5105 perdurat,
2144 5033 2253 5104 (Ea:
2274 5036 2454 5089 eodem
2483 5037 2724 5104 concilio,
2742 5056 2863 5094 can.
2887 5039 2978 5106 96,
3002 5042 3128 5097 diu.
3160 5042 3275 5114 60.)
3301 5042 3447 5111 Quod
3467 5040 3513 5095 hi
3533 5035 3608 5106 qui

393 5145 423 5183 a
447 5127 747 5183 ministerio
770 5127 945 5182 modis
967 5126 1217 5182 omnibus
1249 5134 1620 5192 removeatur,
1651 5127 1725 5181 ita
1758 5134 1816 5181 ut
1874 5141 1970 5181 ne-
2071 5137 2178 5177 non
2212 5132 2339 5178 sunt
2382 5126 2450 5181 ab
2492 5127 2761 5198 episcopis
2807 5130 3065 5195 ordinati.
3110 5141 3223 5187 tam
3271 5134 3325 5187 in
3365 5127 3603 5188 ecclesiis.

391 5234 661 5290 quaquam
690 5217 868 5273 locum
896 5217 1259 5273 restitutionis
1297 5216 1557 5272 inveniat.
1603 5217 1661 5272 Si
1706 5232 1838 5273 vero
1868 5232 1968 5288 pro
2070 5226 2232 5281 quam
2259 5212 2312 5267 in
2338 5214 2606 5282 domibus,
2632 5218 2944 5275 exorcizare
2966 5234 3071 5274 non
3095 5221 3326 5291 possin'.

391 5311 495 5364 bac
547 5324 711 5366 causa
755 5307 1071 5363 damnatum
1100 5307 1236 5363 alter
1258 5307 1542 5378 episcopus
1570 5309 1848 5378 suscipiat,
1874 5310 1962 5365 hic
2619 5310 2847 5369 CAPUT
2875 5312 3086 5369 LXXX.

388 5406 552 5461 etiam
580 5420 612 5460 a
638 5402 912 5460 communi
948 5409 1261 5458 coerceatur
1286 5402 1493 5474 synodo
1513 5443 1527 5467 ,
1567 5401 1714 5456 velut
1737 5402 1829 5470 qui
1873 5417 1961 5456 ec-
2143 5403 2252 5475 (Ea:
2283 5405 2461 5459 eodem
2499 5404 2744 5474 concilio,
2775 5425 2892 5463 can.
2922 5409 3012 5477 28,
3034 5409 3160 5463 dist.
3183 5408 3296 5481 42.)
3334 5404 3477 5475 Quod
3515 5413 3605 5455 non

388 5496 687 5553 clesiastica
710 5496 1004 5553 constituta
1033 5494 1310 5552 dissolvat.
2068 5504 2316 5564 oporteat
2345 5495 2399 5550 in
2425 5496 2716 5553 domiciliis
2742 5498 2968 5565 divinis,
2994 5498 3043 5555 id
3070 5507 3178 5565 est,
3202 5499 3256 5553 iu
3291 5492 3488 5552 Domini
3528 5500 3605 5544 ec-

940 5586 1167 5645 CAPUT
1201 5583 1409 5641 LXXII.
1543 5622 1547 5626 μ
1872 5604 1876 5608 Α
2065 5587 2246 5643 etesiis
2271 5587 2536 5653 convivia,
2555 5604 2675 5660 qua:
2697 5599 2961 5646 vocantur
2980 5605 3180 5662 agaprc,
3206 5588 3340 5652 ﬁeri,
3366 5602 3461 5641 nec
3482 5583 3600 5636 intra

457 5674 570 5749 (Ex
605 5678 781 5731 eodem
826 5681 1071 5750 εοητιιιο,
1091 5694 1209 5732 can.
1235 5677 1289 5742 6,
1319 5677 1403 5740 ll,
1429 5691 1482 5746 q.
1516 5676 1595 5747 5.)
1646 5673 1704 5730 Si
1752 5676 1875 5746 quis
1926 5691 1956 5732 a
2067 5677 2281 5733 domum
2311 5677 2405 5733 Dei
2435 5680 2738 5748 comedere,
2770 5682 2854 5738 vel
2884 5682 3158 5738 accubitus
3191 5686 3445 5735 sternere.
