3884 6192
324 349 425 405 881

859 466 1087 525 CAPUT
1138 470 1374 528 LXXXI.

399 548 508 623 (Ea:
547 552 723 606 eodem
768 555 1011 621 concilio,
1055 574 1173 611 can.
1223 560 1339 632 42.)
1390 560 1544 629 Quod
1577 581 1684 620 non
1739 582 1901 636 opor-

902 354 1179 413 REGULA
1218 360 1711 422 CANONICORUM
1747 369 1836 423 AB
1873 371 2232 432 AMALABIO
2269 377 2646 437 COLLECTA.
2688 417 2756 426 —
2794 387 2920 443 LIB;
2962 392 3003 447 I.

3471 405 3599 461 Βάτζῖ

1932 486 1978 545 Α
2008 493 2261 559 scopatus
2289 488 2374 542 vel
2422 489 2707 549 clericatus
2755 497 2838 551 sui
2887 514 3065 575 agros,
3113 506 3208 562 vcl-
3244 525 3583 586 quaecunque

2004 574 2239 641 praedia,
2286 579 2504 635 nomine
2548 598 2647 638 suo
2694 599 3045 660 comparant,
3091 604 3348 669 tanquam
3395 574 3574 662 rerum

2818 644 2836 658 ι
2898 644 2903 645 ⁷
2954 644 3005 646 “
3029 644 3045 660 1
3094 644 3348 669 "u‘jwww
3395 644 3573 662 ΙυΙυΙΙΙ

324 649 438 697 teat
468 644 827 717 sacerdotem,
857 645 944 700 vel
974 647 1231 703 clericum
1277 661 1474 720 praeter
1490 653 1792 724 jussionem
1818 660 1901 715 sui
2002 663 2407 725 Dominicarum
2435 671 2731 733 invasionis
2755 680 2982 739 crimine
3011 694 3320 758 teneantur,
3348 697 3451 751 nisi
3484 702 3589 754 ad-

324 732 591 758 -A..a:c-:-
619 734 886 758 __..l!-:--:
2137 756 2144 758 Α
2182 757 2186 758 ,

321 732 594 805 pontiﬁcis
616 734 909 806 proﬁcisci.

846 827 1073 886 CAPUT
1112 830 1368 887 LXXXII.

2002 756 2193 812 moniti
2229 759 2283 814 in
2318 762 2543 820 ecclesia
2572 769 2758 825 eadem
2794 772 2909 842 ipsa
2937 780 3282 839 contulerint.
3307 756 3371 841 VSi
3395 803 3572 850 autem

1998 841 2133 938 ipsis
2154 849 2368 918 proprie
2391 852 2594 923 aliquid
2621 841 2946 920 liberalitate
2968 865 3214 938 alicujus,
3248 874 3332 928 vel

390 915 499 987 (Ea:
527 918 707 974 eodem
734 921 975 987 concilio,
1007 940 1125 979 can.
1152 924 1267 997 44.)
1309 927 1463 993 Quod
1513 943 1619 983 non
1649 942 1900 1001 oporteat
1998 931 2149 988 sione
2177 915 2512 1008 cognationis
2536 946 3049 1016 obvenerit,l'aciant
3069 915 3359 1033 iride’quod
3384 983 3591 1026 eorum.

392 1009 525 1033 ωλι
554 1010 803 1033 “mnu”
836 1014 898 1033 _,
1078 1031 1087 1033 Α
2197 1027 2208 1033 -

315 1009 527 1079 ingredi
552 1010 806 1068 mulieres
832 1014 899 1068 ad
927 1015 1116 1091 altare.

834 1103 1060 1161 CAPUT
1097 1106 1378 1162 LXXXIII.

1994 1027 2269 1094 proposito
2299 1035 2566 1102 congruit.
2605 1037 2756 1105 Quod
2794 1043 2841 1098 si
2872 1060 2905 1099 a
2935 1062 3034 1103 suo
3062 1027 3339 1122 proposito
3369 1069 3573 1119 retror-

1993 1127 2113 1169 sum
2160 1120 2583 1181 exorbitaverint
2610 1169 2625 1194 ,
2664 1130 2867 1190 honore
2911 1120 3281 1205 eccltasiastico
3330 1148 3585 1223 indigni,

387 1192 513 1264 (Ex
540 1194 720 1249 eodem
750 1196 997 1262 concilio,
1029 1215 1148 1252 can.
1183 1198 1270 1265 54,
1299 1201 1423 1255 dist.
1448 1202 1501 1256 5.
1526 1201 1546 1274 )
1585 1203 1738 1269 Quod
1784 1222 1891 1261 non
1993 1214 2251 1276 tanquam
2280 1215 2492 1282 reprobi
2511 1192 2842 1287 judicentur.

311 1293 565 1355 oporteat
624 1287 972 1352 sacerdotes,
1020 1296 1114 1343 aut
1162 1290 1426 1356 clericos,
1483 1293 1891 1365 quibuscunque

311 1380 638 1450 spectaculis
666 1381 718 1435 in
747 1382 946 1447 scenis,
977 1391 1069 1437 aut
1098 1384 1153 1439 in
1200 1386 1402 1456 nuptiis
1451 1387 1717 1445 interesse
1749 1412 1762 1444 :
1793 1391 1889 1447 sed

307 1479 597 1539 antequam
622 1471 896 1542 thymelici
923 1472 1317 1543 ingrediantur,
1334 1492 1622 1548 exsurgere
1641 1493 1734 1533 eos
1759 1494 1886 1534 con-

308 1560 472 1623 venit,
501 1567 663 1630 atque
686 1562 812 1616 inde
837 1562 1132 1618 discedere.
1159 1563 1271 1619 Nec
1289 1573 1536 1636 oporteat
1555 1569 1882 1634 sacerdotes,

302 1655 396 1701 aut
424 1648 669 1713 clericos,
700 1667 766 1705 ex
788 1651 997 1708 collatis
1019 1653 1103 1708 vel
1129 1657 1611 1714 comessationibus
1634 1660 1883 1716 convivia

300 1736 599 1793 celebrare.
626 1738 738 1795 Iloc
767 1751 948 1813 autem
982 1759 1083 1799 nec
1110 1744 1263 1801 laicis
1293 1762 1453 1816 posse
1488 1764 1805 1821 congruere.

822 1832 1048 1890 CAPUT
1074 1835 1356 1892 LXXXIV.

373 1914 483 1986 (Ea:
510 1918 687 1972 eodem
717 1921 958 1986 concilio,
986 1940 1105 1978 can.
1137 1924 1228 1990 54,
1256 1926 1379 1981 dist.
1410 1926 1525 2000 44.)
1571 1928 1721 1996 Quod
1768 1946 1873 1985 non

292 2015 544 2074 oporteat
581 2008 635 2062 in
665 2010 914 2067 domibus
944 2012 1243 2071 oblationes
1274 2016 1535 2075 celebrari
1571 2019 1639 2076 ab
1667 2020 1876 2091 episco-

291 2098 377 2165 pis
403 2100 487 2153 vel
514 2102 868 2173 presbyteris.

399 2191 410 2202 ‘
812 2193 1040 2251 CAPUT
1075 2197 1338 2256 LXXXV.

361 2276 471 2345 (Ea:
494 2280 714 2334 concilio
743 2280 1176 2356 Chalcedonensi,
1194 2291 1275 2344 tit.
1307 2308 1438 2357 Lvu,
1456 2310 1574 2348 can.
1603 2295 1658 2360 7,
1685 2314 1772 2367 qu.
1791 2296 1869 2369 3.)

284 2363 392 2432 Qui
436 2369 602 2424 semel
651 2372 705 2429 in
743 2373 891 2429 clero
920 2377 1157 2448 deputati
1187 2388 1330 2445 sunt,
1359 2391 1453 2437 aut
1480 2363 1869 2442 monachorum

286 2456 455 2544 vitam
502 2464 910 2531 expetiverunt,
942 2470 1257 2537 statuimus,
1288 2489 1461 2544 neque
1508 2477 1574 2530 ad
1621 2479 1865 2535 militiam

283 2534 463 2619 neque
493 2553 560 2606 ad
596 2554 912 2626 dignitatem
946 2560 1181 2630 aliquam
1233 2534 1419 2622 venire
1465 2569 1792 2626 mundanam
1848 2591 1859 2626 :

286 2650 385 2693 aut
416 2642 518 2698 hoc
547 2652 838 2714 tentantes,
865 2660 920 2706 et
946 2668 1052 2708 non
1083 2665 1303 2726 agentes
1330 2659 1734 2729 paenitentiam,
1755 2680 1863 2734 quo

2587 1308 2813 1368 CAPUT
2851 1315 2963 1372 XC.

2061 1384 2169 1456 (Ea:
2193 1392 2412 1446 concilio
2441 1395 2712 1465 Africano,
2741 1419 2859 1457 can.
2890 1404 2943 1471 7,
2973 1408 3094 1465 dist.
3128 1411 3242 1487 44.)
3276 1416 3346 1472 Ut
3379 1419 3577 1480 clerici

1986 1475 2177 1532 edendi
2209 1482 2291 1534 vel
2319 1484 2531 1541 bibendi
2560 1504 2723 1546 causa
2748 1495 3002 1554 tabernas
3032 1516 3139 1557 non
3166 1475 3562 1580 ingrediantur,

1984 1567 2085 1624 nisi
2111 1575 2559 1644 peregrinationis
2586 1587 2907 1644 necessitate
2928 1596 3215 1665 compulsi.

2574 1695 2801 1755 CAPUT
2840 1702 2974 1758 XCI.

1904 1817 1950 1876 Β
1998 1865 2030 1879 υ
2050 1774 2361 1879 (lix-eodeni
2379 1786 2625 1879 concilio,
2655 1807 2774 1847 can.
2809 1794 2924 1867 21.)
2951 1798 3256 1872 Epigonius
3276 1809 3575 1879 episcopus

1980 1865 2217 1924 dixitzln
2237 1872 2423 1930 multis
2436 1879 2685 1936 conciliis
2695 1883 2800 1939 hoc
2811 1865 3080 1943 statutum
3089 1900 3197 1957 est,
3223 1865 3388 1951 etiam
3410 1865 3555 1956 nunc

1980 1955 2520 2021 hoccontirmandum
2550 1978 2634 2026 est
2658 1987 2690 2026 a
2709 1983 2889 2030 vestra
2908 1955 3219 2047 prudentia,
3244 1955 3548 2046 beatissimi

1978 2050 2192 2119 fratres,
2225 2064 2289 2111 ut
2322 2058 2585 2118 clericum
2631 2066 2864 2123 alienum
2908 2072 3089 2130 nullus
3129 2078 3232 2133 sibi
3274 2082 3553 2151 praeripiat

1974 2142 2278 2215 episcopus,
2292 2159 2491 2218 praeter
2507 2152 2625 2222 ejus
2641 2158 2925 2215 arbitrium
2940 2164 3095 2235 cujus
3110 2142 3548 2231 fueritclericus.

2539 2263 2768 2323 CAPUT
2806 2270 2964 2328 XCII.

2042 2347 2151 2417 (Ea:
2179 2351 2430 2407 decretaii
2462 2353 2652 2413 Leonis
2690 2376 2870 2431 papa,
2904 2368 3055 2435 epist.
3099 2369 3160 2436 I,
3205 2389 3251 2426 ς.
3283 2373 3363 2447 4.)
3414 2376 3551 2432 Illud

1968 2438 2129 2495 etiam
2156 2443 2408 2501 duximus
2437 2455 2902 2522 prmmonendum,
2931 2466 2990 2514 ut
3018 2461 3158 2516 sicut
3191 2480 3298 2520 non
3326 2482 3445 2534 suo,
3474 2470 3552 2525 ita

1967 2544 2069 2583 nec
2096 2530 2272 2589 alieno
2295 2538 2517 2594 nomine
2543 2540 2740 2611 aliquis
2759 2546 3078 2604 clericorum
3105 2567 3363 2612 exercere
3386 2559 3549 2616 fenus

1964 2626 2212 2676 attentet.
2245 2624 2503 2685 Indecens
2529 2632 2675 2687 enim
2711 2643 2796 2691 est
2823 2638 3028 2695 crimen
3058 2657 3214 2698 suum
3242 2650 3545 2706 commodis

344 2732 358 2745 ,
827 2708 836 2714 -
1117 2708 1301 2726 υ”“’”
1332 2708 1734 2765 '“"""'j"“'"’
1755 2708 1861 2769 “¹“,“’
1961 2708 2153 2768 alienis
2188 2714 2516 2786 impendere.
2542 2720 2721 2779 Fenus
2750 2735 2929 2783 autem
2962 2732 3064 2787 hoc
3096 2734 3269 2790 solum
3298 2739 3551 2808 aspicere

280 2747 465 2788 minus
492 2738 713 2794 redeant
738 2743 806 2796 ad
831 2742 935 2799 hoc
965 2748 1106 2816 quod
1151 2758 1372 2820 propter
1419 2751 1704 2810 Dominum
1751 2773 1861 2828 pn-
1960 2808 2013 2828 Δ,
2051 2816 2303 2828 Ann“-
2589 2827 2595 2828 ,
2719 2821 2730 2828 .
2910 2818 2925 2828 .
2974 2820 3026 2828 ..
3173 2824 3184 2828 -
3286 2826 3294 2828 μ

280 2823 453 2879 mitus
491 2827 784 2899 elegerunt,
810 2836 1280 2895 anathematizari.

793 2923 1020 2983 CAPUT
1060 2929 1342 2989 LXXXVI.

352 3004 461 3076 (Ea:
502 3011 680 3065 eodem
727 3016 970 3084 concilio,
996 3021 1075 3073 tit.
1103 3039 1178 3088 ix,
1206 3042 1322 3080 can.
1356 3027 1408 3095 9,
1446 3029 1533 3096 II,
1560 3049 1649 3103 qu.
1679 3032 1753 3108 ί.)
1795 3035 1853 3091 Si

271 3098 400 3167 quis
425 3099 652 3158 clericus
678 3105 938 3165 adversus
959 3110 1213 3169 clericum
1242 3116 1407 3174 habet
1431 3098 1849 3194 negotium,'non

271 3188 493 3244 deserat
519 3193 829 3266 episcopum
856 3203 1154 3272 proprium,
1186 3215 1242 3260 et
1284 3207 1353 3263 ad
1399 3188 1683 3269 stecularia
1723 3231 1848 3286 per-

268 3282 673 3351 cnrratjudicia
706 3305 717 3338 :
745 3288 839 3342 sed
871 3291 1024 3359 prius
1055 3294 1196 3350 actio
1233 3299 1523 3357 ventiletur
1550 3305 1692 3379 apud
1724 3282 1847 3377 epi-

268 3386 495 3442 scopum
525 3377 833 3446 proprium,
863 3382 946 3436 vel
991 3394 1138 3441 certe
1183 3391 1411 3446 consilio
1455 3377 1695 3464 ejusdem
1732 3400 1847 3469 epi-

265 3462 443 3531 scopi,
465 3467 603 3534 apud
630 3484 765 3538 quos
799 3480 1037 3545 utraeque
1064 3486 1250 3547 partes
1275 3462 1560 3550 voluerint,
1580 3462 1843 3553 judicium

263 3553 603 3610 obtinebunt.
639 3556 695 3614 Si
724 3561 846 3629 quis
871 3576 1051 3622 autem
1077 3577 1273 3638 praeter
1300 3570 1414 3627 bree
1442 3572 1653 3641 fecerit,
1680 3593 1845 3634 cano-

262 3644 407 3699 nicis
452 3650 883 3720 correptionibus
933 3656 1248 3726 subjacebit.
1302 3662 1455 3730 Quod
1515 3666 1565 3721 si
1609 3668 1841 3727 clericus

260 3736 432 3792 habet
482 3756 701 3797 causam
763 3747 1023 3805 adversus
1068 3753 1376 3823 episcopum
1412 3759 1722 3829 proprium,
1757 3762 1841 3818 vel

259 3827 525 3883 adversus
557 3831 808 3901 alterum,
837 3838 975 3908 apud
1002 3842 1264 3911 synodum
1306 3827 1600 3916 provinciae
1621 3849 1867 3919 judice-.

259 3924 369 3971 tur.
399 3918 553 3987 Quod
578 3924 623 3979 si
651 3925 910 3984 adversus
934 3930 1175 4000 ejusdem
1207 3937 1499 4005 provinciae
1526 3918 1839 4013 metropoli-

259 4015 450 4064 tanum
486 4012 770 4085 episcopus
798 4018 881 4072 vel
912 4019 1141 4077 clericus
1168 4024 1332 4080 habet
1368 4028 1663 4097 querelam,
1687 4012 1837 4101 petat

255 4108 354 4152 aut
402 4101 688 4168 primatem
739 4106 1056 4177 diwceseos,
1101 4122 1195 4167 aut
1251 4115 1433 4171 sedem
1475 4118 1636 4191 regiae
1689 4122 1837 4178 urbis

254 4187 885 4267 Coristantinopolitanze,
910 4209 965 4255 et
988 4206 1126 4274 apud
1150 4205 1325 4274 ipsum
1343 4187 1636 4283 judicetur.
1696 4274 1699 4277 γ

756 4289 981 4350 CAPUT
1017 4295 1323 4355 LXXXVII.

1874 3161 1924 3226 C

1959 2808 2014 2853 et
2051 2816 2308 2862 exercere
2350 2808 2627 2878 debemus,
2676 2821 2738 2868 ut
2784 2818 2927 2886 quod
2974 2820 3063 2877 hic
3112 2824 3550 2885 misericorditer

1958 2891 2268 2962 tribuimus,
2291 2897 2361 2952 ab
2384 2914 2450 2955 eo
2477 2900 2727 2971 Domino,
2742 2907 2834 2976 qui
2862 2910 3234 2981 multipliciter
3253 2924 3308 2971 et
3337 2918 3390 2973 in
3418 2934 3538 2989 per-

1954 2993 2175 3057 petuum
2204 3006 2457 3050 mansura
2487 2998 2768 3067 retribuet,
2799 3005 3040 3074 recipere
3065 3006 3363 3066 valeamus.

2521 3110 2747 3170 CAPUT
2776 3115 2953 3172 XCIII.

2024 3194 2134 3268 (Ea:
2153 3198 2403 3256 decretali
2426 3202 2625 3259 Celasii
2650 3224 2799 3278 papa:
2827 3211 2975 3281 epist.
3009 3229 3047 3279 ι,
3071 3228 3120 3269 c.
3152 3215 3234 3278 I5,
3266 3217 3386 3273 dist.
3415 3218 3530 3291 88.)

1948 3286 2299 3361 Consequens
2324 3292 2425 3349 fuit
2454 3303 2512 3349 ut
2538 3295 2626 3351 illa
2655 3312 2868 3369 quoque
2892 3318 3011 3371 qum
3038 3305 3104 3360 de
3131 3305 3311 3363 Piceni
3352 3286 3516 3380 parti;

1945 3378 2048 3435 bus
2072 3396 2243 3449 nuper
2267 3383 2335 3436 ad
2365 3398 2463 3439 nos
2489 3385 2652 3441 missa
2697 3389 2887 3445 relatio
2932 3394 3218 3460 nuntiavit,
3250 3378 3525 3457 nec—nunc

1944 3471 2317 3536 praetereunda
2340 3480 2670 3541 putaremus,
2698 3477 2751 3532 id
2780 3488 2882 3544 est,
2911 3480 3174 3549 plurimos
3196 3484 3521 3543 clericorum

1944 3560 2399 3628 negotiationibus
2441 3563 2741 3624 inhonestis
2786 3577 2840 3625 et
2877 3570 3043 3626 lucris
3069 3575 3313 3644 turpibus
3339 3577 3523 3634 immi-

1942 3665 2093 3716 nere,
2116 3650 2262 3707 nullo
2286 3654 2490 3723 pudore
2517 3668 2801 3717 cernentes
2823 3665 3188 3736 evangelicam
3210 3666 3519 3738 lectionem,

1941 3755 2045 3811 qua
2075 3742 2189 3814 ipse
2209 3744 2471 3803 Dominus
2506 3758 2690 3806 noster
2715 3753 3082 3824 negotiatores
3111 3769 3141 3809 e
3167 3759 3368 3829 templo
3396 3775 3519 3815 ver-

1938 3835 2159 3895 beratos
2189 3837 2416 3909 ﬂagellis
2439 3842 2701 3898 asseritur
2727 3846 2999 3915 expulisse
3022 3846 3234 3920 (Matth.
3267 3835 3383 3922 2i),
3416 3867 3523 3907 nec

1937 3924 2181 3996 Apostoli
2220 3930 2383 3984 verba
2421 3931 2742 4000 recolentes,
2768 3934 2964 4006 quibus
2995 3938 3073 3993 ait
3109 3956 3124 3992 :
3159 3938 3328 3994 Nemo
3378 3942 3518 3995 mili-

1937 4026 2055 4072 tans
2070 4018 2453 4092 Deo,implicat
2475 4040 2529 4077 se
2552 4026 2768 4094 negotiis
2795 4028 3138 4084 stacularibus
3162 4028 3247 4102 (ΙΙ
3263 4029 3397 4085 Tim.
3420 4032 3513 4103 tt);

1936 4105 2277 4163 Psalmistam
2314 4125 2527 4181 quoque
2556 4112 2722 4168 David
2751 4117 2913 4170 surda
2953 4117 3351 4174 dissimulantes
3381 4136 3513 4176 aure

1935 4203 2245 4252 cantantem
2272 4216 2285 4252 :
2323 4199 2585 4264 Quoniam
2616 4218 2719 4256 non
2748 4205 2964 4273 cognovi
3005 4208 3399 4275 negotiationes,
3429 4211 3503 4263 ἰη-

1933 4287 2101 4341 troibo
2124 4288 2193 4341 ad
2211 4291 2465 4358 potentias
2493 4290 2704 4344 Domini
2732 4291 2903 4363 (Psal.
2935 4294 3085 4366 Lxx).
3119 4295 3348 4353 Proinde
3403 4299 3504 4353 Ilu-

327 4371 438 4443 (Ex
464 4376 644 4429 eodem
673 4381 914 4447 concilio,
932 4402 1051 4440 can.
1080 4388 1169 4453 20,
1201 4390 1322 4446 dist.
1361 4393 1473 4465 7I.)
1500 4394 1739 4453 Clericos
1776 4398 1828 4453 in
1925 4373 2227 4490 Ῐίξδθθῖξαξί
2257 4385 2350 4490 θυξ
2373 4377 2442 4432 ab
2471 4377 3321 4490 iniiigfiffffﬁmfiAfluifflilms
3344 4402 3507 4490 ηοξθ-

327 4463 475 4490 μιῘιιΑξιι
508 4467 744 4490 ...Α-ξ-.-μ
799 4481 810 4490 .
966 4476 977 4488 α
1060 4486 1068 4490 .
1107 4479 1119 4490 α
1403 4484 1413 4490 .
1483 4487 1492 4490 -
1937 4471 2094 4490 uno-On
2139 4471 2313 4490 οΙι-ιιΑ-
2355 4480 2442 4490 ...-
2496 4481 2522 4490 Α

248 4463 478 4519 ecclesia
506 4467 875 4529 ministrantes
893 4516 907 4540 ,
936 4476 1076 4532 sicut
1098 4479 1212 4550 jam
1242 4463 1643 4554 constituimus,
1676 4490 1729 4545 in
1756 4490 1833 4547 al-
1858 4498 1910 4556 D
1936 4463 2465 4556 ﬁméhﬂineedum’
2486 4475 2549 4556 rei
2576 4468 2645 4522 ab
2674 4470 2923 4526 omnibus
2956 4471 3242 4541 cujusubel
3268 4477 3506 4547 negmia-

247 4552 423 4607 terius
451 4554 688 4613 civitatis
714 4561 995 4618 ecclesiam
1022 4575 1257 4626 statutos
1292 4569 1410 4626 ﬁeri
1439 4590 1545 4628 non
1588 4552 1822 4647 oportet,

246 4641 344 4696 sed
366 4652 651 4703 contentos
673 4665 813 4716 esse,
836 4652 888 4706 in
913 4656 1107 4725 quibus
1120 4658 1186 4713 ab
1212 4658 1364 4715 initio
1389 4641 1700 4720 ministrare
1713 4682 1825 4722 me-

244 4742 507 4797 ruerunt,
541 4742 782 4809 exceptis
815 4743 941 4812 illis,
969 4747 1059 4816 qui
1088 4749 1335 4819 proprias
1360 4752 1671 4810 amittentes
1693 4773 1823 4826 pro-

242 4822 474 4890 vincias,
499 4842 564 4882 ex
580 4833 898 4890 necessitate
911 4838 977 4891 ad
991 4839 1148 4894 aliam
1165 4842 1449 4898 ecclesiam
1468 4847 1816 4903 transierunt.

739 4922 963 4982 CAPUT
999 4926 1330 4987 LXXXVIII.

313 5002 425 5071 (Ea:
447 5007 624 5062 eodem
648 5012 1024 5081 concilio,can.
1057 5018 1150 5087 22,
1175 5022 1260 5088 I2,
1293 5040 1347 5094 q.
1382 5024 1459 5098 2.)
1503 5026 1617 5083 Non
1657 5028 1818 5085 licere

241 5090 461 5150 clericis
488 5108 606 5165 post
631 5101 836 5158 obitum
880 5107 962 5161 sui
992 5110 1250 5183 episcopi,
1280 5090 1368 5171 res
1398 5090 1463 5172 ad
1502 5135 1622 5174 eum
1654 5121 1818 5191 perti-

240 5192 436 5239 nentes
465 5187 718 5257 diriperc,
751 5195 891 5250 sicut
933 5198 1168 5269 antiquis
1219 5220 1431 5274 quoque
1473 5217 1559 5263 est
1596 5187 1818 5263 canoni-

238 5270 340 5327 bus
385 5277 759 5335 constitutum.
787 5283 937 5352 Quod
993 5289 1038 5343 si
1084 5290 1185 5346 hoc
1235 5270 1415 5349 lacere
1468 5299 1810 5365 tentaverint,

1935 4552 2100 4607 tionis
2124 4552 2353 4623 ingeniis
2379 4555 2776 4627 cupiditateque
2799 4562 3139 4629 cessandum,
3171 4573 3263 4617 aut
3290 4565 3341 4618 in
3374 4581 3510 4634 quo-

1933 4658 2146 4714 cunque
2185 4646 2353 4716 gradu
2389 4647 2499 4701 sint
2522 4649 2702 4719 positi,
2734 4666 2855 4705 mox
2886 4668 2915 4707 a
2946 4654 3286 4710 ctericalibus
3315 4658 3506 4714 ciliciis

1931 4739 2204 4794 abstinere
2229 4750 2511 4810 cogantur,
2527 4741 2783 4812 quoniam
2813 4745 3005 4801 domus
3035 4746 3127 4803 Dei
3161 4750 3350 4803 domus
3377 4767 3498 4806 ora-

1930 4828 2092 4884 tionis
2117 4838 2171 4885 et
2200 4845 2320 4885 esse
2348 4829 2509 4886 debet
2540 4840 2594 4888 et
2623 4832 2728 4889 dici
2745 4874 2761 4900 ,
2788 4850 2855 4890 ne
2880 4834 3091 4893 olllcina
3118 4840 3498 4911 negotiationis

1926 4930 1981 4977 et
2004 4917 2259 4990 spelunca
2282 4921 2460 4992 potius
2495 4923 2566 4978 sit
2597 4922 2865 4978 latronum
2896 4925 3109 4998 (Matth.
3140 4928 3274 4999 XXI).

2487 5031 2713 5089 CAPUT
2749 5032 2931 5089 XCIV.

1992 5125 2329 5196 (Excerpmm
2357 5142 2421 5179 ex
2446 5125 2659 5196 epistola
2693 5125 2753 5182 S.
2786 5126 3004 5183 Hieron.
3032 5129 3100 5182 nd
3144 5129 3493 5200 Nepotianum

1918 5216 1983 5270 de
2023 5215 2139 5269 Vita
2169 5215 2520 5286 c'ericorum.)
2567 5214 2710 5271 Petis
2737 5233 2767 5271 a
2804 5233 2923 5283 me,
2946 5217 3245 5290 Nepotiane
3283 5220 3492 5276 charis—

1916 5305 2074 5368 sime,
2102 5303 2297 5357 litteris
2340 5306 2746 5373 transmarinis,
2776 5318 2832 5361 et
2873 5306 3063 5362 crebro
3099 5309 3257 5378 petis,
3290 5316 3346 5361 ut
3393 5308 3489 5362 tibi

1915 5393 2063 5447 brevi
2091 5391 2361 5447 volumine
2383 5393 2620 5463 digeram
2657 5407 2923 5467 praecepta
2964 5399 3099 5453 bene
3147 5396 3392 5461 vivendi;
3432 5406 3517 5479 ct‘

1914 5496 2019 5551 qua
2053 5483 2261 5538 ratione
2300 5484 2346 5537 is
2373 5484 2486 5553 qui,
2519 5486 2699 5540 saeculi
2731 5488 2923 5542 militia
2956 5485 3233 5546 derelicta,
3259 5483 3342 5537 vel
3373 5500 3485 5538 mn-

1912 5573 2117 5627 nacbus
2147 5573 2373 5642 crept-rit
2419 5588 2537 5628 esse
2591 5574 2673 5629 vel
2730 5575 2979 5637 clericus,
3021 5582 3227 5627 rectum
3280 5572 3480 5628 Christi

1909 5661 2178 5715 tramitem
2212 5670 2410 5726 teneat,
2441 5678 2505 5717 ne
2540 5662 2608 5717 ad
2632 5663 2843 5717 diversa
2870 5663 3120 5716 vitiorum
3159 5662 3479 5719 diverticula

1907 5752 2147 5822 rapiatur
2198 5751 2355 5806 lIln'd.
2380 5762 2491 5821 post
2515 5752 2722 5825 multa.)
2747 5752 2869 5810 Scio
2885 5754 3099 5824 quidem
3127 5754 3193 5810 ab
3215 5757 3479 5811 avunculo

237 5363 503 5432 graduum
532 5384 751 5427 suorum
782 5378 1021 5444 pericqu
1046 5380 1413 5449 subjacebunt.

752 5466 978 5525 CAPUT
1012 5471 1298 5529 LXXXIX.

306 5545 437 5617 (Ex
478 5555 696 5610 concilio
761 5557 1007 5634 Carthag.
1055 5583 1173 5619 can.
1229 5566 1362 5636 δὲ.)
1416 5568 1549 5623 Item
1611 5570 1812 5639 placuit

236 5647 293 5691 ut
324 5639 587 5713 episc0pi,
621 5652 939 5722 presbyteri,
970 5655 1204 5721 diaconi,
1232 5657 1313 5712 vel
1361 5658 1666 5729 quicunque
1702 5661 1807 5718 cle-

238 5728 356 5798 rici,
384 5735 475 5801 qui
504 5737 634 5791 nihil
674 5739 932 5801 habentes
971 5745 1311 5815 ordinantur,
1342 5756 1393 5804 et
1422 5728 1661 5822 tempore
1689 5751 1803 5821 (Ψί-
