3884 6192
391 355 498 412 885

1413 342 1817 398 AMALARIUS
1852 341 2264 401 PRESBYTER
2303 345 2662 402 METENSlS.
3492 358 3570 412 ssi

393 479 488 524 tuo
511 468 573 522 Β.
609 463 928 525 lleliodoro,
969 456 1062 528 qui
1102 470 1244 510 nunc
1272 454 1513 524 pontifex
1541 453 1742 510 Christi
1773 463 1888 519 est,
1917 461 1972 508 te
2000 456 2052 515 Α
2075 455 2222 512 solus
2243 458 2503 524 introeas,
2528 459 2771 527 talesque
2813 458 3008 512 habeto
3043 461 3225 525 socios,
3255 477 3452 531 quorum
3477 485 3574 524 con.

392 573 449 618 ct
494 559 746 618 didicisse
791 567 911 624 quae
953 557 1138 605 sancta
1185 555 1331 613 sunt,
1359 555 1414 602 et
1457 546 1700 616 quotidie
1737 547 1967 609 discere,

393 664 747 720 normamque
775 649 899 702 vita:
924 644 1042 714 ejus
1086 643 1393 712 exemplum
1437 642 1642 696 habere
1685 640 1967 694 virtutum.

393 748 500 803 Sed
529 755 584 800 et
605 750 810 804 nostra,
842 738 1239 809 qualiacunque
1263 742 1406 800 sunt,
1437 733 1682 804 suscipe;
1734 742 1790 786 et
1817 731 1970 785 libel-

392 840 499 892 lum
535 837 680 890 hunc
708 831 892 887 libello
924 829 1068 884 illius
1099 826 1372 897 copulato,
1398 834 1457 879 ut
1486 841 1610 880 cum
1639 824 1730 878 ille
1761 833 1814 878 te
1861 837 1970 878 mo-

391 931 624 984 nachum
653 924 944 988 erudierit,
978 923 1068 977 hic
1098 921 1354 976 clericum
1388 919 1577 975 doceat
1627 935 1747 974 esse
1793 917 1973 988 perfe—

390 1029 557 1075 ctum.
585 1017 752 1088 Igitur
776 1015 1009 1071 clericus
1033 1013 1126 1083 qui
1157 1012 1356 1067 Christi
1392 1011 1561 1065 servit
1589 1010 1866 1074 Ecclesim,
1896 1008 1974 1062 in-

391 1118 721 1181 terpretetur
743 1107 922 1176 primo
949 1103 1272 1159 vocabulum
1301 1118 1480 1166 suum,
1505 1111 1559 1156 et
1601 1101 1836 1155 nominis
1879 1101 1974 1155 de-

393 1201 636 1255 finitione
658 1197 888 1268 prolata,
923 1196 1126 1249 nitatur
1149 1209 1268 1248 esse
1299 1193 1442 1262 quod
1473 1191 1688 1246 dicitur.
1727 1190 1785 1245 Si
1827 1189 1971 1246 enim

392 1292 566 1345 cleros
596 1287 803 1351 Graece,
831 1285 1023 1340 Latine
1056 1299 1176 1339 sors
1205 1283 1505 1353 appellatur
1525 1323 1539 1346 ,
1569 1289 1854 1351 propterea
1883 1297 1976 1334 vo-

392 1391 586 1436 cantur
614 1381 817 1444 clerici,
849 1378 932 1432 vel
979 1378 1105 1448 quia
1157 1376 1222 1430 de
1260 1382 1406 1430 sorte
1454 1381 1579 1428 sunt
1625 1371 1855 1434 Domini,
1889 1371 1974 1426 vel

393 1476 518 1542 quia
545 1470 804 1524 Dominus
839 1469 953 1538 ipse
981 1481 1120 1529 sors,
1164 1466 1216 1520 id
1239 1477 1322 1519 est
1343 1479 1472 1534 pars
1511 1464 1834 1518 clericorum
1867 1471 1970 1517 est.

394 1564 497 1630 Qui
532 1571 714 1617 autem
747 1560 831 1615 vel
859 1561 973 1628 ipse
1002 1574 1128 1627 pars
1158 1557 1369 1612 Domini
1414 1564 1517 1620 est,
1556 1554 1642 1610 vel
1687 1555 1974 1610 Dominum

394 1663 604 1726 partem
632 1654 818 1716 habet,
845 1651 1006 1706 talem
1045 1665 1104 1703 se
1128 1649 1385 1703 exhibere
1414 1648 1591 1712 debet,
1615 1656 1675 1702 ut
1705 1647 1820 1717 ipse
1854 1661 1979 1716 pos-

395 1746 570 1801 sideat
596 1743 904 1806 Dominum,
929 1749 983 1796 et
1011 1741 1125 1809 ipse
1155 1739 1496 1809 possideatur
1525 1753 1554 1792 a
1593 1737 1840 1792 Domino.
1872 1737 1973 1805 Qui

395 1835 636 1904 possidet
658 1833 966 1896 Dominum,
995 1839 1050 1886 et
1077 1845 1200 1886 cum
1231 1829 1500 1898 Propheta
1522 1828 1672 1892 dicit,
1699 1826 1837 1881 Pars
1859 1843 1975 1880 mea

397 1925 652 1980 Dominus
679 1922 851 1996 (Ρεοι.
881 1921 1075 1992 Lxxu),
1101 1921 1237 1976 nihil
1276 1929 1428 1976 extra
1454 1920 1740 1975 Dominum
1774 1920 1975 1975 habere

397 2027 594 2089 potest.
629 2015 780 2084 Quod
814 2016 858 2070 si
881 2014 1156 2085 quippiam
1189 2013 1332 2067 aliud
1374 2012 1842 2081 habueritpracter
1864 2012 1972 2066 Do-

399 2106 633 2170 minum,
659 2119 786 2174 pars
812 2101 928 2170 ejus
953 2117 1057 2156 non
1085 2101 1190 2155 erit
1219 2100 1498 2155 Dominus.
1539 2100 1698 2154 Verbi
1749 2099 1923 2170 gratia
1957 2118 1971 2152 :

399 2195 455 2248 Si
484 2209 676 2248 aurum
695 2234 710 2259 ,
739 2194 783 2247 si
816 2201 1119 2263 argentum,
1147 2191 1192 2245 si
1240 2191 1632 2260 possessiones,
1674 2190 1720 2244 si
1767 2191 1972 2243 variam

399 2285 810 2355 supellectilem,
841 2299 962 2338 cum
993 2283 1112 2338 istis
1147 2282 1391 2351 partibus
1414 2280 1673 2335 Dominus
1708 2295 1837 2349 pars
1858 2277 1975 2346 ejus

399 2376 515 2429 tieri
540 2390 646 2430 non
670 2374 940 2445 dignatur.
987 2373 1042 2427 Si
1088 2381 1265 2427 autem
1300 2387 1400 2442 ego
1423 2385 1551 2442 pars
1579 2355 1792 2426 Domini
1820 2385 1972 2432 sum,

395 2476 450 2520 et
489 2466 758 2522 funiculus
806 2465 1136 2520 hacreditatis
1187 2463 1345 2532 ejus:
1380 2478 1479 2517 nec
1517 2461 1724 2532 accipio
1763 2469 1975 2531 partem

397 2558 540 2612 inter
571 2564 796 2612 caeteras
845 2556 1038 2619 tribus,
1083 2557 1177 2610 sed
1221 2555 1373 2624 quasi
1424 2554 1586 2608 levita
1613 2561 1670 2608 et
1694 2552 1974 2615 sacerdos,

397 2649 518 2702 vivo
539 2648 605 2703 de
633 2647 888 2712 decimis;
926 2655 980 2698 et
1007 2645 1166 2700 altari
1193 2644 1455 2710 serviens,
1489 2643 1678 2697 altaris
1703 2641 1976 2696 oblatione

396 2746 702 2802 sustentor;
736 2738 944 2791 habens
966 2736 1168 2791 victum
1193 2744 1248 2790 ct
1270 2736 1543 2798 vestitum,
1573 2734 1658 2788 his
1686 2741 1977 2788 contentus

397 2843 516 2893 cro,
539 2836 596 2882 et
622 2826 819 2882 nudam
851 2841 1072 2882 crucem
1103 2827 1277 2882 nudus
1295 2840 1510 2896 sequar.
1530 2823 1768 2880 Obsecro
1793 2823 1977 2892 itaque

399 2928 471 2982 te,
503 2927 558 2974 et
589 2926 839 2988 repetens
867 2918 1064 2972 iterum
1095 2917 1414 2987 iterumque
1452 2916 1704 2981 monebo,
1735 2928 1805 2968 ne
1861 2912 1977 2970 olli-

397 3010 540 3064 cium
593 3009 917 3074 clericatus,
945 3024 1113 3080 genus
1157 3011 1392 3080 antiqum
1429 3009 1636 3064 militia:
1686 3015 1844 3078 putes
1874 3024 1887 3060 :
1922 3005 1976 3061 id

399 3111 498 3164 cst,
533 3117 602 3157 ne
629 3101 776 3157 lucra
828 3102 1009 3157 δείξουιί
1047 3101 1100 3155 in
1129 3101 1332 3157 Christi
1360 3115 1572 3170 quazras
1604 3099 1826 3165 militia;
1875 3110 1977 3153 nec

397 3194 520 3266 plus
549 3193 750 3248 habeas
776 3207 936 3264 quam
971 3192 1187 3263 quando
1217 3191 1449 3247 clericus
1493 3206 1615 3247 esse
1662 3188 1896 3260 coepisti,
1924 3196 1980 3243 et

399 3285 613 3338 dicatur
636 3283 767 3337 tibi:
793 3279 930 3336 Cleri
949 3299 1127 3335 eorum
1158 3299 1261 3336 non
1287 3282 1572 3352 proderunt
1599 3282 1673 3335 eis
1703 3277 1975 3352 (Jenxu).

404 3375 698 3432 Mensulam
731 3385 876 3431 tuam
907 3390 1173 3446 pauperes
1199 3385 1253 3430 et
1283 3375 1552 3447 peregrini
1573 3418 1586 3440 ,
1616 3385 1673 3431 et
1699 3391 1823 3431 eum
1873 3374 1979 3430 illis

399 3469 646 3525 Christus
662 3470 883 3525 conviva
915 3473 1142 3524 noverit.
1184 3469 1585 3538 Negotiatorem
1615 3469 1893 3534 clericum,
1924 3476 1980 3523 et

400 3580 467 3618 ex
499 3565 657 3635 inepe
682 3564 925 3628 divitem,
949 3579 1016 3618 ex
1037 3562 1255 3634 ignobili
1281 3563 1598 3634 gloriosum,
1614 3562 1769 3632 quasi
1792 3577 1979 3631 quam-

401 3658 526 3710 dam
571 3664 778 3726 pestcm
828 3653 968 3724 fuge.
1015 3654 1368 3723 Corrumpunt
1407 3670 1575 3707 mores
1607 3652 1765 3706 bonos
1797 3651 1979 3721 confa-

403 3748 694 3803 bulationes
731 3749 967 3818 pessima:
998 3745 1080 3816 (11
1109 3744 1231 3800 Cor.
1266 3746 1377 3817 xv).
1412 3746 1491 3799 Tu
1517 3760 1709 3798 aurum
1733 3752 1975 3798 contem-

402 3840 511 3902 nis,
540 3836 676 3890 alius
717 3835 910 3905 diligit.
949 3834 1028 3888 'l‘u
1071 3835 1248 3890 calcas
1278 3850 1426 3904 opes,
1455 3835 1542 3890 ille
1571 3841 1828 3890 sectatur.
1857 3833 1976 3889 Tibi

402 3924 550 3979 cordi
591 3932 675 3978 est
712 3923 1091 3989 mansuetudo,
1124 3925 1415 3988 silentium,
1447 3933 1715 3980 secretum
1743 3941 1755 3977 :
1787 3925 1860 3979 illi
1903 3924 1977 3979 lo-

401 4017 670 4086 quacitas,
693 4017 879 4073 attrita
922 4017 1091 4084 frons,
1144 4019 1260 4073 fora
1308 4018 1543 4088 placent,
1571 4027 1626 4073 et
1666 4019 1878 4089 plateae,
1923 4029 1980 4074 et

402 4108 733 4164 medicorum
769 4110 1026 4164 tabernae.
1061 4109 1117 4164 lu
1147 4117 1296 4164 tanta
1326 4125 1537 4164 morum
1565 4109 1834 4164 discordia
1857 4124 1978 4178 qua:

399 4209 577 4269 potest
618 4216 737 4257 csse
776 4200 1103 4255 concordia?
1151 4199 1504 4269 Hospitiolum
1531 4206 1680 4254 tuum
1709 4207 1802 4254 aut
1830 4213 1974 4264 raro,

401 4299 494 4345 aut
521 4306 792 4361 nunquam
819 4289 1106 4345 mulierum
1131 4291 1294 4360 pedes
1324 4298 1518 4345 terant.
1549 4291 1749 4347 Omnes
1772 4291 1979 4362 puellas

401 4392 455 4436 ct
480 4381 715 4452 virgines
738 4381 965 4446 Christi,
997 4390 1092 4435 aut
1125 4381 1404 4450 aequaliter
1433 4382 1618 4453 ignora
1636 4423 1651 4445 ,
1676 4391 1770 4437 aut
1797 4397 1977 4452 mqua-

399 4473 523 4527 liter
550 4473 729 4540 dilige.
772 4471 848 4527 Ne
894 4473 994 4527 sub
1039 4473 1226 4528 eodem
1272 4480 1410 4527 tecto
1454 4475 1739 4536 manseris,
1771 4489 1873 4529 nec
1922 4473 1976 4527 in

399 4565 674 4634 praeterita
699 4564 950 4619 castitate
971 4563 1231 4619 confidas.
1266 4562 1375 4618 Nec
1403 4564 1571 4618 David
1597 4565 1853 4625 sanctior,
1881 4579 1980 4620 nec

403 4653 692 4710 Salomone
727 4663 883 4725 potes
930 4669 1049 4710 esse
1092 4655 1406 4724 sapientior.
1452 4654 1719 4708 Memento
1765 4668 1980 4722 semper

402 4747 546 4816 quod
572 4746 808 4816 paradisi
840 4745 1088 4800 colonum
1137 4745 1202 4800 de
1246 4745 1588 4815 possessione
1639 4761 1734 4800 sua
1782 4747 1980 4802 mulier

402 4838 621 4906 eiecerit
659 4835 808 4908 (Gen.
839 4834 943 4906 ut).
984 4835 1288 4906 IEgrotanti
1335 4835 1432 4888 tibi
1483 4843 1702 4889 sanctus
1752 4837 1980 4904 quilibet

403 4932 573 4983 frater
599 4929 838 4990 assistat,
862 4936 918 4981 et
961 4942 1235 4997 germana,
1271 4926 1354 4981 vel
1397 4936 1587 4990 mater,
1619 4938 1710 4983 aut
1739 4933 1979 4998 probata:

404 5020 658 5091 qumlihct
687 5019 824 5087 apud
855 5033 1043 5072 omnes
1072 5018 1215 5071 fidei.
1247 5016 1399 5084 Quod
1438 5018 1480 5072 si
1512 5017 1817 5086 hujusmodi
1870 5036 1975 5074 non

405 5112 608 5166 fuerint
663 5109 1149 5178 consanguinitatis
1197 5109 1638 5178 castimoniaeque
1691 5124 1975 5180 personae,

405 5203 604 5260 multas
631 5218 766 5257 anus
810 5201 979 5255 nutrit
1016 5200 1267 5266 ecclesia,
1305 5216 1423 5270 qua:
1463 5209 1520 5257 et
1563 5201 1796 5257 cilicium
1842 5218 1980 5274 pra:-

405 5298 588 5360 heant,
621 5301 677 5349 et
704 5289 1026 5350 beneficium
1057 5290 1328 5360 accipiant
1370 5291 1728 5345 ministrando
1751 5333 1765 5356 ,
1791 5300 1852 5346 ut
1900 5292 1978 5346 in-

405 5387 638 5441 firmitas
685 5397 897 5456 quoque
941 5393 1029 5436 tua
1076 5380 1310 5436 fructum
1358 5382 1556 5437 habeat
1601 5382 1970 5453 eleemosyuae.

406 5477 533 5533 Scio
558 5478 819 5548 quosdam
849 5473 1185 5531 convaluisse
1228 5489 1484 5544 corpore,
1507 5481 1561 5527 et
1591 5474 1772 5527 animo
1804 5490 1976 5543 aegro-

407 5575 520 5621 tare
545 5567 793 5635 cmpisse.
824 5565 1133 5621 Periculose
1156 5564 1249 5620 tibi
1281 5564 1574 5626 ministrat,
1595 5562 1748 5631 cujus
1768 5562 1972 5616 vultum

405 5657 716 5726 frequenter
747 5658 996 5714 attendis.
1036 5657 1092 5712 Si
1124 5664 1342 5727 propter
1380 5655 1616 5710 officium
1661 5654 1969 5716 clericatus,

405 5755 499 5798 aut
544 5746 699 5800 vidua
748 5747 1017 5808 visitatur,
1049 5755 1140 5800 aut
1183 5747 1369 5818 virgo,
1423 5761 1697 5814 nunquam
1754 5745 1969 5798 domum

2006 4523 2058 4582 D

2077 547 2328 602 tubernio
2373 563 2478 602 non
2529 547 2829 603 infameris.
2867 546 2924 602 Si
2961 548 3149 613 lector,
3190 552 3232 605 si
3275 554 3499 624 acolytus,
3539 561 3576 615 si

2076 638 2275 708 psaltes
2303 647 2357 693 te
2395 640 2640 709 sequitur
2665 681 2677 703 ,
2717 655 2823 695 non
2865 648 3128 695 ornentur
3152 652 3316 708 veste,
3339 647 3418 701 sed
3443 650 3579 704 mori-

2076 733 2206 797 bus;
2235 747 2334 786 nec
2363 732 2675 788 calamistro
2699 731 2942 802 crispent
2965 748 3167 798 comas,
3194 737 3280 790 sed
3317 737 3580 805 pudicitiam

2076 824 2262 879 habitu
2292 824 2670 895 polliceantur.
2690 823 2851 878 Solus
2871 839 2994 879 cum
3017 825 3127 878 sola
3149 836 3342 882 secrete
3359 829 3580 900 etabsque

2077 919 2284 974 arbitro
2312 919 2396 974 vel
2441 927 2578 974 teste
2609 935 2714 974 non
2748 919 2960 974 sedeas.
2993 919 3052 973 Si
3095 918 3388 975 familiarius
3409 932 3480 976 est
3501 925 3580 978 ali-

2077 1013 2205 1082 quid
2235 1013 2582 1084 loquendum,
2610 1014 2775 1068 habet
2801 1013 3071 1068 nutricem
3121 1015 3363 1083 majorem
3407 1015 3580 1079 domus,

2075 1106 2364 1176 virginem,
2389 1106 2628 1171 viduam,
2659 1107 2968 1160 maritatam
3003 1125 3015 1159 :
3051 1122 3153 1160 non
3204 1116 3282 1162 est
3325 1115 3422 1161 tam
3453 1109 3581 1162 inhu-

2078 1213 2259 1261 mana,
2293 1205 2353 1252 ut
2404 1197 2608 1252 nullum
2651 1206 2852 1267 praeter
2899 1206 2954 1252 te
3011 1197 3205 1252 habeat
3247 1199 3324 1252 cui
3357 1213 3408 1253 se
3429 1199 3585 1253 audeat

2078 1296 2319 1350 credere.
2374 1290 2575 1350 Caveto
2630 1311 2818 1350 omnes
2871 1295 3206 1366 snSpiciones
3235 1313 3246 1348 :
3278 1303 3330 1350 et
3371 1295 3580 1364 quidquid

2077 1385 2430 1456 probabiliter
2476 1385 2602 1457 fingi
2638 1395 2836 1457 potest,
2869 1403 2938 1441 ne
2972 1387 3224 1457 tingatur,
3269 1395 3384 1440 ante
3427 1387 3582 1439 devita.

2077 1477 2281 1533 Crebra
2311 1477 2654 1540 munuscula,
2680 1485 2736 1532 et
2765 1477 3064 1544 sudariola,
3095 1487 3148 1531 et
3180 1476 3428 1539 fasciolas,
3451 1485 3495 1530 et
3517 1491 3587 1530 ve-

2079 1578 2188 1624 stes
2233 1569 2314 1623 ori
2366 1568 2679 1638 applicitus,
2707 1577 2762 1622 et
2811 1568 3021 1623 oblatos
3052 1583 3117 1622 ac
3142 1568 3430 1638 degustatos
3452 1566 3585 1629 cibos,

2075 1661 2410 1730 blandasque
2454 1676 2519 1716 ac
2564 1660 2749 1715 dulces
2795 1659 3066 1714 litterulas
3111 1666 3318 1714 sanctus
3351 1673 3483 1712 amor
3506 1672 3588 1710 non

2079 1753 2258 1807 habet.
2303 1751 2400 1807 Mel
2426 1767 2625 1813 meum,
2655 1751 2838 1806 lumen
2882 1766 3088 1815 meum,
3117 1765 3385 1819 meumque
3425 1747 3592 1803 deside-

2081 1845 2243 1908 rium,
2274 1841 2522 1898 Christus
2556 1851 2659 1897 est.
2700 1841 2870 1897 Natus
2909 1844 2962 1897 in
3008 1856 3246 1912 paupere
3272 1843 3432 1903 domo,
3461 1849 3506 1894 et
3550 1839 3591 1892 in

2078 1933 2297 2002 tugurio
2329 1933 2630 1997 rusticano,
2661 1934 2876 2003 qui'vix
2903 1932 3058 1986 milio
3087 1941 3140 1987 et
3169 1930 3362 1987 cibario
3383 1946 3503 2000 pane
3526 1945 3595 1982 ru-

2077 2023 2313 2094 gientem
2351 2024 2552 2078 satiare
2581 2031 2826 2078 ventrem
2857 2031 3134 2092 poteram,
3163 2036 3299 2076 nunc
3333 2019 3530 2074 similam
3553 2025 3596 2071 et

2079 2113 2235 2166 mella
2268 2113 2508 2169 fastidio.
2535 2112 2668 2169 Novi
2697 2121 2753 2168 et
2779 2129 2980 2183 genera
3008 2123 3071 2168 et
3093 2113 3302 2168 nomina
3323 2111 3537 2182 piscium,
3554 2108 3595 2161 in

2079 2219 2186 2275 quo
2231 2204 2415 2260 littore
2485 2205 2708 2260 conchae
2759 2204 2911 2260 lecta:
2960 2205 3078 2259 sint
3134 2203 3324 2266 calleo,
3366 2199 3596 2271 saporibus

2081 2295 2261 2356 avium
2287 2294 2540 2350 discerno
2566 2295 2896 2364 provincias,
2920 2303 2976 2350 et
2993 2295 3243 2350 ciborum
3267 2309 3346 2348 me
3366 2291 3533 2346 raritas
3550 2302 3598 2341 ac

2078 2386 2372 2441 novissime
2400 2385 2596 2440 damna
2626 2386 2740 2456 ipsa
2772 2386 3070 2442 delectant.
3097 2388 3176 2443 Tu
3206 2387 3405 2458 quidem
3433 2383 3597 2437 divinas

2081 2475 2393 2544 Scripturas
2426 2475 2624 2546 saepius
2662 2477 2800 2548 lege,
2841 2477 2950 2532 imo
2980 2494 3258 2548 nunquam
3299 2477 3359 2532 de
3402 2471 3599 2528 manibus

2082 2567 2188 2620 tuis
2208 2582 2361 2621 sacra
2384 2567 2546 2622 lectio
2565 2566 2883 2638 deponatur.
2904 2569 3070 2624 Disce
3093 2570 3231 2639 quod
3253 2563 3599 2629 doceas,obtine

2079 2656 2347 2725 eum,‘qui
2377 2657 2676 2712 secundum
2709 2656 3015 2713 doctrinam
3065 2669 3172 2725 est,
3202 2657 3397 2714 fidelem
3437 2667 3599 2711 sermo-

2081 2758 2224 2810 nem,
2241 2752 2301 2798 ιιι
2326 2745 2503 2814 possis
2524 2747 2802 2801 exhortari
2835 2748 2888 2801 in
2923 2748 3178 2803 doctrina
3204 2764 3346 2810 sana,
3369 2757 3416 2800 et
3436 2751 3600 2799 contra-

2081 2835 2324 2891 dicentes
2351 2837 2652 2892 revincere.
2692 2836 2958 2892 Permane
2986 2839 3052 2894 in
3081 2839 3168 2895 his
3195 2853 3308 2908 quae
3338 2831 3536 2891 didicisti
3555 2843 3601 2884 ac

2081 2925 2284 2980 credita
2315 2935 2436 2980 sunt
2465 2927 2580 2991 tibi,
2599 2928 2778 2983 sciens
2803 2944 2832 2982 a
2850 2943 2958 2997 quo
2980 2929 3265 2993 didiceris,
3281 2934 3479 3000 paratus
3497 2936 3603 2976 sem-

2081 3032 2180 3088 per
2217 3018 2284 3072 ad
2331 3016 2754 3074 satisfactionem
2801 3020 2949 3075 omni
3000 3021 3254 3090 poscenti
3299 3028 3348 3072 te
3393 3014 3602 3070 rationem

2081 3109 2149 3165 de
2194 3123 2278 3175 ea,
2324 3125 2444 3180 qua:
2490 3109 2542 3164 in
2584 3119 2636 3165 te
2683 3118 2798 3175 est,
2830 3126 2948 3180 spe.
2994 3111 3125 3168 Non
3153 3109 3460 3168 confundant
3480 3116 3602 3173 opera

2082 3217 2388 3257 sermonem
2425 3211 2598 3264 tuum.
2627 3217 2696 3258 ne
2743 3219 2866 3258 cum
2913 3203 2968 3257 in
3029 3204 3256 3259 ecclesia
3304 3197 3524 3270 loqueris,
3546 3201 3605 3244 ta-

2081 3291 2222 3348 citus
2247 3291 2474 3362 quilibet
2505 3291 2828 3360 respondeat
2854 3309 2866 3344 :
2890 3291 3000 3347 Cur
3039 3309 3172 3365 ergo
3201 3293 3311 3346 lucc
3336 3305 3443 3359 quae
3486 3283 3604 3341 dicis.

2082 3384 2196 3452 ipse
2252 3400 2357 3438 non
2413 3381 2587 3438 facis?
2639 3382 2911 3437 Delicatus
2956 3384 3222 3454 magister
3246 3389 3343 3445 est,
3370 3377 3449 3448 qui
3482 3371 3601 3444 pleno

2080 3482 2272 3529 ventre
2307 3474 2372 3528 de
2396 3472 2618 3542 jejuniis
2667 3473 2922 3543 disputat.
2973 3475 3254 3529 Accusare
3290 3466 3535 3525 avaritiam
3564 3468 3605 3515 et

2079 3565 2222 3620 latro
2265 3573 2460 3636 potest.
2495 3563 2808 3620 Sacerdotis
2854 3563 3063 3620 Christi
3119 3581 3212 3628 os,
3245 3575 3404 3623 mens,
3433 3566 3602 3611 manus-

2079 3674 2186 3730 que
2233 3658 2582 3714 concordent.
2643 3657 2774 3712 Esto
2816 3654 3100 3724 subjectus
3151 3652 3384 3728 pontilici
3426 3657 3530 3708 tuo,
3564 3649 3605 3696 el

2079 3751 2235 3821 quasi
2289 3749 2482 3803 anima:
2527 3756 2807 3818 parentem
2845 3748 3085 3818 snspice.
3140 3747 3349 3807 Amare,
3390 3739 3601 3794 filiorum;

2082 3844 2293 3908 timere,
2323 3856 2603 3896 servorum
2631 3849 2733 3894 est.
2792 3837 2854 3894 Si
2884 3849 3042 3910 pater
3076 3855 3214 3901 sum,
3246 3835 3426 3904 inquit,
3459 3828 3529 3883 ubi
3551 3830 3605 3877 at

2081 3933 2248 3987 honor
2273 3930 2467 3986 meus?
2513 3928 2570 3985 Si
2612 3928 2864 3983 Dominus
2902 3945 3001 4000 ego
3032 3945 3174 3990 sum,
3214 3926 3299 3979 ubi
3332 3923 3470 3976 timor
3496 3927 3604 3969 mm

2079 4032 2153 4077 est
2179 4021 2434 4093 (Malach.
2471 4017 2553 4091 1)?
2606 4017 2795 4073 Melius
2827 4025 2932 4082 est,
2966 4017 3310 4078 charissime,
3336 4027 3433 4068 non
3452 4006 3609 4063 habere

2080 4113 2222 4183 quod
2267 4112 2496 4174 tribuas,
2544 4124 2705 4179 quam
2758 4109 3106 4178 impudenter
3145 4115 3327 4177 petere
3369 4099 3491 4171 quod
3521 4095 3606 4183 des.

2082 4181 2189 4258 Sed
2233 4211 2288 4258 et
2325 4200 2843 4273 genus-arrogantiae
2874 4207 2959 4254 est
3008 4197 3406 4255 clementiorem
3435 4200 3480 4244 te
3505 4181 3610 4239 velle

2081 4294 2250 4349 videri
2274 4308 2434 4362 quam
2465 4289 2705 4363 pontifex
2731 4289 2931 4345 Christi
2963 4299 3071 4345 est.
3124 4288 3240 4343 Non
3272 4285 3437 4341 omnia
3462 4288 3610 4348 possu-

2082 4400 2201 4439 mus
2253 4399 2460 4439 omnes.
2520 4382 2672 4437 Alius
2730 4381 2783 4435 in
2830 4380 3081 4435 Ecclesia
3137 4377 3323 4435 oculus
3365 4381 3463 4434 est.
3506 4365 3612 4421 alius

2081 4475 2285 4545 lingua,
2329 4474 2466 4527 alius
2508 4488 2728 4536 manus,
2779 4471 2915 4524 alius
2958 4487 3093 4542 pes,
3153 4470 3326 4532 auris,
3377 4471 3542 4545 venter,
3573 4463 3614 4507 ει

2083 4544 2296 4620 cratera.
2357 4562 2494 4633 Lege
2531 4561 2679 4616 Pauli
2724 4560 3018 4631 Epistolam
3049 4561 3114 4615 azl
3137 4557 3434 4616 Corinthios
3455 4549 3497 4623 (Ι
3517 4544 3611 4602 Cor.

2085 4654 2208 4728 xu),
2254 4654 2522 4724 quomodo
2562 4654 2771 4708 diversa
2814 4654 3063 4708 membra
3110 4668 3275 4707 unum
3317 4660 3494 4715 corpus
3531 4635 3614 4693 cili.

2085 4747 2252 4800 ciunt.
2306 4743 2414 4798 Nec
2445 4743 2676 4798 rusticus
2708 4752 2884 4797 tamen
2913 4752 2968 4797 et
2995 4742 3227 4813 simplex
3258 4739 3418 4794 frater
3449 4735 3548 4789 ideo
3571 4739 3615 4780 se

2085 4845 2327 4891 sanetum
2364 4843 2515 4904 putet
2547 4835 2589 4890 si
2626 4834 2756 4888 nihil
2791 4833 3039 4897 noverit,
3084 4850 3184 4889 nec
3221 4832 3416 4901 peritus
3451 4833 3498 4879 et
3527 4821 3614 4874 elo-

2084 4941 2254 4995 quens
2288 4925 2466 4995 lingua
2504 4925 2734 4980 2estimet
2766 4925 3117 4979 sanctitatem
3141 4943 3154 4977 :
3181 4923 3442 4991 multoque
3465 4911 3615 4972 melius

2083 5024 2166 5069 cst
2203 5031 2233 5068 e
2270 5014 2480 5069 duobus
2527 5014 2856 5085 imperfectis
2903 5015 3269 5069 rusticitatem
3312 5011 3494 5066 habere
3523 5018 3616 5058 sau-

2083 5115 2224 5162 etam
2249 5121 2409 5175 quam
2432 5106 2791 5176 eloquentiam
2813 5103 3198 5175 peccatricem.
3232 5101 3376 5157 Multi
3395 5095 3616 5153 :editicant

2082 5195 2341 5261 parietes,
2367 5204 2424 5250 et
2450 5195 2730 5250 columnas
2754 5195 2997 5249 ecclesia:
3023 5195 3360 5255 substruont,
3395 5194 3614 5244 marmora

2086 5285 2279 5350 nitent,
2309 5300 2442 5339 auro
2469 5285 2756 5354 splendent
2784 5285 3084 5354 laquearia,
3113 5283 3340 5354 gemmis
3363 5279 3514 5334 altare
3531 5269 3615 5324 dis-

2085 5375 2380 5446 tinguitur,
2414 5383 2468 5429 et
2502 5376 2874 5430 ministrorum
2905 5373 3116 5428 Christi
3167 5373 3308 5428 nulla
3342 5368 3511 5426 electio
3533 5365 3612 5415 est.

2081 5466 2237 5522 Nunc
2274 5483 2402 5522 vero
2440 5476 2718 5537 portemus
2745 5481 2964 5522 crucem
3000 5464 3227 5528 Christi,
3258 5472 3312 5516 et
3343 5457 3534 5514 divitias
3553 5448 3616 5500 lu-

2082 5569 2193 5616 tum
2233 5559 2560 5629 putabimus.
2615 5558 2754 5626 Quid
2795 5559 3066 5612 miramur
3104 5556 3248 5626 quod
3285 5551 3511 5609 Christus
3544 5551 3616 5593 το-

2079 5659 2168 5705 cat
2196 5651 2435 5721 iniquum
2469 5664 2774 5703 mammona
2815 5646 2972 5716 (Luc.
3005 5645 3165 5712 3m)?
3194 5645 3319 5713 quid
3343 5635 3617 5707 suspicimus

2079 5753 2131 5796 et
2158 5757 2417 5804 amamus,
2442 5741 2583 5809 quod
2608 5739 2798 5793 Petrus
2825 5753 2882 5794 se
2911 5752 3025 5791 non
3055 5737 3255 5792 habere
3279 5741 3486 5789 testatur
3506 5722 3613 5795 (Αιισ
