3884 6192
278 307 387 362 833

851 303 1131 360 REGULA
1173 299 1668 359 CANONICORUM
1709 299 1797 352 AB
1832 297 2186 353 AHALARIO
2225 297 2602 354 COLLECTA.
2645 331 2714 338 —
2751 301 2878 354 LIB.
2924 301 2959 354 Ι.

3447 295 3568 354 ϐὃὸί

280 422 407 493 in)?
456 417 714 474 Convivia
745 417 841 476 tibi
869 418 1186 473 detestanda
1214 429 1340 472 sunt
1369 413 1730 478 saecularium,
1757 427 1873 466 ma-
1901 417 1947 473 Α
1977 411 2078 468 Per
2103 413 2244 468 diem
2275 414 2354 468 sol
2383 429 2490 468 non
2521 414 2628 468 urit
2653 428 2797 479 eum,
2837 431 3010 485 neque
3043 417 3166 470 luna
3191 432 3288 485 per
3317 427 3548 474 noctem.

282 516 431 567 xime
461 511 652 565 borum
691 510 786 578 qui
819 510 1116 565 honoribus
1154 517 1382 563 tument.
1436 507 1616 575 Turpe
1640 513 1724 559 cst
1746 511 1873 559 ante

282 608 433 660 fores
466 601 765 658 sacerdotis
801 599 1004 654 Christi
1032 597 1274 654 cruciﬁxi
1305 606 1360 652 et
1389 596 1660 668 pauperis,
1695 603 1750 650 et
1781 593 1874 664 qui

283 697 410 752 cibo
437 707 652 764 quoque
678 691 1001 748 vescebatur
1027 691 1204 745 alieno
1221 730 1236 754 ,
1269 689 1485 744 lictores
1513 687 1794 743 consulum
1820 693 1875 741 et

283 787 490 844 milites
511 783 782 840 excubare
807 781 1184 851 :judicemque
1206 779 1500 850 provincia:
1519 778 1712 833 melius
1733 777 1874 847 apud

286 889 344 933 te
372 874 639 946 prandere
665 889 828 944 quam
855 873 908 928 in
937 872 1156 944 palatio.
1192 871 1347 938 Quod
1377 870 1424 925 si
1456 867 1770 924 obtenderis
1792 865 1874 920 la-

285 984 417 1024 cere
454 977 507 1023 te
543 967 678 1030 haec,
713 975 772 1019 ut
809 980 968 1033 roges
1012 979 1112 1034 pro
1147 963 1365 1018 miseris
1397 970 1558 1030 atque
1599 957 1874 1028 subjectis,

281 1059 453 1129 julex
478 1055 658 1112 saiculi
687 1055 807 1124 plus
833 1053 1010 1109 defert
1044 1053 1245 1108 clerico
1278 1051 1573 1107 continenti
1603 1065 1765 1121 quam
1802 1049 1881 1103 di-

288 1149 412 1211 viti,
451 1155 507 1200 et
541 1145 712 1215 magis
751 1144 1092 1198 sanctitatem
1134 1153 1280 1198 tuam
1319 1141 1668 1196 venerabitur
1714 1155 1879 1210 quam

290 1252 447 1309 opes.
488 1237 599 1290 Aut
633 1236 679 1290 si
716 1235 840 1289 talis
878 1243 962 1288 est
1006 1235 1097 1303 qui
1138 1249 1243 1288 non
1284 1233 1468 1288 audiat
1504 1232 1735 1288 clericos
1772 1231 1878 1286 nisi

292 1332 438 1384 inter
457 1327 686 1398 phialas,
718 1327 951 1380 libenter
974 1327 1172 1380 carebo
1195 1323 1569 1392 hujuscemodi
1589 1321 1878 1387 beneﬁcio,

293 1429 350 1474 et
382 1418 657 1473 Christum
693 1417 894 1487 rogabo
928 1429 1025 1486 pro
1058 1416 1260 1486 judice,
1299 1416 1390 1484 qui
1430 1414 1601 1484 magis
1624 1421 1806 1484 potest
1828 1420 1884 1467 et

1973 504 2107 558 Nolo
2139 513 2190 558 te
2221 519 2379 558 orare
2408 505 2462 558 in
2491 503 2701 574 angulis
2732 504 3030 574 platearum
3051 547 3063 569 ,
3101 522 3168 560 ne
3213 517 3418 561 rectum
3451 507 3554 562 iter

1972 609 2194 663 precum
2231 601 2442 647 tuarum
2467 593 2679 664 frangat
2703 609 2833 647 aura
2853 594 3144 663 popularis.
3189 595 3322 650 Nolo
3346 605 3396 650 te
3423 594 3556 650 dila-

1976 693 2092 739 tare
2121 683 2382 748 ﬁmbrias,
2411 692 2463 738 et
2495 685 2732 739 ostentui
2758 683 2956 738 habere
2981 684 3332 755 phylactcria,
3354 693 3410 740 et
3428 700 3558 740 con-

1976 776 2202 831 scientia
2241 782 2598 844 repugnante,
2639 773 2945 842 pharisaica
2985 775 3278 829 ambitione
3324 775 3558 829 circum-

1976 867 2114 922 dari.
2159 867 2286 920 Inde
2308 865 2506 936 pendet
2533 866 2901 934 Evangelium,
2928 866 3051 921 inde
3074 866 3158 920 lex
3180 874 3234 921 et
3259 868 3557 937 prOphettn.

1978 956 2176 1012 Fidelis
2213 971 2422 1011 mecum
2451 956 2620 1011 lector
2648 956 2905 1027 intelligis
2931 956 3058 1025 quid
3087 965 3298 1010 taceam
3334 965 3388 1011 et
3430 957 3560 1027 quid

1978 1047 2151 1115 magis
2183 1047 2409 1101 tacendo
2443 1047 2634 1116 loquar
2702 1046 2802 1102 Tot
2844 1055 2896 1102 te
2927 1047 3144 1118 regulm,
3188 1056 3320 1118 quot
3354 1050 3561 1117 species

1979 1138 2272 1209 gloriarum
2302 1147 2640 1209 percurram.
2695 1137 2910 1205 Quanto
2940 1139 3132 1195 melius
3159 1150 3280 1195 erat
3307 1142 3423 1196 haec
3451 1157 3560 1197 non

1981 1228 2037 1283 in
2066 1243 2316 1297 corpore,
2347 1229 2440 1283 sed
2468 1229 2522 1282 in
2549 1228 2713 1284 corde
2741 1229 2996 1299 gestare?
3032 1231 3202 1285 Deum
3224 1231 3422 1287 habere
3447 1231 3566 1287 latt-

1983 1328 2177 1383 torem,
2205 1334 2312 1374 non
2335 1330 2585 1389 aspectus
2611 1320 2929 1375 hominum?
2968 1321 3060 1376 Vis
3081 1322 3219 1376 scire
3248 1323 3434 1391 quales
3461 1325 3566 1379 Do-

1983 1411 2162 1464 minus
2203 1419 2411 1478 qumrat
2459 1410 2729 1464 ornatus?
2763 1408 2969 1465 Habeto
3003 1410 3295 1481 justitiam,
3331 1414 3568 1482 pruden-

292 1510 456 1563 citius
493 1508 803 1563 subvenire.
855 1505 1042 1560 Melius
1081 1514 1165 1561 est
1199 1507 1342 1560 enim
1380 1505 1654 1561 conﬁdere
1689 1505 1744 1558 in
1783 1504 1884 1558 Do-
1985 1501 2137 1565 tiam,
2179 1500 2608 1569 temperantiam,
2650 1499 3038 1556 fortitudinem.
3096 1501 3190 1557 llis
3234 1503 3356 1558 cceli
3397 1503 3566 1575 plagis

291 1603 444 1657 mino
469 1617 635 1670 quam
663 1599 934 1654 conﬁdere
964 1598 1019 1652 in
1048 1599 1284 1653 homine.
1333 1597 1522 1652 Melius
1547 1604 1633 1652 est
1661 1608 1884 1666 sperare
1986 1591 2280 1656 includere,
2316 1606 2434 1660 qute
2473 1599 2524 1645 te
2564 1592 2823 1663 quadriga
2861 1593 3008 1648 velut
3051 1597 3295 1667 aurigam
3341 1596 3564 1662 Christi,

291 1693 349 1746 in
387 1691 617 1746 Domino
644 1705 804 1759 quam
838 1703 1058 1758 Sperare
1099 1688 1153 1742 in
1190 1686 1543 1757 principibus.
1594 1684 1880 1754 Nunquam
1985 1683 2053 1736 ad
2075 1690 2272 1736 metam
2297 1682 2507 1737 concita
2532 1679 2690 1736 ferat.
2748 1681 2892 1737 Nihil
2924 1685 3026 1738 hoc
3050 1686 3233 1740 monili
3260 1688 3566 1756 pretiosius,

291 1783 482 1836 vinum
512 1779 775 1844 redoleas,
805 1794 871 1834 ne
898 1778 1086 1832 audias
1111 1777 1241 1832 illud
1262 1775 1568 1847 philosophi
1596 1794 1608 1828 :
1636 1774 1750 1830 Hoc
1776 1789 1883 1829 non
1912 1759 1959 1818 Β
1987 1772 2124 1826 nihil
2149 1772 2251 1826 hac
2275 1787 2613 1842 gemmarum
2641 1774 2906 1830 varietate
2943 1776 3268 1833 distinctius.
3320 1779 3399 1834 Ex
3421 1783 3569 1835 omni

291 1879 378 1926 est
414 1869 654 1925 osculum
683 1869 978 1938 porrigere,
1011 1867 1102 1922 sed
1139 1867 1324 1920 vinum
1354 1867 1662 1936 prepinare.
1723 1865 1884 1921 Vino-
1987 1872 2142 1933 parte
2171 1863 2469 1928 decoraris,
2504 1864 2736 1936 cingeris
2767 1874 2927 1935 atque
2955 1871 3258 1940 protegeris
3287 1880 3382 1926 :et
3407 1887 3572 1927 orna-

293 1971 472 2018 lentos
500 1961 810 2018 sacerdotes
835 1969 888 2017 et
913 1960 1202 2031 Apostolus
1225 1959 1447 2013 damnat
1472 1956 1523 2029 (1
1550 1957 1683 2012 Tim.
1715 1957 1797 2027 v),
1832 1963 1888 2012 et

296 2055 557 2111 vetuslex
581 2053 846 2124 prohibet.
890 2051 993 2117 Qui
1027 2052 1218 2106 altario
1250 2051 1502 2116 serviunt,
1527 2051 1704 2105 vinum
1735 2059 1781 2104 et
1811 2050 1885 2103 si-

295 2164 473 2202 ceram
521 2163 624 2199 non
671 2145 844 2200 bibant
890 2143 1075 2217 (Lecit.
1117 2143 1192 2214 Χ).
1252 2143 1472 2206 Sicera,
1505 2141 1732 2197 Hebraeo
1768 2156 1885 2197 ser-

299 2253 481 2302 mone,
509 2238 688 2292 omnis
711 2237 859 2306 potio
886 2244 1224 2304 nuncupatur
1246 2250 1367 2304 quae
1397 2233 1668 2289 inebriare
1688 2242 1885 2304 potest,

296 2331 416 2385 sive
469 2328 555 2382 illa
603 2343 723 2398 quae
773 2326 1043 2381 frumento
1089 2324 1395 2390 conﬁcitur,
1447 2324 1560 2379 sive
1603 2337 1887 2392 pomorum

299 2437 489 2486 succo,
512 2429 605 2475 aut
625 2436 746 2475 cum
774 2419 881 2473 favi
910 2418 1352 2488 decoquunturin
1379 2417 1590 2472 dulcem
1617 2424 1672 2471 et
1696 2415 1890 2471 barba-

300 2529 423 2568 ram
456 2513 759 2582 potionem,
800 2519 892 2564 aut
931 2509 1227 2580 palmarum
1268 2507 1475 2563 fructus
1511 2509 1890 2578 exprimuntur

303 2603 359 2654 in
393 2601 677 2670 liquorem,
708 2600 988 2669 coctisque
1020 2597 1284 2667 frugibus,
1324 2607 1486 2668 atque
1520 2597 1770 2668 pinguior
1799 2612 1890 2651 co-

303 2695 530 2748 loratur.
570 2690 841 2760 Quidquid
873 2689 1126 2754 inebriat,
1170 2697 1227 2743 et
1262 2697 1463 2742 statum
1507 2687 1704 2742 mentis
1737 2702 1888 2742 ever-

305 2786 395 2849 tit,
423 2783 543 2853 fuge
571 2782 820 2838 similiter
841 2789 900 2836 ut
925 2780 1129 2835 vinum.
1183 2778 1295 2834 Nec
1323 2779 1426 2833 hoc
1462 2778 1584 2834 dico
1615 2777 1758 2847 quod
1791 2776 1888 2832 Dei

302 2883 554 2928 creatura
591 2889 621 2926 a
656 2872 810 2927 nobis
839 2870 1144 2926 damnetur.
1203 2869 1258 2924 Si
1297 2870 1515 2939 quidem
1545 2879 1598 2924 et
1627 2868 1888 2923 Dominus

303 2965 418 3018 vini
451 2971 663 3034 potator
699 2970 784 3018 est
818 2962 1116 3032 appellatus
1145 2961 1360 3032 (Matth.
1387 2960 1464 3030 xi)
1491 2977 1502 3013 :
1528 2970 1581 3016 et
1608 2961 1891 3015 Timotheo

1989 1965 2170 2010 mento
2195 1957 2290 2010 tibi
2319 1966 2445 2011 sunt
2479 1965 2536 2012 et
2572 1958 2858 2014 munimini
2885 1978 2898 2013 :
2925 1974 3149 2030 gemmae
3192 1971 3478 2019 vertuntur
3513 1966 3571 2020 in

1988 2057 2165 2102 scuta.
2221 2046 2365 2103 Cave
2393 2063 2624 2118 quoque,
2651 2057 2746 2103 aut
2773 2049 3032 2121 linguam,
3059 2061 3153 2107 aut
3183 2067 3346 2109 aures
3368 2053 3572 2111 habeas

1987 2139 2315 2211 prurientes,
2357 2140 2411 2194 id
2439 2147 2544 2205 est,
2583 2155 2652 2196 ne
2694 2149 2789 2196 aut
2836 2141 2951 2212 ipse
2987 2143 3110 2199 aliis
3151 2143 3428 2211 detrahas,
3479 2154 3573 2199 aut

1988 2228 2125 2284 alios
2167 2228 2356 2283 audias
2396 2227 2760 2285 detrahentes.
2813 2229 3036 2298 Sedens,
3077 2233 3272 2303 inquit,
3323 2235 3583 2290 adversus

1988 2318 2207 2388 fratrem
2247 2328 2396 2373 tuum
2439 2318 2734 2390 loquebaris
2756 2333 2776 2372 :
2797 2330 2846 2375 et
2894 2323 3144 2377 adversus
3181 2323 3352 2392 ﬁliam
3386 2327 3580 2379 matria

1988 2417 2095 2462 tua
2117 2409 2342 2477 ponebas
2365 2410 2674 2464 scandalum
2699 2410 2872 2480 (Psal.
2889 2413 3184 2484 xux),etc.
3216 2413 3388 2470 Parce
3415 2429 3448 2470 a
3479 2416 3576 2471 de-

1989 2501 2257 2556 tractione
2306 2501 2524 2572 linguae,
2571 2503 2781 2558 custodi
2823 2518 3104 2560 sermones
3148 2514 3286 2570 tuos,
3337 2513 3396 2562 et
3439 2507 3580 2562 soito

1991 2594 2117 2662 quia
2144 2601 2338 2649 cuncta
2375 2609 2496 2664 qua:
2527 2595 2594 2649 de
2631 2594 2754 2650 aliis
2781 2595 3035 2666 loqueris,
3070 2605 3158 2652 tua
3189 2598 3461 2653 sententia
3485 2596 3580 2668 ju-

1991 2682 2192 2737 dicaris
2218 2702 2230 2736 :
2259 2692 2315 2737 et
2342 2684 2396 2737 in
2423 2685 2508 2738 his
2543 2685 2656 2754 ipse
2689 2685 3172 2754 deprehendendus
3203 2704 3253 2744 ei
3267 2688 3334 2754 is,
3365 2703 3488 2760 quae
3517 2690 3591 2744 in-

1989 2771 2112 2827 aliis
2144 2773 2427 2843 arguebas.
2466 2772 2650 2842 Neque
2681 2789 2809 2829 vero
2847 2775 2936 2830 illa
2970 2777 3118 2848 justa
3147 2790 3233 2834 cst
3259 2781 3572 2837 excusatio:

1993 2865 2371 2920 Referentibus
2392 2866 2515 2921 aliis
2537 2866 2789 2938 iujuriam
2808 2866 3115 2924 facerenon
3141 2884 3382 2940 possum.
3405 2871 3580 2928 Nemo

1993 2960 2166 3016 invito
2205 2961 2437 3015 auditori
2474 2960 2708 3016 libenter
2753 2961 2938 3017 refert.
2981 2961 3160 3018 Ofﬁcii
3197 2978 3332 3035 ergo
3369 2965 3444 3020 tui
3483 2966 3574 3030 sit,

304 3055 506 3107 dolenti
541 3056 874 3108 stomachum
906 3052 1015 3106 vini
1046 3052 1254 3106 modica
1285 3050 1510 3106 sorbitio
1538 3051 1777 3105 relaxata
1806 3057 1893 3106 est
1948 3119 1953 3120 ί
1995 3051 2333 3114 charissime,
2375 3065 2482 3106 non
2518 3050 2693 3106 solum
2725 3051 2912 3107 oculos
2937 3061 3117 3108 castos
3143 3069 3383 3120 servare,
3408 3057 3501 3111 sed
3526 3067 3583 3111 et

305 3145 358 3215 (Ι
396 3142 530 3198 Tim.
552 3144 625 3214 v).
660 3142 764 3199 Sed
790 3142 1009 3197 modum
1032 3157 1129 3212 pro
1159 3141 1335 3196 (etatis
1362 3149 1419 3197 et
1454 3141 1799 3204 valetudinis,
1837 3148 1892 3195 et
1918 3119 1961 3178 (λ
1993 3141 2254 3214 linguam.
2307 3142 2594 3212 Nunquam
2637 3143 2706 3198 de
2750 3143 3038 3199 mulierqu
3079 3141 3269 3200 formis
3307 3147 3579 3218 disputes,

305 3249 596 3302 corporum
643 3233 898 3302 qualitate
936 3231 1203 3302 exigimus
1243 3232 1296 3286 in
1344 3234 1598 3302 potando.
1649 3231 1799 3298 Quod
1844 3231 1890 3284 si

306 3326 513 3394 absque
541 3325 664 3378 vino
689 3323 852 3378 ardeo
878 3323 1242 3378 adolescentia
1261 3364 1275 3387 ,
1304 3332 1357 3378 et
1380 3322 1684 3377 inﬂammor
1712 3321 1892 3376 calore

307 3415 610 3485 sanguinis,
655 3422 709 3468 et
744 3411 1060 3467 succulento
1088 3411 1371 3480 validoque
1398 3427 1518 3464 sum
1548 3424 1807 3480 corpore,
1837 3409 1894 3462 li-

307 3507 502 3561 benter
541 3506 735 3560 carebo
777 3504 989 3575 poculo,
1034 3505 1088 3558 in
1131 3519 1237 3572 quo
1275 3501 1510 3572 suspicio
1548 3501 1742 3556 veneni
1787 3508 1890 3556 est.

308 3598 541 3654 Pulchre
571 3597 768 3652 dicitur
787 3598 926 3666 apud
954 3595 1188 3660 Gnaeos,
1218 3596 1312 3650 sed
1334 3595 1517 3650 nescio
1540 3603 1718 3649 utrum
1752 3595 1894 3665 apud

309 3704 412 3743 nos
439 3701 590 3757 teque
618 3694 865 3742 resonet:
894 3685 1114 3756 Pinguis
1139 3693 1329 3739 venter
1350 3698 1456 3739 non
1483 3683 1654 3754 gignit
1673 3699 1893 3740 sensum

310 3788 549 3831 tenuem.
601 3775 834 3830 Tantum
867 3774 962 3830 tibi
989 3772 1316 3844 jejuniorum
1346 3773 1561 3843 impone
1581 3814 1594 3839 ,
1634 3781 1895 3843 quantum

309 3869 455 3922 ferre
476 3876 648 3937 potes.
690 3865 810 3921 Sint
851 3866 944 3920 tibi
975 3864 1179 3936 jejunio
1207 3879 1364 3934 pura,
1403 3873 1574 3929 casta,
1607 3864 1894 3934 simplicia,

308 3960 613 4024 moderata,
634 3965 688 4013 et
711 3973 816 4012 non
841 3958 1230 4028 superstitiosa.
1249 3955 1386 4023 Quid
1410 3955 1628 4025 prodest
1646 3954 1765 4010 oleo
1790 3969 1898 4008 non

308 4055 479 4118 vesci,
532 4062 588 4110 et
635 4053 910 4109 molestias
947 4055 1209 4125 quasdam
1254 4051 1702 4122 difﬁcultatesque
1742 4052 1894 4107 cibo-

311 4162 434 4202 rum
464 4161 728 4216 quzerere,
760 4147 989 4212 caricas,
1019 4146 1197 4216 piper,
1229 4159 1412 4208 nuces,
1444 4144 1748 4214 palmarum
1778 4143 1893 4198 fru-

312 4247 454 4301 ctus,
483 4235 734 4303 similam,
769 4235 893 4300 mel,
924 4235 1196 4306 pistacia?
1231 4235 1335 4291 Tot
1368 4234 1651 4290 hortorum
1685 4236 1896 4290 cultura

309 4337 562 4392 vexatur,
589 4336 649 4381 ut
682 4327 886 4383 cibario
911 4342 1017 4382 non
1053 4343 1336 4384 vescamur
1363 4343 1522 4397 pane.
1563 4327 1737 4382 Audio
1760 4342 1898 4397 pra:-

1992 3251 2093 3290 ncc
2120 3235 2249 3306 quid
2276 3235 2330 3289 in
2353 3235 2668 3306 cujusquam
2703 3234 2864 3290 domo
2893 3244 3109 3305 agatur,
3135 3235 3243 3292 alia
3268 3235 3460 3293 domus
3485 3253 3592 3308 per

1993 3341 2047 3386 te
2100 3331 2330 3386 noverit.
2404 3329 2656 3386 Omnium
2707 3329 3128 3383 christianorum
3187 3330 3376 3385 domos
3426 3331 3580 3400 quasi

1991 3423 2241 3493 proprias
2295 3438 2438 3475 ama.
2500 3420 2736 3475 Facilius
2788 3421 3156 3475 contemnitur
3194 3419 3446 3484 clericus,
3485 3421 3596 3490 qui.

1992 3529 2134 3584 saepe
2173 3519 2400 3567 vocatur
2435 3511 2503 3566 ad
2549 3510 2836 3581 prandium
2883 3519 2938 3565 et
2985 3523 3094 3564 non
3139 3519 3373 3565 recusat.
3433 3508 3581 3566 Nun-

1992 3621 2157 3676 quam
2207 3611 2458 3676 petentes
2485 3645 2499 3670 ,
2547 3617 2674 3659 raro
2722 3603 3052 3674 accipiamus
3095 3600 3286 3673 rogati.
3363 3601 3595 3658 Bestius

1991 3697 2138 3753 enim
2170 3704 2254 3752 est
2297 3695 2469 3766 magis
2507 3695 2638 3750 dare
2668 3709 2829 3764 quam
2870 3693 3140 3764 accipere.
3191 3688 3388 3746 Nescio
3431 3691 3591 3746 enim.

1993 3787 2262 3858 quomodo
2319 3785 2484 3840 etiam
2543 3784 2660 3855 ipse
2706 3783 2799 3854 qui
2851 3784 3173 3854 deprecatur
3217 3788 3278 3837 ut
3329 3781 3579 3846 tribuat,

1995 3895 2117 3935 cum
2162 3879 2472 3950 acceperis,
2513 3877 2761 3934 viliorem
2809 3884 2862 3932 te
2897 3875 3122 3945 judicat.
3173 3875 3242 3932 Et
3282 3877 3483 3931 mirum
3525 3876 3595 3931 in~

1996 3972 2236 4035 modum,
2264 3973 2308 4027 si
2337 3987 2460 4028 eum
2495 3979 2775 4043 rogantem
2812 3971 3226 4042 contempseris,
3252 3971 3373 4042 plus
3403 3983 3452 4027 te
3481 3989 3579 4045 po-

1995 4061 2195 4116 sterius
2215 4070 2526 4118 veneratur.
2565 4061 2953 4118 Procuratores
2981 4070 3145 4132 atque
3175 4061 3581 4133 dispensatores

1995 4153 2279 4209 domorum
2309 4155 2608 4210 alienarum
2645 4162 2810 4226 atque
2845 4153 3118 4219 villarum,
3155 4153 3427 4223 quomodo
3459 4168 3594 4210 esse

1995 4253 2224 4315 possunt
2263 4245 2469 4311 clerici,
2515 4246 2607 4316 qui
2652 4246 2901 4316 proprias
2931 4245 3193 4316 jubentur
3233 4252 3593 4302 contemnere-

1997 4333 2322 4390 facultates?
2353 4335 2544 4389 Amico
2578 4348 2769 4404 rapere
2798 4333 3073 4404 quippiam
3107 4332 3308 4389 furtum
3345 4344 3450 4399 est,
3490 4351 3581 4390 ec—

313 4427 465 4472 terea
491 4417 749 4514 quosdam
785 4427 974 4473 contra
1003 4433 1182 4474 rerum
1210 4418 1596 4489 hominumque
1623 4428 1892 4482 naturam,
1924 4455 1974 4514 Ι)
1999 4424 2220 4480 clesiam
2274 4423 2528 4478 fraudare
2567 4424 2908 4496 sacrilegium
2949 4432 3052 4479 est.
3119 4424 3406 4493 Accepisse
3448 4442 3580 4497 pau—

311 4523 509 4576 aquam
535 4522 641 4562 non
663 4507 866 4573 bibere,
898 4522 998 4563 nec
1029 4509 1173 4564 vesci
1209 4523 1368 4577 pane,
1410 4509 1504 4563 sed
1536 4510 1897 4564 sorbitiuncu-

312 4603 398 4656 las
417 4598 672 4654 delicatas
691 4639 706 4663 ,
731 4609 785 4653 et
813 4599 1047 4654 contrita
1078 4599 1224 4653 olera
1245 4638 1260 4664 ,
1291 4598 1645 4668 betarumque
1676 4615 1896 4654 succum

311 4708 423 4746 non
455 4689 622 4745 calice
652 4689 893 4755 sorbere,
924 4688 1020 4744 sed
1058 4688 1286 4743 concha.
1342 4687 1723 4744 Fortissimum
1753 4687 1897 4759 jeju-

313 4783 468 4837 nium
495 4789 583 4834 est
612 4794 751 4848 aqua
779 4788 834 4834 ct
870 4779 1045 4850 panis.
1093 4778 1199 4832 Sed
1235 4777 1357 4847 quia
1395 4777 1622 4848 gloriam
1657 4795 1764 4834 non
1801 4781 1898 4835 ha-

314 4875 429 4936 bet,
461 4880 518 4926 et
553 4886 742 4926 omnes
780 4885 919 4940 pane
960 4879 1014 4925 et
1055 4885 1193 4939 aqua
1232 4869 1484 4934 vivimus,
1524 4867 1796 4938 publicum
1841 4879 1898 4926 et

315 4978 604 5017 commune
628 4960 892 5031 jejunium
922 4977 1029 5017 non
1053 4971 1289 5032 putatur.
1350 4960 1492 5016 Cave
1516 4977 1586 5016 ne
1620 4963 1895 5016 hominum

318 5055 660 5110 rumusculos
707 5055 1018 5125 aucuperis,
1053 5069 1122 5109 ne
1155 5055 1208 5108 in
1247 5054 1508 5109 offensam
1548 5053 1645 5110 Dei
1681 5055 1901 5125 populo-

317 5161 442 5200 rum
471 5145 682 5200 laudem
707 5154 1029 5201 commutes.
1080 5144 1140 5200 Si
1169 5145 1364 5209 adhuc,
1392 5144 1566 5214 inquit
1589 5145 1895 5215 Apostolus,

319 5237 617 5291 hominibus
648 5236 936 5309 placerem,
977 5235 1172 5291 Christi
1213 5253 1391 5290 servus
1432 5253 1535 5291 non
1567 5253 1730 5290 essem
1769 5235 1899 5307 (Ga-

320 5328 416 5382 lat.
445 5328 508 5399 ι).
557 5328 729 5384 Desiit
749 5329 964 5399 placere
993 5329 1318 5390 hominibus,
1345 5336 1401 5382 et
1416 5343 1604 5382 servus
1623 5327 1796 5382 factus
1817 5337 1899 5381 est

319 5419 542 5475 Christi.
578 5419 684 5474 Per
702 5420 898 5474 bonam
930 5429 986 5474 et
1015 5420 1208 5474 malum
1245 5419 1442 5472 famam
1461 5458 1476 5483 ,
1504 5435 1533 5472 a
1559 5418 1765 5473 dextris
1789 5427 1842 5472 et
1868 5435 1896 5471 a

321 5509 561 5564 sinistris
584 5509 785 5575 Christi
812 5510 965 5564 miles
992 5509 1270 5578 graditur:
1297 5523 1396 5562 nec
1424 5507 1579 5562 laude
1600 5508 1894 5570 extollitur,

323 5614 426 5654 nec
449 5601 840 5670 vituperatione
868 5601 1130 5672 frangitur
1162 5619 1174 5654 :
1206 5615 1308 5655 non
1341 5599 1543 5654 divitiis
1572 5607 1758 5661 tumet,
1791 5615 1894 5653 non

321 5694 661 5748 contrahitur
685 5711 719 5762 p
754 5704 997 5764 upcrtate
1022 5711 1035 5746 :
1064 5704 1117 5749 ct
1141 5695 1258 5748 Lota
1291 5693 1586 5748 contemnit
1614 5700 1668 5747 et
1700 5692 1892 5746 tristia.

1999 4515 2218 4584 peribus
2267 4515 2623 4585 erogandum,
2669 4523 2724 4570 et
2767 4515 3129 4571 esurientibus
3167 4516 3448 4586 plurimis,
3498 4521 3592 4574 vel

1999 4613 2218 4661 cautum
2245 4620 2366 4661 esse
2391 4605 2528 4660 velle
2550 4606 2634 4661 vel
2662 4607 2926 4670 timidum,
2951 4613 3044 4660 aut
3071 4605 3233 4679 (quod
3251 4608 3587 4677 apertissimi

2001 4697 2222 4754 sceleris
2248 4701 2352 4768 est)
2378 4697 2579 4767 aliquid
2608 4697 2800 4753 exinde
2819 4697 3158 4763 subtrahere,
3180 4699 3420 4753 omnium
3445 4715 3584 4769 prae-

2000 4789 2200 4845 donum
2225 4787 2600 4844 crudelitatem
2628 4796 2865 4859 superat.
2916 4786 3068 4842 Alter
3104 4787 3246 4845 fame
3276 4797 3579 4860 torquetur,

2000 4887 2055 4934 et
2083 4887 2138 4933 tu
2165 4878 2394 4947 judicas,
2431 4886 2689 4947 quantum
2713 4877 2884 4933 ventri
2911 4877 3026 4946 ejus
3053 4879 3186 4933 satis
3214 4881 3302 4934 sit.
3363 4879 3474 4936 Aut
3504 4883 3586 4936 di-

2002 4969 2124 5024 vide
2152 4969 2338 5026 statim
2382 4969 2524 5036 quod
2555 4966 2834 5037 acceperis
2861 4981 2878 5020 :
2907 4975 3029 5032 aut,
3054 4967 3099 5022 si
3123 4968 3342 5023 timidus
3363 4969 3583 5038 dispen-

1999 5068 2150 5113 sator
2179 5072 2258 5122 es,
2291 5057 2503 5112 dimitte
2537 5056 2872 5126 largitorem,
2912 5064 2972 5111 ut
2997 5072 3095 5112 sua
3126 5057 3240 5126 ipse
3270 5057 3576 5113 distribuat.

2001 5149 2155 5213 Nolo,
2192 5149 2293 5203 sub
2325 5148 2608 5202 occasione
2638 5161 2780 5212 mea,
2829 5148 3078 5204 sacculus
3118 5159 3242 5204 tuus
3268 5149 3456 5219 plenus
3484 5149 3577 5203 sit.

2001 5237 2170 5292 Nemo
2200 5251 2318 5291 mea
2343 5235 2538 5290 melius
2564 5249 2652 5290 me
2679 5250 2899 5292 servare
2923 5246 3124 5307 potest.
3180 5239 3296 5308 Ipse
3323 5245 3408 5293 est
3441 5238 3582 5304 opti-

2001 5345 2122 5384 mus
2164 5330 2540 5399 diSpensator,
2584 5327 2678 5397 qui
2721 5327 2854 5382 nihil
2898 5329 2998 5384 sibi
3039 5337 3295 5384 reservat.
3337 5327 3580 5397 Coegisti

2002 5437 2119 5487 me,
2166 5420 2460 5492 Nepotiane
2505 5419 2852 5487 charissime,
2907 5421 3028 5475 talia
3073 5420 3359 5475 scribendo
3395 5419 3580 5474 confo-

2001 5513 2255 5568 diendum
2285 5528 2372 5568 me
2400 5511 2642 5568 omnium
2679 5510 2877 5582 linguis
2905 5511 3149 5581 prodere.
3195 5510 3300 5561 Aut
3327 5508 3470 5563 enim
3497 5509 3582 5566 ni-

2002 5603 2074 5657 hil
2113 5604 2457 5658 scribendum
2497 5600 2627 5664 fuit,
2664 5615 2732 5655 ne
2771 5600 3046 5655 hominum
3078 5597 3334 5665 judicium
3372 5600 3580 5654 subire-

2002 5707 2149 5756 mus,
2207 5693 2344 5760 qunti
2409 5702 2462 5746 tu
2520 5691 2694 5746 faccre
2752 5687 3235 5760 prohibuistizaut
3281 5691 3580 5747 scribentes
