3884 6192
404 274 507 336 887
1424 271 1824 329 AMALABIUS
1863 270 2273 325 PRESBYTER
2310 270 2668 329 METENSIS.
3498 279 3580 339 833

405 411 584 462 nosse,
623 395 905 451 adversum
949 410 1048 451 nos
1089 400 1406 449 cunctorum
1449 391 1830 445 maledicorum
1877 386 1980 441 tela
2007 386 2057 445 Α
2083 387 2286 453 vivere,
2315 387 2634 443 laborabam
2656 390 2907 444 manibus
2927 390 3042 445 suis
3060 405 3128 445 ne
3147 403 3296 460 quem
3314 407 3583 463 gravarent:

403 502 527 545 esse
568 486 887 559 torquenda.
930 482 1075 550 Quos
1107 485 1334 539 obsecro
1369 490 1423 537 ut
1453 483 1731 552 quiescant
1758 487 1814 533 et
1845 478 1982 533 desi-

402 587 538 635 nant
550 577 886 633 maledicere.
919 574 1036 629 Non
1051 574 1196 629 enim
1211 572 1629 638 utadversariis,
1645 571 1739 625 sed
1765 578 1824 623 ut
1847 569 1983 623 ami-

403 670 483 725 cis
503 668 836 738 scripsimus.
872 663 983 719 Nec
1009 664 1206 719 invecti
1233 678 1417 718 sumus
1438 663 1493 717 in
1517 675 1612 717 eos
1626 661 1716 730 qui
1731 666 1977 730 peccant,

402 759 497 813 sed
526 771 596 811 ne
632 761 878 826 peccent,
912 753 1256 808 monuimus:
1283 767 1458 822 neque
1497 752 1551 806 in
1589 751 1709 806 illos
1748 757 1977 814 tantum,

401 835 497 901 sed
519 845 574 900 in
604 859 705 899 nos
715 845 861 913 ipsos
874 843 1048 898 severi
1069 843 1280 913 judices
1301 841 1521 907 fuimus,
1536 840 1883 909 volentesque
1901 837 1983 895 fe-

400 944 607 991 stucam
621 934 687 989 de
705 932 860 988 oculo
881 931 1106 987 alterius
1120 932 1328 997 tollere,
1344 941 1586 987 nostram
1604 932 1756 1001 prius
1770 932 1978 985 trabem

398 1024 674 1094 eiecimus.
697 1024 914 1079 Nullum
944 1024 1057 1079 laesi
1074 1064 1087 1087 ,
1112 1024 1313 1079 nullius
1339 1038 1534 1077 nomen
1565 1037 1685 1077 mea
1709 1023 1978 1092 scriptura

399 1120 736 1191 designatum
757 1126 861 1174 est.
877 1116 1158 1173 Neminem
1174 1117 1482 1187 specialiter
1500 1131 1652 1170 meus
1663 1129 1844 1171 sermo
1856 1112 1979 1184 pul-

397 1214 558 1267 savit.
591 1209 878 1266 Generalis
902 1210 968 1264 de
982 1210 1127 1263 vitiis
1148 1207 1440 1278 disputatio
1453 1215 1555 1262 est.
1575 1206 1677 1273 Qui
1708 1205 1840 1259 mihi
1869 1204 1980 1258 ira-

397 1301 477 1358 sei
489 1300 737 1365 voluerit,
754 1301 904 1370 prius
919 1300 1033 1369 ipse
1048 1299 1115 1354 de
1128 1313 1206 1365 se,
1217 1299 1359 1368 quod
1378 1299 1500 1353 talis
1511 1299 1600 1363 sit,
1609 1296 1921 1352 confitebitu
1930 1310 1975 1348 r.

961 1436 1190 1493 CAPUT
1243 1436 1403 1491 XCV.

466 1570 805 1641 (Excerptum
855 1571 992 1625 beati
1027 1569 1336 1640 Hieronymi
1367 1571 1433 1623 de
1468 1570 1794 1627 institutione
1832 1570 1979 1624 cleri-

396 1681 596 1720 corum.
652 1664 738 1718 Ea:
761 1663 978 1734 epistola
1000 1662 1071 1717 ad
1106 1660 1390 1716 Paulinum
1426 1661 1825 1734 presbyterum.)
1865 1662 1974 1718 Ob-

395 1769 552 1810 secro
582 1763 667 1821 te,
701 1754 1039 1819 charissime,
1080 1761 1140 1807 ut
1181 1753 1548 1808 multitudines
1585 1754 1880 1815 hominum,
1926 1762 1983 1808 et
2010 1735 2057 1795 Β

395 1844 595 1909 officia,
633 1852 690 1900 et
725 1844 1102 1909 salutationes,
1140 1852 1196 1898 et
1227 1845 1493 1910 convivia,
1524 1843 1691 1899 veluti
1718 1844 1978 1913 quasdam

395 1945 616 1993 catenas
643 1935 820 2008 fugias
849 1936 1204 2006 voluptatum.
1230 1952 1235 1959 '
1265 1936 1350 1992 Sit
1378 1937 1501 1991 vilis
1530 1937 1624 1991 tibi
1658 1944 1717 1990 et
1760 1950 1981 2006 vesper-

396 2028 541 2083 tinus
568 2026 742 2083 cibus.
780 2025 941 2082 Olera
978 2036 1034 2081 et
1072 2026 1363 2096 legumina,
1405 2026 1785 2095 interdumque
1824 2026 1981 2096 pisci-

394 2117 570 2182 culos,
598 2132 697 2187 pro
725 2115 952 2172 summis
981 2116 1148 2171 ducas
1178 2116 1403 2171 deliciis.
1458 2115 1561 2183 Qui
1585 2115 1861 2171 Christum
1889 2116 1984 2170 de-

396 2206 621 2270 siderat,
646 2214 704 2275 et
730 2205 820 2261 illo
838 2218 979 2275 pane
1011 2205 1261 2269 vescitur,
1288 2221 1395 2260 non
1418 2205 1614 2275 quaerit
1634 2219 1979 2275 magnopere,

395 2297 462 2351 de
496 2310 659 2365 quam
697 2296 948 2365 pretiosis
983 2296 1118 2351 cibis
1147 2304 1357 2351 stercus
1381 2295 1655 2351 conficiat.
1712 2294 1984 2365 Quidquid

393 2392 517 2453 post
540 2383 719 2453 gulam
746 2399 854 2439 non
884 2386 1144 2450 sentitur,
1175 2385 1316 2440 idem
1356 2385 1451 2441 tibi
1480 2385 1552 2442 sit
1577 2385 1718 2456 quod
1743 2385 1903 2454 panis
1926 2392 1984 2439 et

395 2475 680 2546 legumina.
724 2475 951 2546 Semper
981 2478 1033 2532 in
1065 2492 1225 2531 manu
1254 2486 1343 2533 tua
1368 2493 1525 2533 sacra
1550 2478 1711 2534 lectio
1735 2478 1825 2532 sit;
1853 2476 1985 2531 Fre-

394 2575 627 2635 quenter
654 2568 941 2633 orandum,
966 2577 1022 2623 et
1041 2568 1180 2623 tlexo
1204 2582 1432 2638 corpore
1454 2583 1610 2624 mens
1630 2568 1883 2639 erigenda
1915 2567 1985 2623 ad

396 2657 704 2714 Dominum.
753 2656 971 2714 Crebra:
1016 2658 1236 2730 vigilim,
1268 2666 1324 2714 et
1356 2670 1546 2714 ventre
1582 2673 1753 2714 vacuo
1788 2658 1984 2728 saepius

397 2749 792 2805 dormiendum.
851 2749 1211 2807 Rumusculos
1238 2763 1294 2809 et
1316 2751 1590 2822 gloriolas,
1620 2759 1678 2807 et
1704 2750 1986 2821 palpantes

397 2835 706 2893 adulatores
727 2839 882 2907 quasi
908 2840 1094 2896 hostes
1112 2840 1257 2912 fuge.
1293 2840 1626 2911 Pauperibus
1644 2848 1702 2896 et
1725 2839 1997 2895 fratribus

398 2925 683 2996 refrigeria
730 2937 1042 2998 sumptuum
1082 2946 1242 2986 manu
1279 2932 1499 3002 propria
1532 2931 1815 2999 distribue.
1873 2929 1985 2985 Hu-

327 3031 341 3044 ’
398 3015 682 3072 militatem
720 3020 949 3074 vestium
987 3016 1215 3076 tumenti
1242 3020 1425 3076 animo
1460 3035 1570 3075 non
1596 3027 1838 3091 appetas.
1872 3018 1985 3075 Ste-

399 3109 663 3166 cularium
706 3120 761 3166 et
795 3113 1034 3169 maxime
1069 3113 1367 3184 potentium
1405 3085 1737 3169 consortium
1779 3112 1977 3168 devita.
2009 3085 2054 3146 C

402 3198 610 3255 Habeto
646 3201 1045 3271 simplicitatem
1075 3202 1356 3269 columbae,
1388 3217 1456 3258 ne
1493 3204 1743 3272 cuiquam
1777 3202 1985 3258 machi-

401 3291 550 3347 neris
587 3292 761 3360 dolos,
800 3301 856 3349 et
894 3295 1165 3365 serpentis
1200 3294 1476 3360 astutiam,
1504 3308 1572 3349 ne
1603 3293 1829 3349 aliorum
1857 3309 2003 3364 sup--

399 3384 665 3454 planteris
703 3386 934 3443 insidiis.
982 3386 1102 3442 Non
1134 3387 1364 3442 multum
1401 3387 1568 3442 distat
1609 3386 1665 3441 in
1704 3385 1856 3449 vitio,
1898 3385 1985 3441 vel

401 3475 652 3546 decipere
675 3491 854 3547 posse,
888 3476 975 3533 vel
1007 3477 1184 3548 decipi
1207 3492 1366 3548 posse
1390 3476 1778 3534 Christianum.
1831 3475 1988 3531 Tem-

402 3564 548 3635 plum
591 3581 782 3623 verum
822 3566 1063 3634 Christi,
1115 3568 1294 3623 anima
1338 3566 1609 3623 credentis
1652 3574 1737 3622 est
1779 3584 1792 3621 :
1838 3565 1985 3619 illam

401 3672 628 3726 exorna,
660 3658 805 3715 illam
842 3660 1002 3726 vesti,
1044 3660 1119 3715 illi
1152 3660 1288 3717 offer
1323 3660 1568 3725 donaria,
1608 3660 1663 3714 in
1703 3659 1793 3714 illa
1825 3657 1986 3714 Chri-

403 3759 549 3805 stum
594 3752 827 3822 suscipe.
880 3751 1073 3807 Nescio
1118 3754 1265 3807 enim
1302 3752 1572 3822 quomodo
1608 3751 1728 3822 plus
1777 3751 1990 3821 placeat

405 3842 631 3908 mundo,
651 3842 743 3911 qui
769 3841 988 3898 Christo
1015 3843 1277 3913 displicet.

969 3931 1196 3988 CAPUT
1240 3932 1421 3987 XCVI.

478 4020 779 4096 (Ejusdem,
801 4041 867 4079 ea:
885 4023 1106 4096 epistola
1126 4030 1195 4079 ad
1218 4024 1520 4091 Rusticum,
1553 4027 1633 4080 tit.
1666 4027 1801 4097 xvi.)
1854 4027 1990 4082 Dico

407 4124 607 4182 autem,
636 4115 685 4170 si
706 4114 995 4171 clericatus
1016 4115 1201 4170 titillat
1226 4124 1278 4173 te
1309 4116 1654 4183 desiderium,
1678 4117 1824 4175 disce
1846 4118 1989 4187 quod

406 4207 582 4275 possis
610 4206 827 4273 docere,
862 4214 917 4260 et
954 4207 1274 4263 rationalem
1314 4209 1545 4267 hostium
1579 4208 1715 4265 offer
1750 4208 1985 4265 Christo.

406 4296 485 4352 Ne
525 4297 602 4354 sis
642 4297 801 4353 miles
839 4307 1131 4368 antequam
1165 4299 1306 4354 tiro:
1333 4316 1405 4355 ne
1441 4301 1593 4368 prius
1627 4301 1888 4371 magister
1911 4301 1991 4356 sis

2081 493 2136 533 et
2163 478 2284 533 aliis
2310 479 2622 534 tribuebant
2644 477 2943 550 refrigeria,
2973 495 3198 550 quorum
3230 496 3322 550 pro
3348 484 3587 553 spirituali-

2078 568 2185 623 bus
2202 568 2468 622 debebant
2493 576 2696 623 metere
2719 569 2955 624 carnalia
2979 569 3125 636 (Cor.
3144 571 3239 640 Ix).
3269 570 3342 625 Ita
3359 586 3472 643 ergo
3493 588 3587 646 age,

2079 663 2135 711 et
2166 656 2287 711 vive
2311 656 2366 711 in
2390 659 2739 723 monasterio,
2786 668 2847 714 ut
2876 658 3108 714 clericus
3131 662 3522 727 esse‘merearis,
3545 672 3591 717 ut

2079 746 2497 802 adotescentram
2523 756 2672 802 tuam
2705 749 2852 804 nulla
2880 748 3040 806 sorde
3076 749 3428 816 commacules,
3457 760 3509 806 ut
3537 755 3593 807 ad

2079 838 2251 893 altare
2287 837 2488 894 Christi
2524 841 2679 909 quasi
2713 842 2781 895 de
2820 841 3057 896 thalamo
3091 842 3240 913 virgo
3267 843 3520 912 procedas,
3550 852 3594 899 et

2080 929 2282 984 haLeas
2324 929 2525 986 deforis
2564 931 2762 986 bonum
2809 933 3193 988 testimonium.
3254 933 3465 990 Femina:
3500 950 3594 1005 qua

2080 1035 2276 1075 nomen
2323 1030 2473 1075 tuum
2523 1023 2776 1076 noverint
2794 1063 2810 1088 ,
2850 1022 3059 1078 vultum
3102 1024 3354 1080 nesciant.
3395 1025 3510 1081 Cum
3541 1027 3595 1080 ad

2079 1112 2372 1182 perfectam
2411 1120 2624 1167 aetatem
2662 1114 2894 1179 veneris,
2926 1115 2972 1169 si
3004 1121 3185 1170 tamen
3206 1116 3310 1170 vita
3329 1130 3486 1172 comes
3507 1115 3595 1172 fue-

2080 1203 2170 1267 rit,
2200 1211 2256 1257 et
2283 1210 2337 1257 te
2363 1203 2448 1258 vel
2476 1204 2707 1274 populus
2733 1206 2818 1260 vel
2844 1206 3087 1276 pontifex
3130 1206 3354 1262 civitatis
3385 1208 3444 1261 ad
3471 1206 3598 1262 cleri-

2080 1308 2201 1347 cum
2225 1293 2542 1365 adlegerint,
2571 1296 2716 1366 agito
2744 1312 2866 1366 qua:
2890 1297 3074 1352 clerici
3102 1305 3244 1359 sunt,
3269 1304 3321 1352 et
3345 1298 3466 1351 inter
3483 1297 3597 1366 ipsos

2081 1391 2291 1438 sectare
2322 1383 2594 1448 meliores,
2628 1385 2754 1455 quia
2794 1386 2847 1439 in
2885 1387 3033 1447 omni
3070 1386 3366 1442 conditione
3394 1395 3442 1441 et
3464 1388 3597 1457 gradu

2079 1473 2298 1542 optimis
2334 1475 2502 1529 mixta
2535 1487 2662 1530 sunt
2697 1476 2957 1545 pessima.
3020 1477 3188 1532 Multo
3231 1485 3448 1546 tempore
3481 1477 3598 1531 disce

2080 1561 2222 1631 quod
2258 1562 2476 1618 doceas.
2529 1563 2607 1619 Ne
2639 1565 2831 1621 credas
2863 1565 3238 1623 laudatoribus
3255 1570 3373 1635 tuis,
3401 1569 3491 1623 imo
3506 1569 3603 1624 irri-

2081 1651 2294 1708 soribus
2318 1668 2505 1709 aurem
2535 1669 2603 1710 ne
2628 1654 2864 1710 libenter
2887 1658 3279 1713 accommodes.

2637 1744 2869 1801 CAPUT
2913 1745 3118 1802 XCVII.

2080 1859 2091 1870 -
2152 1835 2451 1908 (Ejusdem,
2485 1854 2550 1892 ea:
2585 1837 2805 1908 epistola
2837 1838 2907 1892 ad
2936 1838 3300 1894 Heliodorum.
3336 1839 3461 1905 Quid
3485 1840 3604 1893 distet

2080 1927 2219 1980 inter
2268 1926 2516 1981 clericum
2574 1937 2623 1981 et
2676 1928 3039 1999 mmtachum.)
3107 1930 3415 1986 Monachum
3464 1940 3605 1985 autem

2082 2022 2381 2095 perfectum
2426 2039 2547 2080 esse
2588 2024 2746 2089 nolle,
2793 2024 3106 2094 delinquere
3153 2035 3252 2082 est.
3292 2024 3391 2081 Sed
3436 2027 3492 2081 de
3528 2027 3605 2080 hoc

2082 2114 2254 2185 gradu
2278 2113 2488 2184 pulsus,
2518 2114 2839 2184 provocabis
2867 2113 2935 2168 ad
2958 2115 3209 2170 clericos.
3256 2115 3333 2170 An
3355 2116 3413 2169 de
3436 2114 3509 2169 bis
3528 2113 3605 2167 ali-

2083 2206 2212 2274 quid
2244 2207 2471 2262 audeam
2508 2207 2712 2272 dicere,
2738 2207 2832 2277 qui
2865 2215 3014 2262 certe
3043 2207 3100 2262 in
3132 2209 3245 2263 suis
3270 2208 3471 2263 urbibus
3490 2221 3605 2262 com-

2084 2297 2408 2351 morantur?
2441 2296 2600 2351 Absit
2634 2305 2817 2351 antem
2860 2305 2920 2350 ut
2959 2298 3255 2368 quidquam
3295 2299 3359 2353 de
3397 2298 3471 2352 his
3507 2295 3606 2350 sini-

2082 2392 2255 2439 strum
2305 2385 2513 2456 loquar,
2561 2386 2655 2455 qui
2709 2386 3004 2456 apostolico
3052 2389 3243 2458 gradui
3292 2387 3601 2457 succedentes,

2083 2477 2289 2532 Christi
2322 2493 2524 2548 corpus
2566 2493 2724 2533 sacro
2763 2492 2859 2534 ore
2893 2479 3193 2535 conficiunt
3215 2499 3227 2534 :
3251 2495 3342 2549 per
3379 2493 3497 2549 quos
3531 2490 3605 2530 nos

2083 2568 2248 2622 etiam
2289 2567 2584 2624 Christiani
2622 2584 2847 2625 sumus:
2881 2570 2974 2640 qui
3005 2571 3190 2627 claves
3221 2571 3359 2641 regni
3395 2568 3603 2624 caelorum

2085 2656 2369 2721 habentes,
2415 2666 2543 2713 ante
2569 2657 2759 2729 iudicii
2795 2658 2939 2714 diem
2966 2656 3237 2726 iudicant,
3278 2660 3362 2729 qui
3397 2669 3601 2729 Sponsam

2085 2749 2300 2805 Domini
2329 2748 2509 2804 sobria
2539 2749 2790 2804 castitate
2831 2758 3177 2805 conservant.
3231 2750 3333 2805 Sed
3362 2756 3409 2803 et
3438 2746 3537 2810 alia,
3559 2750 3604 2796 ut

2085 2852 2211 2900 ante
2248 2844 2565 2914 perstrinxi,
2604 2845 2991 2900 monachorum
3032 2861 3202 2901 causa
3231 2854 3330 2909 est,
3361 2842 3451 2897 alia
3484 2836 3605 2893 cleri-

2086 2950 2293 2992 corum.
2350 2933 2545 2989 Clerici
2585 2942 2812 3004 pascunt
2853 2949 3000 2998 oves,
3054 2950 3161 3007 ego
3209 2948 3405 3006 pascor.
3449 2928 3512 2983 Illi
3556 2925 3607 2980 de

2086 3026 2279 3083 altario
2316 3027 2546 3081 vivunt:
2580 3026 2709 3081 mihi
2748 3027 2901 3095 quasi
2942 3028 3293 3083 infructuosae
3333 3022 3512 3080 arboris
3543 3034 3599 3074 se

2085 3119 2231 3174 curis
2265 3120 2488 3189 ponitur
2522 3119 2589 3173 ad
2627 3118 2885 3184 radicem,
2929 3120 2975 3174 si
3017 3135 3219 3175 munus
3257 3120 3321 3174 ad
3358 3115 3502 3171 altare
3526 3125 3606 3166 non

2083 3206 2269 3264 defero
2300 3207 2514 3280 (dfauh.
2541 3224 2632 3262 xvi
2663 3217 2711 3262 et
2737 3208 2918 3279 xvnt).
2969 3208 3087 3265 Nec
3124 3224 3336 3280 possum
3370 3202 3607 3262 obtendere

2083 3306 2483 3369 paupertatem,
2513 3313 2637 3353 cum
2678 3299 2734 3352 in
2771 3297 3069 3369 Evangelio
3103 3315 3263 3353 anum
3294 3297 3484 3352 viduam
3509 3290 3607 3345 duo.

2084 3404 2206 3458 qua:
2234 3389 2335 3444 sibi
2362 3388 2474 3445 sola
2504 3398 2846 3460 supererant,
2888 3403 2997 3442 mra
3040 3389 3339 3444 mittentem
3374 3377 3605 3440 laudaverit

2085 3479 2347 3534 Dominus
2367 3478 2545 3551 (Deut.
2575 3477 2730 3550 xvn).
2772 3477 2899 3532 Mihi
2927 3486 3060 3534 ante
3086 3479 3444 3549 presbyterum
3463 3472 3609 3528 sedere

2085 3554 2195 3625 nun
2221 3570 2377 3635 licet;
2406 3569 2504 3635 illi,
2536 3569 2583 3624 si
2605 3583 2923 3639 peccavero,
2954 3568 3087 3623 licet
3112 3568 3320 3623 tradere
3340 3579 3417 3620 me
3439 3560 3607 3617 Satanae

2086 3663 2139 3716 in
2171 3661 2452 3716 interitum
2481 3660 2689 3725 carnis,
2727 3672 2785 3714 ut
2818 3660 3048 3731 spiritus
3086 3661 3264 3715 salvus
3289 3659 3354 3714 sit
3374 3658 3421 3712 in
3444 3649 3605 3710 dieDo-

2086 3752 2219 3807 mini
2243 3749 2392 3807 Iesu.
2433 3751 2503 3805 Et
2531 3751 2586 3805 in
2617 3752 2786 3806 veteri
2820 3751 3040 3819 quidem
3077 3752 3216 3821 lege,
3252 3748 3522 3819 quicunque
3547 3753 3611 3793 sa-

2086 3843 2396 3901 cerdotibus
2422 3856 2531 3897 non
2555 3842 2989 3911 obtemperasset
3010 3881 3028 3904 ,
3063 3849 3160 3896 aut
3186 3849 3335 3896 extra
3364 3844 3514 3891 castra
3542 3843 3607 3897 p0-

2087 3935 2224 3990 situs
2252 3933 2594 4003 lapidabatur
2621 3947 2651 3986 a
2683 3933 2905 4003 populo,
2939 3940 3038 3986 aut
3069 3932 3247 4004 gladio
3273 3928 3465 3985 cervice
3480 3918 3605 3987 snlije

2088 4035 2194 4091 cta,
2218 4032 2589 4096 contemptum
2612 4025 2865 4094 expiabat
2889 4039 3113 4080 cruore.
3155 4023 3307 4079 Nunc
3336 4034 3453 4076 vero
3473 4013 3610 4071 iuobc~

2088 4120 2260 4180 diens,
2305 4117 2534 4188 spiritali
2577 4130 2836 4172 mucrone
2880 4124 3176 4171 truncatur
3198 4134 3211 4168 :
3237 4122 3328 4169 aut
3361 4110 3536 4179 eiectus
3560 4099 3613 4153 d6

2087 4210 2338 4274 ecclesia,
2371 4209 2562 4264 rabido
2587 4209 2889 4264 daamonum
2919 4223 3017 4263 ore
3049 4207 3385 4278 discerpitur.

2630 4321 2861 4379 CAPUT
2906 4322 3137 4379 XCVIII.

407 4395 697 4457 antequam
727 4387 1040 4457 discipulus.
1080 4387 1194 4445 Non
1235 4397 1320 4446 est
1355 4390 1673 4447 humilitatis
1714 4407 1850 4447 mea:
1889 4407 1988 4446 ne-
2016 4428 2069 4487 Β
2166 4394 2463 4464 (Ejusdem,
2495 4409 2561 4447 ea:
2588 4377 2805 4463 epistola
2830 4393 2900 4446 ad
2925 4377 3231 4458 oceanum,
3262 4391 3324 4445 de
3358 4387 3462 4443 Vita
3497 4377 3614 4435 deri“

404 4495 512 4550 que
537 4494 804 4536 mensurae.
822 4480 1069 4552 judicare
1092 4480 1159 4537 de
1184 4482 1422 4548 clericis,
1448 4490 1507 4536 et
1532 4483 1599 4538 de
1620 4482 1886 4538 ministris
1905 4498 1992 4537 ec-

407 4572 695 4630 clesiarum
741 4574 1022 4629 sinistrqu
1061 4574 1338 4645 quippiam
1376 4574 1576 4630 dicere.
1627 4574 1873 4629 Habeant
1913 4574 1990 4629 illi

407 4663 651 4718 ordinem
686 4673 743 4720 et
774 4663 1002 4735 gradum
1038 4679 1217 4720 suum.
1251 4664 1421 4731 Quem
1458 4664 1507 4719 si
1554 4663 1816 4727 tenueris,
1854 4679 1992 4732 quo-

407 4754 569 4810 modo
595 4756 692 4811 tibi
722 4756 777 4810 in
804 4771 871 4811 eo
899 4756 1185 4811 vivendum
1215 4755 1305 4819 sit,
1331 4756 1512 4811 editus
1539 4755 1607 4810 ad
1632 4753 1990 4823 Nepotianum

408 4844 546 4899 liber
567 4846 761 4901 docere
779 4846 994 4915 poterit.
1038 4847 1170 4902 Volo
1192 4863 1322 4917 ergo
1351 4858 1410 4901 ut
1439 4846 1557 4901 sine
1591 4844 1992 4899 intermissione

409 4934 606 4998 oratio,
632 4942 687 4988 et
704 4934 830 5005 vigil
859 4934 954 4988 tibi
990 4936 1062 4990 sit
1093 4952 1308 5000 sensus,
1333 4951 1436 4991 nec
1460 4936 1612 5006 vagis
1640 4934 1987 5004 cogitationi-

409 5025 510 5078 bus
547 5031 760 5092 patens,
801 5041 1001 5095 corpus
1041 5028 1249 5096 pariter
1288 5035 1345 5082 et
1391 5026 1604 5082 animus
1637 5027 1889 5081 tendatur
1921 5027 1990 5081 ad

409 5112 717 5170 Dominum.
782 5114 922 5170 Iram
969 5118 1125 5175 vince
1180 5117 1456 5187 patientia.
1518 5116 1656 5171 Ama
1706 5117 1987 5172 scientiam

410 5204 833 5277 Scripturarum,
866 5216 919 5262 et
952 5210 1131 5265 carnis
1153 5210 1284 5264 vitia
1309 5225 1415 5265 non
1443 5209 1667 5266 amabis.
1703 5209 1812 5265 Nec
1836 5218 1992 5265 vacet

410 5310 564 5353 mens
604 5307 693 5353 tua
748 5298 912 5354 variis
957 5300 1456 5369 perturbationibus
1483 5318 1495 5354 :
1520 5315 1640 5370 quae
1689 5301 1735 5355 si
1784 5302 1990 5370 pectori

412 5386 732 5455 insederint,
763 5390 1186 5446 dominabuntur
1214 5390 1395 5454 tui,Iet
1424 5400 1477 5446 te
1513 5392 1777 5447 deducent
1804 5392 1872 5446 ad
1897 5392 1991 5446 de-

413 5476 598 5533 lictum
638 5483 953 5537 maximum.
1001 5480 1191 5537 Facito
1223 5482 1427 5552 aliquid
1457 5482 1657 5552 operis,
1690 5490 1750 5537 ut
1778 5496 1990 5551 semper

417 5575 469 5622 te
508 5570 750 5628 diabolus
790 5573 1028 5629 inveniat
1073 5582 1412 5643 occupatum.
1465 5573 1731 5629 Memento
1772 5573 1897 5641 quia
1936 5579 1992 5626 et

417 5660 642 5726 ειροςιοιὶ
681 5663 901 5729 Christi,
937 5664 1198 5721 habentes
1241 5673 1562 5736 potestatem
1593 5666 1659 5719 de
1698 5662 1989 5735 Evangelia

2094 4486 2320 4555 carum.)
2358 4485 2690 4553 Deprecatus
2714 4499 2776 4538 es
2798 4524 2812 4549 ,
2842 4491 2905 4537 ut
2931 4483 3031 4538 tibi
3061 4483 3301 4538 breviter
3326 4481 3609 4546 exponerem.

2094 4578 2328 4649 qualiter
2349 4575 2532 4630 clerici
2560 4575 2813 4630 victitare
2849 4574 3101 4629 debeant.
3155 4572 3293 4627 Hinc
3317 4583 3397 4624 me
3418 4561 3612 4636 μιθΐίφκ

2094 4684 2126 4722 e
2156 4665 2458 4722 maledictis
2503 4663 2714 4720 aemulis
2754 4664 3172 4735 praestolamur,
3222 4661 3343 4731 quia
3380 4671 3473 4711 non
3513 4649 3613 4743 sile}!

2093 4756 2399 4812 veritatem.
2458 4752 2640 4807 Prima
2691 4752 2911 4822 quidem
2949 4757 3284 4806 tentamenta
3330 4749 3449 4801 sunt
3485 4737 3613 4793 cleri-

2095 4863 2305 4913 eorum,
2326 4846 2646 4901 feminarum
2692 4843 3005 4912 frequentes
3049 4854 3319 4895 accessus.
3372 4835 3465 4889 Iste
3489 4835 3613 4883 sum

2091 4937 2546 5010 reprehensibiies
2590 4934 2811 4990 exhibet
2843 4933 3091 4989 clericos.
3151 4930 3287 4997 Quid
3330 4924 3418 4980 tibi
3464 4925 3611 5010 revcrt

2088 5002 2212 5085 cum
2240 5026 2479 5091 feminis,
2514 5026 2607 5096 qui
2644 5025 2712 5079 ad
2752 5024 2920 5079 altare
2958 5038 3083 5078 cum
3114 5020 3336 5075 Domino
3363 5002 3615 5069 fabularis?

2090 5121 2167 5176 Te
2194 5120 2373 5175 cuncti
2414 5121 2466 5174 in
2503 5117 2747 5189 publico,
2782 5124 2836 5171 te
2865 5116 2920 5170 in
2944 5129 3075 5186 agro
3099 5111 3287 5168 rustici
3325 5105 3613 5198 aratores-.86

2088 5213 2355 5267 vinitores
2381 5188 2620 5280 quotidie
2651 5205 3251 5283 graviter‘laccrabunt,
3279 5201 3323 5256 si
3347 5202 3513 5252 contra
3532 5188 3616 5283 di:

2088 5301 2324 5374 positum
2362 5275 2485 5356 fidei
2523 5275 2675 5354 cum'
2700 5278 2914 5353 feminis
2965 5297 3211 5351 habitare
3250 5285 3522 5347 contendis.
3558 5275 3611 5332 Et

2086 5392 2213 5462 quia
2242 5392 2324 5463 (ut
2350 5389 2610 5460 arbitror)
2635 5388 2972 5459 concupiscis
2997 5378 3469 5455 irreprebeusibilis
3495 5374 3614 5463 invcv

2086 5461 2222 5547 niri,
2256 5461 2582 5538 testimonio
2622 5482 2766 5536 bono
2807 5478 3035 5534 munire.
3102 5470 3347 5542 Nunquid
3388 5468 3435 5521 in
3475 5461 3609 5515 cbo”

2085 5572 2448 5642 apostolorum
2475 5570 2689 5625 feminae
2716 5564 3019 5624 affuerunt?
3050 5564 3283 5619 Prohibe
3314 5553 3606 5643 virgines

2085 5678 2207 5718 cum
2232 5662 2576 5726 conunorari,
2601 5660 2765 5714 etiam
2790 5674 2910 5729 qua:
2941 5657 3005 5711 de
3036 5667 3233 5723 genere
3259 5659 3345 5704 tuo
3377 5648 3503 5699 sum.
3537 5634 3603 5688 DI-
