3884 6192
273 332 385 389 889

853 328 1132 385 REGULA
1169 327 1666 388 CANONICORUM
1699 328 1790 384 AB
1826 323 2182 383 AMALARIO
2217 322 2593 382 COLLECTA.
2638 355 2704 366 ——
2739 324 2868 382 LIB.
2909 327 2951 383 l.

3419 329 3520 384 890

274 440 404 512 ligis
426 439 558 494 eas?
580 438 819 494 exterius
853 440 1074 505 ordina,
1104 439 1414 511 frequenter
1442 441 1601 496 visita
1626 439 1847 510 junctus
1876 444 1924 502 A
1953 440 2069 503 dos,
2109 455 2279 510 pauca
2323 440 2390 495 de
2430 438 2653 509 reliquis
2686 439 2925 509 Apostoli
2969 442 3310 508 testimoniis,
3352 459 3523 513 quan-

269 532 541 601 obsequio
580 529 927 598 clericorum,
964 547 1034 587 ne
1068 534 1194 587 dum
1231 533 1567 589 secretaliter
1607 549 1671 589 ac
1709 533 1855 588 solus

271 622 597 694 ingrederis,
623 621 861 677 macules
895 623 1259 677 testimonium
1293 632 1461 678 tuum.
1501 623 1672 679 Aliter
1705 640 1856 678 nam-

270 729 386 784 que
423 714 721 784 conjugati,
762 714 923 769 aliter
959 714 1299 769 continentes
1340 715 1635 769 edocentur
1678 716 1854 771 eccle—

272 803 557 859 siasticum
603 802 784 857 subire
820 802 1179 857 ministerium
1218 810 1274 858 et
1309 817 1468 857 onus.
1508 802 1857 857 Feminarum

270 908 403 949 cum
442 892 653 948 clericis
684 892 829 948 nullo
863 902 1021 962 pacto
1054 890 1339 962 conjuncta
1378 893 1689 964 prmcipitur
1723 909 1855 948 cou-

270 983 536 1038 versatio.
577 981 750 1037 Janua
797 983 1018 1049 diaboli,
1061 984 1147 1037 via
1196 984 1517 1053 iniquitatis,
1555 984 1858 1054 scorpionis

270 1074 577 1145 percussio,
608 1074 965 1143 nocivumque
991 1089 1162 1145 genus
1187 1086 1273 1129 est
1297 1074 1516 1129 femina.
1564 1074 1699 1130 Cum
1731 1091 1858 1145 pro-

272 1166 452 1219 ximat
503 1163 700 1233 stipula
728 1204 743 1229 ,
794 1163 1032 1219 incendit
1072 1165 1267 1235 ignem.
1329 1165 1687 1235 Flammigero
1736 1166 1858 1236 igne

272 1255 513 1326 percutit
575 1253 772 1309 femina
825 1255 1216 1310 conscientiam
1261 1254 1465 1325 pariter
1521 1254 1856 1321 habitantis,

272 1344 565 1412 exuritque
590 1341 936 1396 fundamenta
968 1342 1249 1395 montium.
1296 1342 1408 1413 Ego
1425 1341 1629 1409 judico,
1656 1342 1703 1397 si
1733 1357 1857 1399 cum

272 1433 413 1487 viris
440 1431 650 1486 feminze
681 1430 943 1496 habitent,
972 1432 1261 1485 viscarium
1292 1448 1397 1486 non
1429 1432 1602 1487 deerit
1634 1432 1854 1498 diaboli,

272 1525 371 1594 qui
393 1539 458 1579 ex
481 1524 559 1578 eis
579 1531 876 1594 aucupatus
899 1530 982 1577 est
1007 1523 1074 1577 ab
1096 1523 1251 1578 initio
1280 1533 1581 1592 peccatum.
1632 1524 1859 1580 Ferreas

273 1623 490 1669 mentes
531 1614 693 1668 libido
735 1613 917 1667 domat
944 1631 955 1664 :
982 1613 1028 1668 si
1068 1612 1369 1684 alligaverit
1406 1616 1529 1685 quis
1578 1616 1758 1687 ignem
1801 1617 1855 1671 in

271 1707 401 1760 sinu
434 1719 551 1769 suo,
588 1704 911 1758 vestimenta
940 1700 1055 1770 ejus
1082 1720 1184 1758 non
1215 1705 1639 1760 comburentur?
1673 1705 1783 1760 Aut
1812 1706 1858 1761 si

1951 547 2066 595 tum
2097 538 2355 595 Dominus
2379 538 2565 604 donat,
2594 551 2883 607 exponam.
2917 538 3195 594 Suﬂiciant
3221 539 3527 609 superiores

1952 645 2152 694 causae,
2200 644 2319 699 qum
2363 628 2521 684 dicta:
2559 638 2705 685 sunt.
2754 630 2954 685 Verum
3000 646 3070 684 ne
3106 630 3300 699 aliquis
3344 631 3526 686 minus

1953 718 2258 788 intelligens
2305 717 2371 771 ad
2415 718 2695 788 episcopos
2740 719 2937 773 sentiat
2992 717 3309 787 Apostolum
3357 719 3527 775 fuisse

1952 808 2211 874 locutum,
2257 810 2385 878 quid
2432 810 2499 865 de
2539 811 2851 866 diaconibus
2898 812 2965 867 ad
3006 812 3346 867 Timotheum
3394 828 3529 883 prm-

1954 888 2169 969 ceptum
2217 908 2319 965 est,
2353 899 2481 969 quid
2506 901 2570 955 de
2600 901 2927 973 presbyteris
2963 903 3028 957 ad
3057 901 3258 965 Titum,
3291 917 3526 957 comme-

1953 1004 2169 1043 morare
2218 988 2469 1051 delectat.
2504 987 2611 1044 Sed
2649 992 3081 1059 przetereundum
3122 1007 3227 1045 non
3256 999 3339 1046 est
3372 1006 3531 1060 supc-

1956 1079 2155 1135 riorcm
2200 1077 2495 1147 explanare
2530 1081 2875 1134 sententiam.
2916 1080 3088 1137 Unius
3120 1083 3305 1137 uxoris
3346 1083 3525 1136 virum

1954 1179 2008 1225 et
2036 1187 2176 1226 nova
2204 1178 2259 1226 et
2296 1179 2451 1226 vetus
2483 1173 2771 1242 praeceptio
2816 1174 3152 1228 sacerdotem
3196 1176 3404 1229 censuit
3434 1173 3532 1228 eli-

1955 1266 2209 1334 gendum.
2263 1262 2398 1330 Quia
2451 1264 2697 1336 digamos
2753 1267 2819 1319 ad
2880 1266 3237 1321 ministerium
3288 1268 3532 1337 plerique
3626 1292 3639 1301 -

1956 1353 2193 1424 episcopi
2242 1354 2637 1424 applicuerunt,
2682 1354 2761 1409 sic
2796 1364 3187 1409 asseruerunt:
3221 1356 3531 1411 Concubina

1957 1439 2060 1495 fuit
2093 1441 2205 1506 illa,
2231 1442 2347 1497 haec
2371 1457 2526 1497 uxor.
2559 1442 2723 1510 Quasi
2752 1458 2861 1497 non
2898 1446 3011 1500 haec
3033 1445 3218 1500 cadem
3249 1446 3358 1500 sint
3386 1461 3534 1501 com—

1957 1532 2159 1587 mercia
2204 1530 2468 1587 fmditatis
2502 1533 2558 1586 in
2610 1533 2719 1599 illa,
2766 1548 2888 1602 quae
2936 1534 2988 1589 in
3032 1535 3133 1590 hac
3175 1544 3529 1598 exercentur,

1958 1639 2078 1694 quae
2104 1640 2242 1679 uxor
2292 1624 2580 1690 asseritur,
2623 1633 2715 1680 aut
2738 1626 2863 1696 quia
2907 1625 3141 1697 coniugii
3173 1627 3384 1682 tabulas
3424 1643 3532 1682 non

1958 1713 2121 1782 fecit,
2158 1715 2598 1785 concupiscentia
2627 1715 2732 1770 alia
2769 1731 2876 1771 non
2907 1716 3024 1771 fuit.
3067 1718 3223 1772 Nullo
3265 1725 3425 1788 pacto
3453 1718 3534 1772 di-

270 1796 402 1866 quis
438 1792 793 1848 ῢωὺιιιθνθτῖι
837 1807 997 1862 super
1028 1794 1293 1849 carbones
1335 1794 1490 1865 ignis,
1533 1797 1697 1865 Pedes
1729 1812 1857 1853 suos
1883 1788 1931 1847 Β
1958 1820 2168 1877 gamos,
2213 1805 2298 1859 vel
2342 1806 2764 1861 concubinarum
2810 1808 3017 1861 catenis
3067 1806 3323 1872 insertos,
3380 1808 3535 1862 decet

272 1903 387 1941 non
430 1883 748 1940 comburet?
785 1883 912 1938 Mihi
952 1883 1133 1949 crede,
1171 1900 1277 1939 non
1320 1894 1498 1956 potest
1540 1894 1649 1942 toto
1694 1888 1856 1942 corde

272 1978 528 2032 habitare
574 1991 697 2031 cum
740 1975 966 2030 Domino
990 2015 1005 2041 ,
1059 1977 1152 2046 qui
1190 1976 1514 2031 feminarum
1550 1978 1859 2034 accessibus

272 2067 578 2138 cepulatur.
639 2066 745 2120 Sed
782 2067 952 2121 dicit:
987 2067 1091 2133 Qui
1126 2068 1380 2133 ambulat,
1421 2069 1616 2137 inquit,
1655 2068 1858 2139 simpli-

270 2160 428 2223 citer,
454 2155 687 2210 ambulat
709 2156 1029 2225 conﬁdenter
1057 2154 1237 2229 (Prov.
1272 2156 1348 2227 ιι).
1387 2158 1529 2213 Bene
1558 2167 1613 2213 et
1635 2167 1854 2230 argute;

270 2250 373 2304 sed
393 2256 606 2319 oportet
629 2249 992 2304 testimonium
1016 2250 1216 2304 bonum
1239 2250 1439 2305 habere
1460 2251 1529 2305 ab
1553 2251 1639 2307 his
1663 2252 1754 2323 qui
1779 2251 1859 2306 fo-

271 2343 358 2397 ris
394 2352 537 2397 sunt.
586 2342 739 2398 Licet
777 2358 961 2397 coram
999 2342 1229 2399 Domino
1269 2344 1509 2411 incedas,
1547 2353 1724 2400 tamen
1768 2361 1859 2401 co-

273 2450 398 2488 ram
428 2435 736 2490 hominibus
771 2436 909 2491 bona
940 2436 1267 2505 providenda
1298 2446 1458 2493 sunt:
1482 2440 1607 2509 quia
1635 2439 1861 2494 astutio-

274 2541 372 2580 res
407 2534 531 2580 sunt
571 2525 666 2579 ﬁlii
704 2527 1052 2581 tenebrarum
1091 2543 1253 2598 super
1284 2528 1422 2584 filios
1460 2530 1614 2586 lucis.
1665 2529 1799 2585 Cum
1826 2546 1859 2586 a

272 2623 337 2670 te
358 2616 460 2670 hoc
485 2632 655 2687 genus
676 2632 779 2671 non
803 2610 1139 2687 amputatur,
1154 2618 1252 2673 das
1271 2622 1787 2689 reprehendentibus
1809 2632 1861 2680 te

274 2695 480 2771 locum.
518 2705 636 2776 Ipse
666 2716 718 2760 te
746 2707 1145 2762 detrahentium
1176 2709 1447 2765 morsibus
1482 2710 1784 2778 tradidisti,
1815 2712 1861 2767 si

279 2805 632 2866 agapetarum
688 2797 1017 2851 consortium
1073 2815 1180 2853 non
1235 2799 1525 2856 dimiseris.
1590 2803 1861 2875 Benignus

278 2887 388 2942 es?
417 2888 642 2956 gaudeo.
703 2888 980 2943 Pudicns?
1029 2887 1222 2944 falsum
1276 2898 1379 2946 est.
1432 2889 1488 2946 Si
1545 2892 1861 2961 pudicitiam

278 2979 503 3049 quaeris,
533 2976 811 3044 feminam,
840 2994 1002 3049 quam
1032 2980 1234 3034 videris
1261 2980 1397 3037 bene
1427 2992 1859 3051 conversantem,

279 3078 464 3125 mente
499 3070 681 3140 dilige,
727 3086 832 3123 non
862 3070 1130 3139 corporali
1158 3068 1467 3139 frequentes
1493 3079 1707 3127 ornatu.
1741 3073 1857 3128 Non

1957 1894 2139 1950 subire
2168 1894 2458 1951 sacerdotii
2484 1895 2865 1950 ministerium.
2912 1895 2969 1949 ln
3000 1895 3240 1950 Levitico
3269 1897 3531 1964 scriptum

1955 1994 2040 2041 est
2082 1999 2143 2040 ac
2173 1984 2523 2056 praefinitum,
2558 1966 2746 2056 qu'ales
2776 1986 2900 2057 eligi
2936 1987 3165 2042 debeant
3202 1988 3533 2043 sacerdotes.

1958 2073 2016 2129 Si
2042 2089 2171 2144 ergo
2209 2074 2438 2130 clericus
2466 2090 2820 2145 monogamus
2849 2074 3032 2142 fuerit,
3060 2085 3115 2131 et
3140 2093 3276 2132 uxor
3301 2075 3417 2145 ejus
3455 2078 3538 2133 di-

1958 2181 2133 2235 gama,
2160 2165 2268 2221 noli
2299 2180 2424 2221 eum
2450 2167 2519 2221 ad
2541 2166 2902 2222 ministerium
2928 2169 3196 2240 applicare
3218 2168 3370 2241 (Cap.
3396 2170 3533 2239 xxi).

1957 2256 2085 2312 ﬂare
2119 2257 2241 2312 Tito
2279 2266 2551 2328 praecepta
2598 2259 2740 2314 idem
2780 2259 3070 2330 Apostolus
3115 2261 3181 2315 de
3222 2261 3537 2317 ordinandis

1959 2348 2173 2404 clericis
2201 2349 2351 2404 dedit
2376 2348 2515 2421 (Tit.
2542 2348 2618 2412 ι).
2646 2349 2710 2404 Et
2739 2350 2864 2421 quia
2886 2350 3021 2406 liber
3052 2351 3212 2407 linem
3237 2360 3534 2421 exspectat,

1959 2438 2027 2492 ad
2056 2438 2109 2493 id
2153 2438 2440 2495 redeamus
2482 2440 2625 2494 unde
2666 2440 2895 2511 digressi
2943 2457 3149 2497 sumus.
3199 2441 3309 2497 Nec
3345 2442 3390 2498 si
3419 2442 3537 2496 dua:

1960 2537 2053 2583 aut
2099 2535 2211 2584 tres
2248 2530 2456 2600 pariter
2505 2529 2603 2584 Dei
2646 2530 2854 2586 ancilla:
2896 2543 3199 2597 morentur,
3250 2532 3423 2586 solum
3468 2532 3538 2588 ad

1959 2634 2051 2675 eas
2097 2620 2252 2675 decet
2299 2620 2505 2689 ingredi
2558 2621 2916 2676 sacerdotem.
2971 2619 3027 2675 Si
3084 2621 3207 2691 quis
3251 2623 3367 2676 haec
3405 2636 3540 2691 pra:-

1960 2720 2112 2782 cepta
2142 2727 2247 2766 non
2270 2712 2659 2778 observaverit,
2685 2713 2856 2768 hostis
2886 2721 2969 2768 est
2998 2714 3193 2768 animm
3219 2728 3350 2768 suae.
3380 2711 3535 2779 Quod

1958 2801 2005 2856 si
2035 2809 2155 2871 post
2182 2812 2368 2857 nostra
2409 2802 2611 2857 monita
2645 2802 2838 2873 aliquis
2864 2803 3092 2859 clericus
3128 2811 3382 2875 agapetas
3419 2819 3535 2857 am-

1958 2889 2101 2962 plius
2146 2891 2423 2961 quaesierit
2466 2907 2649 2948 amare
2687 2908 2849 2963 quam
2877 2893 3185 2959 Christum,
3237 2893 3534 2948 secundum

1961 2981 2273 3053 synodalem
2324 2982 2565 3051 regulam
2601 2983 2975 3048 conveniatur,
3021 2992 3076 3039 et
3108 2991 3378 3053 praecepta
3431 2981 3537 3036 Pa-

1964 3079 2105 3126 trum
2151 3071 2206 3126 in
2251 3070 2428 3127 Nicaea
2468 3072 2689 3127 definita
2723 3071 2976 3144 (Concilii
3008 3071 3216 3128 Nicami
3246 3091 3365 3128 can.
3398 3074 3455 3143 '5)
3487 3072 3538 3128 ci

276 3164 452 3218 vestis
493 3172 681 3218 tenera
712 3163 969 3217 clericum
1017 3162 1167 3229 facit,
1218 3171 1311 3218 aut
1359 3165 1717 3230 sacerdotem,
1764 3166 1860 3222 sed
1885 3146 1930 3209 Ο
1961 3164 2228 3235 legantur.
2272 3162 2393 3219 Jam
2415 3179 2548 3219 vero
2573 3164 2618 3219 si
2648 3172 2943 3219 conventus
2964 3164 3219 3234 praedicta
3259 3163 3460 3235 fugerit
3484 3171 3541 3217 et

278 3265 437 3311 casta
477 3256 672 3310 mentis
702 3256 947 3310 intentio.
982 3254 1107 3310 Haec
1150 3257 1296 3311 enim
1325 3257 1663 3313 devotionem
1692 3258 1864 3313 hono-

279 3345 362 3399 ris
391 3345 445 3399 in
488 3355 541 3398 te
581 3345 831 3399 custodit.
866 3344 1137 3400 Honorem
1177 3346 1393 3415 quidem
1421 3346 1707 3416 gloriosius
1734 3348 1860 3404 boni

280 3434 468 3505 operis
493 3434 635 3489 fama
665 3442 966 3490 conservat.
1001 3434 1322 3490 Sacerdotes
1349 3437 1548 3506 quippe
1574 3437 1744 3499 decet,
1778 3438 1863 3491 vel

280 3535 514 3579 caateros
533 3525 749 3595 quidem
779 3524 1102 3580 clericorum
1132 3526 1353 3596 gradus,
1380 3536 1441 3581 ut
1461 3542 1626 3597 supra
1656 3527 1861 3582 dictum

281 3623 386 3678 est,
420 3630 450 3669 a
484 3614 698 3670 feminis
729 3616 1018 3688 segregari.
1069 3616 1127 3672 Si
1152 3618 1314 3687 igitur
1342 3618 1556 3690 generis
1578 3619 1750 3689 gratia
1774 3617 1862 3686 ju-

281 3705 441 3760 dicas
459 3706 673 3760 e.sdem
705 3706 848 3761 nullo
878 3715 1035 3777 pacto
1069 3708 1374 3773 dimittere,
1418 3716 1691 3763 memento
1719 3708 1863 3777 quod

265 3795 526 3859 Thamar
554 3796 622 3850 ab
648 3795 861 3851 Amnon
905 3795 1075 3852 fratre
1114 3812 1212 3852 suo
1242 3806 1494 3868 corrupta
1525 3798 1595 3853 sit
1625 3797 1643 3870 (
1674 3800 1699 3851 Ι
1730 3797 1860 3868 Reg.

283 3888 444 3948 sui).
486 3888 721 3957 ldipsum
756 3903 1084 3958 persequor,
1129 3889 1483 3946 dilectissime
1521 3891 1653 3945 :uhi
1702 3892 1864 3947 unius

282 3986 374 4033 est
408 3977 742 4033 tabernaculi
771 3978 1135 4044 conversatio,
1166 3981 1352 4036 carnis
1391 3995 1499 4035 non
1535 3979 1694 4035 facile
1722 3981 1864 4035 tolli-

285 4076 382 4122 tur
407 4067 715 4125 delectatio.
746 4068 822 4123 De
849 4068 1058 4125 duobus
1084 4070 1230 4125 enim
1250 4111 1264 4136 ,
1309 4069 1451 4140 quod
1491 4087 1630 4126 unus
1657 4072 1867 4127 deside-

286 4167 395 4218 rat,
424 4157 471 4211 si
500 4157 643 4227 loqui
665 4173 771 4213 non
795 4167 994 4227 potest,
1016 4159 1099 4213 vel
1130 4167 1388 4214 tentatur.
1430 4159 1677 4215 Remotio
1704 4161 1867 4232 igitur

286 4246 391 4300 viri
424 4246 689 4302 castitatis
715 4247 939 4302 collocat
965 4263 1140 4315 arma,
1170 4249 1437 4304 construit
1469 4249 1523 4303 in
1552 4249 1868 4306 melioribus

286 4350 490 4405 castra,
520 4342 739 4411 pudoris
767 4342 1024 4396 honorem
1045 4343 1373 4398 consolatur.
1419 4342 1601 4398 Potuit
1635 4344 1778 4398 enim
1813 4351 1869 4399 et

288 4433 463 4489 Maria
526 4443 698 4488 mater
746 4433 958 4489 Domini
1008 4436 1076 4489 de
1120 4435 1287 4491 choro
1340 4436 1704 4506 apostolorum
1759 4451 1866 4490 non

290 4528 594 4593 discedere,
640 4528 684 4583 si
722 4528 929 4583 liceret.
974 4529 1173 4585 Thecla
1200 4537 1323 4600 post
1365 4532 1714 4586 teutationem
1746 4547 1870 4601 pas-

287 4618 463 4675 sionis
487 4617 787 4674 Antiochiae
810 4634 840 4674 a
864 4618 1031 4673 Paulo
1050 4620 1366 4688 prohibetur
1388 4621 1595 4687 pariter
1623 4636 1869 4691 pergere.

290 4708 465 4763 Nemo
493 4708 651 4767 miles
671 4725 794 4763 cum
837 4724 1007 4764 uxore
1033 4709 1209 4777 pergit
1234 4709 1303 4762 ad
1324 4708 1545 4763 bellum.
1590 4709 1706 4764 Non
1737 4712 1875 4764 invi-

293 4798 402 4853 deo
432 4798 718 4853 cbaritati:
748 4801 821 4853 sit
847 4800 943 4854 tibi
973 4813 1096 4854 cum
1121 4798 1287 4854 castis
1313 4799 1615 4869 virginibus
1639 4800 1876 4869 longzeva

291 4888 535 4955 dilectio,
575 4896 702 4944 tunc
727 4889 780 4943 in
807 4891 950 4945 bono
970 4890 1224 4945 meritum
1254 4890 1565 4958 collocabis,
1594 4899 1651 4946 et
1677 4889 1874 4945 famam

293 4979 625 5035 meliorabis.
653 4979 760 5035 Sed
790 4980 855 5035 de
882 4981 1298 5051 congregatione
1321 4980 1623 5051 puellarum
1651 4980 1876 5051 pulchre

292 5086 519 5136 censeo,
563 5072 616 5125 in
644 5070 979 5141 hebdomada
1012 5071 1246 5125 secunda
1272 5071 1577 5127 visitatione
1609 5071 1677 5126 ad
1712 5070 1877 5125 bene-

294 5159 581 5215 dicendam
608 5160 1082 5232 congregationem
1112 5162 1424 5226 convenias,
1458 5161 1553 5216 sed
1578 5178 1686 5217 non
1707 5161 1875 5227 solus,

296 5264 368 5305 ne
389 5246 701 5320 rumigernli
726 5250 923 5320 linguis
944 5261 996 5304 te
1019 5249 1383 5304 lacerantibus
1409 5259 1704 5304 macerent.
1732 5250 1879 5306 Alie-

296 5354 426 5394 nam
447 5342 592 5394 enim
615 5341 839 5410 cupiunt
857 5340 1021 5395 vicini
1050 5340 1319 5395 discutere
1344 5341 1534 5403 vitam,
1564 5356 1668 5393 non
1698 5354 1874 5395 suam.

299 5430 594 5501 Propterea
622 5432 783 5503 digne
822 5433 1008 5501 accipe
1050 5439 1358 5488 nostrorum
1397 5440 1665 5502 praecepta
1689 5433 1883 5488 verbo-

300 5538 444 5587 rum,
493 5531 550 5577 et
592 5523 798 5578 monita
850 5522 1193 5587 humilitatis,
1244 5537 1364 5592 quae
1393 5520 1633 5576 fraterno
1683 5521 1879 5578 aﬂ‘ectu

300 5614 514 5669 calamo
545 5613 852 5684 imperante
898 5613 1282 5682 expressimus,
1332 5611 1561 5666 dulciter
1595 5612 1728 5682 lege.
1757 5611 1878 5667 Iam

300 5720 431 5759 vero
460 5714 518 5757 ut
559 5703 997 5774 rcprchensibilis
1036 5702 1200 5757 divini
1234 5702 1421 5756 altaris
1452 5717 1557 5757 non
1587 5702 1661 5756 sit
1696 5716 1877 5757 sacer-

1961 3253 2257 3323 reliquerit,
2290 3254 2565 3308 consecuti
2590 3268 2775 3307 sumus
2804 3253 3097 3307 maximum
3134 3253 3362 3308 lucrum.
3388 3251 3539 3306 Alio-

1960 3343 2088 3411 quin
2120 3341 2243 3396 talis
2277 3342 2345 3395 ab
2385 3341 2630 3396 Ecclesia
2677 3342 3217 3396 anathematizandus
3261 3350 3366 3396 est.
3409 3341 3543 3396 Ger-

1962 3432 2172 3485 minant
2198 3430 2345 3485 enim
2370 3428 2584 3484 feminae
2613 3431 2798 3500 spinas
2819 3445 2941 3484 cum
2965 3431 3101 3485 viris
3125 3430 3455 3494 habitantes,
3487 3437 3542 3483 et

1962 3536 2160 3576 arcana
2207 3519 2473 3575 mentium
2515 3526 2676 3573 acuto
2715 3534 2973 3573 mucrone
3013 3519 3343 3587 percutiunt.
3395 3517 3540 3574 Proh

1961 3611 2150 3666 nefas!
2205 3609 2360 3666 dolor
2386 3618 2470 3663 cst
2503 3608 2707 3673 dicere,
2754 3608 2848 3663 sed
2887 3608 3169 3678 prmterire
3210 3622 3316 3660 non
3363 3606 3542 3661 decet.

1964 3703 2180 3760 Christo
2224 3703 2343 3758 istm
2386 3708 2654 3756 noverunt
2692 3702 2914 3763 nubere,
2953 3715 3060 3754 non
3089 3698 3322 3754 clericis.
3371 3698 3541 3752 Cleri-

1965 3811 2089 3851 cum
2119 3794 2351 3850 solitudo
2386 3792 2538 3858 facit,
2575 3807 2683 3847 non
2730 3791 3024 3861 publicum.
3077 3789 3218 3861 Lege
3258 3789 3386 3859 quia
3421 3789 3545 3846 talis

1965 3887 2122 3944 debet
2161 3903 2281 3942 esse
2315 3885 2590 3941 solitarius
2620 3884 2853 3955 'qualem
2902 3881 3165 3938 Jeremias
3205 3882 3493 3952 descripsit
3526 3900 3540 3936 :

1967 3978 2173 4035 Sedebit
2198 3976 2491 4043 solitarius,
2544 3986 2592 4031 et
2645 3975 2833 4030 tacebit
2878 3972 3105 4044 (Tliren.
3157 3972 3278 4045 ιιι).
3320 3972 3388 4027 Ει
3417 3973 3543 4044 quia

1965 4069 2142 4135 Jesus,
2200 4069 2407 4125 relictis
2432 4067 2710 4139 apostolis,
2765 4066 2912 4122 solus
2962 4066 3079 4121 ibat
3115 4079 3273 4119 orare
3315 4064 3541 4136 (Matth.

1966 4177 2058 4217 xw
2099 4160 2140 4232 ).
2172 4160 2396 4215 Mariam
2428 4160 2482 4214 in
2509 4158 2877 4229 penetralibus
2907 4157 3130 4227 angelus
3176 4155 3348 4210 solam
3392 4156 3547 4209 inve-

1967 4252 2070 4314 nit,
2100 4267 2206 4307 non
2238 4267 2360 4305 cum
2386 4257 2613 4320 agapeta
2644 4249 2975 4317 loquentem,
3002 4254 3057 4300 et
3089 4246 3177 4299 illa
3214 4244 3424 4299 virilem
3465 4245 3545 4298 in-

1971 4342 2188 4397 troitum
2227 4340 2534 4409 trepidavit.
2589 4337 2915 4406 Hospitalem
2954 4335 3209 4406 prmcepit
3253 4333 3544 4404 Apostolus

1973 4434 2227 4488 clericum
2257 4432 2612 4486 ordinandum
2644 4429 2780 4499 (Tit.
2811 4429 2887 4499 ι).
2938 4428 3054 4483 Hoc
3082 4435 3352 4498 prmcepto
3394 4434 3549 4497 pater

1970 4522 2244 4578 Abraham
2272 4530 2328 4576 et
2349 4520 2485 4575 Loth
2510 4520 2728 4590 angelos
2752 4526 3131 4589 susceperunt,
3160 4516 3285 4587 quia
3308 4517 3548 4585 hospites

1970 4615 2279 4669 dilexerunt
2315 4610 2479 4685 (Gen.
2506 4611 2672 4682 xviii)
2698 4627 2713 4676 ;
2742 4610 2821 4666 sic
2841 4618 2892 4665 et
2925 4608 3292 4678 Onesiphorus
3318 4606 3545 4663 Paulum

1972 4706 2232 4761 doctrinae
2287 4703 2490 4759 fontem
2552 4702 2807 4772 suscepit.
2869 4700 2994 4756 Haec
3055 4698 3384 4753 imitationes
3437 4699 3550 4753 sint

1971 4804 2185 4860 vestrae,
2237 4802 2290 4851 et
2339 4810 2410 4850 ne
2451 4793 2644 4849 sinatis
2682 4792 2909 4847 incolam
2940 4790 3236 4861 praeterire,
3285 4788 3377 4859 qui
3406 4789 3547 4858 apud

1972 4905 2071 4945 vos
2097 4904 2204 4943 non
2255 4887 2552 4944 comederit
2594 4900 2810 4956 panem.
2844 4883 3103 4955 Sequitur
3133 4901 3145 4936 :
3178 4880 3302 4937 Non
3339 4897 3551 4951 percus-

1977 4997 2167 5036 sorem.
2202 4978 2318 5033 Non
2343 4979 2486 5035 enim
2516 4977 2753 5048 pugilem
2801 4975 3058 5031 describit
3102 4971 3409 5043 Apostolus,
3456 4970 3553 5027 sed

1977 5071 2070 5140 qui
2099 5070 2460 5126 conscientias
2483 5084 2591 5123 non
2618 5066 2889 5138 percutiat
2918 5064 3272 5136 singulorum.
3313 5062 3398 5118 Sit
3435 5076 3553 5117 mo-

1979 5160 2184 5225 destus,
2234 5175 2342 5213 non
2378 5158 2624 5225 inﬂetur,
2665 5172 2772 5212 non
2828 5155 3161 5221 inebrietur,
3208 5168 3322 5209 suae
3372 5149 3553 5207 domui

1981 5249 2119 5304 bene
2142 5248 2330 5318 praesit
2359 5267 2371 5301 :
2410 5263 2669 5318 perquam
2704 5246 2808 5302 erit
2847 5243 3124 5308 horribile,
3152 5244 3197 5298 si
3224 5241 3407 5297 domui
3445 5238 3557 5295 cle-

1982 5340 2082 5394 rici
2140 5340 2476 5395 detrahatur.
2544 5339 2714 5393 Laedit
2777 5336 3077 5393 sacerdotis
3131 5334 3436 5404 Opinionem
3497 5330 3554 5384 in

1979 5429 2152 5500 plebe,
2182 5429 2396 5499 quando
2435 5428 2500 5483 de
2529 5429 2794 5497 proximis
2817 5426 2936 5497 ejus
2962 5426 3102 5479 male
3124 5422 3360 5491 loquitur
3384 5434 3555 5489 popu-

1979 5519 2083 5575 lus.
2113 5519 2289 5591 Super
2306 5519 2487 5575 omnia
2512 5518 2647 5584 hmo,
2675 5512 3228 5587 prmcipitApostolus
3255 5510 3380 5565 boni
3401 5508 3557 5565 testi-

1979 5610 2148 5667 monii
2193 5609 2395 5664 clerico
2427 5607 2776 5661 fundamenta
2804 5615 3130 5672 componere
3150 5640 3165 5665 ,
3207 5607 3266 5654 ut
3292 5600 3556 5655 bonorum

1978 5716 2203 5773 operum
2243 5699 2552 5756 testiﬁcatio
2574 5707 2723 5754 casto
2754 5696 3104 5752 confirmetur
3137 5692 3352 5749 affectu.
