3884 6192
490 248 585 309 81¹1

1043 364 1267 420 CAPUT
1306 365 1490 422 XCIX.

561 457 580 524 (
609 453 825 518 Isidon',
857 469 922 507 ex
950 453 1080 507 libro
1113 454 1432 525 Oﬂiciorum.
1465 457 1542 512 De
1570 457 1793 514 clericis.
1824 460 1843 531 )
1872 459 2056 531 Itaque

482 559 672 600 omnes
695 544 786 614 qui
812 545 865 598 in
897 543 1254 600 ecclesiastici
1292 546 1577 602 ministerii
1621 549 1877 619 gradibus
1909 551 2056 606 ordi-

481 635 592 688 nati
643 645 799 698 sunt,
843 633 1165 704 generaliter
1217 635 1398 690 clerici
1453 638 1818 692 nominantur.
1869 639 2056 696 Cleros

479 732 654 778 autem
697 723 779 777 vel
809 723 1035 778 clericos
1079 724 1204 778 hinc
1245 725 1542 794 appellatos
1587 725 1838 782 doctores
1881 729 2052 783 nostri

478 814 679 876 dicunt,
725 813 849 882 quia
878 813 1133 869 Matthias
1173 825 1320 869 sorte
1362 814 1568 870 electus
1612 825 1715 881 est,
1756 832 1914 886 quem
1941 818 2054 888 pri-

474 920 622 958 mum
650 920 746 975 per
769 906 1041 976 apostolos
1081 906 1308 976 legimus
1351 909 1659 963 ordinatum
1689 911 1822 980 (Act.
1856 909 1928 980 ι).
1959 908 2051 965 Sic

471 1002 524 1048 et
553 1010 759 1060 omnes,
789 1012 925 1065 quos
961 997 1069 1052 illis
1101 997 1430 1066 temporibus
1457 998 1807 1053 ecclesiarum
1851 1001 2050 1068 p;inci-

467 1104 564 1158 pes
609 1090 953 1156 ordinabant,
1003 1099 1150 1146 sorte
1180 1091 1468 1160 eligebant.
1522 1090 1658 1145 Nam
1700 1092 1877 1147 cteros
1929 1108 2048 1149 sors

470 1181 878 1249 interpretatur.
913 1181 1064 1236 Unde
1095 1190 1150 1235 et
1175 1182 1461 1236 hmreditas
1491 1180 1676 1236 Graece
1717 1182 2044 1238 eleronomia

468 1273 787 1341 appellatur,
829 1282 882 1327 et
913 1273 1084 1328 h:eres
1125 1274 1483 1328 cleronomos.
1519 1273 1757 1330 Proinde
1779 1291 1910 1347 ergo
1934 1276 2044 1332 cle-

467 1363 610 1416 ricos
658 1362 838 1417 vocari
889 1362 1073 1425 aiunt,
1123 1377 1188 1415 eo
1235 1363 1377 1431 quod
1425 1363 1479 1415 in
1523 1373 1670 1418 sorte
1715 1364 2044 1421 luereditatis

465 1454 678 1508 Domini
716 1455 929 1517 dentur,
975 1453 1058 1508 vel
1090 1469 1189 1524 pro
1219 1468 1283 1506 eo
1323 1453 1464 1520 quod
1497 1453 1612 1522 ipse
1639 1455 1898 1509 Dominus
1923 1471 2043 1511 sors

464 1560 652 1598 eorum
683 1544 772 1608 sit,
821 1545 962 1598 sicut
1000 1545 1065 1598 de
1097 1543 1176 1598 eis
1223 1543 1481 1611 scriptum
1505 1550 1607 1608 est,
1659 1543 1910 1610 loquente
1939 1544 2043 1600 Do-

463 1631 650 1685 mino:
683 1631 795 1702 Ego
843 1632 1121 1686 Itrereditas
1175 1648 1355 1685 eorum
1405 1631 1596 1701 (Num.
1655 1632 1842 1703 xvut).
1889 1633 2040 1689 Unde

464 1733 698 1792 oportet,
742 1731 801 1777 ut
825 1724 914 1793 qui
946 1722 1111 1777 Deum
1139 1723 1455 1776 haereditate
1485 1723 1780 1793 possident,
1837 1726 2041 1794 absque
2069 1726 2115 1784 B

462 1811 570 1865 ullo
619 1811 1002 1881 impedimento
1045 1811 1222 1866 saeculi
1261 1813 1371 1866 Deo
1419 1812 1625 1867 servire
1671 1814 1946 1879 studeant,
1986 1824 2041 1870 et

458 1915 723 1970 pauperes
772 1902 964 1971 spiritu
1017 1917 1138 1956 esse
1183 1902 1511 1955 contendant
1543 1901 1920 1974 (Daunum),
1980 1913 2038 1959 ut

456 2007 692 2063 congrue
741 1992 870 2046 illud
927 1991 1228 2046 Psaltnistae
1264 1991 1446 2045 dicere
1485 1991 1738 2060 possint:
1776 1991 2035 2046 Dominus

452 2098 576 2148 pars
601 2081 922 2136 hwreditatis
946 2097 1071 2134 mea:
1102 2078 1274 2149 (l’sal.
1332 2078 1442 2148 xv).

1076 2169 1308 2235 CAPUT
1363 2169 1423 2224 C.

526 2260 832 2332 (Ejusdem,
873 2259 945 2313 De
988 2260 1166 2328 ofﬁciis
1202 2258 1292 2312 lib.
1339 2275 1399 2323 ιι,
1444 2276 1561 2330 cap.
1605 2257 1695 2330 2.)
1737 2258 1833 2313 His
1874 2259 2035 2330 igitur

456 2354 571 2423 lege
607 2353 828 2408 Patrum
870 2361 1112 2417 cavetur,
1160 2359 1220 2405 ut
1264 2367 1294 2406 a
1334 2350 1540 2421 vulgari
1590 2352 1699 2404 vita
1741 2352 1960 2416 seclusi,
2002 2368 2031 2405 a

454 2446 637 2500 numdi
665 2445 1027 2516 voluptatibus
1051 2460 1169 2499 sese
1189 2443 1516 2499 abstineant.
1543 2443 1658 2498 Non
1679 2445 2029 2515 spectaculis,

452 2555 556 2592 non
608 2537 819 2607 pompis
868 2537 1154 2600 intersint,
1216 2534 1460 2589 convivia
1518 2536 1732 2604 publica
1779 2534 2025 2606 fugiant:

449 2627 650 2696 privata
687 2641 791 2681 non
831 2634 1037 2680 tantum
1083 2625 1297 2695 pudica,
1348 2624 1442 2680 sed
1488 2633 1544 2678 et
1591 2626 1771 2680 sobria
1819 2625 2025 2681 colant.

453 2716 638 2770 Usuris
668 2731 1004 2786 nequaquam
1037 2718 1370 2784 incumbant,
1401 2733 1572 2790 neque
1605 2720 1840 2789 turpium
1868 2735 2028 2774 oecu-

448 2792 710 2876 pationes'
742 2808 1038 2874 lucromm,
1089 2809 1362 2867 fraudisve
1404 2811 1722 2883 cujusquam
1778 2814 2022 2870 studium

447 2906 722 2966 appetant.
767 2898 1020 2954 Amorem
1059 2903 1314 2968 pecunite,
1367 2903 1518 2970 quasi
1561 2903 1843 2957 materiam
1891 2921 2026 2958 cun-

446 2999 655 3044 ctorum
682 2992 970 3045 criminum
1006 2991 1231 3060 fugiant,
1269 2994 1542 3048 saecularia
1573 2993 1746 3048 olIicia
1781 2996 2022 3064 negotia-

445 3095 549 3148 q:te
575 3080 852 3150 objicient,
904 3082 1169 3135 honorum
1198 3083 1396 3151 gradus
1434 3099 1531 3152 per
1558 3084 1880 3139 ambitiones
1909 3101 2016 3139 non

445 3173 692 3236 subeant,
734 3187 830 3241 pro
856 3173 1132 3228 beneficiis
1177 3173 1455 3228 medicinae
1493 3175 1607 3237 Dei,
1642 3190 1866 3230 munera
1913 3191 2019 3230 non

443 3260 732 3331 accipiant.
774 3263 930 3318 Dolos
961 3273 1016 3318 et
1044 3263 1444 3333 conjurationes
1475 3275 1724 3331 caveant,
1755 3267 1937 3322 odium
1966 3278 2022 3324 et

442 3353 862 3420 aemulationem,
915 3357 1363 3413 obtrectationem
1415 3368 1578 3428 atque
1630 3360 1885 3415 invidiam
1935 3360 2021 3416 fu-

445 3443 776 3514 giantznon
824 3447 974 3516 vagis
1028 3448 1218 3513 oculis,
1276 3463 1381 3503 non
1433 3448 1644 3505 infreni
1696 3450 1876 3522 lingua
1928 3461 2022 3507 aut

442 3536 700 3606 petulanti
747 3539 1058 3610 tumidoque
1095 3551 1246 3610 gestu
1292 3541 1572 3608 incedant,
1630 3542 1724 3598 sed
1758 3546 2018 3613 pudorem

441 3643 504 3684 ac
535 3630 913 3686 verecundiam
955 3634 1152 3688 mentis
1190 3634 1421 3703 simplici
1466 3634 1654 3690 habitu
1700 3637 2019 3707 incessuque

443 3719 750 3785 ostendant,
794 3720 1186 3777 obscenitatem
1221 3725 1386 3777 etiam
1418 3725 1728 3790 verborum,
1777 3726 1920 3781 sicut
1964 3737 2021 3782 et

441 3823 690 3876 operum,
713 3811 927 3878 penitus
948 3821 1328 3866 exsecrentur:
1348 3813 1629 3868 viduarum
1657 3830 1723 3869 ac
1749 3816 2018 3887 virginum

439 3901 776 3956 visitationes
825 3901 1294 3972 frequentissimas
1357 3905 1582 3976 fugiant.
1653 3905 2017 3963 Coutubernia

439 4001 818 4048 extranearum
850 3993 1172 4050 feminarum
1205 3997 1508 4053 nullatenus
1535 4007 1810 4070 appetant.
1842 3999 2018 4054 Casti-

439 4084 676 4140 moniam
701 4101 915 4156 quoque
956 4087 1194 4142 inviolati
1223 4095 1483 4158 corporis
1504 4099 1764 4160 perpetuo
1794 4105 2018 4145 conser-

439 4191 568 4231 vare
597 4176 866 4242 studeant,
919 4187 1012 4231 aut
1058 4187 1206 4234 certe
1238 4179 1395 4235 unius
1430 4179 1762 4234 matrimonii
1800 4181 2018 4236 vinculo

440 4267 788 4323 laederentur.
845 4269 1158 4326 Senioribus
1205 4285 1421 4341 quoque
1463 4271 1698 4326 debitam
1737 4273 2018 4343 praebeant

437 4357 816 4423 obedientiam,
849 4375 1023 4430 neque
1051 4360 1158 4415 ullo
1187 4361 1465 4431 jactantize
1491 4362 1668 4418 studio
1693 4363 2015 4433 semetipsos

440 4448 706 4502 attollant.
737 4449 1018 4505 Postremo
1045 4451 1099 4504 in
1126 4451 1391 4514 doctrina.
1426 4453 1479 4508 in
1506 4453 1848 4520 lectionibus,
1870 4455 2016 4524 psal-

439 4537 564 4602 mis,
615 4538 860 4610 hymnis,
917 4541 1164 4606 canticis,
1215 4543 1474 4598 exercitio
1510 4542 1626 4614 jugi
1677 4544 2011 4600 incumbant.

439 4627 599 4682 Tales
643 4630 788 4682 enim
815 4642 935 4684 esse
971 4631 1164 4686 debent
1192 4632 1499 4702 quicunque
1543 4633 1742 4688 divinis
1781 4635 2016 4689 cultibus

439 4732 556 4772 sese
587 4718 972 4787 mancipandos
998 4721 1235 4785 student,
1284 4722 1490 4777 scilicet
1521 4731 1580 4776 ut
1606 4724 1732 4777 dum
1773 4725 2016 4780 scientiae

439 4820 658 4874 operam
682 4807 832 4873 dant,
856 4809 1112 4863 doctrina:
1133 4811 1362 4879 gratiam
1380 4811 1590 4881 populis
1613 4811 2011 4868 administrent.

857 4897 866 4905 ’
1042 4901 1268 4956 CAPUT
1309 4902 1391 4956 Cl.

510 4984 824 5056 (Ejusdem,
872 4987 950 5041 De
982 4990 1159 5059 ofﬁciis
1193 4989 1284 5043 lib.
1317 5007 1378 5056 ιι,
1418 5008 1463 5045 c.
1501 4992 1581 5060 5.)
1632 4992 1746 5048 Duo
1776 5004 1902 5050 sunt
1927 5012 2016 5068 ge-

436 5089 568 5132 nera
594 5075 954 5142 clericorum,
1005 5095 1168 5132 unum
1205 5079 1693 5136 ecclesiasticorum
1734 5085 1834 5139 sub
1875 5087 2015 5157 regi-

437 5169 581 5225 mine
615 5169 905 5238 episcOpali
934 5172 1276 5241 degentium,
1311 5174 1541 5230 alterum
1595 5177 2010 5248 acephalorum,

437 5263 488 5316 id
525 5269 609 5316 est
655 5260 772 5316 sine
811 5261 1022 5328 capite,
1067 5262 1157 5330 qui
1204 5278 1362 5332 quem
1405 5275 1700 5334 sequantur
1740 5267 2008 5338 ignorant.

435 5353 545 5410 llos
575 5367 750 5423 neque
785 5352 928 5406 inter
969 5351 1138 5407 laicos
1185 5355 1525 5411 saecularium
1557 5357 1856 5413 ollieiorum
1893 5368 2010 5414 stu-

433 5447 542 5512 dia,
598 5461 771 5514 neque
817 5445 959 5500 inter
996 5445 1226 5502 clericos
1277 5448 1468 5518 religio
1514 5459 1750 5505 retentat
1786 5453 2006 5506 divina:

435 5538 525 5589 sed
573 5538 779 5594 solutos
810 5548 971 5609 atque
1015 5541 1330 5597 aberrantes
1367 5544 1477 5598 sola
1523 5545 1694 5614 turpis
1723 5547 1826 5600 vita
1866 5561 2013 5601 com-

437 5625 689 5692 plectitur
717 5638 770 5682 et
813 5646 944 5700 vaga
983 5632 1223 5702 :quique
1263 5634 1387 5688 dum
1431 5635 1634 5689 nullum
1684 5643 2008 5702 metuentes,

1484 257 1884 314 AMALARIUS
1921 259 2334 318 PRESBYTER
2375 263 2734 324 METENSIS.

3569 293 3646 351 803

2085 377 2133 434 Α
2159 373 2436 443 explendze
2485 378 2777 447 voluptatis
2830 396 2940 438 sua:
2997 385 3264 444 licentiam
3311 407 3646 471 consectantur,

2159 465 2314 533 quasi
2355 466 2611 521 animalia
2656 469 2836 534 bruta,
2872 471 3119 530 libertate
3143 492 3207 532 ac
3237 479 3476 540 desiderio
3496 504 3574 545 suo
3591 465 3646 546 le:

2158 561 2370 620 runtur,
2416 557 2676 614 habentes
2710 560 2922 630 signum
2947 564 3239 635 religionis,
3289 588 3384 627 non
3430 577 3648 649 religionis

2156 642 2408 708 ollieium,
2457 647 2896 716 hippocentauris
2935 653 3164 720 similes,
3211 674 3304 713 nec
3327 664 3454 730 equi,
3479 642 3559 721 nec
3580 671 3647 723 ho-

2155 733 2348 799 mines,
2398 737 2738 809 mixtumqne,
2791 749 2852 795 ut
2884 744 2961 798 ait
3009 756 3168 815 poeta
3211 748 3442 821 (Λῖηεὶά.
3467 758 3560 827 vi),
3587 778 3646 831 ge.

2155 841 2251 880 nus
2278 867 2292 891 ,
2338 827 2609 898 prolesque
2665 831 2900 900 biformis
2933 849 2952 885 :
2979 850 3206 904 quorum
3253 843 3447 909 quidem
3481 827 3646 904 sordida

2151 925 2313 985 atque
2358 917 2544 972 infami
2594 923 3000 985 numerositate,
3050 928 3184 982 satis
3225 945 3468 1002 superque
3506 947 3648 993 nostra

2149 1024 2275 1078 pars
2311 1011 2534 1065 occidua
2557 1013 2722 1082 pollet
2745 1012 2850 1084 [AL
2887 1017 3184 1090 polluitur].

2741 1141 2967 1199 CAPUT
3009 1145 3116 1201 Cll.

2218 1226 2509 1300 (Gregorii,
2546 1231 2740 1298 Quales
2779 1248 3013 1306 Oporteal
3039 1257 3149 1295 esse
3177 1242 3430 1317 clericos.)
3459 1247 3646 1306 Clericus

2146 1317 2518 1377 admonendus
2574 1331 2695 1388 est,
2751 1337 3016 1395 quatenus
3063 1331 3142 1386 sic
3186 1334 3352 1399 vivat,
3401 1348 3452 1392 ut
3494 1340 3646 1396 bonum

2144 1409 2446 1477 exemplum
2479 1412 2602 1468 vita:
2637 1431 2746 1469 suae
2777 1418 3121 1476 saecularibus
3149 1425 3392 1493 pnebeat.
3426 1429 3480 1482 Et
3503 1431 3544 1482 in
3562 1433 3644 1484 cle-

2145 1498 2278 1562 rico,
2311 1502 2355 1555 si
2381 1504 2507 1571 quid
2532 1505 2676 1565 juste
2720 1512 3153 1580 reprehenditur,
3202 1533 3264 1570 ex
3299 1517 3408 1585 ejus
3432 1522 3539 1575 vitio
3560 1525 3645 1593 ipsa

2144 1589 2418 1660 religionis
2442 1604 2638 1650 nostra:
2663 1599 2948 1654 aestimatio
2968 1615 3244 1672 gravatur.
3266 1607 3443 1663 Clerici
3463 1589 3642 1676 discant,

2143 1689 2202 1734 ut
2229 1697 2349 1750 qua:
2377 1698 2406 1737 a
2437 1687 2740 1744 senioribus
2768 1691 2879 1744 suis
2900 1692 3179 1762 jubentur,
3227 1699 3481 1768 impleant,
3507 1713 3553 1756 ut
3573 1705 3644 1756 hu-

2143 1771 2345 1825 militer
2377 1788 2564 1828 eorum
2595 1776 2836 1845 imperiis
2863 1779 3202 1850 suLjaceant,
3244 1795 3300 1840 ut
3326 1805 3416 1844 nec
3440 1792 3644 1859 sultjectio

2109 1876 2234 1916 eos
2269 1874 2544 1929 conterat,
2587 1884 2688 1924 nec
2737 1869 2888 1926 locus
2937 1876 3191 1942 superior
3240 1881 3460 1934 extollat.
3495 1882 3642 1938 Clerici

2137 1952 2350 2006 discant
2376 1957 2644 2024 quomodo
2673 1971 2797 2014 ante
2819 1962 3015 2016 occulti
3049 1964 3256 2021 Arbitri
3282 1970 3449 2024 oculos
3471 1988 3550 2040 per
3573 1975 3642 2026 hu~

2137 2044 2417 2099 militatem
2451 2055 2503 2101 et
2538 2048 2899 2105 obedientiam
2944 2070 3038 2108 sua
3077 2057 3335 2114 interiora
3362 2073 3636 2130 componant,

2134 2145 2401 2202 quatenus
2452 2153 2558 2192 non
2606 2155 2728 2193 cum
2779 2145 3022 2211 reprobis
3076 2149 3385 2215 puniantur,
3431 2154 3511 2205 sed
3551 2168 3639 2206 cum

2133 2225 2320 2280 electis
2349 2236 2552 2283 aeterna
2582 2233 2802 2300 praemia
2845 2236 3164 2292 sortiantur.
3207 2239 3512 2296 Admoncndi
3547 2253 3639 2297 sunt

2134 2316 2336 2383 clerici,
2369 2327 2427 2372 ut
2458 2330 2609 2375 tanto
2654 2324 2799 2378 circa
2837 2341 2896 2380 se
2928 2328 3217 2386 sollicitius
3262 2334 3448 2395 vivant,
3487 2345 3640 2403 quanto

2131 2425 2224 2462 eos
2260 2410 2432 2465 aliena
2464 2428 2594 2466 cura
2629 2431 2734 2469 non
2767 2417 3024 2486 implicat.
3056 2421 3350 2477 Dicendum
3377 2434 3448 2479 est
3476 2425 3641 2479 clericis

2131 2513 2198 2551 ne
2224 2502 2634 2568 praepositorum
2667 2519 2886 2560 suorum
2919 2509 3084 2563 vitam
3132 2521 3331 2567 temere
3364 2513 3587 2582 judicent,
3607 2513 3640 2566 si

2129 2587 2257 2656 quid
2279 2603 2373 2643 eos
2405 2589 2632 2646 fortasse
2664 2609 2824 2662 agere
2867 2599 3363 2666 reprehensibiliter
3389 2602 3540 2655 vident
3560 2620 3569 2652 :
3589 2615 3638 2652 ne

2129 2680 2272 2736 unde
2321 2691 2468 2737 recte
2525 2685 2670 2739 mala
2721 2687 3082 2758 redarguunt,
3149 2693 3270 2748 inle
3323 2710 3410 2762 per
3450 2694 3641 2747 elationis

2127 2775 2416 2846 impulsum
2434 2779 2487 2833 in
2503 2780 2851 2850 profundiora
2876 2800 3094 2856 mergan
3105 2796 3216 2840 tur.
3232 2788 3531 2842 Adtnonenzli
3547 2793 3640 2840 sunt

2125 2867 2328 2930 clerici,
2352 2885 2419 2924 ne
2440 2885 2562 2924 cum
2602 2871 2812 2942 culpam
2840 2891 3058 2930 suorum
3100 2881 3487 2949 praepositorum
3507 2877 3639 2929 consi-

2125 2958 2337 3023 derant,
2364 2970 2553 3015 coutra
2585 2977 2677 3018 eos
2703 2965 3019 3022 audaciores
3059 2968 3200 3023 fiant
3232 2989 3242 3023 :
3276 2971 3362 3024 sed
3401 2972 3468 3024 sic
3497 2983 3636 3023 eorum

2045 3070 2090 3131 Ο
2122 3062 2284 3115 prava
2303 3049 2441 3117 apud
2469 3052 2783 3120 semetipsos
2807 3052 3130 3121 dijudicent,
3163 3068 3218 3112 ut
3245 3071 3410 3114 tamen
3432 3056 3639 3112 divinati-

2121 3153 2274 3191 more
2303 3140 2606 3204 constricti,
2637 3141 2778 3196 ferre
2810 3143 2908 3198 sub
2932 3146 3011 3199 eis
3034 3144 3234 3218 jugum
3269 3149 3545 3203 reverentiae
3562 3160 3637 3199 non

2123 3238 2372 3283 recusent
2407 3249 2417 3284 :
2453 3232 2580 3300 quia
2611 3231 2750 3287 facta
2795 3238 3245 3306 prmpositorum,
3285 3241 3389 3294 oris
3415 3239 3558 3311 gladio
3586 3235 3639 3290 le-

2121 3320 2308 3375 rienda
2335 3339 2439 3375 non
2467 3333 2612 3390 sunt,
2641 3325 2803 3379 etiam
2828 3344 2951 3381 cum
2982 3338 3141 3385 recte
3172 3329 3561 3402 reprehendenda
3577 3326 3641 3394 ju-

2121 3412 2392 3468 dicantur.
2435 3414 2723 3486 Plerosque
2753 3418 2998 3485 clericos,
3034 3422 3386 3494 impudentia:
3411 3423 3534 3485 vitio,
3563 3433 3638 3473 non

2121 3505 2221 3558 nisi
2258 3506 2556 3576 increpatio
2595 3510 2728 3564 dura
2763 3517 3058 3584 compescit
3089 3538 3109 3572 :
3136 3522 3260 3589 quia
3295 3523 3410 3574 dum
3444 3535 3493 3573 se
3515 3516 3640 3568 delin'

2119 3613 2286 3667 quere
2309 3603 2576 3667 nesciunt,
2605 3620 2824 3661 necesse
2838 3617 2921 3662 est
2936 3618 2994 3663 ut
3011 3629 3038 3664 a
3064 3615 3324 3681 plurimis
3345 3617 3636 3684 increpentur.

2717 3715 2943 3774 CAPUT
2981 3720 3118 3776 CIII.

2189 3821 2206 3890 (
2230 3821 2481 3892 Ejusdem
2539 3825 2751 3882 Pastor.
2785 3829 2875 3884 lib.
2905 3846 2988 3896 ιιι,
3016 3835 3240 3889 admon.
3265 3836 3342 3906 5.)
3369 3829 3635 3888 Admonendi

2119 3920 2246 3966 sunt
2279 3914 2502 3981 subditi,
2536 3931 2604 3972 ne
2628 3921 3045 3988 prepositorum
3069 3941 3292 3981 suorum
3315 3928 3461 3980 vitam
3485 3931 3636 3978 temere

2111 4003 2375 4073 judicent,
2399 4007 2445 4062 si
2475 4008 2604 4076 quid
2632 4024 2727 4065 eos
2752 4009 2980 4068 fortasse
3011 4028 3179 4086 agere
3209 4012 3637 4084 reprehensibiliter

2117 4093 2321 4159 vident,
2369 4110 2437 4150 ne
2481 4099 2623 4154 unde
2669 4109 2815 4155 recte
2859 4102 2999 4156 mala
3051 4107 3397 4177 redarguunt,
3444 4104 3638 4170 indepcr

2118 4184 2370 4242 elationis
2405 4187 2693 4259 impulsum
2725 4192 2779 4246 in
2814 4194 3169 4262 profundiore
3216 4205 3519 4268 mergantur.
3557 4190 3636 4246 Ad-

2119 4276 2370 4330 monendi
2401 4288 2528 4333 sunt
2561 4281 2784 4347 subditi,
2811 4298 2880 4338 ne
2909 4298 3034 4338 cum
3073 4287 3263 4357 culpas
3300 4284 3636 4357 praepositorum

2118 4365 2490 4434 considerant,
2541 4379 2728 4425 contra
2770 4387 2864 4428 eos
2903 4375 3229 4432 audaciores
3266 4377 3392 4432 ﬁant
3419 4395 3432 4429 :
3460 4374 3538 4430 sed
3562 4370 3635 4432 sic,

2119 4457 2163 4512 si
2191 4472 2298 4526 qua
2329 4460 2482 4516 valde
2502 4472 2630 4517 sunt
2653 4478 2840 4519 eorum
2875 4482 3063 4535 prava,
3099 4470 3243 4538 apud
3268 4468 3554 4537 semetipsos
3574 4460 3636 4514 di-

2113 4547 2380 4618 judicent,
2431 4561 2492 4606 ut
2539 4561 2718 4609 tamen
2765 4556 2948 4612 divino
2990 4572 3182 4613 amore
3221 4556 3498 4618 constricti,
3532 4552 3638 4607 lem

2118 4640 2219 4695 sub
2256 4641 2336 4696 eis
2358 4640 2549 4713 jugum
2582 4647 2897 4701 reverentia:
2928 4663 3033 4702 non
3075 4659 3350 4705 recusent.
3395 4647 3526 4714 Quod
3551 4657 3636 4697 tne-

2120 4728 2226 4784 lius
2253 4733 2614 4799 ostendimus,
2643 4735 2688 4791 si
2731 4735 2949 4793 Davidis
2993 4739 3202 4796 factum
3227 4742 3295 4796 ad
3329 4739 3537 4795 medium
3570 4732 3636 4787 de.

2120 4820 2401 4877 ducamus.
2432 4822 2560 4878 Saul
2586 4827 2782 4896 quippe
2819 4840 3159 4897 persecutor,
3204 4847 3324 4886 cum
3355 4831 3418 4884 ad
3456 4837 3635 4897 pur!“

2121 4911 2247 4965 dum
2298 4921 2540 4968 ventrem
2595 4915 2908 4984 Speluncam
2965 4917 3160 4974 fuisset
3221 4921 3504 4991 ingressus,
3551 4911 3632 4966 illic

2117 5013 2242 5052 cum
2269 5001 2400 5054 viris
2423 5001 2536 5056 suis
2565 5003 2733 5058 David
2757 5005 2953 5070 inerat,
2976 5008 3066 5076 qui
3086 5006 3204 5073 jam
3239 5017 3344 5062 tam
3376 5007 3516 5074 longo
3534 5011 3635 5054 tem-

2116 5106 2248 5160 pore
2295 5094 2688 5161 persecutionis
2737 5096 2855 5167 ejus
2909 5097 3047 5152 mala
3103 5099 3385 5154 tolerabat.
3445 5095 3636 5159 Curaque

2114 5199 2238 5238 eum
2267 5185 2368 5239 viri
2395 5186 2478 5239 sui
2514 5186 2579 5240 ad
2611 5186 2912 5244 feriendum
2941 5189 3068 5244 Saul
3102 5191 3475 5251 accenderent,
3515 5180 3637 5251 fregi!

2113 5289 2206 5329 eos
2229 5277 2756 5346 reprehensionibus,
2785 5281 2910 5349 quia
2955 5295 3175 5334 manum
3210 5282 3417 5334 mittere
3447 5278 3493 5330 in
3526 5269 3634 5326 chri°

2113 5373 2256 5418 stum
2294 5365 2501 5420 Domini
2539 5384 2645 5424 non
2688 5370 2965 5426 deberent.
2995 5369 3098 5436 Qui
3122 5381 3302 5426 tamen
3327 5369 3516 5425 occulte
3538 5375 3632 5415 sur.

2114 5457 2274 5519 rexit,
2329 5465 2384 5511 et
2427 5473 2580 5512 oram
2633 5460 2932 5532 chlamydis
2974 5459 3091 5528 ejus
3132 5461 3360 5516 abscidit
3401 5456 3499 5527 (ll
3535 5453 3630 5519 Reli-

2115 5545 2281 5616 xxtv).
2331 5546 2469 5613 Quid
2511 5565 2607 5619 per
2640 5549 2787 5615 Saul,
2823 5552 2925 5605 nisi
2962 5551 3085 5604 ntali
3125 5551 3390 5605 rectores?
3418 5545 3528 5616 qui:I
3558 5552 3632 5608 ιιετ

2114 5636 2304 5706 David,
2340 5641 2440 5696 nisi
2467 5643 2590 5698 boni
2623 5643 2819 5698 subditi
2853 5643 3238 5712 designantur?
3277 5642 3475 5696 Saulcm
3505 5636 3634 5703 igiluf
