3884 6192
255 365 371 420 895

822 359 1103 416 REGULA
1142 355 1641 414 CANONICOBUM
1677 356 1766 410 AB
1802 356 2162 414 AMALARIO
2199 349 2577 416 COLLECTA.
2620 391 2692 402 —
2727 360 2854 415 LIB.
2895 360 2933 413 l.

3410 360 3514 416 ὅθι

248 486 502 536 ventrem
544 486 776 545 purgare
799 481 903 537 est,
941 485 1138 541 pravos
1162 471 1480 540 pra‘positos
1521 479 1837 539 conceptam
1865 472 1911 530 A
1943 473 2274 539 libertatem,
2307 476 2389 530 his
2423 475 2828 530 misericordius
2855 476 3057 546 irroget
3079 477 3414 531 servitutem.
3447 477 3514 531 Et

249 569 314 622 in
361 565 524 623 corde
576 563 838 618 malitiam
887 577 1058 632 usque
1111 562 1178 616 ad
1216 576 1378 631 Opera
1431 561 1615 615 miseri
1656 559 1835 615 odoris

249 655 566 719 ostendere,
595 663 651 708 et
676 653 910 722 cogitata
951 650 1093 719 apud
1126 665 1185 704 se
1215 650 1376 704 noxia
1409 649 1568 703 factis
1601 647 1836 702 exterio-

250 748 411 802 ribus
434 745 778 816 exsequendo
802 751 1124 797 monstrare.
1154 740 1323 794 David
1350 755 1586 810 namque
1618 740 1834 794 Saulem

251 838 422 892 ferire
454 837 666 901 metuit,
689 835 815 904 quia
842 835 942 904 pia:
965 833 1304 888 subditorum
1331 841 1560 897 mentes,
1587 834 1654 887 ab
1687 832 1834 886 omni

251 943 317 983 se
363 935 513 998 peste
568 925 980 980 obtrectationis
1022 923 1375 985 abstinentes,
1425 923 1834 992 prmpositorum

253 1019 427 1071 vitam
456 1015 602 1070 nullo
633 1015 828 1086 lingua:
854 1015 1033 1085 gladio
1061 1015 1393 1082 percutiunt,
1429 1014 1594 1067 etiam
1621 1029 1741 1067 cum
1771 1014 1837 1068 de

254 1107 668 1177 imperfectione
709 1105 1129 1176 reprehendunt.
1181 1105 1316 1159 Boni
1353 1105 1573 1170 subditi,
1621 1104 1836 1173 quando

254 1215 356 1268 pro
389 1198 704 1252 infirmitate
750 1212 871 1252 sese
913 1198 1186 1252 abstinere
1213 1197 1302 1250 vix
1345 1204 1592 1265 possunt,
1637 1205 1694 1250 ut
1737 1211 1832 1250 ex-

255 1301 434 1343 trema
463 1289 704 1357 quaedam
736 1296 898 1357 atque
930 1288 1202 1342 exteriora
1229 1289 1641 1357 praepositorum
1674 1287 1832 1351 mala,

253 1381 354 1434 sed
386 1387 564 1434 tamen
600 1377 903 1443 humiliter,
951 1378 1270 1450 loquantur,
1309 1378 1461 1446 quasi
1497 1393 1649 1432 oram
1689 1377 1838 1432 chla-

255 1469 435 1540 mydis
461 1469 682 1523 silenter
711 1468 975 1523 incidunt.
1003 1466 1137 1533 Quia
1161 1468 1414 1523 videlicet
1440 1468 1568 1522 dum
1599 1467 1835 1537 praelatae

253 1559 532 1629 dignitati,
558 1559 747 1613 saltem
779 1559 996 1614 innoxie
1021 1567 1075 1614 et
1098 1559 1348 1624 latenter,
1374 1560 1655 1628 derogant,
1679 1559 1833 1628 quasi

252 1650 402 1719 regis
448 1649 769 1720 superpositi
798 1658 1002 1704 vestem
1041 1657 1246 1704 secant.
1299 1647 1406 1704 Sed
1442 1657 1622 1702 tamen
1649 1646 1716 1701 ad
1751 1662 1836 1701 se—

252 1743 517 1812 metipsos
561 1743 809 1807 redeunt,
842 1757 1007 1810 seque
1035 1739 1510 1797 vehementissime
1538 1737 1623 1792 vel
1663 1737 1728 1791 de
1759 1743 1834 1789 te-

250 1834 517 1888 nuissima
545 1833 698 1888 verbi
722 1833 1048 1888 laceratione
1075 1829 1496 1901 reprehendunt.
1522 1827 1675 1884 Unde
1697 1826 1834 1882 bene
1861 1816 1908 1874 B

249 1933 309 1980 et
343 1924 453 1978 illic
494 1925 752 1993 scriptum
784 1933 870 1978 est
897 1943 909 1976 :
947 1923 1074 1977 Post
1107 1923 1220 1976 haec
1251 1921 1425 1975 David
1458 1921 1713 1992 percussit
1744 1935 1836 1972 cor

249 2033 430 2082 suum,
471 2031 532 2070 eo
555 2015 693 2085 quod
724 2015 1028 2068 abscidisset
1067 2029 1214 2068 oram
1263 2005 1553 2082 chlamydis
1591 2009 1724 2066 Saul
1755 2011 1772 2081 (
1804 2010 1833 2062 Ι

253 2104 388 2175 Reg.
419 2105 588 2176 xxiv).
627 2104 788 2160 Facta
826 2105 1022 2175 quippe
1063 2104 1472 2172 praepositorum
1516 2101 1626 2156 oris
1657 2101 1835 2172 gladio

252 2196 496 2251 ferienda
536 2212 640 2250 non
684 2204 829 2262 sunt,
873 2196 1036 2250 etiam
1066 2210 1187 2250 cum
1223 2193 1666 2264 reprehendenda
1688 2193 1836 2261 judi-

249 2296 470 2343 cantur.
523 2286 579 2342 Si
612 2286 823 2358 quando
858 2301 988 2341 vero
1023 2294 1213 2340 contra
1253 2299 1349 2340 eos
1387 2283 1471 2339 vel
1505 2285 1560 2339 in
1597 2284 1836 2339 minimis

250 2380 436 2451 lingua
471 2379 690 2443 labitur,
721 2394 943 2433 necesse
977 2385 1061 2433 est
1084 2385 1144 2432 ut
1171 2392 1270 2446 per
1294 2375 1636 2431 afﬂictionem
1662 2376 1836 2445 paeni-

252 2472 440 2526 tentia:
484 2485 580 2525 cor
617 2476 910 2539 prematur,
963 2476 1231 2538 quatenus
1259 2467 1325 2522 ad
1355 2468 1704 2537 semetipsum
1749 2482 1836 2521 re-

253 2567 400 2620 deat.
453 2565 512 2619 Et
564 2579 684 2618 cum
734 2563 856 2632 quis
898 2562 1201 2632 prmposita:
1231 2563 1486 2631 potestati
1526 2560 1832 2630 deliquerit,

251 2653 376 2723 ejus
406 2661 591 2708 contra
617 2668 674 2707 se
690 2650 972 2720 judicium,
1005 2667 1034 2705 a
1058 2667 1165 2722 quo
1200 2652 1300 2705 sibi
1336 2652 1556 2722 praalata
1578 2659 1680 2716 est,
1711 2667 1836 2722 per-

254 2744 559 2799 horrescat.
593 2742 729 2797 Nam
774 2757 897 2797 cum
927 2742 980 2795 in
1009 2741 1326 2812 praepositos
1365 2742 1669 2811 delinquis,
1718 2740 1836 2810 ejus

256 2834 606 2898 ordinationi,
632 2835 723 2904 qui
760 2848 854 2888 eos
874 2834 1030 2888 nobis
1054 2833 1308 2904 praetulit,
1347 2833 1648 2889 obviamus.
1683 2835 1836 2890 Unde

258 2926 457 2992 Moses,
483 2942 604 2982 cum
629 2935 818 2982 contra
868 2942 945 2991 se,
991 2933 1048 2980 et
1066 2925 1246 2981 Aaron
1285 2928 1542 2996 conqueri
1580 2928 1835 2998 populum

257 3019 623 3088 cognovisset,
645 3017 721 3071 ait
747 3035 759 3068 :
795 3015 908 3070 Nos
945 3017 1084 3070 enim
1106 3017 1232 3087 quid
1254 3033 1434 3071 sumus
1457 3018 1482 3070 7
1517 3017 1628 3072 Nec
1654 3029 1837 3074 contra

255 3126 353 3162 nos
411 3117 485 3162 est
554 3125 792 3162 murmur
845 3118 1091 3173 vestrum,
1153 3108 1244 3162 sed
1302 3119 1485 3164 contra
1552 3109 1837 3166 Dominum

261 3200 482 3268 (Ea'od.
521 3200 653 3271 xvi).
699 3199 1034 3256 Admonendi
1081 3209 1206 3255 sunt
1235 3201 1476 3257 benevoli
1513 3203 1736 3267 subditi,
1778 3211 1838 3258 ut

255 3295 338 3348 sic
384 3292 576 3348 alienis
604 3293 761 3349 bonis
807 3294 1199 3364 eongaudeant,
1249 3304 1515 3363 quatenus
1554 3295 1754 3349 habere
1781 3304 1838 3350 et

256 3385 475 3454 propria
527 3384 947 3452 concupiscant:
999 3385 1078 3440 sic
1113 3386 1485 3454 proximorum
1535 3387 1675 3440 facta
1718 3386 1838 3440 dili-

254 3475 434 3544 gendo
473 3474 708 3538 laudent,
737 3481 791 3527 ut
823 3489 884 3528 ea
918 3476 1082 3529 etiam
1131 3476 1392 3531 imitando
1431 3475 1787 3547 multiplicent
1819 3493 1831 3528 :

255 3579 324 3618 ne
356 3563 400 3618 si
423 3563 476 3617 in
496 3563 598 3617 hoc
623 3565 906 3633 prmsentis
929 3565 1052 3618 vitae
1076 3564 1251 3618 stadio
1278 3565 1343 3619 ad
1369 3573 1642 3619 certamen
1670 3563 1835 3617 alium

255 3652 437 3706 devoti
469 3651 728 3715 fautores,
777 3653 868 3706 sed
897 3652 1034 3722 pigri
1067 3659 1420 3722 spectatores,
1460 3650 1747 3715 adsistant,
1783 3657 1838 3704 et

254 3749 379 3812 post
407 3749 682 3796 certamen
717 3742 834 3796 sine
863 3743 1051 3796 Lravio
1080 3749 1415 3806 remaneant,
1459 3740 1551 3810 qui
1592 3755 1734 3794 nunc
1781 3740 1835 3792 in

255 3832 557 3888 certamine
593 3849 697 3888 non
729 3832 976 3888 laborant
1005 3848 1019 3886 ε
1053 3842 1108 3888 et
1137 3844 1263 3893 tunc
1289 3849 1476 3889 eorum
1519 3833 1726 3902 palmas
1757 3829 1838 3885 af-

255 3925 390 3979 flicti
439 3926 746 3994 respiciant,
794 3926 848 3979 in
895 3941 1124 3995 quorum
1170 3942 1313 3982 nunc
1353 3925 1632 3980 laboribus
1674 3923 1836 3980 otiosi

255 4018 576 4087 perdurant.
616 4017 782 4071 Valde
808 4018 1006 4089 quippe
1034 4033 1346 4088 peccamus,
1397 4017 1444 4072 si
1488 4017 1666 4071 aliena
1698 4015 1836 4069 bene

255 4119 412 4180 gesta
444 4120 548 4164 non
587 4109 854 4178 diligimus
885 4127 899 4163 :
933 4110 1028 4164 sed
1055 4108 1186 4163 nihil
1216 4107 1482 4162 mercedis
1512 4106 1743 4177 agimus,
1781 4105 1833 4160 si

257 4219 324 4259 ea
347 4217 469 4272 qua!
499 4201 790 4274 diligimus,
819 4203 872 4256 in
899 4210 1158 4272 quantum
1184 4215 1495 4270 possumus,
1525 4214 1633 4254 non
1658 4198 1839 4252 imita-

259 4309 404 4350 mur.
450 4292 746 4348 Dicendum
788 4303 872 4348 est
897 4292 1172 4348 benevolis
1198 4292 1448 4358 subditis,
1478 4291 1606 4360 quia
1632 4290 1679 4345 si
1709 4290 1836 4344 imi—

261 4386 364 4440 tari
392 4383 536 4439 bona
580 4384 802 4440 minime
846 4384 1124 4449 festinant,
1171 4398 1290 4453 quae
1326 4383 1610 4438 laudantes
1640 4397 1837 4452 appro-

258 4477 426 4542 bant,
456 4476 534 4532 sic
563 4475 643 4530 eis
679 4476 937 4530 virtutum
966 4475 1223 4530 sanctitas
1249 4474 1388 4529 sicut
1413 4474 1593 4529 stultis
1620 4481 1832 4545 Specta-

257 4567 471 4623 toribus
512 4567 843 4623 ludicrarum
887 4568 1083 4621 artium
1108 4568 1318 4621 vanitas
1356 4567 1551 4636 placet.
1579 4566 1658 4621 llli
1682 4581 1835 4620 nam-

258 4673 368 4728 que
415 4658 727 4730 aurigarum
768 4673 830 4713 ac
867 4658 1187 4712 histrionum
1215 4664 1366 4726 gesta
1396 4654 1672 4710 favoribus
1709 4653 1838 4710 eil‘e-

261 4757 391 4803 runt
420 4763 434 4801 :
469 4764 569 4804 nec
595 4757 773 4805 tamen
806 4749 940 4804 tales
966 4764 1087 4804 esse
1126 4748 1454 4810 desiderant,
1493 4747 1681 4816 quales
1715 4747 1839 4801 illos

260 4838 604 4907 conspiciunt
627 4854 744 4894 esse
781 4855 916 4909 quos
956 4839 1199 4894 laudant.
1233 4837 1497 4892 Mirantur
1522 4853 1616 4892 eos
1642 4837 1837 4905 placita

260 4929 462 4999 egisse,
489 4930 582 4984 sed
609 4937 787 4985 tamen
819 4931 1060 4986 devitant
1085 4930 1336 4986 similiter
1365 4929 1600 5000 placere.
1639 4928 1835 4983 Dicen-

264 5018 394 5072 dum
442 5030 528 5074 est
578 5022 851 5077 benevolis
901 5023 1160 5087 subditis‘,
1212 5031 1272 5076 ut
1298 5037 1419 5076 cum
1469 5022 1838 5092 proximorum

265 5110 409 5165 facta
439 5112 798 5182 conspiciunt,
829 5114 896 5167 ad
925 5129 1080 5168 suum
1109 5128 1205 5167 cor
1235 5114 1461 5167 redeant
1493 5129 1508 5167 :
1535 5123 1590 5169 et
1615 5113 1681 5168 de
1713 5112 1842 5166 alic-

267 5201 352 5254 nis
403 5201 613 5255 actibus
659 5218 767 5256 non
813 5210 1158 5270 przesumant,
1217 5216 1286 5256 ne
1336 5201 1475 5256 bona
1521 5203 1742 5256 laudent
1789 5209 1844 5254 et

266 5308 431 5364 agere
466 5302 737 5350 recusent.
782 5293 1012 5349 Gravius
1038 5295 1234 5363 quippe
1259 5300 1502 5346 extrema
1530 5292 1734 5346 ultione
1763 5290 1842 5345 fe-

272 5384 444 5439 riendi
486 5394 633 5450 sunt,
662 5387 855 5455 quibus
883 5385 1084 5455 placuit
1105 5385 1246 5453 quod
1271 5383 1472 5438 imitari
1499 5383 1803 5437 noluerunt.

857 5475 1083 5531 CAPUT
1111 5475 1242 5531 CIV.

339 5569 567 5628 t'lsidori
597 5570 688 5623 lib.
719 5585 778 5624 tn
809 5569 1068 5634 Sentent.,
1094 5585 1140 5621 c.
1169 5565 1530 5638 17.).Propter
1562 5572 1841 5634 peccatum

271 5659 431 5728 primi
475 5658 706 5714 hominis
733 5659 968 5714 humano
997 5657 1180 5729 generi
1223 5670 1382 5728 pmna
1411 5650 1668 5709 divinitus
1696 5652 1840 5706 illata

275 5759 356 5805 est
404 5751 699 5817 servitutis,
747 5752 818 5806 ita
851 5757 908 5806 ut
938 5750 1132 5821 quibus
1165 5748 1355 5820 aspicit
1397 5763 1501 5803 non
1543 5759 1840 5816 congruere

1859 4520 1912 4578 D

1937 563 2064 619 licet
2089 576 2370 634 peccatum
2416 566 2666 620 bumanze
2694 566 2941 636 originis,
2991 582 3088 636 per
3111 567 3361 635 baptismi
3387 582 3510 638 gra-

1938 654 2068 708 tiam
2109 656 2319 710 cunctis
2358 655 2606 711 ﬁdelibus
2646 655 2930 711 dimissum
2976 658 3077 723 sit,
3113 666 3290 712 tamen
3318 671 3503 728 aequus

1936 745 2081 801 Deus
2117 747 2237 801 ideo
2281 746 2537 801 discrevit
2566 748 2876 802 hominibus
2906 747 3095 811 vitam,
3146 747 3280 801 alios
3324 763 3511 802 servos

1936 839 2297 905 constituens,
2331 839 2464 894 alios
2495 840 2738 894 dominos
2768 881 2782 905 ,
2813 847 2872 893 ut
2906 839 3121 894 licentia
3156 838 3292 892 male
3319 840 3511 910 agendi

1936 945 2213 984 servorum
2237 937 2506 999 potestate
2535 930 2928 983 dominantium
2957 930 3331 1000 restringatur.
3369 928 3503 982 Nam

1937 1022 1981 1076 si
2003 1036 2193 1075 omnes
2217 1021 2334 1074 sine
2376 1029 2522 1075 metu
2566 1020 2814 1085 fuissent,
2849 1021 2970 1089 quis
2999 1030 3144 1074 esset
3177 1020 3268 1088 qui
3299 1035 3328 1072 a
3358 1018 3514 1073 malis

1936 1112 2242 1182 quempiam
2291 1112 2641 1181 prohiberet?
2690 1112 2817 1166 Inde
2864 1119 2917 1166 et
2961 1111 3014 1164 in
3062 1111 3310 1180 gentibus
3359 1124 3513 1180 reges

1935 1202 2316 1273 principesque
2361 1201 2516 1255 electi
2561 1212 2706 1264 sunt,
2754 1209 2814 1254 ut
2861 1210 3069 1255 terrore
3103 1214 3201 1253 suo
3226 1201 3452 1270 populos
3480 1215 3512 1255 a

1935 1291 2079 1346 malo
2119 1299 2432 1345 coercerent
2469 1300 2630 1360 atque
2674 1291 2741 1345 ad
2781 1299 2929 1345 recte
2969 1291 3254 1345 vivendum
3305 1291 3513 1362 legibus

1936 1383 2247 1438 Sabderent.
2301 1383 2575 1448 Quantum
2608 1384 2802 1438 attinet
2832 1383 2899 1437 ad
2939 1384 3226 1447 rationem,
3276 1400 3382 1437 non
3427 1392 3513 1439 est

1936 1490 2283 1545 personarum
2318 1476 2558 1546 acceptio
2594 1477 2731 1546 apud
2772 1477 2971 1541 Deum;
3011 1477 3102 1544 qui
3135 1475 3317 1530 mundi
3348 1476 3515 1547 elegit

1934 1566 2189 1636 ignobilia
2233 1576 2289 1621 et
2326 1567 2776 1637 eontemptibilia,
2808 1576 2864 1621 et
2893 1583 3012 1636 quae
3039 1583 3144 1620 non
3192 1575 3338 1630 sunt,
3363 1575 3424 1620 ut
3449 1581 3514 1621 ea

1934 1672 2053 1726 qua:
2093 1665 2220 1711 sunt
2251 1658 2574 1723 destrueret,
2606 1673 2673 1711 ne
2713 1657 2973 1728 glorietur
3002 1659 3180 1712 omnis
3208 1672 3357 1721 caro,
3405 1658 3513 1712 hoc

1935 1756 2038 1813 est,
2071 1747 2304 1803 carnalis
2325 1749 2566 1818 potentia
2606 1763 2786 1802 coram
2821 1748 2931 1802 illo.
2980 1747 3130 1803 Unus
3160 1749 3303 1802 enim
3329 1747 3512 1801 Domi-

1937 1853 2040 1892 nus
2063 1837 2364 1907 (equaliter,
2395 1845 2450 1891 et
2479 1838 2712 1892 dominis
2741 1836 2846 1891 fert
2875 1835 3200 1900 consultum,
3231 1825 3294 1890 et
3312 1837 3506 1890 servis.

1938 1929 2125 1984 Melior
2170 1938 2254 1984 est
2304 1929 2542 1996 subjecta
2591 1930 2823 1985 servitus
2868 1944 3030 1998 quam
3076 1928 3214 1982 elata
3266 1927 3510 1982 libertas.

1938 2019 2086 2074 Multi
2119 2021 2264 2094 enim
2304 2021 2654 2076 inveniuntur
2698 2021 2808 2075 Deo
2853 2021 3021 2074 libere
3053 2019 3373 2081 servientes,
3414 2017 3515 2071 sub

1938 2113 2169 2168 dominis
2201 2113 2479 2168 constituti
2529 2111 2846 2182 flagitiosis:
2880 2111 2972 2179 qui
2997 2108 3098 2163 etsi
3131 2107 3356 2176 subjecti
3387 2113 3516 2160 sunt

1939 2205 2044 2260 illis
2064 2218 2310 2273 corpore,
2337 2201 2543 2272 praelati
2576 2208 2753 2255 tamen
2782 2206 2908 2254 sunt
2943 2207 3142 2253 mente.

2534 2290 2761 2346 CAPUT
2801 2287 2913 2344 CV.

2007 2388 2269 2458 (Gregorii
2323 2384 2537 2440 Pastor.
2590 2402 2643 2454 p.
2679 2399 2762 2447 Ill,
2814 2383 3029 2437 admon.
3079 2380 3156 2452 9.)
3187 2379 3513 2447 Plerumque

1938 2480 2139 2535 subditi
2171 2477 2270 2533 sub
2298 2475 2552 2548 pastorali
2584 2474 2844 2544 regimine
2877 2472 3176 2535 constituti,
3209 2469 3335 2523 dum
3363 2468 3518 2522 valde

1937 2570 2004 2624 de
2047 2585 2104 2624 $3
2135 2567 2259 2622 elati
2291 2572 2643 2636 praesumunt,
2692 2560 3072 2630 exprobrando
3112 2566 3339 2612 caeteros
3367 2557 3517 2610 dedi-

1938 2667 2194 2734 gnantur,
2231 2657 2359 2712 dum
2383 2654 2732 2726 singulariter
2753 2666 2962 2706 summa
2985 2649 3298 2704 existimant
3321 2654 3516 2702 cuncta

1937 2767 2056 2822 qua:
2080 2759 2263 2822 agunt.
2295 2747 2576 2804 Subtiliter
2603 2746 2784 2816 itaque
2807 2746 2873 2797 ab
2898 2750 3157 2814 urguente
3183 2738 3516 2796 discutienda

1938 2849 2066 2896 sunt
2120 2855 2283 2909 opera
2332 2847 2731 2910 protervorum,
2768 2843 2825 2887 ut
2872 2834 2923 2886 in
2971 2847 3079 2902 quo
3111 2831 3214 2886 sibi
3251 2830 3514 2899 placent,

1938 2934 2296 2990 ostendantur
2340 2933 2467 3002 quia
2512 2929 2624 2984 Deo
2670 2927 2976 2998 displicent.
3035 2924 3186 2977 Tunc
3230 2930 3514 2992 protervos

1938 3026 2133 3081 melius
2166 3023 2510 3094 corrigimus,
2546 3035 2668 3074 cum
2699 3034 2760 3074 ea
2787 3033 2906 3087 qua‘.
2933 3017 3070 3069 bene
3105 3014 3282 3085 egisse
3314 3027 3372 3067 se
3398 3026 3518 3066 crc-

1940 3118 2073 3171 dunt
2100 3116 2241 3172 male
2269 3123 2389 3170 aeta
2418 3121 2786 3168 monstramus
2814 3129 2826 3163 :
2861 3118 2922 3163 ut
2952 3107 3092 3161 unde
3126 3107 3316 3175 adepta
3349 3104 3517 3174 gloria

1864 3176 1908 3238 C
1940 3209 2200 3274 creditur,
2233 3208 2360 3262 inde
2400 3206 2548 3260 utilis
2576 3201 2820 3260 confusio
2850 3201 3230 3269 subsequatur.
3266 3189 3516 3250 Nonnun-

1939 3315 2100 3370 quam
2133 3297 2358 3362 subditi,
2386 3313 2508 3352 cum
2535 3311 2595 3351 se
2622 3295 2812 3349 vitium
2841 3290 3127 3362 proterviae
3158 3287 3382 3341 minime
3399 3299 3518 3355 per-

1937 3400 2154 3462 petrare
2183 3396 2537 3459 cognoscunt,
2571 3383 3012 3453 compendiosius
3032 3380 3099 3434 ad
3127 3380 3519 3432 correctionem

1936 3479 2181 3540 veniunt,
2216 3477 2260 3531 si
2291 3475 2513 3528 alterius
2537 3475 2707 3542 culpae
2736 3469 3149 3531 manifestioris,
3183 3475 3238 3520 et
3257 3481 3324 3520 ex
3349 3465 3519 3519 latere

1939 3569 2232 3639 requisitas,
2279 3565 2606 3634 improperio
2643 3561 3065 3623 confundantur,
3107 3565 3169 3610 ut
3193 3572 3258 3610 ex
3290 3570 3355 3610 eo
3379 3555 3520 3623 quod

1938 3659 2225 3716 defendere
2267 3664 2562 3726 nequeunt,
2595 3660 2926 3724 cognoscant
2973 3665 3030 3704 se
3061 3657 3249 3703 tenere
3280 3643 3520 3714 improbe

1937 3752 2078 3823 quod
2125 3747 2440 3806 defendunt.
2489 3746 2623 3802 Cum
2675 3752 2926 3814 proterve
2978 3738 3177 3794 Paulus
3211 3735 3520 3791 Corinthius

1938 3844 2222 3898 adversum
2268 3855 2327 3896 se
2381 3847 2584 3893 temere
2632 3837 2858 3891 invicem
2905 3832 3115 3887 videret
3167 3827 3415 3890 inflatos,
3463 3834 3520 3878 ut

1937 3935 2076 3990 alius
2105 3933 2314 4004 Apollo,
2349 3930 2486 3985 alius
2519 3927 2691 3994 Pauli,
2722 3926 2861 3981 alius
2893 3924 3109 3994 Cepbaa,
3146 3921 3286 3974 alius
3312 3916 3518 3972 Christi

1938 4041 1995 4081 se
2021 4039 2142 4080 esse
2159 4024 2362 4078 diceret
2387 4037 2403 4076 :
2431 4021 2676 4076 incestus
2696 4018 2910 4087 culpam
2934 4016 2990 4069 in
3014 4012 3249 4067 medium
3273 4008 3518 4071 deduxit,

1937 4131 2057 4187 qute
2094 4112 2232 4185 apud
2259 4128 2366 4169 'eos
2389 4120 2445 4167 et
2478 4117 2805 4182 perpetrata,
2841 4115 2896 4162 et
2925 4106 3234 4170 incorrepta
3269 4113 3514 4153 remane-

1936 4207 2048 4271 bat,
2096 4205 2324 4260 dicens:
2368 4203 2598 4257 Auditur
2635 4202 2772 4254 inter
2821 4215 2908 4251 ros
2958 4193 3261 4265 fornicatio,
3314 4198 3362 4244 et
3393 4187 3516 4242 talis

1937 4295 2240 4367 fornicatio,
2289 4293 2461 4364 qualis
2515 4309 2606 4345 nec
2662 4292 2801 4343 inter
2844 4298 3042 4358 gentes,
3079 4287 3154 4338 ita
3203 4293 3260 4335 ut
3300 4297 3516 4335 umorem

1938 4390 2104 4459 patris
2131 4389 2249 4457 quis
2278 4386 2486 4439 habeat.
2519 4385 2586 4437 Et
2625 4401 2712 4436 vos
2758 4382 2930 4451 inﬂati
2967 4381 3090 4434 estis
3137 4388 3184 4432 et
3217 4390 3320 4431 non
3351 4377 3515 4445 magis

1940 4477 2138 4530 luctum
2163 4473 2440 4539 habuistis,
2486 4483 2541 4526 ut
2573 4472 2851 4526 tolleretur
2875 4471 2938 4523 de
2969 4469 3139 4522 medio
3172 4477 3398 4522 vestrum
3427 4465 3516 4534 qui

1937 4571 2031 4621 hoc
2081 4583 2208 4636 opus
2261 4565 2382 4635 fecit
2449 4564 2501 4636 (I
2569 4563 2690 4616 Cor.
2747 4560 2957 4631 v)._Ac
3016 4560 3060 4614 si
3113 4565 3301 4627 aperte
3329 4555 3509 4609 dicat:

1937 4658 2074 4726 Quid
2133 4673 2228 4712 vos
2277 4671 2374 4726 per
2398 4655 2727 4727 proterviam
2771 4651 2927 4720 hujus
2971 4651 3058 4704 vel
3108 4649 3250 4703 illius
3299 4646 3513 4710 dicitis,

1939 4750 2030 4821 qui
2099 4765 2198 4819 per
2281 4746 2689 4802 dissolutionem
2759 4741 3098 4814 negligentiae
3162 4737 3359 4792 nullius
3422 4750 3520 4790 vos

1938 4855 2058 4894 esse
2100 4837 2454 4893 monstratis?
2501 4834 2838 4889 Admonendi
2891 4839 3017 4886 sunt
3061 4829 3214 4883 inviti
3272 4827 3513 4890 subditi,

1940 4937 1999 4982 ut
2048 4927 2385 4997 perpendant
2432 4932 2648 4994 quantm
2694 4922 2953 4976 caecitatis
3003 4919 3133 4982 sint,
3188 4916 3280 4986 qui
3340 4914 3518 4968 alieno

1940 5019 2184 5090 profectu
2245 5018 2542 5080 deficiunt,
2611 5015 2784 5068 aliena
2862 5011 3194 5067 exultatione
3260 5006 3517 5062 contabe-

1943 5117 2099 5165 scunt
2144 5117 2406 5178 :quantae
2433 5106 2767 5161 infelicitatis
2821 5105 2965 5166 sint,
2998 5101 3090 5170 qui
3142 5096 3519 5154 melioratione

1942 5201 2174 5271 proximi
2205 5200 2504 5254 deteriores
2533 5198 2668 5252 fiunt
2699 5215 2712 5251 ε
2744 5198 2978 5264 dumque
3017 5200 3305 5261 augmenta
3334 5188 3521 5242 aliena

1945 5289 2324 5361 prosperitatis
2347 5289 2639 5357 aspiciunt,
2672 5287 2812 5356 apud
2840 5285 3161 5353 semetipsos
3202 5281 3362 5336 anxie
3386 5275 3518 5330 allii-

1949 5381 2043 5444 cti,
2086 5380 2267 5435 cordis
2302 5380 2385 5434 sui
2414 5390 2566 5449 peste
2593 5379 2918 5433 moriuntur.
2950 5377 3087 5442 Quid
3115 5373 3312 5427 invidis
3341 5365 3518 5422 infeli-

1949 5474 2082 5536 cius,
2117 5486 2253 5542 quos
2282 5472 2408 5527 dum
2437 5478 2724 5539 conspecta
2757 5467 2990 5524 felicitas
3019 5463 3201 5525 allicit,
3231 5471 3390 5528 paena
3418 5470 3512 5510 ne-

1948 5566 2168 5635 quiores
2196 5564 2406 5619 reddit?
2433 5562 2673 5617 Aliorum
2697 5575 2824 5614 vero
2855 5559 3016 5617 bona,
3041 5567 3161 5622 qum
3189 5551 3387 5604 habere
3408 5560 3515 5599 non

1949 5663 2190 5724 possunt,
2221 5655 2266 5708 si
2299 5653 2600 5723 diligerent,
2634 5665 2728 5704 sua
2762 5649 3012 5702 fecissent
3038 5640 3201 5713 (Ibid.
3235 5649 3283 5692 et
3314 5635 3468 5690 Mora
3483 5635 3515 5690 ι.

1947 5744 1984 5796 l.
2014 5761 2086 5808 vt,
2120 5762 2164 5797 ε.
2214 5747 2289 5814 is).
2345 5742 2538 5798 Nostra
2589 5739 2839 5794 nimirum
2889 5740 3014 5788 sunt
3076 5733 3215 5786 bona
3265 5729 3515 5793 aliorum,

2203 6006 2231 6038 ο
