3884 6192
531 290 636 346 893

1524 303 1925 364 AMALARIUS
1964 311 2376 370 PRESBYTER
2416 318 2776 375 METENSIS.
3583 343 3654 401 896

530 412 650 466 quze
677 400 777 453 etsi
813 402 1012 456 imitari
1042 419 1146 458 non
1183 421 1490 476 possumus,
1537 428 1784 471 amamus
1824 419 1881 473 in
1921 421 2042 478 aliis
2077 438 2092 478 :
2121 433 2172 492 Α
2197 427 2497 486 evidentius
2525 432 2630 488 alio
2655 434 2772 490 loco
2799 441 3161 510 prosequitur,
3187 445 3390 504 dicens:
3423 451 3656 521 Speculum

530 496 578 521 nl
626 493 917 521 omn-.02....“
953 494 1081 521 (ιη.-.
1156 513 1429 521 ι.--,..-..---μ-κ
1467 519 1476 521 4
1535 520 1539 521 ,
1692 517 1702 521 -
1817 511 1828 521 .
1991 517 2003 521 -
2029 517 2040 521 -
2381 520 2386 521 ,

526 496 583 542 et
625 493 919 546 amantium
952 494 1116 560 ﬁunt,
1152 513 1486 571 quzecunque
1522 517 1776 563 amantur
1814 511 1871 566 in
1917 517 2092 571 nobis.

527 577 664 634 llinc
693 596 821 650 ergo
863 592 1094 650 pensent
1123 586 1310 655 invidi,
1359 593 1600 651 Charitas
1625 609 1840 667 quanta:
1879 604 2097 662 virtutis

525 675 626 732 est,
671 683 791 737 qua:
841 671 1000 726 alieni
1055 674 1254 732 laboris
1293 695 1476 750 opera.
1533 697 1716 743 nostra
1748 691 1864 746 sine
1911 693 2094 751 labore

524 757 671 811 facit.
702 759 839 814 Dum
872 778 930 816 se
958 764 1122 820 invidi
1155 784 1183 821 a
1219 769 1388 829 livore
1417 776 1636 833 minime
1677 784 2006 852 custodiunt,
2039 788 2093 842 in

520 848 794 917 antiquam
824 857 1027 908 versuti
1059 857 1230 914 hostis
1261 866 1554 932 nequitiam
1585 870 1988 944 demerguntur.
2018 878 2093 934 De

522 937 612 991 illo
638 955 872 1012 namque
901 946 1158 1015 scriptum
1200 961 1282 1006 est
1313 971 1326 1006 :
1370 955 1580 1013 Invidia
1616 937 1813 1016 diaboli
1839 983 1978 1021 mors
2005 970 2088 1022 in-

518 1031 673 1083 travit
703 1033 758 1084 in
783 1033 956 1088 orbem
996 1045 1257 1094 terrarum
1287 1043 1442 1114 (Sap.
1492 1047 1574 1119 ιι).
1603 1049 1738 1115 Quia
1784 1055 1928 1108 enim
1975 1057 2112 1126 ipse»

519 1117 712 1172 coetum
741 1123 996 1190 perdidit,
1023 1129 1238 1184 condito
1267 1133 1368 1186 hoc
1394 1117 1596 1192 homini
1626 1140 1840 1209 invidit,
1866 1153 1921 1198 et
1942 1117 2089 1201 dam-

517 1210 790 1265 nationem
823 1229 976 1269 suam
1029 1222 1271 1288 perditus
1301 1227 1478 1283 adhuc
1506 1231 1641 1288 alios
1681 1237 1954 1304 perdendo
1994 1257 2088 1296 cu-

513 1577 887 1637 devolvuntur.
942 1585 1056 1640 Nisi
1108 1591 1250 1644 enim
1305 1594 1435 1650 Cain
1477 1598 1758 1658 invidisset
1804 1617 2080 1678 acceptam

510 1665 697 1723 fratris
724 1672 980 1740 hostiam,
1028 1679 1250 1736 minime
1277 1689 1613 1752 pervenisset
1637 1694 1703 1747 ad
1727 1696 1845 1765 ejus
1874 1701 2080 1755 exstin-

508 1763 774 1830 gnendam
816 1767 1009 1821 vitam.
1054 1771 1207 1827 Unde
1249 1778 1512 1847 scriptum
1553 1793 1639 1839 est
1678 1803 1692 1840 :
1747 1763 1816 1842 Et
1857 1796 2078 1861 respexit
2110 1771 2156 1829 Β

507 1851 761 1911 Dominus
795 1860 865 1912 ad
889 1863 1018 1916 Abel
1047 1874 1093 1918 et
1119 1867 1189 1919 ad
1220 1885 1436 1926 munera
1468 1875 1603 1944 ejus,
1634 1879 1704 1932 ad
1730 1880 1859 1935 Cain
1885 1900 2006 1938 vero
2027 1896 2075 1940 et

501 1945 571 1996 ad
597 1963 811 2004 munera
831 1953 945 2022 ejus
968 1971 1071 2009 non
1099 1962 1341 2028 respexit.
1370 1962 1396 2014 Ι
1405 1975 1650 2038 ratusque
1676 1979 1752 2024 est
1773 1972 1907 2028 Cain
1929 1976 2077 2030 velte-

500 2049 717 2104 menter,
745 2052 792 2095 et
817 2047 1046 2099 concidit
1078 2049 1246 2105 vultus
1271 2053 1386 2121 ejus
1414 2053 1566 2125 (Cen.
1600 2059 1695 2132 Iv).
1727 2063 1914 2133 Itaque
1939 2065 2075 2121 livor

502 2131 776 2195 sacriﬁcii,
830 2134 1114 2194 fratricidii
1167 2143 1519 2201 seminarium
1549 2140 1668 2204 fuit.
1723 2153 1855 2208 Nam
1912 2171 2072 2225 quem

500 2221 775 2278 meliorem
807 2241 864 2279 se
892 2243 1010 2285 esse
1047 2233 1235 2296 doluit,
1289 2254 1356 2292 ne
1388 2247 1657 2312 utcunque
1687 2257 1850 2311 esset,
1880 2264 2071 2319 ampu-

499 2314 649 2366 tavit.
688 2315 981 2373 Dicendum
1021 2332 1108 2377 est
1146 2324 1378 2394 invidis,
1419 2332 1546 2400 quia
1587 2335 1713 2388 dum
1760 2353 1817 2391 se
1861 2340 1962 2396 ista
1988 2343 2069 2398 in-

498 2402 766 2459 trinsecus
814 2416 964 2476 peste
1011 2426 1357 2483 consumunt,
1405 2422 1568 2476 etiam
1613 2427 1873 2496 quidquid
1913 2431 1968 2486 in
2011 2449 2070 2488 se

496 2491 640 2547 aliud
667 2495 792 2550 boni
825 2498 1024 2556 habere
1060 2503 1312 2561 videntur
1347 2491 1684 2568 interimunt.
1733 2491 1886 2573 [inde
1933 2523 2070 2577 seri-

495 2590 646 2650 ptum
677 2595 759 2638 est
786 2602 801 2638 :
843 2586 963 2642 Vita
991 2593 1231 2648 carnium
1261 2599 1458 2654 sanitas
1485 2603 1658 2658 cordis
1689 2621 1708 2658 :
1735 2610 1956 2677 putredo
1984 2629 2067 2666 os-

492 2670 633 2722 sium
661 2672 859 2729 invidia
886 2676 1067 2747 (Prov.
1097 2682 1229 2755 xxv).
1258 2685 1362 2741 Per
1391 2688 1574 2748 livoris
1599 2670 1789 2751 vitium
1817 2707 1943 2754 ante
1968 2701 2065 2757 Dei

495 2763 680 2819 oculos
707 2779 956 2836 pereunt,
987 2773 1153 2828 etiam
1179 2792 1299 2846 quae
1323 2780 1574 2838 humanis
1597 2788 1770 2844 oculis
1799 2789 1958 2848 fortia
1985 2795 2066 2849 vi-

491 2854 704 2910 dentur.
756 2859 892 2916 Ossa
935 2865 1133 2936 quippe
1179 2884 1275 2938 per
1315 2872 1572 2930 invidiam
1600 2888 1912 2948 putrescere
1956 2894 2062 2951 est,

491 2947 734 3013 quaedam
761 2951 923 3006 etiam
957 2957 1179 3012 robusta
1207 2961 1471 3030 deperire.
1500 2947 1702 3023 Illeiest
1729 2986 1858 3026 vere
1881 2975 2061 3029 humi-

489 3034 556 3090 lis
586 3038 860 3110 subjectus
906 3045 958 3099 in
993 3048 1172 3116 bonis,
1203 3053 1295 3121 qui
1323 3071 1426 3110 non
1458 3066 1541 3112 est
1569 3060 1820 3120 defensor
1847 3067 1899 3121 in
1941 3084 2060 3124 ma-

490 3125 578 3182 lis.
627 3129 762 3186 Nam
796 3134 921 3188 dum
952 3138 1017 3192 de
1050 3140 1206 3196 malis
1235 3145 1348 3200 suis
1387 3149 1665 3219 subjectus
1694 3157 1960 3226 arguitur,
2007 3170 2062 3215 et

489 3226 677 3273 contra
709 3225 873 3278 verba
902 3231 1180 3296 arguentis
1208 3237 1545 3304 accenditur,
1571 3225 1789 3312 quando
1815 3246 1880 3301 de
1903 3247 2062 3306 bonis

488 3309 602 3364 suis
637 3315 791 3381 quasi
821 3316 1100 3376 humiliter
1131 3323 1350 3392 titubat,
1377 3345 1474 3399 per
1516 3309 1836 3394 humilitatis
1879 3356 2062 3398 vocem

483 3403 672 3457 ornari
701 3409 926 3476 appetit,
956 3427 1060 3467 non
1092 3415 1291 3472 doceri.

1070 3501 1296 3562 CAPUT
1335 3508 1464 3564 CVI.

554 3581 847 3655 (Prosperi,
899 3591 964 3644 de
1008 3592 1127 3648 Vita
1176 3603 1535 3672 contemplat.,
1583 3607 1620 3660 l.
1657 3625 1696 3674 ι,
1746 3629 1793 3666 c.
1833 3615 1946 3686 22.)
1978 3618 2059 3674 Ad

484 3677 600 3732 liaec
642 3695 762 3748 qua:
807 3685 1061 3750 prtedicta
1104 3699 1249 3754 sunt,
1297 3708 1396 3762 ego
1443 3705 1608 3754 tunc:
1649 3701 1757 3763 Sic.
1815 3677 2052 3776 inquam,

482 3767 586 3821 ista
640 3769 918 3828 invidiosis
961 3779 1240 3843 questibus
1279 3780 1477 3850 iactas,
1517 3797 1577 3842 et
1620 3791 1672 3844 in
1721 3767 2054 3865 suggillatio-

480 3873 605 3911 nem
648 3862 985 3929 pontiﬁcum,
1020 3869 1102 3921 vel
1149 3881 1296 3926 certe
1324 3874 1490 3942 ipsius
1516 3862 1863 3948 pontiﬁcatus
1887 3903 2052 3961 exag-

479 3962 660 4016 geras,
702 3953 858 4018 quasi
901 3967 1006 4008 non
1057 3958 1148 4012 ubi
1193 3959 1296 4014 ista
1341 3964 1544 4034 legisti,
1589 3971 1784 4038 quibus
1825 3953 2054 4036 rationa-

477 4035 663 4093 biliter
691 4045 1048 4109 permoveris,
1078 4047 1151 4102 ibi
1179 4050 1342 4106 etiam
1375 4054 1464 4108 illa
1510 4058 1638 4124 sint,
1667 4077 1786 4129 quae
1827 4081 1858 4120 a
1898 4070 2051 4126 vobis

475 4130 858 4194 praetermissa,
907 4133 1145 4192 breviter
1186 4139 1239 4193 in
1288 4147 1692 4204 excusationem
1749 4151 1912 4209 ofﬁcii
1963 4174 2049 4212 sa-

473 4225 764 4281 cerdotalis
793 4230 1142 4302 attingemus.
1174 4235 1304 4293 Post
1335 4239 1426 4295 illa
1452 4244 1640 4310 verba,
1667 4249 1862 4316 quibus
1884 4253 2048 4323 negli-

471 4315 711 4381 gentium
759 4317 883 4373 ﬁnis
932 4324 1276 4382 sacerdotum
1321 4334 1644 4400 ostenditur,
1686 4315 1758 4393 ide
1790 4315 2045 4409 pontiﬁce

2191 533 2315 571 cum
2342 520 2525 574 viderit
2553 523 2791 593 gladium
2821 531 3279 604 venientem-super
3303 520 3473 595 terrent
3504 556 3542 598 et
3563 553 3658 603 ceci-

2198 609 2330 662 nerit
2359 609 2599 678 buccina,
2641 624 2691 668 et
2717 621 3097 675 annuntiaverit
3123 626 3303 694 populo
3331 646 3348 682 :
3377 634 3560 690 audiens
3591 657 3658 692 au-

2193 706 2315 762 tem,
2353 701 2586 772 quisquis
2621 703 2711 758 ille
2753 716 2848 772 est,
2889 711 3116 766 sonitum
3163 715 3394 785 buccina,
3435 734 3476 777 et
3516 743 3594 782 non
3623 747 3660 784 se

2195 789 2555 858 observaverit,
2587 799 2882 868 veneritque
2923 801 3130 871 gladius
3156 817 3202 862 et
3229 810 3391 865 tulerit
3423 832 3537 881 eum,
3573 838 3662 874 san-

2192 880 2306 948 guis
2334 883 2498 951 ipsius
2523 901 2680 955 super
2709 900 2863 959 caput
2884 893 2998 961 ejus
3023 895 3138 949 erit.
3173 896 3358 954 Sonam
3385 880 3574 961 buccina:
3592 929 3660 963 au-

2192 971 2340 1034 divit,
2395 984 2444 1027 et
2501 992 2606 1030 non
2650 963 2706 1032 se
2745 982 3031 1037 observavit
3059 1026 3075 1051 ,
3132 992 3336 1059 sanguis
3378 995 3477 1063 ejus
3509 999 3553 1051 in
3581 1001 3658 1069 ipso

2191 1061 2308 1113 erit.
2350 1062 2410 1116 Si
2448 1075 2620 1119 autem
2655 1085 2710 1122 se
2755 1073 3094 1142 custodierit,
3138 1082 3353 1135 animum
3386 1100 3514 1139 suam
3535 1090 3660 1144 salva-

2191 1151 2262 1203 bit
2301 1152 2516 1220 (Ezech.
2558 1163 2775 1232 χχχιιι).
2823 1163 2921 1220 llic
2944 1181 3158 1236 quoque
3177 1171 3299 1240 quid
3334 1189 3473 1244 agere
3501 1178 3658 1243 debeat,

2189 1247 2281 1314 qui
2324 1247 2564 1320 fungitur
2601 1258 2956 1325 speculatoris
2977 1261 3170 1325 oﬁieio.
3212 1267 3410 1325 divinus
3442 1287 3586 1328 sermo
3600 1292 3659 1330 sa-

2189 1343 2258 1397 tis
2292 1348 2529 1402 ostendit
2569 1364 2584 1403 :
2624 1352 2832 1409 scilicet
2871 1364 2932 1411 ut
2959 1360 3176 1427 quando
3212 1362 3395 1419 viderit
3426 1369 3659 1425 venientem

2186 1432 2420 1502 gladium
2455 1454 2620 1508 super
2662 1451 2882 1508 terram,
2909 1447 3012 1502 hoc
3032 1458 3118 1504 est
3140 1451 3269 1506 iram
3303 1453 3390 1508 Dei
3424 1471 3556 1526 super
3573 1475 3659 1528 pec-

2185 1534 2418 1595 catores,
2471 1533 2724 1602 operibus
2781 1541 3014 1595 terrenis
3055 1543 3326 1611 addictos,
3371 1553 3658 1612 omninonon

2183 1627 2395 1685 taceat,
2453 1631 2618 1694 atque
2652 1627 2754 1692 eis,
2795 1633 3030 1698 quandiu
3090 1635 3391 1694 inhmserint
3436 1642 3660 1711 iniquitati-

2183 1709 2285 1764 bus
2325 1712 2455 1776 suis,
2501 1713 2783 1773 imminere
2827 1721 3020 1778 divinte
3053 1725 3417 1798 indignationis
3451 1709 3656 1788 interitum

2183 1800 2500 1857 denuntiare
2552 1821 2659 1860 non
2694 1809 2925 1877 desinat,
2971 1814 3064 1868 sed
3111 1815 3257 1870 clare
3291 1834 3350 1873 ac
3388 1821 3564 1889 publice
3599 1839 3658 1877 ar-

2179 1900 2306 1960 guat
2331 1911 2344 1946 :
2371 1893 2497 1961 quia
2525 1895 2629 1950 hoc
2648 1897 2894 1955 buccinae
2915 1918 3112 1959 nomen
3136 1906 3377 1970 insinuat,
3399 1918 3452 1964 ut
3473 1926 3522 1966 se
3538 1929 3560 1966 a
3579 1914 3656 1967 suis

2177 1982 2496 2039 criminibus
2515 1989 2886 2056 emendantes,
2907 1994 3230 2063 supplicium
3243 1996 3418 2054 futurae
3431 2001 3656 2056 damnatio-

2174 2070 2261 2125 nis
2281 2071 2556 2142 eﬁ'ugiant.
2583 2077 2735 2144 Quod
2757 2081 2802 2134 si
2825 2084 3230 2153 corripientem,
3252 2089 3296 2142 si
3321 2089 3440 2144 iram
3460 2090 3652 2151 futuram.

2173 2177 2292 2230 qua:
2329 2169 2787 2236 eontemptoribus
2819 2170 2936 2240 jam
2975 2175 3244 2240 imminet,
3271 2182 3561 2236 nuntiantem
3589 2183 3654 2235 lm-

2170 2253 2345 2307 mines
2385 2259 2587 2311 terreni
2635 2260 2966 2330 despiciunt,
3017 2270 3240 2336 sanguis
3285 2285 3452 2324 eorum
3490 2273 3531 2326 in
3563 2272 3654 2340 ipsis

2170 2342 2294 2407 erit,
2329 2353 2384 2398 et
2421 2350 2695 2414 sacerdos,
2719 2353 2811 2422 qui
2834 2354 2914 2409 eis
2950 2367 3175 2424 peccata
3199 2375 3375 2415 eorum
3399 2378 3489 2417 non
3517 2364 3650 2424 tacuit,

2169 2445 2364 2500 paenae,
2387 2451 2506 2506 qua:
2525 2452 2618 2494 eos
2637 2451 2937 2512 exspectat,
2958 2449 3234 2520 particeps
3245 2466 3356 2506 esse
3377 2467 3468 2506 non
3494 2453 3650 2524 poterit.

2753 2595 2981 2654 CAPUT
3017 2599 3179 2657 CVII.

2239 2692 2537 2765 (Ejusdem,
2565 2700 2628 2755 de
2657 2701 2776 2758 Vita
2803 2709 3106 2778 contempl.,
3137 2712 3175 2766 l.
3205 2730 3259 2777 ιι,
3285 2732 3327 2768 c.
3361 2714 3458 2784 l0.)
3484 2715 3566 2771 Nec
3583 2715 3648 2778 illi,

2166 2783 2258 2852 qui
2291 2802 2387 2841 sua
2417 2792 2770 2858 possidentes,
2805 2797 2924 2852 dari
2969 2800 3071 2856 sibi
3122 2804 3316 2875 aliquid
3354 2783 3539 2868 volunt.
3569 2809 3650 2862 sine

2165 2877 2353 2945 grandi
2385 2890 2609 2947 peccato
2650 2899 2768 2951 suo,
2814 2889 2956 2944 unde
2987 2906 3201 2963 pauper
3230 2897 3388 2952 victus
3414 2909 3524 2962 erat,
3556 2897 3649 2952 aeni.

2162 2968 2338 3036 piunt.
2388 2972 2464 3028 De
2511 2975 2721 3032 clericis
2755 2981 2972 3048 quidem
3021 2982 3260 3055 Spiritus
3303 2999 3493 3044 sanctus
3515 2990 3643 3043 dicit:

2170 3054 2393 3115 Peccata
2422 3064 2600 3133 populi
2625 3069 2729 3121 mei
2770 3054 3262 3147 comeduntiOsee,
3300 3082 3386 3139 tv).
3431 3078 3516 3134 Sed
3548 3079 3645 3132 situt

2167 3149 2301 3206 nihil
2325 3152 2584 3211 habentes
2609 3159 2905 3227 proprium,
2937 3178 3048 3218 non
3073 3178 3309 3234 peccata,
3333 3170 3414 3225 sed
3437 3169 3640 3228 alimenta,

2163 3241 2362 3311 quibus
2418 3244 2661 3316 indigere
2697 3251 2967 3318 videntur,
3018 3259 3307 3329 accipiunt,
3345 3261 3409 3314 ita
3442 3273 3642 3329 possess»

2162 3347 2252 3387 res
2289 3348 2396 3388 non
2427 3335 2683 3394 alimenta
2725 3342 2920 3409 quibus
2944 3345 3244 3414 abundant,
3282 3352 3367 3405 sed
3397 3351 3537 3405 aliena
3559 3363 3641 3416 pce

2161 3431 2280 3478 cata
2311 3427 2628 3496 suscipiunt.
2658 3431 2760 3501 Ipsi
2809 3449 3022 3505 quoque
3050 3455 3314 3511 pauperes
3347 3442 3388 3497 si
3426 3457 3475 3497 se
3494 3439 3642 3510 possint

2160 3515 2272 3570 suis
2320 3519 2584 3587 artiﬁciis,
2617 3532 2711 3578 aut
2749 3523 3028 3584 laboribus
3059 3534 3327 3602 expedire,
3381 3549 3471 3588 non
3495 3545 3637 3601 prrsu-

2157 3616 2309 3663 mant
2356 3613 2498 3678 quod
2530 3615 2688 3671 debet
2714 3616 2908 3674 debilis
2939 3628 2994 3674 et
3040 3622 3287 3680 inﬁrmus
3327 3626 3562 3693 accipere:
3594 3633 3640 3672 ne

2158 3699 2298 3754 forte
2341 3702 2600 3769 Ecclesia,
2649 3723 2774 3777 qute
2820 3719 2998 3780 potest
3028 3717 3179 3770 omni
3224 3717 3402 3771 solatio
3441 3711 3639 3770 destitutis

2153 3797 2462 3853 necessaria
2509 3801 2844 3870 ministrare,
2893 3808 2939 3862 si
2988 3825 3185 3867 omnes
3217 3814 3372 3868 etiam
3399 3809 3506 3865 nihil
3543 3805 3639 3862 indi-

2153 3893 2343 3952 gentes
2370 3889 2654 3958 accipiant,
2685 3905 2928 3963 gravata,
2980 3899 3094 3955 illis
3119 3903 3311 3971 quibus
3339 3903 3478 3956 debet
3499 3898 3639 3953 subve-

2152 3973 2269 4028 nire
2299 3991 2405 4031 non
2433 3979 2626 4034 valeat.
2659 3981 2760 4050 Qui
2786 3993 2963 4041 autem
2993 3989 3250 4047 Ecclesiae
3273 3991 3504 4050 serviunt,
3525 3996 3562 4041 et
3587 3985 3638 4036 la-

2150 4064 2268 4118 bori
2299 4083 2397 4122 suo
2421 4069 2568 4124 velut
2597 4072 2773 4129 debita
2815 4077 2966 4132 reddi
3017 4091 3274 4149 oportere
3307 4081 3562 4139 credentes,
3592 4089 3635 4127 ea

2149 4157 2345 4224 quibus
2387 4174 2524 4229 opus
2565 4178 2668 4216 non
2707 4165 2928 4232 habent,
2983 4181 3081 4227 aut
3127 4175 3388 4242 accipiunt
3435 4171 3633 4224 libenter.

2147 4255 2242 4301 aut
2296 4250 2536 4319 exigunt,
2595 4253 2758 4310 nimis
2812 4259 3105 4316 carnaliter
3152 4265 3378 4334 sapiunt,
3420 4261 3458 4315 si
3499 4261 3638 4327 putant

2145 4339 2287 4406 quod
2329 4339 2584 4397 Ecclesia:
2630 4344 2862 4402 ﬁdeliter
2915 4353 3248 4416 servientes,
3304 4349 3534 4422 stipendia
3560 4355 3636 4398 ter-

469 4402 701 4461 oﬁicium
741 4423 899 4464 suum
943 4426 1187 4477 curante,
1222 4418 1494 4491 Propheta
1536 4428 1614 4482 sic
1650 4429 1927 4499 loquitur:
1981 4434 2042 4490 Si

471 4503 638 4523 an,“
673 4502 1013 4523 “um,de
1045 4515 1058 4523 .
1183 4509 1195 4523 .
1241 4510 1252 4522 .
1350 4514 1360 4523 .
1687 4520 1715 4523 --

2917 4402 2988 4405 __,
3019 4402 3248 4416 _-__--_,
3305 4402 3446 4422 --τη

2162 4445 2274 4486 'ena
2305 4448 2369 4488 ac
2403 4450 2510 4488 non
2554 4438 2733 4506 potius
2762 4444 2983 4509 przcmia
3013 4454 3217 4500 aeterna
3261 4445 3537 4516 percipiant.
3562 4437 3637 4490 Sr-

469 4503 640 4550 autem
668 4502 1016 4558 annuntiante
1041 4515 1090 4560 te
1125 4509 1195 4561 ad
1234 4510 1472 4581 impium,
1504 4525 1558 4569 ut
1587 4535 1619 4571 a
1647 4520 1743 4573 viis
1772 4524 1881 4577 suis
1914 4541 2032 4577 con-

468 4593 718 4651 vertatur,
749 4605 853 4642 non
883 4591 1038 4657 fuerit
1071 4611 1346 4653 conversus
1388 4618 1420 4653 a
1461 4604 1541 4657 via
1568 4622 1685 4669 sua,
1714 4608 1819 4676 ipse
1847 4611 2036 4678 impius

466 4671 521 4723 in
547 4672 820 4744 iniquitate
838 4696 936 4733 sua
959 4684 1231 4749 morietur,
1263 4697 1308 4741 et
1330 4699 1386 4742 tu
1412 4693 1643 4746 animam
1672 4704 1818 4750 tuam
1843 4697 2037 4754 libera-

465 4761 533 4812 sti
565 4761 778 4832 (Ezech.
813 4771 1019 4843 χχχιχ).
1051 4773 1147 4829 llic
1191 4786 1336 4833 certe
1384 4782 1518 4836 satis
1553 4784 1829 4841 evidenter
1852 4797 2032 4844 osten-

466 4848 629 4914 ditur,
674 4857 816 4922 quod
875 4859 990 4914 sive
1046 4864 1365 4932 proﬁciant,
1429 4871 1543 4926 sive
1601 4889 1704 4928 non
1749 4877 2034 4944 proﬁciant

466 4941 764 5009 auditores,
787 4955 966 5005 tacere
1009 4953 1088 5008 eis
1142 4972 1245 5012 non
1288 4959 1518 5016 debeant
1558 4967 1869 5024 sacerdotes
1896 4989 1908 5022 :
1935 4986 2035 5026 nec

464 5033 586 5087 ideo
617 5037 697 5090 rei
725 5038 852 5102 sint,
887 5043 930 5095 si
971 5043 1111 5101 forte
1147 5064 1334 5105 eorum
1368 5053 1530 5108 verba
1561 5059 1738 5127 populi
1784 5078 1890 5116 non
1937 5079 2034 5117 au-

462 5123 641 5191 diunt,
674 5128 756 5182 vel
791 5132 972 5189 audita
1015 5146 1386 5208 contemnunt,
1418 5147 1511 5200 sed
1542 5148 1586 5201 si
1631 5150 1698 5203 ab
1737 5149 1818 5204 eis
1859 5154 2030 5207 corri-

462 5215 652 5283 gendis
677 5218 962 5276 absistunt.
995 5224 1131 5290 Quia
1165 5229 1210 5282 si
1255 5247 1354 5286 nec
1380 5236 1624 5305 exemplo
1655 5237 1776 5293 vitm
1817 5256 2028 5311 praepo-

462 5305 690 5362 sitorum
727 5325 988 5378 suorum,
1032 5332 1131 5372 nec
1174 5322 1341 5376 verbo
1385 5325 1643 5382 doctrinae
1685 5331 1866 5398 populi
1900 5348 2026 5388 con-

464 5404 703 5454 tumaces
747 5405 1018 5461 emendati
1067 5410 1386 5479 proﬁciunt,
1439 5417 1540 5487 ipsi
1567 5419 1669 5474 sibi
1710 5427 2028 5480 causasua:

460 5487 776 5551 perditionis
803 5493 1062 5553 existunt.
1088 5505 1142 5552 et
1169 5500 1419 5559 doctores
1442 5522 1568 5560 suos
1597 5524 1824 5577 quorum
1846 5526 2028 5566 exem-

463 5573 548 5640 pla
583 5577 738 5632 simul
766 5596 828 5636 ac
855 5586 1018 5642 verba
1046 5587 1370 5657 despiciunt,
1415 5595 1684 5651 involvere
1711 5599 2026 5657 criminibus

466 5665 578 5719 suis
625 5673 840 5726 omnino
885 5693 988 5732 non
1044 5690 1313 5749 poterunt.
1372 5687 1524 5755 Quod
1582 5691 1718 5746 idem
1762 5697 2022 5762 propheta

2143 4523 2341 4578 cularis
2369 4527 2564 4596 quippe
2591 4530 2804 4596 militia,
2831 4550 2951 4603 quae
2975 4539 3218 4593 omlestia
3245 4555 3343 4593 non
3373 4537 3524 4626 habet,
3544 4540 3635 4626 tet-

2143 4628 2270 4667 rena
2316 4623 2536 4672 strenue
2563 4620 2926 4679 militantibus
2954 4637 3198 4694 prastat.
3250 4629 3390 4684 Unde
3412 4625 3522 4680 satis
3543 4619 3636 4673 indi-

2140 4719 2302 4774 gnum
2343 4715 2446 4771 est,
2481 4709 2526 4762 si
2560 4709 2732 4766 ﬁdelis
2757 4722 2812 4767 et
2836 4730 3066 4783 operosa
3097 4717 3309 4772 devotio
3346 4715 3632 4770 clericorum.

2138 4803 2358 4864 propter
2391 4797 2714 4866 stipendium
2766 4804 3058 4872 temporale
3119 4804 3334 4874 praemia
3373 4799 3632 4869 sempiternil

2138 4891 2465 4942 contemnat.
2495 4887 2645 4954 Quod
2693 4890 2737 4945 si
2779 4893 3004 4960 quilibet
3027 4896 3273 4950 minister
3318 4890 3536 4948 Ecclesia!
3556 4897 3632 4937 non

2113 4971 2332 5028 -babeat
2366 4977 2508 5031 unde
2549 4979 2725 5044 vivat,
2775 4998 2880 5037 non
2927 4984 2974 5038 ei
3017 4985 3208 5039 reddat
3247 4983 3347 5046 hic,
3375 4981 3458 5036 sed
3493 4987 3633 5032 neces-

2134 5065 2275 5118 saria
2304 5075 2524 5132 praestet
2552 5068 2810 5134 Ecclesia,
2837 5081 2895 5126 ut
2916 5074 2969 5127 in
2995 5072 3176 5128 futuro
3202 5073 3458 5145 praemium
3480 5065 3632 5118 laboris

2131 5154 2379 5224 recipiat,
2425 5158 2567 5226 quod
2597 5159 2650 5214 in
2688 5160 2789 5216 bac
2814 5163 2920 5217 vita
2963 5163 3072 5233 jam
3110 5179 3203 5233 spe
3246 5159 3631 5249 Dominicatpﬂi'

2131 5244 2406 5302 missionis
2444 5259 2742 5318 exspectat.
2793 5251 2871 5307 Illi
2915 5270 3146 5323 quoque,
3190 5255 3278 5322 qui
3311 5251 3442 5304 velut
3473 5244 3625 5300 idonei.

2133 5335 2267 5389 nihil
2296 5337 2398 5391 sibi
2427 5339 2645 5407 quidem
2691 5341 2806 5395 dari
2840 5344 2984 5398 velut
3017 5344 3250 5399 debitum
3291 5345 3521 5412 poscunt,
3557 5326 3626 5384 sed

2129 5432 2310 5479 tamen
2342 5426 2596 5483 Ecclesiae
2623 5432 2929 5500 sumptibus
2965 5433 3185 5495 vivunt;
3230 5446 3329 5484 non
3376 5437 3450 5481 est
3487 5429 3623 5476 me!!!"

2129 5513 2330 5581 dicere,
2362 5519 2508 5587 quali
2540 5530 2761 5589 peccato
2800 5525 2950 5578 cibos
2984 5537 3275 5592 pauperum
3316 5506 3622 5614 Ρτξεδηωθηξξίῗ

2128 5607 2444 5676 suscipiant,
2486 5611 2577 5678 qui
2613 5611 2930 5677 Ecclesium,
2957 5627 3111 5680 quam
3142 5611 3328 5678 juvare
3352 5608 3412 5660 de
3439 5607 3623 5672 propriIs

2127 5697 2470 5753 lacultatilms
2515 5701 2831 5767 debuerant,
2877 5704 2986 5756 suis
3030 5699 3274 5769 expensis
3316 5698 3508 5762 insuper
3527 5695 3619 5756 ἕνθ’
