3884 6192
183 300 286 357 897

769 296 1049 354 REGULA
1089 298 1583 356 CANONICORIJM
1621 300 1710 355 AB
1745 299 2100 356 AMALARIO
2137 300 2513 357 COLLECTA.
2555 333 2625 341 —
2662 303 2786 358 LIB.
2828 304 2868 357 1.

3307 302 3412 360 838

180 419 310 466 vant
332 424 346 464 :
372 416 595 479 propter
621 408 724 462 hoc
750 408 998 463 fortassis
1022 408 1074 463 in
1100 409 1545 479 congregationes
1565 408 1750 464 viven-
1777 417 1825 476 Α
1853 412 2088 481 gaudere
2121 410 2339 480 quidem
2371 412 2569 467 bonum
2596 420 2679 466 est
2708 432 2719 464 :
2751 412 2842 467 sed
2874 414 2964 482 qui
2992 414 3209 484 gaudet,
3239 415 3285 469 si
3308 430 3417 469 nou

183 511 286 566 tes,
334 515 400 555 ne
446 499 658 569 aliquos
682 513 950 568 pauperes
992 509 1242 568 pascant,
1291 514 1357 554 ne
1398 499 1748 555 advenientes

178 592 468 661 excipiant,
509 599 604 644 aut
651 605 720 646 ne
745 607 904 646 suum
928 607 1154 648 censum
1194 593 1446 662 expensis
1481 593 1749 663 quotidia-

183 684 270 737 nis
312 680 653 735 imminuent.
705 680 861 748 Quod
908 684 955 737 si
985 682 1187 751 aliquid
1231 684 1298 738 de
1330 683 1594 739 fructibus
1634 684 1747 739 suis

185 774 430 830 Ecclesiae
475 773 623 829 velut
664 790 766 844 pro
810 775 925 844 ipsa
968 790 1204 845 expensa
1253 789 1351 830 sua
1399 775 1743 840 contulerint,

188 881 291 921 non
325 880 381 921 se
428 865 723 936 praeferant
774 866 919 921 inani
953 866 1218 937 iactantia
1263 866 1368 921 illis
1415 882 1553 937 quos
1612 867 1747 921 nihil

186 955 436 1010 habentes
472 956 641 1024 pascit
682 964 738 1010 et
775 957 937 1012 vestit
976 956 1219 1011 Ecclesia
1250 975 1262 1009 :
1303 956 1427 1026 quia
1458 955 1749 1026 perfectior

188 1055 270 1100 est
302 1046 388 1101 ille
426 1047 520 1116 qui
545 1062 606 1102 se
649 1047 837 1101 mundi
884 1047 1047 1102 rebus
1068 1046 1351 1117 exspoliat,
1379 1055 1469 1101 aut
1502 1047 1594 1115 qui
1623 1062 1748 1101 eum

190 1135 316 1189 nihil
367 1135 644 1201 habuerit,
684 1151 785 1190 nec
830 1136 1031 1190 habere
1079 1136 1386 1200 desiderat,
1442 1150 1606 1205 quam
1657 1135 1749 1190 ille

190 1224 277 1294 qui
302 1239 366 1278 ex
394 1224 581 1278 multis
617 1238 738 1292 qua:
771 1224 1049 1294 possidet,
1086 1223 1342 1281 Ecclesia:
1381 1224 1581 1294 aliquid
1610 1240 1749 1294 prte—

186 1324 311 1380 stat,
352 1330 415 1369 ac
453 1329 515 1369 se
554 1315 622 1369 de
661 1329 726 1369 eo
761 1315 902 1384 quod
932 1315 1264 1384 praestiterit,
1306 1315 1530 1369 forsitan
1553 1314 1743 1384 iactat.

189 1410 326 1465 Dura
372 1416 497 1462 sunt
542 1422 662 1477 qua:
688 1407 833 1472 dico,
866 1421 968 1461 nec
995 1420 1096 1476 ego
1142 1405 1401 1472 dilﬁteor;
1438 1407 1569 1461 dura
1599 1413 1744 1470 sunt,

189 1501 282 1554 sed
303 1502 587 1554 otservare
610 1498 938 1554 nolentibus.
959 1497 1226 1552 Caeterum
1250 1498 1294 1552 si
1325 1497 1458 1551 ﬁant
1476 1499 1600 1561 ista,
1629 1512 1750 1566 qua:

184 1589 414 1644 diliicilia
434 1604 541 1642 non
579 1586 901 1642 facientibus
921 1594 1067 1652 sunt,
1094 1587 1275 1642 statim
1307 1586 1481 1642 facilia
1503 1586 1750 1642 facienti-

187 1680 285 1733 bus
310 1678 462 1732 ﬁunt.
507 1675 624 1730 Non
648 1691 778 1747 ergo
796 1692 859 1731 ea
882 1692 1001 1747 quae
1032 1677 1282 1731 nolumus
1309 1676 1621 1744 observare,
1648 1677 1750 1731 im-

1846 501 1971 556 inde
2022 501 2219 572 gaudet
2264 502 2407 558 unde
2446 502 2626 566 debet,
2676 518 2781 557 non
2833 512 3014 572 potest
3052 504 3252 559 bonum
3297 518 3418 559 esse

1844 590 1989 661 quod
2011 593 2225 663 gaudet.
2260 590 2540 662 Siquidem
2566 594 2763 664 gaudet
2806 603 2860 648 et
2888 602 3091 664 raptor,
3120 609 3242 649 cum
3277 592 3420 649 desi-

1844 680 2035 735 derata
2061 682 2302 752 rapuerit
2328 700 2340 735 :
2370 681 2567 751 gaudet
2601 692 2657 738 et
2682 684 2948 748 ebriosus,
2995 698 3117 737 cum
3148 691 3419 751 exeptatte

1844 770 2188 825 occasionem
2214 772 2504 840 potationis
2536 772 2802 826 invenerit
2833 791 2844 825 :
2878 772 3071 842 gaudet
3100 781 3156 826 et
3179 772 3413 835 adulter,

1844 873 1969 913 cum
2011 858 2079 912 ad
2127 859 2541 916 delectationem
2598 861 2806 916 fruendi
2854 862 3096 932 corporis
3148 862 3417 930 concupiti

1844 955 2175 1023 pervenerit.
2211 954 2318 1010 Sed
2348 971 2470 1011 cum
2502 957 2573 1011 sit
2611 957 2846 1027 gaudere
2884 957 3107 1020 bonum,
3139 954 3206 1010 de
3231 955 3316 1009 his
3338 962 3421 1007 at-

1845 1057 1950 1111 que
1996 1044 2063 1099 de
2122 1044 2494 1114 huiuscemodi
2537 1048 2790 1116 gaudere,
2837 1046 3040 1116 grande
3080 1054 3166 1100 est
3197 1043 3417 1099 malum.

1846 1136 1972 1193 llaec
1996 1147 2054 1193 et
2078 1139 2163 1195 his
2186 1139 2384 1193 similia
2412 1148 2560 1205 sunt,
2592 1141 2731 1195 unde
2760 1154 2860 1195 nos
2879 1140 3110 1210 gaudere
3132 1138 3247 1192 vult
3271 1153 3420 1190 mun-

1846 1228 1967 1292 dus,
1999 1242 2123 1282 cum
2149 1228 2263 1283 suis
2287 1229 2624 1283 amatoribus
2652 1229 2944 1297 periturus.
2979 1226 3104 1282 lltec
3148 1234 3274 1281 sunt
3302 1238 3421 1293 quae

1847 1317 2131 1387 repudiare
2159 1317 2439 1383 debemus,
2470 1326 2530 1372 ut
2565 1319 2632 1373 de
2664 1319 2803 1372 bona
2835 1315 3188 1379 conscientia,
3225 1314 3422 1369 sancti-

1848 1417 1961 1463 tate
1991 1422 2226 1473 morum,
2253 1410 2321 1463 de
2356 1409 2713 1478 acquisitione
2742 1409 3022 1469 virtutum,
3054 1407 3121 1461 de
3159 1407 3298 1460 dono
3330 1405 3422 1459 Dei

1846 1509 1904 1557 et
1939 1500 2007 1557 de
2042 1502 2403 1571 promissione
2457 1501 2626 1556 futuri
2674 1503 2861 1570 regni,
2909 1498 3250 1555 inell'abiliter
3296 1513 3424 1567 gau-

1848 1593 2092 1649 deamus.
2128 1593 2298 1648 Ditari
2327 1608 2543 1664 quoque
2590 1591 2812 1655 divitiis,
2843 1590 3049 1660 grande
3074 1597 3158 1643 est
3203 1588 3422 1642 bonum.

1850 1683 1959 1739 Sed
1998 1683 2125 1738 inde
2160 1684 2328 1740 ditari
2367 1682 2510 1738 unde
2539 1698 2648 1737 non
2677 1682 2897 1746 debeas,
2937 1695 3041 1735 non
3068 1688 3152 1735 est
3180 1680 3425 1736 habenda

182 1769 509 1839 possibilitas
533 1769 689 1824 nobis
719 1769 849 1823 facit
882 1769 1038 1833 dura.
1073 1769 1171 1823 sed
1211 1768 1443 1823 novitas.
1491 1768 1550 1823 ιη
1590 1784 1747 1825 usum
1776 1770 1823 1830 B
1849 1775 2105 1842 facultas,
2139 1775 2235 1831 sed
2272 1774 2588 1831 detestanda
2635 1772 2939 1828 calamitas.
2969 1771 3115 1825 Nihil
3165 1779 3249 1826 est
3277 1771 3425 1825 enim

188 1861 421 1925 veniant,
437 1869 493 1915 et
515 1859 783 1915 neminem
804 1859 1145 1929 frequentata
1163 1861 1583 1916 conturbabunt.
1611 1860 1747 1916 Nam

181 1965 363 2019 qumro
389 1950 517 2019 quid
556 1950 625 2005 sit
672 1965 861 2005 eorum
906 1965 1028 2022 qua:
1071 1951 1182 2006 dixi
1227 1949 1473 2007 difﬁcile?
1499 1961 1558 2007 ut
1585 1953 1748 2010 homo

180 2042 233 2095 id
255 2042 399 2111 quod
422 2055 557 2111 opus
589 2056 695 2097 non
734 2041 919 2106 habet,
964 2044 1032 2097 ab
1059 2040 1301 2097 Ecclesia
1327 2057 1433 2097 non
1470 2044 1702 2114 accipiat
1730 2063 1742 2099 :

185 2146 277 2193 an,
306 2140 363 2185 ut
386 2132 528 2200 quod
553 2147 690 2202 opus
716 2146 821 2187 non
850 2132 1031 2198 habet,
1060 2132 1177 2187 sine
1199 2146 1364 2188 causa
1405 2135 1748 2190 contemnat?

193 2221 253 2276 Si
292 2229 512 2292 propter
546 2223 649 2278 hoc
682 2238 789 2277 non
815 2222 931 2278 vult
955 2237 1053 2277 sua
1082 2222 1308 2290 quisque
1334 2221 1660 2293 relinquere,
1687 2232 1749 2279 ut

190 2313 385 2367 habent
430 2312 571 2367 unde
598 2313 781 2379 vivat;
810 2322 870 2370 ut
915 2313 1043 2384 quid
1073 2313 1293 2384 accipit,
1316 2314 1458 2370 unde
1484 2316 1746 2371 rationem

180 2402 402 2456 reddat?
425 2410 482 2456 ut
514 2402 643 2474 quid
682 2402 930 2474 peccatis
945 2401 1136 2458 alienis
1161 2418 1260 2457 sua
1283 2403 1641 2475 multiplicat?

733 2514 960 2572 CAPUT
996 2512 1172 2571 CVIII.

247 2622 547 2695 (Ejusdem,
575 2625 639 2681 de
671 2624 791 2680 Vita
817 2627 1111 2698 contempl.,
1133 2625 1221 2686 lib.
1247 2640 1307 2691 ll,
1338 2646 1384 2684 ο.
1428 2628 1538 2700 ll.)
1563 2630 1748 2701 Itaque

171 2716 449 2781 sacerdos,
480 2717 567 2771 cui
597 2717 1008 2787 dispensationis
1030 2734 1159 2774 cura
1187 2721 1478 2778 commissa
1505 2731 1610 2788 est,
1638 2737 1746 2776 non

174 2805 347 2861 solum
377 2807 494 2862 sine
521 2810 834 2878 cupiditate,
865 2799 956 2864 sed
981 2810 1144 2865 etiam
1179 2829 1301 2868 cum
1326 2812 1483 2867 laude
1506 2812 1741 2882 pietatis,

172 2898 372 2967 accipit
396 2915 425 2954 a
451 2899 644 2970 pepqu
675 2901 1057 2971 dispensanda,
1108 2912 1163 2959 et
1206 2904 1439 2960 ﬁdeliter
1472 2905 1748 2976 dispensat

170 2999 420 3061 accepta,
470 2992 560 3059 qui
588 2992 766 3046 omnia
815 3008 910 3047 sua
954 3001 1048 3047 aut
1078 2994 1314 3066 reliquit,
1363 3005 1456 3051 aut
1485 2996 1745 3052 Ecclesiae

171 3081 338 3135 rebus
385 3081 660 3152 adiunxit,
705 3091 760 3137 et
804 3098 862 3138 se
900 3084 954 3137 in
996 3101 1223 3141 numero
1264 3101 1561 3157 pauperum
1605 3103 1742 3158 pau-
1772 3114 1818 3178 ρ

171 3172 399 3241 perlatis
414 3188 599 3228 amore
619 3174 916 3241 constituit,
935 3174 1010 3229 ita
1033 3176 1243 3231 utunde
1267 3177 1598 3247 pauperibus
1610 3177 1737 3232 sub-

169 3263 466 3328 ministrat,
495 3264 617 3319 inde
647 3273 703 3319 et
736 3265 848 3334 ipse
877 3271 1133 3335 tanquam
1161 3280 1365 3337 pauper
1393 3264 1740 3321 voluntarius

169 3355 335 3407 vivat.
380 3352 577 3409 Clerici
602 3370 834 3425 quoque,
870 3370 1006 3425 quos
1034 3371 1300 3427 pauperes
1338 3365 1434 3411 aut
1472 3356 1737 3420 voluntas,

165 3458 261 3502 aut
284 3449 543 3505 nativitas
572 3449 719 3515 fecit,
745 3468 867 3506 cum
896 3452 1227 3521 perfectione
1249 3454 1482 3517 virtutis,
1501 3454 1623 3507 vitae
1644 3466 1738 3506 ne-

164 3538 433 3602 cessaria,
461 3540 574 3594 sive
602 3540 654 3593 in
671 3539 915 3595 domibus
942 3541 1073 3604 suis,
1099 3541 1211 3597 sive
1236 3542 1289 3595 in
1320 3541 1741 3612 congregatione

166 3630 441 3694 viventes,
485 3630 757 3701 accipiunt
789 3646 804 3684 :
835 3631 961 3701 quia
991 3632 1057 3687 ad
1087 3647 1151 3686 ea
1178 3632 1488 3702 accipienda
1520 3646 1626 3687 non
1646 3644 1740 3685 eos

169 3719 417 3774 habendi
437 3720 704 3790 cupiditas
728 3721 895 3787 ducit,
923 3720 1014 3775 sed
1035 3722 1179 3792 cogit
1196 3721 1408 3776 vivendi
1424 3722 1737 3776 necessitas.

756 3836 984 3892 CAPUT
1020 3835 1152 3892 CIX.

238 3945 625 4019 (Ejusdem,de
654 3946 776 4001 Vita
805 3946 1106 4018 contempl.,
1130 3947 1221 4002 lib.
1238 3963 1297 4012 tt,
1329 3964 1375 4001 c.
1407 3946 1518 4017 η.)
1540 3946 1619 4000 llli
1646 3961 1742 4001 au-

161 4043 303 4102 tem,
339 4037 433 4106 qui
479 4044 590 4091 tam
635 4036 836 4095 inﬁrmi
884 4046 1031 4103 sunt,
1077 4046 1137 4091 ut
1170 4036 1600 4108 possessionibus
1628 4037 1743 4093 suis

158 4127 485 4181 renuntiare
514 4142 619 4181 non
647 4128 876 4197 possint,
908 4128 952 4182 si
981 4143 1045 4183 ea
1073 4144 1194 4199 quae
1236 4128 1506 4198 accepturi
1551 4137 1740 4196 erant,

158 4218 531 4289 dispensatori
552 4219 875 4289 relinquant,
894 4220 1026 4276 nihil
1049 4220 1371 4277 habentibus
1390 4219 1735 4286 conferenda,

154 4309 284 4365 sine
311 4318 539 4380 peccato
566 4312 842 4381 possident
867 4328 962 4367 sua
991 4308 1042 4384 (Ι
1069 4311 1190 4367 Cor.
1220 4313 1299 4384 lx)
1333 4327 1348 4366 :
1389 4312 1516 4382 quia
1546 4321 1601 4367 et
1634 4313 1739 4383 ipsi

153 4401 565 4470 quodammodo
591 4415 686 4455 sua
723 4400 1047 4470 relinquunt,
1089 4401 1303 4470 quando
1332 4401 1567 4471 propriis
1608 4416 1738 4457 con-

151 4464 301 4544 tenti
339 4490 525 4557 rebus,
561 4490 693 4544 nihil
734 4464 921 4545 eorum
963 4506 1083 4561 qua:
1107 4464 1292 4545 labori
1324 4464 1407 4544 vel
1431 4464 1609 4545 ordini
1638 4506 1736 4546 suo
1760 4464 1814 4524 Β

147 4581 353 4636 deberi
397 4580 751 4646 arbitrantur,
783 4582 1074 4652 accipiunt.
1125 4581 1276 4648 Quod
1305 4581 1351 4636 si
1396 4590 1588 4650 putant
1618 4582 1740 4637 ideo

146 4673 334 4742 accipi
358 4672 560 4728 debere
585 4687 771 4727 eorum
798 4688 917 4742 qua:
941 4671 1292 4727 conferuntur
1314 4671 1593 4737 Ecclesias,
1615 4687 1741 4741 por-

142 4762 389 4827 tionem,
444 4778 513 4817 ne
560 4776 682 4820 eam
735 4762 1015 4817 videantur
1062 4760 1317 4831 abiicere,
1360 4776 1420 4815 se
1460 4776 1587 4815 vero
1629 4778 1738 4815 non

138 4866 320 4920 posse
345 4865 445 4906 sua
474 4850 798 4919 relinquere,
824 4851 967 4921 quod
989 4851 1069 4905 eis
1093 4848 1334 4905 deforme
1360 4848 1430 4901 sit
1451 4848 1591 4903 inter
1611 4863 1738 4903 suos

135 4954 431 5012 pauperes
454 4940 627 5007 reddi,
656 4941 906 4996 noverint
932 4956 1053 4996 esse
1078 4939 1371 4996 deformius
1399 4953 1739 5009 possessores

134 5034 215 5087 de
244 5030 612 5101 eleemosynis
640 5044 935 5101 pauperum
966 5032 1134 5101 pasci.

758 5141 983 5198 CAPUT
1021 5142 1133 5198 CX.

223 5253 543 5325 (Ejusdem,
572 5254 637 5308 de
672 5252 795 5331 Yita
839 5252 1140 5324 contempl.,
1174 5252 1264 5306 lib.
1293 5268 1355 5317 ll,
1400 5268 1447 5306 ε.
1478 5251 1590 5323 15.)
1621 5250 1735 5305 Heu

121 5359 325 5415 quam
373 5343 645 5399 subtiliter
693 5358 793 5398 nos
841 5343 929 5397 ille
978 5342 1279 5413 decipiendi
1315 5341 1512 5395 artifex
1552 5340 1734 5394 fallit!

122 5442 364 5505 quanta
391 5436 636 5491 catcitate
677 5434 863 5488 oculos
889 5444 1090 5489 nostra;
1129 5433 1332 5488 mentis
1362 5432 1621 5497 obducit,
1669 5445 1740 5487 ne

121 5527 531 5581 discernamus
563 5524 834 5596 gaudendi
882 5523 1044 5589 avidi,
1094 5520 1235 5575 unde
1268 5520 1468 5591 iustius
1497 5519 1737 5589 gaudea-

123 5631 275 5671 mus
304 5637 321 5669 :
356 5624 450 5669 aut
496 5630 563 5670 ne
599 5614 880 5684 cupientes
908 5612 1096 5681 augeri
1141 5611 1377 5674 divitiis,
1427 5610 1739 5664 noverimus

118 5722 296 5778 quas
351 5710 546 5777 quibus
596 5704 1090 5776 incomparabiliter
1142 5702 1493 5774 praeferamus
1534 5702 1547 5754 !
1600 5698 1734 5754 Nam

1850 1867 2239 1931 calamitosius,
2267 1867 2508 1937 nihilque
2533 1866 2784 1921 miserius
2806 1880 2872 1919 eo
2894 1865 2987 1934 qui
3016 1864 3220 1932 iniquis
3248 1864 3427 1933 acqui-

1848 1959 2137 2015 sitionibus
2174 1959 2405 2023 crescit,
2432 1972 2592 2028 quem
2619 1957 2938 2025 locupletem
2974 1954 3193 2010 fraudes
3219 1954 3427 2009 faciunt

1848 2065 1915 2106 ac
1961 2051 2183 2120 rapinae.
2230 2050 2340 2105 lllae
2386 2050 2543 2105 nobis
2577 2056 2704 2105 sunt
2729 2046 3028 2103 ambiendze
3052 2046 3274 2111 divitiaa,
3303 2060 3425 2115 qnte

1847 2154 1948 2196 nos
1991 2155 2189 2195 ornare
2226 2146 2455 2210 possunt
2487 2140 2694 2209 pariter
2731 2146 2787 2193 et
2844 2137 3056 2192 munire
3087 2177 3101 2202 ,
3141 2151 3280 2206 quas
3323 2152 3425 2193 nec

1848 2230 2132 2301 acquirere
2169 2244 2457 2300 possumus
2497 2230 2672 2295 inviti,
2718 2245 2819 2285 nec
2851 2230 3078 2300 perdere
3109 2245 3124 2283 :
3161 2244 3283 2300 quae
3328 2245 3430 2286 nos

1848 2330 2037 2377 contra
2080 2321 2314 2391 impetus
2352 2321 2578 2376 hostiles
2615 2330 2868 2386 armant,
2908 2337 2939 2375 a
2983 2321 3184 2375 mundo
3229 2321 3427 2376 dister-

1847 2410 2079 2475 minant,
2108 2411 2218 2465 Deo
2245 2411 2644 2477 commendant,
2675 2410 2849 2466 ditant
2870 2412 3082 2467 animos
3107 2420 3322 2466 nostros
3346 2420 3428 2465 at-

1847 2513 1952 2568 que
2000 2499 2291 2555 nobilitant
2342 2518 2355 2553 :
2405 2500 2685 2555 nobiscum
2733 2508 2902 2566 sunt,
2945 2501 3088 2554 intra
3132 2515 3232 2555 nos
3274 2510 3420 2556 sunt.

1847 2587 2061 2643 Divitias
2088 2598 2290 2644 nostra:
2333 2590 2620 2646 credenda;
2652 2600 2797 2656 sunt,
2845 2590 3127 2660 pudicitia,
3159 2605 3279 2660 qua:
3326 2608 3428 2646 nos

1847 2679 2104 2750 pudicos;
2128 2679 2363 2750 iustitia,
2395 2695 2516 2751 quas
2537 2681 2750 2751 iustos;
2780 2682 2976 2751 pietas,
3003 2696 3125 2749 qua;
3155 2681 3304 2750 pios;
3332 2682 3425 2735 hu-

1847 2769 2070 2837 militas,
2090 2788 2210 2841 qua:
2238 2771 2502 2836 humiles;
2529 2773 2905 2838 mansuetudo,
2935 2788 3055 2843 quae
3073 2781 3419 2837 mansuetos;

1849 2862 2176 2925 innocentia,
2232 2876 2353 2931 quae
2393 2863 2739 2929 innocentes;
2791 2864 3020 2933 puritas,
3072 2879 3192 2935 qua:
3222 2879 3423 2934 puros;

1846 2951 2154 3020 prudentia,
2181 2967 2302 3021 qua:
2344 2954 2669 3023 prudentes;
2699 2954 3078 3023 temperantia,
3127 2970 3250 3024 quae
3292 2963 3415 3009 tem-

1848 3048 2131 3110 perantes;
2160 3050 2217 3097 et
2244 3041 2502 3106 Charitas,
2539 3058 2660 3112 quae
2688 3058 2787 3098 nos
2812 3042 2945 3097 facit
2978 3043 3087 3098 Deo
3116 3052 3172 3098 et
3196 3042 3433 3098 homini-

1850 3133 1951 3188 bus
1989 3134 2209 3199 charos,
2254 3135 2513 3188 virtutum
2549 3144 2817 3204 potentes,
2870 3135 3051 3191 steculi
3083 3144 3423 3206 contempto~

1848 3241 1956 3291 res,
1985 3240 2050 3281 ac
2077 3226 2343 3281 bonorum
2367 3227 2609 3281 omnium
2636 3235 2950 3283 sectatores.
2991 3227 3116 3283 Haec
3145 3236 3272 3283 sunt
3313 3244 3421 3282 non

1846 3317 2106 3379 omnium,
2138 3317 2232 3372 sed
2261 3325 2571 3372 sanctorum
2599 3325 2801 3372 sanctte
2834 3318 3065 3374 virtutes
3094 3337 3107 3371 :
3137 3333 3244 3373 non
3284 3319 3421 3374 divi-

1846 3416 1960 3462 tum
1991 3406 2369 3476 superborum,
2398 3406 2492 3461 sed
2545 3407 2824 3461 humilium
2855 3422 3155 3476 pauperum
3200 3407 3415 3462 faculta-

1847 3507 1927 3553 tes
1964 3517 1977 3552 :
2020 3497 2405 3568 patrimonium
2437 3498 2702 3563 cordium,
2748 3498 2953 3552 divitia;
2985 3498 3423 3568 incorruptibiles

1846 3604 2058 3643 morum
2088 3602 2103 3642 :
2133 3588 2331 3658 quibus
2361 3603 2467 3642 non
2497 3589 2795 3654 abundant,
2839 3590 2944 3644 nisi
2975 3590 3068 3659 qui
3097 3589 3201 3644 illis
3228 3604 3420 3645 carna-

1845 3684 1986 3738 libus
2009 3697 2079 3738 ex
2108 3683 2272 3738 corde
2296 3683 2626 3737 renuntiant.
2656 3683 2789 3750 Quae
2816 3684 3065 3752 quamvis
3087 3691 3143 3739 et
3174 3683 3290 3753 ipsa
3312 3683 3423 3738 sint

1844 3778 2012 3842 bona,
2040 3784 2228 3848 utpote
2254 3791 2286 3831 a
2332 3777 2476 3832 bono
2504 3778 2616 3831 Deo
2641 3784 2849 3842 creata,
2893 3787 3077 3833 tamen
3119 3778 3247 3847 quia
3297 3787 3424 3832 sunt

1843 3869 2001 3924 bonis
2029 3868 2293 3937 malisque
2321 3867 2653 3934 communia,
2688 3868 2907 3923 student
2933 3883 2997 3923 ea
3022 3867 3295 3938 spiritales
3320 3869 3422 3924 viri

1844 3966 2214 4023 contemnere,
2260 3959 2622 4028 quo-possint
2660 3958 2729 4013 ad
2780 3957 2870 4013 illa
2920 3957 3423 4028 incomparabiliter

1843 4049 2087 4114 meliora,
2119 4064 2238 4120 qua:
2264 4055 2393 4104 sunt
2420 4049 2686 4103 honorum
2705 4048 2950 4104 omnium
2975 4047 3212 4118 propria,
3233 4062 3423 4117 perve-

1843 4141 1981 4197 nire.
2010 4139 2279 4208 Quoniam
2309 4155 2417 4195 non
2458 4147 2543 4194 est
2587 4138 2693 4193 tale
2717 4139 2918 4194 bonum
2947 4140 3090 4207 quod
3130 4136 3331 4191 habent
3368 4145 3422 4191 ct

1843 4234 1998 4301 mali,
2028 4233 2190 4304 quale
2218 4232 2348 4287 illud
2387 4239 2472 4287 est
2523 4231 2665 4299 quod
2712 4244 2819 4284 non
2868 4229 3072 4283 habent
3119 4227 3222 4282 nisi
3269 4229 3420 4283 boni.

1842 4328 2134 4399 Corporale
2180 4327 2380 4381 bonum
2422 4324 2641 4395 quando
2690 4325 2893 4378 habent
2934 4321 3129 4390 iniqui,
3178 4321 3421 4389 ipsorum

1842 4429 1926 4476 est
1951 4418 2234 4489 praemium
2263 4434 2277 4469 :
2315 4415 2532 4485 quando
2560 4415 2763 4468 habent
2787 4410 2942 4481 iusti,
2979 4425 3087 4465 non
3115 4417 3201 4464 est
3230 4424 3418 4464 eorum

1840 4511 2145 4584 praemium,
2195 4507 2290 4564 sed
2319 4507 2614 4578 temporale
2640 4505 2912 4562 solatium.
2959 4503 3094 4557 Item
3123 4501 3252 4556 boni
3285 4507 3421 4554 tem-

1838 4603 2039 4677 poralis
2072 4601 2297 4656 amissio
2323 4600 2385 4655 ﬁt
2409 4598 2730 4655 exercitium
2750 4596 2902 4666 iusti,
2928 4604 2985 4651 et
3007 4594 3189 4662 iniusti
3216 4591 3418 4662 suppli-

1840 4697 2023 4750 cium:
2064 4694 2192 4764 quia
2239 4699 2296 4747 et
2317 4692 2499 4760 justus
2527 4690 2799 4745 desiderio
2842 4687 3146 4744 cmlestium
3194 4692 3417 4755 captus,

1840 4784 2021 4841 omnia
2044 4782 2383 4854 temporalia,
2406 4782 2521 4837 sive
2547 4781 2763 4845 habeat,
2793 4780 2908 4835 sive
2932 4777 3169 4841 amittat,
3196 4774 3419 4829 omnino

1844 4892 1950 4933 non
1996 4876 2199 4932 sentit:
2234 4882 2290 4930 et
2336 4874 2558 4943 iniquus
2607 4872 2662 4927 id
2695 4870 2838 4940 quod
2888 4883 3012 4923 cum
3061 4865 3420 4922 delectatione

1843 4969 2051 5032 habuit,
2079 4968 2198 5021 sine
2221 4965 2408 5021 dolore
2430 4979 2541 5019 non
2561 4964 2758 5034 perdit.
2794 4961 3088 5030 Propterea
3134 4957 3298 5028 igitur
3336 4954 3419 5011 eis

1843 5058 1936 5128 qui
1963 5056 2199 5112 militant
2227 5056 2355 5122 Deo,
2396 5053 2665 5125 fugienda:
2692 5058 2907 5107 suntex
2936 5057 3053 5105 toto
3095 5046 3260 5103 corde
3281 5044 3418 5099 divi-

1844 5150 1952 5205 tite.
1984 5148 2132 5216 Quas
2159 5147 2252 5216 qui
2287 5146 2492 5201 habere
2521 5144 2728 5209 volunt,
2765 5142 2882 5199 sine
2919 5141 3105 5196 labore
3131 5154 3239 5194 non
3270 5152 3418 5205 qua:-

1842 5248 1990 5306 runt,
2021 5239 2140 5294 sine
2165 5235 2476 5292 difficultate
2501 5250 2612 5290 non
2650 5234 2951 5298 inveniunt,
2993 5232 3110 5286 sine
3138 5244 3268 5286 cura
3307 5240 3416 5280 non

1842 5337 2081 5393 servant,
2113 5329 2232 5384 sine
2260 5327 2421 5383 anxia
2448 5325 2806 5381 delectatione
2832 5338 2938 5379 non
2966 5319 3263 5392 possident,
3297 5315 3416 5370 sine

1840 5422 2030 5478 dolore
2056 5435 2162 5475 non
2194 5418 2447 5489 perdunt.
2493 5416 2786 5487 Apostolus
2816 5422 2998 5468 autem
3041 5406 3247 5465 Christi
3273 5402 3415 5458 mili-

1841 5513 1983 5568 tibus
2012 5511 2144 5567 dicit
2172 5528 2185 5564 :
2224 5507 2356 5564 Volo
2390 5525 2478 5564 vos
2521 5507 2634 5562 sine
2658 5503 3011 5560 sollicitudine
3046 5513 3155 5552 esse
3204 5493 3254 5567 (ι
3285 5490 3409 5548 Cor.

1838 5604 1977 5674 vn):
2031 5610 2106 5667 et,
2157 5600 2336 5655 Radix
2377 5600 2610 5654 omnium
2643 5594 2905 5650 malorum
2952 5588 3177 5642 avaritia
3204 5626 3219 5651 ,
3262 5599 3414 5656 quem

1839 5695 2050 5767 quidam
2075 5702 2365 5763 appetentes
2387 5698 2693 5745 erraverunt
2720 5705 2751 5740 a
2779 5685 2904 5755 ﬁde,
2934 5691 2980 5749 et
3008 5681 3333 5737 inseruerunt
3359 5689 3414 5727 se
