3884 6192
535 248 638 302 809

1529 246 1932 302 AMALARIL'S
1966 243 2376 300 PRESBYTER
2421 242 2782 298 METENSIS.
3592 256 3661 312 θοι)

536 363 804 418 doloribus
831 362 1006 416 multis
1035 362 1085 431 (1
1124 360 1255 413 Tim.
1300 360 1394 428 vi).
1438 361 1514 413 Ae
1541 360 1619 414 sic
1646 374 1840 414 census
1872 362 1972 414 iste
2001 368 2108 413 ter-
2138 359 2186 416 Α
2215 356 2395 411 Nostis
2419 372 2628 420 omnes,
2657 365 2751 410 aut
2780 371 2917 425 pene
2942 370 3155 417 omnes.
3187 358 3258 411 sic
3283 375 3370 415 nos
3397 363 3542 420 vivere
3565 370 3664 425 inea

537 472 702 512 renus
732 457 832 520 eis,
875 470 906 508 a
935 455 1134 523 quibus
1177 453 1370 505 vitiose
1417 452 1682 518 diligitur,
1715 467 1820 505 non
1853 463 1938 506 cst
1968 453 2118 507 volu-

535 557 746 620 ptatum
791 547 1038 608 materia,
1089 545 1184 598 sed
1221 544 1492 598 dolorum.
1521 543 1862 614 Quapropter
1900 546 2118 614 expedit

540 643 821 698 facultates
846 640 1098 694 Ecclesim
1119 640 1408 709 possideri,
1435 650 1494 694 ut
1522 641 1647 693 inde
1669 640 1872 703 vivant,
1897 641 1992 709 qui
2012 657 2122 696 ιιοιι

537 732 755 794 sazculn,
791 731 943 799 cujus
990 731 1184 801 gaudia
1239 729 1464 800 fugitiva
1506 729 1812 800 repudiant,
1863 730 1956 783 sed
2005 730 2116 786 Deo

538 822 864 884 deserviunt,
903 821 1055 889 cujus
1085 819 1377 875 ineffabilia
1404 821 1544 876 bona
1572 820 1900 876 desiderant.

1264 911 1398 966 CXI.

607 1001 925 1074 (Prosperi.)
971 1002 1044 1057 De
1069 1002 1270 1057 talibus
1313 1002 1493 1057 dicere
1532 1002 1748 1056 videtur
1781 1001 2113 1072 Apostolus:

540 1094 645 1161 Qui
688 1095 741 1148 in
787 1093 1022 1147 sacrario
1070 1103 1374 1163 operantur,
1421 1109 1539 1163 qua:
1569 1093 1636 1146 de
1681 1092 1915 1146 sacrario
1957 1101 2113 1156 sunt,

443 1169 448 1174 ’
537 1184 696 1237 edunt
740 1197 756 1234 :
788 1194 835 1237 et
859 1184 948 1254 qui
990 1181 1183 1236 altario
1213 1183 1528 1247 deserviunt,
1562 1199 1680 1236 cum
1713 1182 1873 1236 altari
1901 1183 2117 1252 partici-

537 1284 684 1345 pant.
734 1274 834 1340 Qui
886 1274 987 1327 nisi
1040 1274 1141 1328 hoc
1176 1274 1243 1328 de
1292 1274 1752 1343 eontemptoribus
1800 1272 2113 1328 facultatum

539 1377 758 1416 suarum
788 1360 945 1414 vellet
993 1360 1242 1430 intelligi,
1277 1375 1551 1428 nunquam
1595 1375 1819 1414 securus
1859 1359 2116 1430 adjunge-

537 1460 663 1506 ret:
698 1451 784 1505 Ita
827 1461 875 1505 et
909 1451 1164 1505 Dominus
1213 1452 1474 1506 ordinavit
1518 1453 1598 1505 his
1639 1453 1729 1522 qui
1776 1451 2115 1522 Evangelium

537 1543 885 1605 annuntiaut,
938 1541 1002 1594 de
1043 1540 1325 1610 Evangelia
1368 1541 1552 1594 virere.
1602 1541 1676 1595 De
1720 1540 2012 1611 Evangelio
2038 1540 2117 1594 vi-

536 1640 690 1696 vunt,
721 1632 810 1700 qui
839 1632 972 1686 nihil
998 1633 1275 1702 proprium
1303 1633 1502 1687 habere
1526 1632 1713 1687 volunt
1739 1650 1751 1687 :
1778 1633 1868 1702 qui
1897 1648 1997 1688 nec
2020 1633 2115 1686 ha-

2219 451 2400 513 domo,
2449 465 2568 518 qua:
2612 450 2811 502 dicitur
2849 449 3040 502 domus
3082 450 3347 518 episcopii,
3378 462 3454 517 nt,
3478 468 3664 524 quantum

2217 559 2538 612 posstsmus,
2579 543 2854 597 imitemur
2891 557 2985 596 eos
3009 553 3240 604 sanctos,
3278 544 3337 596 de
3364 547 3524 613 quibus
3544 549 3666 619 loqui-

2220 644 2308 690 tur
2335 635 2470 689 liber
2490 634 2723 689 Actnnm
2754 633 3144 702 apostolorum:
3167 634 3318 688 Nemo
3341 637 3507 692 dicebat
3528 640 3666 703 aliquid

2222 731 2492 802 ποντα·
2511 769 2528 794 ,
2575 729 2664 783 κά
2710 737 2859 782 erant
2903 725 3008 780 illis
3044 727 3210 779 omnia
3234 731 3486 782 communia
3506 731 3618 801 (Cap.
3643 753 3664 787 ιι

2218 831 2264 874 et
2290 821 2387 891 tv).
2431 820 2570 887 Quia
2610 818 2752 874 forte
2787 817 2954 888 aliqui
2979 829 3211 871 vestrum
3235 833 3330 872 non
3356 829 3462 873 sunt
3484 832 3566 875 tam
3587 826 3668 878 dili-

2218 920 2407 982 gentes
2436 911 2558 964 \‘iL’B
2591 918 2792 964 nostra:
2817 917 3172 971 scrutatores,
3191 918 3246 962 ut
3269 909 3358 963 huc
3385 910 3448 964 sic
3473 914 3665 970 noverint.

2217 1000 2488 1070 quomodo
2509 1000 2631 1054 volo
2660 1016 2756 1054 vos
2788 1013 2950 1053 nosse
2975 998 3142 1078 :ldico
3169 999 3292 1066 quid
3311 1001 3392 1064 sit,
3411 1001 3524 1068 quod
3545 1003 3666 1055 brevi.

2220 1097 2302 1142 ter
2329 1088 2459 1143 dixi.
2492 1089 2626 1158 Ego,
2664 1103 2824 1157 quem
2863 1086 2973 1140 Deo
3011 1087 3238 1156 propitio
3257 1087 3428 1142 videtis
3442 1089 3667 1158 (Win

2217 1188 2477 1244 vestrum,
2502 1179 2718 1248 juvenis
2759 1179 2880 1233 veni
2921 1179 2988 1232 ad
3018 1179 3172 1232 istam
3200 1179 3461 1240 civitatem,
3485 1189 3533 1232 nt
3566 1181 3670 1234 uti

2216 1278 2455 1324 vestrum
2481 1275 2769 1322 noverunt.
2809 1267 3126 1334 Qumrebam
3149 1267 3231 1320 ubi
3254 1266 3574 1320 constituet-em
3594 1284 3668 1320 mo-

2217 1359 2548 1424 nasterium,
2599 1371 2654 1414 et
2693 1359 2934 1413 viverem
2971 1373 3094 1412 cum
3137 1355 3374 1412 fratribus
3407 1359 3528 1412 meis.
3559 1360 3668 1428 Spem

2217 1449 2413 1519 quippe
2434 1461 2647 1504 omnem
2683 1447 2863 1503 smeuli
2902 1447 3221 1518 reliqueram
3238 1488 3252 1512 ,
3284 1456 3334 1502 et
3357 1450 3474 1516 quod
3495 1465 3586 1504 esse
3605 1465 3666 1517 po~

2220 1539 2320 1603 tui,
2358 1538 2507 1592 nolui
2543 1556 2556 1592 :
2590 1553 2697 1592 non
2737 1538 2959 1608 quaesivi
2992 1547 3170 1593 tamen
3202 1539 3332 1608 quod
3358 1555 3474 1594 sum.
3506 1540 3614 1608 Elegi
3635 1542 3668 1593 in

2218 1632 2378 1687 domo
2419 1631 2514 1685 Dei
2551 1630 2795 1700 abiectus
2832 1645 2953 1686 esse
3037 1632 3206 1700 magis
3245 1647 3388 1701 quam
3424 1631 3611 1685 habitare
3635 1633 3668 1685 in

536 1722 686 1788 bent,
735 1738 834 1778 nec
875 1722 1076 1777 habere
1130 1722 1332 1791 aliquid
1394 1723 1823 1792 concupiscunt,
1867 1739 1972 1778 non
1996 1738 2115 1778 suo-
2145 1702 2191 1761 Β
2221 1721 2584 1776 tabernaculis
2615 1731 2981 1790 peccatorum.
3023 1720 3107 1775 Ab
3135 1721 3211 1776 eis
3240 1723 3323 1791 qui
3349 1722 3539 1791 diligunt
3555 1738 3666 1776 saecu-

537 1830 655 1870 rum
687 1855 700 1878 ,
782 1816 876 1869 sed
951 1816 1317 1870 communium
1387 1831 1749 1885 possessores.
1818 1814 1957 1882 Quid
2027 1823 2113 1870 est

535 1901 678 1956 aliud
719 1903 786 1958 de
836 1903 1127 1973 Evangelio
1158 1904 1361 1970 vivere,
1419 1906 1524 1960 nisi
1574 1906 1910 1960 laborantem
1961 1907 2108 1972 inde,

535 1992 624 2046 ubi
656 1993 892 2053 laborat,
934 1995 1239 2047 necessaria
1287 1995 1412 2050 vita:
1458 1995 1776 2065 percipere?
1820 1995 2109 2064 Apostolus

534 2093 738 2143 tamen,
784 2085 986 2154 quisic
1025 2085 1374 2156 Evangelium
1429 2088 1760 2158 praedicavit,
1811 2096 1870 2141 ut
1899 2102 1997 2142 nec
2041 2087 2110 2142 de

534 2176 828 2248 Evangelia
859 2177 1087 2243 viveret,
1122 2181 1216 2234 sed
1251 2182 1559 2235 necessaria
1589 2180 1693 2235 sibi
1719 2181 1832 2235 suis
1858 2179 2108 2233 manibus

534 2267 886 2326 ministraret,
918 2267 983 2321 de
1005 2282 1062 2322 se
1087 2267 1425 2322 confidenter
1451 2268 1722 2338 eloquitur
1749 2282 1764 2322 :
1792 2268 1905 2338 Ego
1931 2277 2106 2322 autem

533 2357 678 2418 nullo
705 2358 891 2411 horum
913 2375 1038 2413 usus
1060 2376 1195 2413 sum.
1228 2360 1294 2414 Et
1317 2376 1485 2430 quare
1514 2363 1615 2416 hoc
1641 2361 1859 2426 dixerit,
1885 2375 2108 2416 securus

529 2449 761 2517 aperuit,
802 2449 988 2505 dicens
1014 2468 1028 2503 :
1062 2451 1282 2520 Expedit
1312 2453 1440 2505 mihi
1466 2455 1620 2518 mori,
1652 2455 1818 2522 magis
1849 2468 2008 2523 quam
2048 2461 2105 2506 ut

529 2538 754 2608 gloriam
799 2555 966 2593 meam
1010 2541 1127 2609 quis
1155 2552 1389 2595 evacuet.
1418 2541 1683 2596 Evaeuari
1712 2543 1842 2596 dicit
1876 2542 2106 2611 gloriam

529 2646 703 2694 suam,
755 2631 799 2685 si
844 2633 912 2685 ab
939 2631 1035 2692 eis,
1067 2633 1263 2700 quibus
1288 2633 1648 2702 praedicabat,
1678 2633 1938 2688 voluisset
1964 2633 2108 2688 acci-

529 2735 656 2791 pere
695 2722 819 2776 vitae
850 2723 1162 2792 temporalis
1203 2739 1518 2793 expensam.
1563 2725 1787 2780 Nolebat
1813 2727 2011 2796 quippe
2051 2727 2105 2782 in

528 2814 780 2880 prtescnti
806 2813 1007 2868 laboris
1033 2815 1114 2868 sui
1145 2814 1400 2880 fructum,
1430 2817 1523 2870 sed
1545 2817 1597 2870 in
1620 2815 2104 2886 futuro,recipere.

531 2900 588 2954 Si
619 2917 752 2972 ergo
776 2903 865 2958 ille
897 2905 987 2972 qui
1026 2905 1159 2958 nihil
1192 2906 1443 2970 habebat,
1478 2906 1651 2960 noluit
1677 2907 1744 2961 de
1778 2907 2102 2978 Evangelia,

528 2992 619 3045 ubi
653 2991 956 3058 laborabat,
1000 2994 1093 3047 sed
1119 2995 1232 3048 suis
1260 2997 1508 3050 manibus
1536 2996 1739 3062 vivere,
1769 3012 1836 3052 ne
1877 2997 2104 3069 gloriam

529 3097 639 3136 suae
678 3083 941 3138 mercedis
969 3085 1244 3138 amitteret
1273 3103 1284 3138 :
1321 3086 1448 3150 quid
1473 3101 1590 3150 nos,
1627 3087 1717 3157 qui
1751 3089 1968 3158 propria
2013 3104 2106 3144 no-

530 3171 727 3236 ltttnus,
776 3189 962 3228 amore
989 3175 1320 3244 possidendi,
1369 3192 1473 3230 non
1500 3177 1712 3231 vivendi
1741 3179 2068 3234 necessitate
2089 3220 2104 3245 ,

530 3263 834 3332 relinquere
878 3274 932 3320 et
967 3253 1213 3336 accipere
1243 3267 1464 3337 insuper
1503 3267 1773 3335 volumus,
1813 3285 1920 3324 non
1965 3274 2107 3326 unde

527 3357 793 3420 vivamus,
841 3358 935 3412 sed
984 3359 1124 3411 unde
1176 3373 1397 3413 censum
1457 3367 1701 3413 nostrum
1758 3361 2107 3416 incrementis

526 3446 922 3503 datnnahilihns
953 3449 1278 3518 augeamus?

1097 3539 1324 3596 CAPUT
1370 3540 1529 3596 CXII.

599 3631 918 3702 (Augustini,
941 3633 1004 3685 de
1028 3631 1142 3685 l’ita
1167 3642 1214 3685 et
1238 3631 1468 3686 moribus
1503 3632 1857 3704 clericorum.)
1876 3632 2105 3704 Propter

525 3723 669 3791 quod
707 3723 848 3776 volui
877 3731 932 3775 et
954 3723 1134 3792 rogavi
1161 3724 1415 3777 hesterno
1443 3724 1552 3787 die,
1581 3732 1642 3777 ut
1668 3725 1825 3778 hodie
1853 3724 2105 3795 frequen-

529 3817 637 3868 tius
658 3815 1042 3878 conveniretis,
1070 3816 1172 3869 huc
1197 3823 1281 3868 est
1301 3815 1441 3884 quod
1469 3815 1714 3870 dicturus
1741 3832 1881 3872 sum.
1911 3818 2104 3874 Vobis-

526 3923 648 3962 cum
699 3907 788 3960 hic
836 3905 1104 3970 vivimus,
1148 3914 1202 3960 et
1249 3906 1478 3961 intentio
1522 3916 1816 3978 votumque
1853 3918 2103 3964 nostrum

523 4004 628 4062 est,
667 4005 725 4049 ut
765 3996 907 4066 apud
929 3995 1207 4050 Christum
1236 3997 1513 4050 vobiscum
1555 3997 1672 4052 sine
1703 3998 1808 4053 fine
1835 4000 2098 4055 vivamus.

594 4089 771 4143 Credo
798 4095 978 4141 autem
1010 4095 1136 4143 ante
1177 4087 1364 4142 oculos
1407 4096 1614 4144 vestros
1656 4103 1777 4144 esse
1816 4105 2104 4145 conversa-

525 4183 726 4238 tionem
750 4189 1016 4246 uostram,
1042 4189 1102 4235 ut
1121 4189 1176 4236 et
1194 4196 1293 4236 nos
1315 4181 1496 4237 dicere
1515 4181 1763 4237 fortassis
1783 4185 2101 4250 audeamus,

522 4273 773 4343 quamvis
800 4273 1027 4327 multum
1059 4273 1132 4327 illi
1161 4273 1415 4344 impares,
1444 4274 1584 4343 quod
1613 4274 1747 4328 dixit
1777 4275 2096 4344 Apostolus:

521 4362 824 4417 lmitatores
850 4365 950 4416 mei
979 4373 1170 4431 estote,
1218 4365 1351 4418 sicut
1383 4374 1431 4418 et
1460 4381 1553 4434 ego
1581 4364 1777 4420 Christi
1813 4365 1863 4438 (I
1895 4366 2016 4420 Cor.
2046 4383 2100 4420 tv

519 4464 567 4508 et
594 4463 692 4524 XI).
737 4454 802 4507 Et
834 4454 955 4508 ideo
981 4454 1144 4518 nolo,
1198 4464 1256 4508 ut
1301 4453 1498 4523 aliquis
1544 4455 1610 4509 de
1655 4455 1811 4511 nobis
1863 4457 2102 4510 inveniat

520 4545 661 4600 male
707 4544 918 4599 vivendi
966 4545 1324 4599 occasionem.
1375 4542 1720 4599 Prouidemus
1763 4547 1902 4600 enim
1939 4546 2098 4610 bona,

518 4638 595 4690 ait
622 4636 766 4690 idem
792 4634 1102 4704 Apostolus,
1127 4652 1230 4689 non
1257 4634 1429 4688 solum
1458 4651 1635 4688 coram
1668 4634 1797 4700 Deo,
1828 4635 1917 4688 sed
1939 4638 2096 4689 etiam

517 4741 693 4778 coram
724 4725 1018 4779 hominibus
1062 4725 1240 4797 (Rom.
1281 4724 1387 4796 ιιι).
1429 4723 1657 4795 Pmpter
1688 4739 1787 4778 nos
1821 4725 2100 4780 conscien-

518 4814 593 4867 tia
637 4825 823 4869 nostra
853 4815 1050 4871 sufﬁcit
1095 4817 1250 4871 nobis
1281 4835 1292 4868 :
1334 4824 1558 4885 propter
1606 4830 1702 4869 vos
1737 4814 1879 4869 fama
1907 4825 2094 4871 nostra

515 4919 622 4958 non
648 4904 834 4973 pollui,
857 4907 952 4960 sed
984 4907 1185 4975 pollere
1221 4906 1381 4961 debet
1420 4907 1473 4960 in
1501 4905 1670 4960 vobis.
1720 4907 1922 4962 Teuete
1949 4909 2093 4977 quod

515 4997 656 5061 dixi,
691 5005 854 5066 atque
896 4998 1230 5068 distinguite.
1281 4999 1408 5052 Duae
1445 5013 1532 5051 res
1577 5005 1724 5062 sunt,
1763 4998 2090 5053 conscientia

512 5095 568 5142 et
596 5085 760 5140 fama.
803 5085 1144 5142 Conscientia
1177 5087 1298 5151 tibi,
1331 5085 1475 5141 fama
1504 5089 1750 5158 proximo
1777 5098 1867 5143 tuo
1896 5098 1978 5144 est
2001 5105 2092 5144 nc-

511 5177 770 5234 cessaria.
807 5177 908 5243 Qui
939 5178 1108 5232 tidens
1141 5178 1488 5234 conscientiae
1511 5195 1622 5235 sua:
1649 5181 1870 5253 negligit
1892 5180 2091 5236 famam

510 5284 686 5335 suam,
707 5268 943 5324 crudelis
967 5278 1069 5335 est,
1095 5270 1330 5326 maxime
1371 5271 1425 5325 in
1458 5271 1576 5326 loco
1607 5272 1710 5328 isto
1745 5275 1985 5343 positus,
2024 5276 2090 5329 de

511 5377 619 5432 quo
647 5361 778 5417 dicit
803 5361 1093 5432 Apostolus
1137 5362 1380 5418 scribens
1420 5364 1488 5418 ad
1529 5364 1852 5436 discipulum
1887 5383 2043 5421 suum
2073 5386 2084 5421 :

509 5457 663 5512 Circa
689 5475 864 5512 omnes
894 5468 942 5511 te
971 5459 1138 5528 ipsum
1169 5457 1420 5511 bonorum
1457 5474 1671 5528 operum
1708 5459 1880 5529 pra'be
1915 5476 2090 5514 exem-

509 5547 653 5617 plum
685 5547 778 5616 (It.
805 5556 889 5612 ιι).
942 5547 1012 5603 Ut
1048 5561 1178 5617 ergo
1211 5562 1316 5601 non
1353 5562 1448 5602 vos
1477 5547 1566 5602 diu
1598 5556 1831 5612 teneam,
1862 5563 2090 5618 praeser-

512 5637 609 5704 tim
631 5640 756 5706 quia
801 5656 902 5711 ego
941 5641 1133 5695 sedens
1163 5639 1376 5708 loquor,
1428 5654 1520 5694 vos
1556 5641 1752 5694 stando
1784 5640 2046 5696 laboratis
2075 5663 2084 5696 :

2216 1813 2348 1877 lum,
2377 1812 2585 1867 secrevi
2615 1828 2700 1866 me
2738 1831 2751 1866 :
2786 1811 2880 1866 sed
2907 1812 2987 1866 eis
3019 1815 3111 1883 qui
3141 1821 3363 1882 praesunt
3387 1813 3571 1883 populis,
3600 1829 3666 1865 non

2215 1920 2302 1960 me
2331 1904 2604 1974 comquavi
2646 1921 2660 1957 :
2711 1917 2811 1958 nec
2851 1903 2905 1957 in
2947 1904 3195 1958 convivio
3231 1902 3421 1957 Domini
3457 1903 3539 1956 mei
3570 1917 3667 1970 supe

2215 1999 2412 2053 riorem
2444 1998 2620 2052 locum
2643 1996 2810 2066 elegi,
2844 1995 2939 2051 sed
2961 1994 3268 2050 inferiorem
3291 2003 3341 2048 et
3367 1993 3594 2062 abiectum.
3626 1993 3665 2044 Et

2211 2088 2412 2158 placuit
2454 2087 2527 2141 illi
2571 2087 2749 2142 dicere
2784 2085 2915 2140 mihi
2954 2105 2966 2137 :
3003 2085 3245 2140 Ascende
3285 2099 3490 2139 sursum.
3551 2082 3667 2147 Usque

2211 2179 2346 2234 adeo
2372 2188 2548 2233 autem
2581 2179 2836 2233 timebam
2863 2178 3228 2248 episcopatum
3251 2219 3265 2242 ,
3296 2185 3352 2230 ut
3375 2176 3576 2246 quoniam
3598 2188 3667 2226 cm-

2209 2278 2366 2340 perat
2391 2285 2512 2324 esse
2539 2269 2650 2340 jam
2675 2268 2932 2324 momenti
2963 2269 3106 2322 inter
3128 2268 3221 2322 Dei
3246 2281 3414 2334 servos
3442 2264 3554 2320 fama
3575 2277 3665 2323 mea,

2210 2363 2265 2418 in
2292 2377 2400 2432 quo
2449 2360 2570 2416 loco
2601 2360 2839 2415 sciebam
2869 2375 2976 2414 non
3011 2374 3139 2414 esse
3178 2359 3483 2428 episcopum,
3519 2369 3594 2407 non
3611 2351 3667 2404 illa

2209 2451 2542 2507 accederem.
2599 2449 2865 2505 Cavebam
2894 2450 2995 2504 hoc
3027 2458 3086 2504 et
3118 2448 3330 2520 agebam
3348 2487 3361 2512 ,
3391 2452 3666 2514 quantumue

2209 2551 2404 2607 teram,
2434 2542 2570 2596 utin
2600 2541 2717 2596 loco
2745 2540 2933 2596 humili
2959 2541 3223 2603 salvarer,
3263 2551 3324 2593 ne
3349 2538 3394 2591 in
3417 2536 3506 2589 alto
3527 2530 3667 2602 pericli-

2210 2642 2373 2688 tarer.
2431 2631 2559 2699 Sed,
2606 2641 2665 2687 nt
2718 2631 2853 2697 dixi,
2903 2632 3135 2686 Domino
3180 2645 3355 2685 servus
3394 2625 3666 2682 contradicere

2207 2739 2315 2779 non
2345 2722 2523 2778 debet.
2575 2723 2710 2778 Veni
2737 2723 2802 2777 ad
2843 2723 3000 2778 istam
3037 2723 3324 2785 civitatem,
3348 2728 3527 2790 propter
3547 2715 3668 2768 viden-

2209 2815 2340 2870 dum
2369 2815 2624 2880 amicum,
2661 2830 2820 2884 quem
2846 2813 3109 2884 putabam
3140 2831 3220 2869 me
3247 2812 3422 2867 lucrari
3444 2822 3564 2881 posse
3581 2806 3666 2864 Deo.

2207 2914 2268 2960 ut
2294 2905 2574 2960 nobiscum
2619 2914 2765 2962 esset
2818 2907 2874 2961 in
2918 2907 3251 2961 monasterio
3289 2924 3300 2958 :
3345 2903 3477 2972 quasi
3499 2911 3666 2957 securus.

2207 2998 2336 3067 quia
2370 2997 2520 3052 locus
2546 2996 2780 3053 habebat
2811 2997 3150 3067 episcopum.
3208 2994 3668 3065 Apprehensus,pres-

2208 3093 2364 3164 byter
2387 3091 2560 3146 factus
2591 3107 2738 3155 sum,
2768 3100 2823 3146 et
2863 3106 2962 3161 per
2989 3091 3140 3145 hunc
3167 3089 3374 3161 gradum
3399 3087 3454 3140 ad
3478 3084 3668 3153 episcopa-

2210 3190 2322 3236 tum
2350 3181 2591 3251 perveni.
2634 3181 2749 3236 Νοιι
2772 3181 2926 3235 attuli
2956 3181 3162 3252 aliquid
3181 3221 3195 3246 ,
3245 3195 3341 3234 non
3368 3174 3469 3231 veni
3502 3172 3549 3226 ad
3578 3169 3668 3222 hanc

2206 3273 2496 3328 ecclesiam
2534 3275 2638 3328 nisi
2680 3289 2803 3328 cum
2835 3273 2920 3328 bis
2950 3273 3281 3330 indumentis
3305 3271 3472 3342 quibus
3494 3267 3562 3320 illo
3581 3272 3666 3316 tum

2205 3381 2336 3438 pore
2385 3366 2670 3422 vestiebar.
2729 3367 2794 3420 Et
2831 3367 2956 3437 quia
3005 3368 3116 3423 hoc
3158 3363 3486 3435 disponebam,
3523 3368 3605 3410 esse
3631 3354 3662 3401 in

2205 3458 2535 3513 monasterio
2574 3473 2692 3512 eum
2742 3455 3022 3522 fratribus,
3068 3458 3278 3530 cognito
3319 3453 3522 3510 instituto
3546 3456 3661 3500 ultu

2204 3549 2410 3604 luntate
2453 3566 2604 3616 mea,
2656 3551 2825 3604 beata:
2856 3552 3136 3605 menmrize
3173 3565 3326 3604 scnex
3358 3534 3663 3600 Valeriusdedil

2205 3643 2336 3696 mihi
2381 3643 2599 3696 hortum
2633 3641 2812 3707 illum,
2864 3642 2916 3695 in
2947 3657 3062 3711 quo
3096 3658 3235 3696 nunc
3261 3648 3338 3695 est
3366 3627 3663 3691 monasterium.

2204 3729 2355 3800 Coepi
2377 3731 2502 3785 boni
2528 3731 2790 3800 propositi
2821 3729 3023 3786 fratres
3044 3732 3289 3800 colligere
3309 3736 3537 3794 compares
3552 3727 3661 3769 meos.

2205 3820 2337 3875 nihil
2367 3821 2676 3884 'habcntes,
2729 3821 2868 3874 sicut
2916 3820 3056 3875 nihil
3107 3821 3375 3883 habebam,
3409 3823 3455 3870 et
3480 3807 3665 3865 imitantes

2205 3928 2291 3968 me
2313 3952 2328 3977 ,
2371 3920 2432 3966 ut
2457 3911 2726 3982 quomodo
2764 3927 2862 3982 ego
2906 3920 3126 3967 tenuem
3155 3905 3531 3981 paupertatulam

2206 4002 2459 4068 vendidi,
2484 3981 2564 4056 et
2595 3981 2922 4072 pauperibus
2951 4004 3170 4076 erogavi
3191 4044 3206 4066 ,
3253 4001 3326 4056 sic
3355 3998 3548 4052 facerent
3566 3981 3664 4040 etilli

2205 4097 2298 4167 qui
2331 4112 2541 4151 mecum
2570 4111 2690 4150 esse
2719 4095 3034 4158 voluissent,
3085 4105 3142 4151 ut
3169 4097 3231 4150 de
3267 4087 3501 4149 communi
3527 4082 3663 4134 vivere-

2207 4202 2327 4241 mus
2353 4205 2364 4240 :
2403 4202 2692 4242 commune
2712 4196 2893 4241 autem
2927 4189 3088 4243 nobis
3114 4195 3255 4242 esset
3277 4195 3494 4253 magnum
3510 4183 3551 4230 et
3567 4170 3666 4224 uber-

2207 4277 2403 4331 rimnm
2449 4277 2704 4346 praedium
2754 4278 2869 4348 ipse
2905 4261 3069 4334 Dens.
3131 4276 3348 4333 Perveni
3384 4273 3440 4328 ad
3473 4267 3665 4354 ςρίεερρθο

2207 4376 2356 4421 tum:
2390 4376 2444 4422 et
2484 4368 2589 4422 vidi
2638 4383 2858 4423 necesse
2900 4369 3105 4424 habere
3130 4369 3448 4439 episcopum,
3476 4353 3665 4413 exhibent

2207 4459 2594 4511 humanitatem
2637 4458 2906 4512 assiduam
2967 4460 3366 4528 quibuscunque
3399 4444 3664 4506 venientibus.

2205 4555 2320 4610 sive
2345 4555 2748 4609 transeuntibus
2785 4573 2796 4608 :
2840 4556 2982 4625 quod
3008 4557 3053 4611 si
3087 4571 3191 4609 non
3233 4553 3430 4607 fecisset
3449 4542 3663 4632 epismpuf.

2204 4644 2528 4699 inhumanus
2567 4645 2859 4700 diceretur.
2918 4645 2973 4700 Si
3017 4657 3196 4701 autem
3228 4646 3321 4698 ista
3357 4629 3617 4696 consuetudo
3634 4629 3665 4674 in

2204 4737 2531 4791 monasterio
2572 4738 2836 4807 permissa
2875 4747 3037 4804 esset,
3079 4738 3326 4792 indecens
3351 4737 3504 4787 esset:
3531 4730 3570 4775 et
3591 4716 3664 4770 idet

2204 4827 2345 4881 volui
2379 4828 2581 4882 habere
2624 4829 2676 4882 in
2725 4831 2884 4883 domo
2925 4831 3026 4883 ista
3060 4827 3314 4898 (‘piSCOpii
3346 4833 3522 4877 mecum

2196 4921 2346 4974 stet-ii
2389 4921 2730 4975 clericorum.
2786 4921 2926 4976 Ecce
2990 4921 3258 4992 quomodo
3303 4915 3517 4969 vivimus.
3575 4893 3662 4954 Mil

2197 5011 2324 5066 licet
2366 5014 2416 5067 in
2465 5014 2727 5069 societate
2775 5024 2959 5068 nostra
2997 5014 3198 5068 habere
3239 5006 3424 5077 aliquid
3452 4994 3661 5073 proti'im'"

2198 5098 2305 5155 Sed
2336 5100 2474 5156 for;e
2498 5101 2663 5171 aliqui
2691 5103 2892 5157 habent
2934 5122 2944 5156 :
2990 5101 3121 5156 nulli
3151 5101 3288 5154 licet.
3322 5096 3373 5150 Si
3400 5091 3477 5162 qui
3512 5083 3662 5171 habet"

2198 5189 2404 5245 faciunt
2448 5166 2603 5262 quod
2629 5208 2735 5248 non
2773 5193 2917 5248 licet.
2984 5192 3127 5248 Bene
3153 5200 3327 5244 autem
3355 5184 3504 5241 sentio
3531 5166 3666 5259 def?“

2197 5281 2368 5334 tribus
2393 5281 2547 5346 meis,
2585 5290 2641 5335 et
2661 5297 2874 5350 semper
2906 5282 3041 5336 bene
3069 5278 3292 5333 credens
3312 5315 3326 5338 ,
3361 5273 3422 5327 ab
3446 5270 3526 5324 hac
3545 5262 3660 5350 ίηίίυξ·

2193 5371 2388 5424 sitione
2414 5371 2771 5434 dissimulavi,
2803 5373 2926 5442 quia
2955 5378 3007 5424 et
3041 5371 3141 5424 ista
3167 5357 3412 5438 quaerere,
3434 5353 3556 5428 quasi
3573 5342 3667 5402 millc

2195 5463 2400 5518 sentire
2441 5465 2743 5519 videbatur.
2801 5465 3062 5520 Noveram
3110 5461 3250 5516 enim
3286 5467 3336 5512 et
3372 5451 3503 5510 novi,
3538 5445 3666 5497 οωηεε

2195 5554 2284 5622 qui
2333 5570 2542 5609 mecum
2600 5556 2875 5620 viverent,
2916 5568 3075 5609 nosse
3118 5548 3432 5621 propositum
3474 5539 3667 5592 nostrum.

2197 5661 2355 5699 nosse
2392 5647 2562 5718 legem
2601 5651 2721 5701 vitae
2760 5655 2976 5702 nosmc.
3035 5643 3190 5697 Venit
3217 5641 3278 5694 ad
3307 5653 3394 5691 nos
3417 5630 3550 5686 etiam
3571 5627 3660 5688 ρπθ
