3884 6192
237 314 337 367 901

825 261 1108 364 REGULA
1146 305 1642 364 CANONICORUM
1683 307 1772 362 AB
1807 306 2165 363 AMALARIO
2202 305 2583 364 COLLECTA.
2624 339 2694 347 —
2734 307 2858 363 LIB.
2902 311 2940 364 Ι.

3403 314 3508 368 902

237 427 401 494 byter
422 420 739 486 Ianuarius,
763 423 856 492 qui
887 422 1170 476 videbatur
1191 434 1286 474 sua
1311 419 1534 473 honeste
1552 418 1826 487 erogando
1856 420 1902 478 Α
1931 418 2160 470 monium
2205 418 2376 470 habet.
2450 415 2597 469 Venit
2648 417 2792 484 ﬁlias
2834 419 3059 472 hominis
3104 421 3431 476 niattducaus
3461 434 3511 478 et

237 518 398 588 quasi
430 516 852 586 consumpsisse,
881 515 974 569 sed
1002 529 1107 568 non
1137 513 1496 580 consumpsit.
1553 510 1833 565 Remansit

235 607 321 662 illi
347 605 595 676 quaedam
625 605 876 674 pecunia,
922 604 974 657 id
1005 611 1111 669 est,
1141 610 1429 673 argentum
1453 601 1598 669 quod
1625 600 1833 655 diceret

237 709 368 750 esse
392 693 514 747 ﬁliae
541 708 672 747 suae.
729 691 865 746 Filia
903 692 1101 761 ipsius,
1134 690 1245 744 Deo
1283 689 1536 758 propitio,
1570 689 1623 742 in
1652 702 1833 742 mona-

245 785 422 840 sterio
449 785 794 847 feminarum,
822 790 876 836 et
905 784 1060 837 bona:
1091 783 1206 850 spei
1229 791 1314 836 est
1342 799 1358 834 :
1397 780 1660 851 gubernet
1684 778 1836 832 illam

242 880 532 941 Dominus,
555 887 615 932 ut
641 877 864 946 impleat
891 877 1038 946 quod
1069 876 1134 930 de
1157 874 1247 928 illa
1271 888 1579 943 speramus,
1606 873 1664 926 in
1688 872 1833 926 illius

242 969 644 1034 misericordia,
670 983 776 1022 non
812 968 864 1021 in
895 967 1014 1037 ejus
1037 967 1272 1020 meritis.
1310 965 1379 1020 Et
1410 965 1535 1036 quia
1575 965 1715 1020 infra
1737 980 1833 1018 an-

243 1077 348 1118 nos
391 1070 546 1125 erat,
596 1069 651 1114 et
681 1060 747 1114 de
795 1073 892 1112 sua
922 1057 1149 1128 pecunia
1179 1058 1315 1114 nihil
1353 1057 1536 1113 facere
1567 1064 1783 1126 poterat
1816 1074 1828 1109 :

247 1151 504 1222 quamvis
538 1151 686 1205 enim
717 1149 1025 1203 videremus
1053 1147 1314 1218 fulgorem
1344 1146 1696 1218 professionis
1715 1185 1729 1211 ,
1759 1153 1834 1199 ta-

247 1257 376 1296 men
420 1240 688 1296 lubricum
742 1239 1068 1293 timebamus
1113 1238 1291 1293 astatis
1338 1256 1350 1291 :
1403 1237 1601 1292 factum
1643 1244 1730 1292 est
1773 1245 1836 1291 ut

247 1330 425 1400 ipsum
451 1337 734 1400 argentum
771 1327 926 1397 quasi
956 1327 1146 1396 puellae
1173 1336 1501 1392 servaretur,
1534 1336 1594 1381 ut
1621 1343 1742 1382 cum
1767 1325 1834 1381 ad

251 1419 526 1490 legitimos
557 1433 729 1472 annos
755 1418 989 1481 veniret,
1020 1415 1224 1472 faceret
1248 1417 1371 1472 inde
1391 1418 1536 1488 quod
1570 1417 1833 1488 virginem

248 1510 451 1566 Christi
497 1511 749 1573 deceret,
801 1509 1015 1578 quando
1043 1511 1244 1578 optime
1271 1509 1386 1580 jam
1419 1507 1598 1564 facere
1625 1514 1830 1578 posset.

246 1600 388 1656 Dum
437 1601 553 1655 btec
603 1608 1015 1670 exspectantur,
1077 1599 1241 1669 carpit
1288 1598 1377 1654 ille
1425 1599 1589 1653 morti
1614 1597 1838 1668 propin-

247 1707 440 1762 quare.
486 1691 588 1756 Liui
615 1691 708 1745 diu
749 1700 1002 1760 tanquam
1035 1689 1102 1745 de
1135 1704 1234 1744 suo
1263 1689 1474 1754 vivens,
1509 1689 1633 1759 quia
1667 1687 1836 1757 ipsius

1935 505 2133 563 bibens.
2159 517 2203 559 et
2233 507 2453 560 dicunt:
2501 507 2632 560 Ecce
2658 508 2812 560 homo
2837 525 3021 574 vorax,
3065 521 3274 580 potator
3304 514 3432 578 uiui,
3462 524 3514 570 et

1933 596 2132 648 amicus
2180 595 2576 663 publicanorum
2620 596 2840 666 (Matth.
2879 599 2980 664 ιι).
3032 599 3169 665 Quid
3208 617 3337 672 ergo
3375 604 3513 658 facio

1934 681 2075 736 inter
2104 682 2260 747 illos,
2297 682 2390 751 qui
2429 693 2626 752 parant
2665 699 2750 738 me
2783 686 3208 752 reprehendere,
3240 699 3293 742 et
3322 691 3510 745 dentes

1935 771 1990 824 in
2021 786 2106 824 me
2129 773 2360 837 ducere,
2413 774 2456 828 si
2507 789 2797 843 suscepere
2829 777 3173 832 hzereditates
3195 794 3383 834 eorum
3417 785 3510 851 qui

1935 861 2075 916 ﬁlios
2121 879 2248 918 suos
2286 865 2409 918 irati
2452 866 2836 920 ethredant?
2875 867 3076 922 lterum
3111 870 3238 938 quid
3281 888 3399 926 sum
3431 874 3512 928 fa-

1933 961 2125 1009 cturus
2154 957 2254 1019 eis,
2285 957 2480 1024 quibus
2509 966 2698 1020 canto,
2731 967 2784 1011 et
2813 959 3000 1014 nolunt
3026 961 3269 1016 saltare?
3313 965 3404 1034 qui
3433 967 3514 1020 di-

1933 1055 2085 1113 cunt,
2134 1049 2274 1103 Ecce
2310 1067 2480 1118 quare
2518 1068 2676 1107 nemo
2704 1054 2867 1108 donat
2898 1055 3156 1112 Ecclesia!
3185 1058 3510 1130 llipponensi

1934 1137 2139 1207 aliquid
2165 1157 2178 1191 :
2218 1138 2358 1194 Ecce
2387 1155 2556 1209 quare
2594 1156 2700 1196 non
2729 1157 2849 1196 eam
2881 1145 3118 1208 faciunt,
3151 1148 3243 1216 qui
3272 1150 3514 1204 mor-ium

1936 1235 2044 1293 tur,
2080 1228 2350 1283 hmredem
2380 1249 2391 1283 :
2423 1231 2549 1300 quia
2593 1233 2878 1302 episcopus
2903 1235 3234 1307 Augustinus
3271 1241 3335 1294 de
3361 1243 3513 1296 honi-

1937 1327 2047 1374 tate
2074 1335 2171 1374 sua
2209 1320 2502 1391 (laudando
2545 1323 2689 1377 enim
2731 1327 2994 1390 mordent,
3049 1329 3208 1384 labiis
3253 1333 3509 1398 mulcent,

1935 1416 1988 1464 et
2009 1410 2226 1464 dentem
2257 1411 2448 1483 ﬁgunt)
2479 1414 2644 1468 donat
2676 1423 2870 1480 totum,
2905 1433 3011 1472 non
3053 1422 3298 1491 suscipit.
3347 1423 3512 1480 Plane

1934 1503 2192 1572 suscipio,
2237 1505 2498 1572 proﬁteor
2538 1522 2623 1561 me
2665 1509 2940 1578 suscipere
2983 1511 3288 1570 oblationes
3319 1517 3512 1583 bonas,

1934 1592 2239 1648 oblationes
2279 1605 2515 1650 sanctas.
2580 1597 2636 1652 Si
2669 1599 2791 1668 quis
2825 1609 3004 1654 autem
3034 1603 3289 1660 irascitur
3315 1608 3368 1662 in
3403 1609 3513 1665 ﬁlio

1935 1698 2056 1750 suo,
2105 1692 2160 1739 et
2211 1685 2448 1740 moriens
2477 1686 2788 1742 exhzeredat
2832 1706 2987 1756 eum;
3031 1694 3076 1747 si
3122 1696 3353 1762 viveret,
3405 1716 3511 1755 non

245 1790 400 1846 erat,
443 1797 551 1836 non
588 1781 746 1846 ﬁliae,
797 1789 1181 1836 testamentum
1205 1779 1357 1835 fecit.
1398 1778 1830 1843 Testamentum,
1861 1769 1908 1826 B
1935 1789 2059 1829 eum
2082 1774 2395 1844 placarem?
2427 1791 2532 1830 non
2558 1777 2608 1830 ei
2635 1777 2804 1832 ﬁlium
2832 1781 3186 1839 reconciliare
3210 1785 3465 1845 deberem
3489 1790 3512 1842 ?

249 1875 498 1944 inquam,
560 1873 691 1928 fecit
732 1875 1022 1944 presbyter
1070 1873 1254 1928 socius
1295 1881 1504 1936 noster,
1553 1871 1835 1924 nobiseum

247 1979 502 2028 manens,
531 1963 599 2018 de
627 1963 869 2019 Ecclesia
897 1965 1116 2028 vivens,
1143 1977 1488 2018 communem
1524 1960 1689 2014 vitam
1720 1974 1838 2029 pro-

248 2055 431 2110 ﬁtens.
475 2055 881 2110 Testamentum
907 2054 1054 2118 fecit,
1087 2054 1332 2110 hmredes
1363 2052 1616 2108 instituit.
1674 2051 1718 2106 Ο
1743 2051 1838 2106 do-

249 2145 335 2200 lor
363 2145 506 2199 illius
533 2145 838 2210 societatis,
885 2160 919 2199 o
964 2144 1172 2199 fruetus
1212 2153 1371 2198 natus
1408 2158 1516 2197 non
1547 2142 1615 2197 de
1639 2143 1836 2196 arbore

246 2249 414 2302 quam
459 2234 724 2305 plantavit
759 2235 1061 2290 Dominus!
1105 2232 1214 2289 Sed
1266 2234 1566 2290 Ecclesiam
1615 2231 1836 2302 scripsit

247 2324 543 2380 heredem.
597 2325 733 2381 Nolo
761 2341 986 2380 munera
1014 2325 1141 2389 ista,
1171 2341 1277 2380 non
1306 2340 1431 2379 amo
1457 2324 1835 2379 amaritudinis

248 2412 510 2468 fructum.
555 2415 668 2486 Ego
691 2415 838 2469 illum
868 2416 978 2470 Deo
1005 2416 1335 2486 quaerebam,
1365 2415 1679 2469 societatem
1707 2428 1830 2483 pro-

250 2508 432 2563 fessus
452 2518 596 2574 erat,
624 2510 765 2564 hanc
789 2516 1022 2573 teneret,
1051 2509 1191 2564 hanc
1214 2507 1512 2564 exhiberet.
1572 2505 1716 2561 Nihil
1740 2505 1835 2560 ha-

247 2599 445 2653 bebat?
475 2606 854 2653 testamentum
893 2614 1000 2652 non
1041 2598 1268 2652 faceret.
1323 2595 1565 2650 llabebat
1591 2594 1834 2662 aliquid?

250 2705 359 2743 non
389 2705 448 2743 se
475 2699 719 2744 nostrum
751 2691 990 2754 socium,
1040 2690 1194 2760 quasi
1227 2688 1321 2742 Dei
1346 2702 1639 2758 pauperem
1666 2685 1835 2757 ﬁnge-

252 2785 354 2832 ret.
398 2777 776 2850 Magnus-mihi
806 2779 928 2833 inde
951 2779 1104 2834 dolor
1133 2786 1238 2842 est,
1264 2776 1480 2832 fratres.
1544 2776 1678 2830 Dico
1702 2776 1834 2832 cha-

250 2871 397 2924 ritati
421 2880 616 2924 vestrae
642 2889 654 2924 :
683 2877 909 2940 propter
947 2872 1092 2926 hunc
1120 2869 1361 2926 dolorem
1401 2868 1566 2924 statui
1602 2867 1832 2922 haeredi-

249 2971 418 3016 tatem
464 2963 636 3032 ipsam
681 2963 735 3016 in
785 2963 1026 3018 Ecclesia
1069 2978 1176 3018 non
1218 2961 1516 3030 suscipere.
1571 2960 1832 3015 Filiorum

251 3054 421 3124 ipsius
469 3053 543 3108 sit
570 3055 712 3123 quod
744 3053 982 3125 reliquit.
1028 3053 1133 3123 lpsi
1168 3054 1292 3108 inde
1321 3052 1524 3107 faciant
1560 3053 1704 3122 quod
1738 3067 1833 3107 vo-

249 3145 471 3200 luerint.
515 3145 742 3199 Videtur
769 3146 914 3200 enim
941 3145 1072 3199 mihi
1089 3185 1104 3210 ,
1146 3145 1272 3213 quia
1299 3144 1343 3198 si
1370 3158 1490 3198 eam
1517 3157 1827 3213 suscepero,

249 3236 304 3289 in
355 3235 460 3290 isto
500 3234 678 3301 facto,
725 3234 868 3305 quod
915 3236 1046 3290 mihi
1090 3234 1360 3305 displicet,
1387 3243 1443 3288 et
1481 3234 1625 3303 quod
1648 3234 1824 3298 doleo,

248 3324 368 3394 ejus
409 3326 679 3395 particeps
721 3341 836 3380 ero.
876 3325 987 3380 Hoc
1011 3325 1155 3380 volui
1182 3341 1288 3379 non
1312 3325 1481 3378 latere
1503 3324 1827 3377 charitatem

252 3427 513 3472 vestram.
553 3417 688 3472 Filia
737 3417 907 3488 ipsius
942 3418 996 3471 in
1043 3416 1373 3472 monasterio
1473 3414 1826 3478 feminarum,

248 3518 303 3565 et
337 3509 480 3563 ﬁlius
520 3509 690 3579 ipsius
736 3509 789 3563 in
833 3507 1163 3564 monasterio
1202 3507 1443 3561 virorum
1487 3514 1608 3560 est:
1640 3504 1828 3560 ambos

248 3601 613 3656 exhzeredavit
641 3619 654 3654 :
685 3601 832 3654 illam
861 3615 984 3655 cum
1009 3599 1182 3661 laude,
1210 3598 1372 3652 istum
1396 3612 1519 3652 cum
1547 3596 1741 3666 elogio,
1775 3595 1827 3650 id

249 3701 352 3757 est,
384 3709 508 3748 cum
534 3694 951 3764 vituperatione.
1003 3689 1388 3748 Commendavi
1428 3698 1610 3744 autem
1643 3687 1830 3744 Eccle-

249 3786 372 3850 size,
419 3793 479 3838 ut
516 3800 621 3838 noa
663 3784 934 3854 accipiant
962 3785 1106 3854 ipsas
1137 3782 1529 3853 portiunculas,
1561 3797 1681 3851 quae
1705 3795 1830 3851 per-

253 3872 429 3925 tinent
453 3873 520 3926 ad
550 3873 957 3938 exhaaredatos,
982 3873 1088 3928 nisi
1114 3887 1237 3927 cum
1274 3872 1342 3926 ad
1377 3871 1670 3942 legitimam
1699 3877 1829 3925 teta-

251 3970 359 4015 tem
389 3962 756 4030 pervenerint.
800 3961 913 4017 Hoc
933 3963 1015 4018 eis
1041 3971 1286 4016 reservat
1315 3962 1576 4016 Ecclesia.
1627 3961 1829 4017 Deinde

249 4053 400 4108 litem
431 4051 635 4108 dimisit
663 4053 804 4108 inter
831 4055 970 4110 lilios
998 4069 1146 4119 suos,
1180 4055 1234 4108 in
1259 4068 1365 4123 qua
1390 4052 1594 4108 laboro.
1643 4052 1828 4106 Puella

251 4143 403 4209 dicit,
433 4143 604 4197 Meum
634 4156 737 4208 est,
765 4146 937 4200 nostis
965 4146 1090 4216 quia
1122 4146 1225 4200 hoc
1257 4145 1472 4199 diccbat
1501 4159 1713 4212 semper
1732 4159 1829 4212 pa-

251 4243 334 4290 ter
362 4249 535 4290 meus.
577 4235 719 4291 Puer
744 4235 896 4302 dicit,
925 4238 1192 4292 Credatur
1211 4236 1352 4306 patri
1387 4249 1526 4299 meo,
1560 4234 1688 4304 quia
1718 4249 1830 4288 mo-

251 4325 401 4381 riens
449 4326 667 4380 mentiri
708 4321 1052 4396 non‘potuit.
1115 4327 1180 4380 Et
1224 4327 1326 4380 ista
1367 4325 1642 4380 contentio
1669 4324 1829 4394 quale

250 4414 452 4470 malum
497 4418 614 4470 est?
646 4416 751 4470 Sed
789 4419 832 4470 si
877 4417 1026 4486 pueri
1067 4417 1165 4486 ipsi
1207 4416 1350 4470 servi
1382 4415 1475 4470 Dei
1500 4424 1647 4478 sunt,
1678 4414 1828 4470 litem

251 4505 392 4560 hanc
417 4507 557 4560 inter
581 4506 700 4562 illos
726 4508 834 4561 cito
867 4506 1104 4561 ﬁnimus.
1145 4505 1319 4561 Audio
1344 4506 1465 4560 illos
1491 4515 1548 4559 ut
1578 4515 1751 4574 pater,
1777 4514 1831 4560 et

247 4597 387 4653 forte
433 4598 624 4652 melius
667 4615 830 4670 quam
871 4607 1026 4669 pater
1069 4600 1329 4668 ipsorum.
1373 4598 1580 4652 Videbo
1603 4599 1736 4667 quid
1759 4598 1832 4653 sit

240 4686 402 4754 juris.
448 4686 602 4742 Sicut
627 4689 884 4744 Dominus
908 4689 1170 4753 voluerit,
1211 4703 1336 4743 eum
1357 4689 1546 4758 paucis
1571 4687 1832 4744 fratribus

248 4782 501 4837 ﬁdelibus
532 4782 834 4850 honoratis,
866 4784 974 4838 Deo
1002 4781 1257 4853 propitio,
1283 4781 1351 4837 de
1371 4795 1596 4835 numero
1627 4789 1828 4843 vestro,

249 4875 300 4930 id
319 4884 428 4940 est,
458 4876 525 4930 de
549 4876 702 4946 plebe
731 4878 832 4931 ista
859 4917 874 4942 ,
913 4877 1074 4931 audio
1114 4876 1257 4930 inter
1296 4874 1416 4929 illos
1463 4887 1684 4928 causam
1711 4912 1727 4936 ,
1777 4884 1832 4927 et

246 4969 390 5021 sicut
443 4967 700 5021 Dominus
745 4966 1062 5030 donaverit,
1118 4967 1264 5021 ﬁnio.
1321 4966 1523 5020 Tamen
1554 4979 1682 5036 rogo
1713 4980 1828 5029 vos,

247 5075 411 5114 nemo
437 5076 523 5115 me
564 5063 954 5130 reprehendat,
989 5061 1114 5130 quia
1147 5059 1266 5129 ejus
1304 5061 1676 5115 luereditatem
1707 5059 1830 5114 nolo

244 5151 513 5221 suscipiat
537 5151 796 5207 Ecclesia.
817 5151 1020 5216 Primo,
1037 5152 1159 5221 quia
1179 5151 1381 5206 factum
1404 5151 1548 5205 illius
1567 5151 1826 5205 detestor.

244 5243 474 5307 Deinde,
493 5243 618 5314 quia
646 5243 951 5298 institutum
980 5259 1156 5298 meum
1174 5250 1276 5298 est.
1295 5241 1440 5296 Multi
1457 5241 1672 5296 laudant
1687 5243 1830 5312 quod

243 5333 496 5388 dicturus
517 5349 634 5388 sum
662 5375 676 5398 ,
723 5334 818 5390 sed
840 5334 1004 5404 aliqui
1031 5343 1087 5389 et
1111 5332 1512 5404 reprehendunt
1539 5351 1552 5386 :
1586 5333 1831 5401 utrisque

241 5423 432 5480 facere
455 5425 590 5479 satis
621 5425 777 5478 valde
804 5424 1019 5480 difﬁcile
1058 5432 1159 5480 est.
1216 5423 1456 5478 Audistis
1503 5423 1664 5478 modo
1705 5439 1827 5477 cum

246 5513 600 5584 Evangeliutn
629 5515 932 5584 legeretur:
968 5513 1306 5570 Cantavimus
1337 5514 1500 5578 vobis,
1523 5523 1695 5568 etnon
1729 5515 1832 5568 sal-

244 5607 401 5659 taslis
427 5622 444 5660 :
471 5607 796 5676 planximus,
820 5617 869 5662 et
898 5606 1248 5661 nonluxistis.
1299 5603 1449 5659 Vettii
1471 5605 1702 5658 Joannes
1730 5604 1832 5657 Ba-

243 5699 406 5763 ptista
445 5715 548 5753 non
581 5703 910 5755 manducans
939 5717 1102 5770 neque
1133 5700 1340 5764 bibens,
1383 5709 1430 5752 et
1460 5698 1638 5752 dicunt
1662 5711 1681 5751 .'
1714 5698 1832 5752 Dir-

1937 1863 2220 1931 Quomodo
2248 1882 2379 1935 ergo
2400 1882 2524 1921 cum
2556 1868 2667 1923 ﬁlio
2699 1884 2798 1924 suo
2830 1871 2951 1926 volo
2979 1881 3036 1925 ut
3071 1873 3269 1930 habeat
3297 1894 3508 1948 pacem,

1935 1955 2089 2025 cujus
2128 1966 2324 2026 appeto
2351 1958 2756 2031 hmreditatem?
2787 1960 2892 2016 Sed
2919 1963 3078 2033 plane
3101 1965 3145 2018 si
3175 1965 3340 2022 faciat
3367 1971 3510 2038 quod

1935 2065 2076 2121 sape
2101 2052 2348 2107 hortatus
2372 2069 2512 2108 sum.
2558 2053 2735 2109 Unum
2762 2055 2929 2111 ﬁlium
2955 2058 3152 2114 habet?
3180 2068 3332 2130 putet
3356 2063 3519 2118 Chri-

1934 2151 2076 2196 stum
2109 2141 2337 2196 alterum
2365 2161 2377 2196 :
2403 2143 2538 2198 duos
2560 2145 2758 2199 habet?
2778 2147 3225 2214 putetChristum
3257 2152 3508 2206 tertium:

1933 2230 2118 2285 decem
2148 2231 2345 2285 habet?
2391 2232 2668 2288 Christum
2706 2235 3049 2291 undecimum
3096 2237 3282 2304 faciat,
3313 2250 3366 2296 et
3397 2256 3513 2296 sus-

1933 2319 2094 2390 cipio.
2130 2320 2265 2388 Quia
2297 2338 2428 2393 ergo
2457 2323 2559 2378 feci
2598 2324 2699 2380 hoc
2744 2325 2797 2380 in
2829 2328 3151 2396 quihusdam
3189 2330 3371 2395 rebus,
3396 2331 3508 2400 jam

1935 2411 2121 2465 volunt
2145 2413 2442 2469 bonitatem
2472 2431 2647 2470 meam
2675 2417 2756 2472 vel
2795 2421 3318 2477 commendationem
3359 2423 3514 2479 fanue

1933 2517 2067 2557 mea:
2090 2503 2143 2558 in
2175 2505 2320 2560 aliud
2351 2516 2586 2572 vertere,
2635 2518 2696 2564 ut
2737 2511 2844 2566 alio
2891 2513 3050 2567 modo
3100 2529 3186 2567 me
3215 2517 3502 2583 reprehen—

1933 2592 2107 2658 dant,
2161 2595 2288 2665 quia
2349 2597 2651 2654 oblationes
2692 2600 3008 2656 devotorum
3052 2603 3330 2657 hominum
3378 2605 3505 2658 nolo

1934 2685 2230 2755 suscipere.
2295 2686 2652 2744 Considercnt
2703 2706 2864 2760 quam
2930 2691 3098 2746 multa
3158 2695 3510 2762 susceperim.

1935 2775 2073 2843 Quid
2103 2792 2240 2845 opus
2277 2786 2360 2833 est
2403 2794 2466 2833 ea
2508 2783 2830 2836 numerare?
2877 2783 3015 2838 Ecce
3041 2799 3202 2838 unam
3239 2784 3382 2848 dico,
3419 2785 3514 2840 ﬁlii

1931 2866 2128 2922 Juliani
2161 2869 2535 2924 hmreditatem
2567 2872 2802 2942 suscepi.
2856 2873 3069 2939 Quare?
3095 2874 3221 2942 quia
3254 2875 3370 2929 sine
3393 2875 3517 2929 ﬁliis

1933 2955 2220 3014 defunctus
2257 2968 2360 3015 est.
2403 2960 2663 3017 Bonifacii
2695 2963 3065 3018 hmreditatem
3111 2965 3389 3033 suscipere
3419 2981 3514 3020 no-

1932 3047 2028 3113 lui,
2085 3065 2193 3103 non
2236 3038 2649 3117 misericordia,
2697 3051 2793 3107 sed
2840 3053 3052 3108 timore.
3113 3052 3512 3108 Naviculariain

1857 3130 1901 3191 C
1935 3139 2082 3193 nolui
2110 3151 2232 3195 esse
2274 3141 2575 3197 Ecclesiam
2617 3141 2842 3198 Christi.
2913 3143 3062 3197 Multi
3111 3153 3237 3199 sunt
3270 3144 3512 3213 quidem,

1930 3227 2022 3297 qui
2051 3229 2214 3284 etiam
2241 3231 2307 3286 de
2330 3230 2560 3286 navibus
2583 3233 2891 3302 acquirunt.
2949 3233 3153 3288 Tamen
3187 3251 3291 3287 una
3339 3244 3516 3288 tenta-

1931 3321 2007 3373 tio
2049 3320 2093 3375 si
2141 3331 2306 3387 esset,
2351 3325 2396 3378 si
2419 3325 2522 3378 iret
2552 3326 2735 3390 navis,
2768 3335 2823 3379 ct
2856 3327 3232 3397 naufragaret,
3268 3328 3516 3382 homines

1931 3409 1997 3463 ad
2014 3418 2280 3466 tormenta
2304 3412 2481 3466 daturi
2507 3429 2756 3469 eramus:
2788 3423 2848 3468 ut
2872 3416 2935 3469 de
2963 3416 3336 3470 sulnnez'sioae
3361 3418 3516 3471 navis

1929 3499 2223 3554 secundum
2263 3503 2708 3557 consuetudinem
2725 3513 3079 3572 qumreretur,
3104 3515 3158 3558 et
3186 3514 3508 3574 torqueren-

1929 3602 2018 3648 tur
2037 3609 2067 3647 a
2079 3591 2568 3667 judice_qui'essent
2580 3597 2648 3651 de
2664 3595 2913 3652 ﬂuctibus
2928 3597 3092 3652 lihcra
3103 3600 3158 3652 ti.
3179 3598 3284 3652 Sed
3302 3615 3406 3653 non
3422 3613 3516 3654 eos

1907 3687 2206 3753 daremus,
2229 3687 2377 3743 nullo
2398 3696 2558 3758 pacto
2580 3690 2724 3744 enim
2748 3691 2850 3745 hoc
2879 3692 3058 3747 facere
3081 3691 3300 3747 deceret
3332 3693 3514 3748 Eccle-

1931 3779 2089 3834 siam.
2113 3777 2260 3834 Onus
2279 3795 2410 3851 ergo
2434 3779 2616 3836 ﬁscale
2634 3781 2994 3851 persolveret,
3027 3784 3120 3838 sed
3147 3784 3284 3837 unde
3307 3784 3514 3853 persol-

1929 3871 2113 3926 veret?
2131 3872 2414 3926 enthecam
2437 3873 2593 3928 nobis
2614 3875 2816 3930 habere
2837 3892 2943 3930 non
2975 3876 3120 3930 licet.
3147 3875 3261 3931 Non
3291 3887 3374 3931 est
3401 3879 3516 3947 epi-

1931 3967 2078 4038 scopi
2093 3981 2313 4022 servare
2336 3985 2550 4033 aurum,
2568 3979 2624 4024 et
2638 3985 2896 4026 revocare
2911 3987 2939 4025 a
2956 3986 3013 4026 se
3027 3972 3388 4027 mendicantis
3404 3989 3490 4026 ma

1931 4072 2080 4111 num.
2121 4056 2373 4123 Quotidie
2397 4065 2505 4112 tam
2533 4059 2685 4113 multi
2709 4069 2916 4130 petunt,
2951 4070 3057 4114 tam
3087 4061 3238 4114 multi
3267 4069 3512 4130 gemunt,

1931 4156 2042 4201 tam
2076 4147 2230 4202 inulti
2262 4163 2362 4201 nos
2389 4148 2576 4216 inopes
2614 4150 2992 4220 interpellant,
3025 4157 3085 4202 ut
3121 4149 3302 4219 plures
3335 4151 3517 4204 tristes

1931 4237 2321 4307 relinquamus,
2369 4239 2496 4306 quia
2544 4247 2603 4292 ut
2645 4241 2914 4307 possimus
2957 4240 3088 4292 dare
3127 4240 3378 4294 omnibus
3406 4257 3512 4295 non

1929 4329 2211 4384 habemus.
2283 4327 2400 4382 Non
2441 4329 2703 4382 habemus
2748 4345 2876 4399 ergo
2925 4330 3233 4383 enthecam.
3287 4329 3516 4399 Propter

1932 4416 2276 4486 naufragium
2305 4432 2434 4486 ergo
2470 4418 2571 4472 hoc
2612 4418 2892 4471 vitandum
2934 4420 3072 4482 feci,
3107 4436 3212 4474 non
3241 4421 3508 4475 donando.

1935 4505 2102 4560 Nemo
2128 4505 2201 4560 ibi
2227 4520 2312 4559 me
2347 4505 2548 4570 laudet,
2582 4507 2674 4562 sed
2715 4524 2874 4561 nemo
2908 4518 2963 4562 et
2984 4511 3270 4579 vituperet.
3321 4510 3508 4574 Plane,

1933 4598 2150 4667 quando
2178 4598 2372 4652 donavi
2410 4598 2520 4654 ﬁlio
2567 4600 2709 4668 quod
2740 4600 2912 4654 iratus
2940 4611 3092 4670 pater
3120 4602 3356 4657 moriens
3379 4603 3506 4658 abs-

1935 4691 2079 4756 tulit,
2109 4691 2249 4746 bene
2279 4689 2402 4745 feci.
2443 4691 2717 4756 Laudent,
2749 4694 2841 4762 qui
2889 4695 3108 4749 volnnt:
3142 4704 3386 4764 parcant,
3414 4697 3506 4766 qui

1936 4781 2157 4837 laudare
2188 4782 2399 4837 nolunt.
2464 4781 2604 4849 Quid
2648 4785 2890 4854 pluribus
2917 4827 2932 4851 ,
2979 4788 3176 4842 fratres
3214 4787 3352 4841 mei?
3381 4787 3510 4854 Qui-

1935 4887 2146 4942 cunque
2175 4873 2328 4938 vult,
2359 4873 2702 4928 ethredato
2732 4875 2872 4939 ﬁlio,
2910 4877 3176 4931 luet-edem
3205 4877 3383 4932 facere
3411 4878 3512 4932 Ee-

1933 4965 2152 5019 clesiam
2176 5005 2191 5028 ,
2241 4972 2446 5033 qurerat
2474 4965 2704 5020 alterum
2743 4966 2830 5034 qui
2879 4967 3154 5036 suscipiat,
3197 4984 3303 5022 non
3332 4967 3506 5038 Augu-

1932 5054 2131 5108 stinum
2156 5073 2168 5107 :
2199 5054 2327 5120 imo,
2345 5054 2454 5110 Deo
2476 5056 2728 5125 propitio,
2756 5057 3021 5110 neminem
3052 5057 3310 5112 inveniat.
3335 5058 3506 5124 Quam

1935 5145 2207 5200 laudabile
2251 5146 2448 5200 factum
2495 5147 2668 5201 sancti
2711 5156 2764 5201 et
2816 5151 3106 5204 venerandi
3137 5151 3371 5219 episcopi
3400 5150 3510 5202 Au-

1935 5237 2052 5291 relii
2093 5235 2554 5308 Carthaginensis,
2606 5240 2878 5308 quomodo
2902 5241 3144 5310 implevit
3179 5259 3240 5296 os
3264 5241 3504 5294 omnium

1935 5331 2027 5400 qui
2055 5329 2233 5384 sciunt
2270 5329 2517 5384 laudibus
2544 5330 2673 5385 Dei?
2707 5331 2932 5398 Quidam
2957 5328 3090 5387 cum
3116 5333 3252 5387 ﬁlios
3277 5347 3380 5385 non
3412 5331 3510 5384 ha-

1935 5421 2108 5485 beret,
2142 5435 2315 5490 neque
2343 5430 2616 5489 speraret,
2661 5437 2748 5476 res
2776 5439 2902 5477 suas
2926 5438 3135 5484 omnes,
3165 5429 3374 5475 retento
3403 5419 3506 5474 sibi

1936 5511 2252 5575 usufructu,
2298 5512 2518 5566 donavit
2547 5511 2822 5567 Ecelesim.
2863 5513 2984 5567 Nati
3021 5519 3145 5565 sunt
3189 5510 3264 5565 illi
3299 5509 3423 5574 ﬁlii,
3453 5519 3510 5564 et

1937 5607 2168 5661 reddidit
2192 5606 2477 5676 episcopus
2505 5621 2604 5661 nec
2637 5607 2900 5676 Opinanti,
2931 5619 3050 5673 quae
3077 5603 3151 5657 illi
3183 5604 3503 5658 donaverat.

1936 5697 1990 5751 in
2043 5707 2308 5756 potestate
2351 5697 2582 5752 habebat
2633 5698 2915 5767 episcopus
2961 5712 3067 5751 non
3116 5695 3377 5752 reddere:
3414 5695 3511 5752 sed
