3884 6192
385 304 490 360 905

1381 285 1780 343 AMALARIUS
1818 281 2230 338 PRESBYTER
2274 279 2611 334 ME'I‘ENSIS

3525 277 3630 333 9(14

383 417 503 488 jure
529 413 632 468 fori
657 454 672 479 ,
723 426 828 466 non
865 409 987 477 jure
1034 406 1178 461 (εαξη.
1238 403 1382 458 Sane
1412 402 1576 456 etiam
1608 401 1711 455 hoc
1748 397 1960 453 noverit
1986 397 2039 456 Α
2064 394 2159 448 sed
2183 401 2276 446 aut
2302 406 2528 462 erOgare
2557 389 2912 459 pauperibus,
2957 398 3051 443 aut
3098 390 3150 444 in
3195 404 3476 443 commune
3505 389 3633 445 mit-

388 505 629 561 Charitas
661 509 839 556 vestra
863 540 877 562 ,
924 496 1128 551 dixisse
1159 509 1246 547 me
1280 492 1538 546 fratribus
1561 489 1714 554 meis,
1739 489 1830 558 qui
1855 500 1966 541 me-

389 611 513 651 cum
544 599 791 654 manent,
841 597 902 642 ut
929 587 1236 656 quicunque
1273 583 1438 637 habet
1466 579 1688 650 aliquid,
1717 586 1812 632 aut
1836 592 1964 631 ven-

390 689 520 749 dat,
567 693 660 738 aut
703 688 907 751 eroget,
949 687 1042 731 aut
1080 676 1262 738 donet,
1297 682 1388 728 aut
1415 684 1704 728 commune
1727 668 1855 722 illud
1883 665 1964 720 fa-

392 780 518 832 ciat.
557 772 856 828 Ecelesiam
902 769 1083 830 habet,
1121 781 1221 836 per
1259 780 1422 834 quam
1464 777 1562 815 nos
1591 759 1734 814 Deus
1766 757 1960 827 pascit.

391 867 458 918 Et
487 863 607 917 dedi
644 860 955 915 dilationem
999 871 1172 924 usque
1213 855 1279 908 ad
1317 851 1657 922 epiphaniam
1683 889 1697 912 ,
1739 854 1966 916 propter

389 972 484 1010 eos
503 954 594 1023 qui
623 952 706 1006 vel
729 966 853 1020 cum
879 949 1140 1002 fratribus
1176 945 1288 1000 suis
1315 959 1420 997 non
1443 941 1776 1002 diviserunt,
1807 946 1862 991 et
1892 937 1967 991 di-

393 1047 661 1100 miserunt
698 1042 840 1111 quod
865 1040 1067 1094 habent
1094 1037 1232 1106 apud
1275 1036 1473 1088 fratres
1514 1047 1642 1087 suos
1677 1049 1688 1084 :
1736 1029 1818 1084 vel
1840 1043 1968 1082 non-

396 1142 522 1192 dum
553 1136 620 1190 de
650 1150 708 1188 re
737 1148 832 1187 sua
862 1130 1063 1199 aliquid
1103 1136 1354 1198 egerunt,
1393 1125 1520 1193 quia
1553 1121 1968 1191 exspectabatur

390 1239 522 1284 tetas
547 1228 808 1297 legitima.
838 1223 1064 1277 Faciant
1088 1220 1213 1274 inde
1238 1218 1378 1288 quod
1404 1217 1610 1280 volunt,
1641 1215 1766 1270 dum
1790 1222 1965 1267 tamen

390 1321 500 1374 sint
546 1329 813 1387 pauperes
853 1327 1096 1374 meeum,
1149 1308 1309 1364 simul
1356 1314 1732 1376 exspectemus
1762 1302 1969 1357 miseri-

390 1410 630 1464 cordiam
659 1407 772 1460 Dei.
831 1402 888 1457 Si
926 1411 1104 1455 autem
1152 1400 1382 1461 nolunt,
1429 1398 1518 1466 qui
1570 1396 1708 1450 forte
1755 1393 1962 1456 nolunt,

390 1508 538 1554 certe
564 1512 662 1565 ego
685 1510 825 1557 sum,
853 1491 944 1561 qui
971 1498 1265 1545 statueram
1285 1528 1300 1551 ,
1345 1488 1485 1540 sicut
1515 1485 1684 1538 nostis
1703 1523 1718 1547 ,
1761 1482 1966 1536 nullum

388 1588 643 1642 ordinare
686 1583 963 1643 clericum,
1002 1579 1104 1633 nisi
1146 1577 1237 1647 qui
1282 1591 1492 1630 meeum
1527 1573 1689 1627 vellet
1725 1586 1964 1636 manere,

388 1688 447 1734 ut
471 1678 516 1731 si
550 1676 706 1731 vellet
736 1672 1015 1726 discedere
1040 1685 1068 1723 a
1099 1667 1400 1738 proposito,
1434 1675 1578 1719 recte
1616 1663 1690 1717 illi
1721 1662 1965 1717 tollerem

2067 491 2201 548 tere,
2245 489 2461 535 maneat
2501 495 2732 534 mecum.
2778 479 2877 546 Qui
2922 480 3027 533 hoc
3064 494 3172 533 non
3195 479 3329 544 vult,
3361 480 3636 534 habeatli-

2066 573 2331 627 bertatem
2360 589 2372 624 :
2405 570 2500 625 sed
2526 571 2737 634 videat,
2768 579 2948 623 utrum
2975 570 3176 624 habere
3203 569 3378 638 possit
3413 569 3636 624 felicita-

2066 664 2137 718 tis
2151 663 2530 718 mternitatem.
2548 661 2831 716 Sulliciant
2852 661 2968 714 inec
2990 676 3132 714 nunc
3155 661 3374 713 interim
3391 661 3634 713 Cbaritati

2064 763 2260 809 vestrze
2287 771 2300 804 :
2323 753 2466 822 quod
2495 767 2659 821 egero
2685 765 2806 806 cum
2839 750 3100 804 fratribus
3128 751 3288 814 meis,
3311 751 3640 804 annuntiabo

2066 844 2240 898 vobis.
2282 842 2454 913 Spero
2475 843 2620 897 enim
2650 842 2792 895 bona
2814 882 2828 906 ,
2879 841 3021 910 quod
3049 856 3236 895 omnes
3263 841 3394 894 mihi
3419 841 3642 894 libenter

2066 935 2343 999 obediant,
2388 949 2487 989 nec
2533 935 2854 988 inventurus
2899 948 3018 986 sum
3067 933 3278 1000 aliquos
3308 932 3510 987 habere
3546 933 3643 987 ali-

2066 1026 2194 1097 quid
2215 1067 2229 1090 ,
2283 1027 2387 1080 nisi
2437 1027 2615 1096 aliqua
2648 1026 2969 1080 necessitate
2995 1025 3304 1094 religionis,
3339 1041 3445 1079 non
3483 1042 3640 1081 occa-

2067 1120 2220 1174 sione
2263 1119 2597 1187 cupiditatis.
2670 1118 2824 1186 Quod
2865 1133 2995 1189 ergo
3039 1135 3222 1189 egero,
3271 1129 3393 1189 post
3430 1121 3642 1190 epipha-

2067 1210 2210 1262 niam
2241 1209 2495 1264 charitati
2516 1217 2710 1263 vestra:
2738 1209 2791 1263 in
2824 1209 3036 1264 Domini
3059 1210 3335 1263 voluntate
3363 1211 3639 1264 nuntiabo.

2066 1301 2134 1355 Et
2177 1302 2449 1370 quomodo
2490 1301 2639 1354 litem
2684 1300 2876 1356 ﬁniero
2924 1303 3065 1357 inter
3087 1301 3222 1355 duos
3254 1300 3473 1364 fratres,
3506 1302 3646 1355 filios

2067 1393 2372 1463 presbyteri
2409 1392 2689 1458 Januarii,
2723 1409 2830 1447 non
2868 1393 3023 1448 vobis
3054 1395 3262 1447 tacebo.
3306 1393 3468 1447 Multa
3497 1394 3644 1448 locu-

2069 1489 2154 1535 tus
2176 1498 2312 1543 sum,
2346 1483 2470 1536 date
2489 1483 2700 1535 veniam
2724 1481 2932 1551 loquaci
2960 1483 3257 1544 senectuti,
3304 1483 3397 1536 sed
3443 1482 3645 1536 timida:

2068 1571 2388 1626 infirmitati.
2438 1571 2570 1641 Ego,
2613 1572 2753 1626 sicut
2803 1572 3001 1627 videtis
3029 1612 3043 1637 ,
3093 1586 3192 1640 per
3235 1580 3449 1626 aetatem
3485 1571 3646 1626 modo

2068 1662 2260 1716 senui:
2312 1661 2407 1716 sed
2449 1676 2545 1730 per
2587 1661 2958 1716 inﬁrmitatem
3007 1663 3274 1730 corporis,
3307 1662 3438 1715 olim
3480 1676 3644 1716 senex

389 1768 722 1826 clericatum,
748 1762 872 1833 quia
903 1761 1177 1814 desereret
1200 1764 1398 1811 sancta:
1429 1753 1706 1808 societatis
1735 1750 1964 1821 promis-
1992 1766 2038 1824 Β
2068 1750 2164 1816 fui,
2198 1759 2381 1805 tamen
2427 1752 2472 1805 si
2503 1751 2612 1805 Deo
2639 1751 2818 1819 placet
2858 1751 3002 1820 quod
3045 1753 3174 1815 dixi,
3225 1752 3384 1806 modo
3412 1752 3646 1821 ipse_det

390 1872 509 1912 sum
535 1895 548 1918 ,
602 1861 943 1922 cmptumque
983 1847 1340 1904 consortium.
1400 1845 1538 1899 Ecce
1572 1844 1624 1897 in
1671 1848 1963 1910 conspectu

390 1945 485 2000 Dei
513 1954 568 1998 et
609 1953 830 2005 vestro,
879 1946 1031 1993 muto
1060 1936 1368 1991 consilium.
1410 1933 1510 2000 Qui
1550 1932 1738 1986 volunt
1764 1930 1968 1984 habere

391 2035 590 2106 aliquid
617 2033 914 2105 proprium,
943 2029 1139 2098 quibus
1165 2042 1270 2081 non
1305 2024 1501 2080 sulIicit
1525 2025 1666 2078 Deus
1688 2030 1744 2076 et
1777 2019 1965 2075 Eccle-

391 2128 470 2182 sia
498 2126 616 2196 ejus
635 2164 650 2189 ,
699 2130 955 2175 maneant
983 2119 1074 2174 ubi
1104 2117 1291 2171 volunt
1312 2155 1326 2180 ,
1370 2123 1425 2168 et
1450 2113 1538 2167 ubi
1569 2119 1830 2181 possunt;
1859 2125 1966 2164 non

391 2217 470 2270 eis
495 2213 681 2268 aufero
709 2213 1046 2266 clericatum.
1086 2207 1219 2261 Nolo
1247 2205 1446 2260 habere
1470 2201 1802 2274 hypocritas.
1859 2199 1969 2254 Ma-

391 2306 502 2360 lum
530 2316 632 2369 est,
664 2303 785 2372 quis
826 2299 1067 2356 nesciat?
1109 2297 1311 2353 malum
1336 2305 1450 2360 est,
1478 2294 1673 2349 cadere
1703 2307 1734 2346 a
1764 2305 1965 2363 propo-

391 2397 494 2451 sito
519 2411 533 2450 :
563 2397 656 2450 sed
681 2393 833 2464 pejus
860 2400 965 2456 est,
995 2389 1252 2445 simulare
1272 2386 1628 2457 propositum.
1653 2383 1794 2438 Ecce
1820 2381 1964 2446 dico,

390 2490 608 2544 audite:
637 2487 740 2554 Qui
787 2485 1104 2540 societatem
1145 2478 1451 2535 communis
1485 2476 1610 2530 vita:
1643 2475 1758 2545 jam
1785 2486 1970 2529 susce-

389 2589 558 2650 ptam,
588 2595 706 2648 quze
737 2577 986 2631 laudatur
1008 2575 1060 2628 in
1089 2571 1453 2643 apostolorum
1481 2568 1706 2624 Actibus
1739 2565 1895 2638 (Cap.
1928 2579 1967 2619 ιι

390 2681 436 2724 et
462 2671 560 2737 iv),
593 2669 813 2732 deserit,
843 2681 874 2719 a
894 2673 1020 2718 voto
1045 2679 1143 2718 suo
1164 2662 1331 2726 cadit,
1361 2675 1391 2713 a
1417 2657 1758 2729 professione
1778 2662 1967 2711 sancta

390 2760 608 2814 decidit.
650 2758 916 2812 Observet
958 2753 1232 2822 judicem,
1291 2752 1386 2806 sed
1430 2751 1630 2814 Deum,
1669 2763 1777 2802 non
1829 2757 1966 2799 me:

391 2866 520 2920 ergo
543 2851 592 2905 ei
624 2865 731 2904 non
771 2846 959 2904 aufero
985 2845 1334 2909 clericatum;
1365 2851 1627 2913 quantum
1659 2840 1733 2895 sit
1759 2838 1972 2908 pericu-

392 2942 527 3005 lum,
559 2948 685 2994 ante
714 2937 902 2993 oculos
932 2937 1048 3006 ejus
1085 2934 1258 3004 posui,
1295 2933 1460 2987 faciat
1487 2929 1785 3009 quodvult.
1829 2926 1968 2982 Novi

392 3030 559 3093 enim,
587 3029 713 3098 quia
746 3027 789 3082 si
819 3026 1054 3095 aliquem
1093 3023 1193 3078 hoc
1231 3022 1516 3078 facientem
1550 3019 1847 3090 degradare
1875 3032 1969 3072 vo-

2067 1840 2232 1905 vires,
2258 1855 2365 1893 non
2396 1855 2494 1894 vos
2542 1840 2753 1895 desero.
2813 1839 2976 1896 Orate
3003 1856 3101 1911 pro
3127 1855 3245 1905 me,
3292 1850 3350 1894 ut
3379 1851 3644 1911 quantum

2067 1933 2210 1989 inest
2231 1934 2414 1988 anima
2447 1935 2500 1990 in
2544 1936 2648 1992 hoc
2674 1951 2933 2006 corpore,
2975 1947 3031 1991 et
3066 1937 3472 2006 qualescunque
3500 1938 3644 1993 vim

2069 2033 2378 2095 suppetunt,
2417 2026 2471 2078 in
2501 2027 2668 2081 verbo
2693 2026 2790 2080 Dei
2815 2027 3049 2082 serviam
3076 2028 3247 2082 vobis.
3276 2029 3471 2082 Amen.

2639 2137 2867 2195 CAPUT
2901 2138 3081 2194 CXIII.

2139 2205 2418 2276 (Eiusdem
2442 2224 2612 2262 sermo
2639 2209 2693 2274 2,
2719 2209 2784 2263 de
2815 2208 2931 2263 Vita
2954 2220 3002 2264 et
3030 2211 3262 2264 moribus
3292 2211 3644 2282 clericorum.)

2069 2292 2333 2349 Cbaritati
2375 2305 2570 2352 vestra:
2607 2297 2769 2353 hodie
2807 2298 2872 2352 de
2922 2299 3078 2354 nobis
3126 2299 3256 2368 ipsis
3300 2316 3480 2355 sermo
3525 2304 3646 2356 red-

2069 2387 2276 2443 dendus
2303 2397 2408 2444 est.
2441 2389 2577 2457 Quia
2603 2391 2748 2446 enim
2775 2432 2789 2457 ,
2818 2401 2879 2446 ut
2909 2393 2985 2446 ait
3013 2393 3331 2463 Apostolus,
3365 2394 3645 2465 Spectacu-

2068 2475 2178 2530 lum
2207 2478 2336 2548 facti
2364 2496 2546 2534 sumus
2577 2481 2793 2548 mundo,
2825 2491 2873 2536 et
2903 2484 3135 2553 angelis,
3169 2493 3215 2537 et
3245 2485 3543 2538 hominibus
3578 2483 3646 2554 (1

2069 2567 2192 2622 Cor.
2225 2584 2276 2622 ιν
2302 2567 2354 2640 ),
2387 2571 2479 2640 qui
2512 2586 2613 2626 nos
2643 2581 2856 2637 amant,
2891 2583 3140 2642 quzerunt
3171 2575 3311 2643 quod
3349 2575 3568 2630 laudent
3596 2577 3642 2631 in

2069 2659 2269 2715 nobis:
2311 2663 2404 2732 qui
2439 2670 2620 2717 autem
2670 2679 2768 2718 nos
2831 2664 3096 2726 oderunt,
3141 2665 3438 2720 detrahunt
3473 2667 3634 2720 nobis.

2068 2755 2178 2810 Nos
2214 2763 2394 2809 autem
2431 2754 2484 2808 in
2523 2764 2754 2825 utroque
2793 2755 2971 2809 medio
3010 2756 3324 2821 constituti,
3365 2755 3636 2824 adjuvante

2067 2850 2295 2906 Domino
2333 2849 2444 2904 Deo
2479 2859 2702 2916 nostro,
2744 2858 2797 2905 et
2836 2852 3002 2905 vitam
3045 2861 3283 2906 nostram
3307 2893 3322 2916 ,
3363 2862 3417 2906 et
3455 2853 3633 2907 famam

2067 2947 2309 2994 nostram
2344 2940 2423 2994 sic
2449 2940 2720 2996 custodire
2756 2939 3050 3005 debemus,
3089 2949 3148 2995 ut
3186 2957 3294 2996 non
3328 2945 3635 2998 erubescant

2069 3029 2136 3084 de
2165 3030 2562 3084 detractoribus
2590 3030 2916 3085 laudatores.
2951 3029 3232 3097 Quomodo
3260 3041 3442 3087 autem
3473 3034 3635 3087 vivere

392 3120 564 3183 luero,
595 3133 698 3172 non
723 3119 772 3171 ei
803 3117 1032 3170 deerunt
1053 3112 1287 3183 patroni,
1317 3127 1422 3166 non
1451 3111 1500 3165 ei
1530 3110 1758 3164 deerunt
1782 3107 1970 3163 suﬂ‘ra—
1994 3115 2039 3177 α
2073 3120 2319 3184 velimus,
2343 3121 2613 3190 quomodo
2638 3121 2751 3176 Deo
2776 3122 3010 3191 propitio
3028 3120 3140 3188 jam
3171 3123 3440 3189 vivamus,
3466 3139 3636 3193 qnam-

393 3218 626 3280 gatores,
651 3216 706 3261 et
738 3207 847 3272 hic,
880 3213 936 3258 et
968 3203 1110 3273 apud
1133 3203 1436 3272 episcopos,
1465 3200 1557 3270 qui
1585 3199 1802 3254 dicant:
1828 3197 1969 3264 Quid

393 3299 519 3354 mali
560 3298 726 3353 fecit?
770 3313 874 3350 non
904 3302 1081 3366 potest
1108 3302 1285 3348 tecum
1316 3292 1550 3348 tolerare
1576 3291 1742 3344 vitam
1782 3290 1966 3353 istam,
2021 3311 2028 3314 -

391 3401 545 3444 extra
582 3389 892 3458 episcopum
927 3384 1039 3439 vult
1086 3397 1326 3448 manere,
1373 3383 1439 3436 de
1482 3380 1703 3451 proprio
1739 3380 1922 3434 vivere
1953 3396 1967 3432 :

394 3481 588 3534 ideone
623 3479 784 3533 debet
823 3477 1051 3546 perdere
1094 3473 1448 3529 clericatum?
1489 3472 1602 3542 Ego
1638 3471 1771 3536 scio,
1801 3486 1973 3541 quan-

393 3579 506 3625 tum
531 3571 656 3626 mali
688 3571 794 3633 sit,
847 3569 1090 3638 profiteri
1115 3575 1364 3622 sanctum
1393 3564 1618 3634 aliquid,
1657 3577 1758 3618 nec
1782 3563 1974 3632 imple-

393 3679 473 3718 re.
524 3663 734 3727 Vovete,
781 3661 986 3732 inquit,
1037 3671 1086 3715 et
1128 3660 1326 3715 reddite
1365 3657 1594 3712 Domino
1642 3654 1755 3708 Deo
1803 3662 1971 3707 vestro

395 3755 565 3826 (Psal.
598 3753 830 3824 Lxxm):
877 3761 948 3817 et,
996 3751 1187 3806 Melius
1210 3761 1284 3805 est
1309 3768 1412 3804 non
1454 3764 1657 3812 vovere,
1687 3763 1844 3816 quam
1880 3761 1970 3799 vo-

394 3859 509 3896 vere
550 3852 596 3894 et
641 3860 745 3896 non
776 3841 990 3894 reddere
1027 3839 1196 3910 (Eccl.
1231 3839 1306 3910 ν).
1347 3840 1512 3908 Virgo
1538 3846 1592 3892 et
1619 3837 1665 3892 si
1691 3851 1970 3905 nunquam

395 3930 558 3983 fuerit
592 3931 646 3983 in
674 3931 1037 3994 monasterio,
1065 3939 1120 3984 et
1143 3930 1296 3998 virgo
1330 3944 1483 3983 sacra
1517 3939 1630 3993 est;
1663 3929 1869 3984 nubere
1895 3927 1972 3983 illi

393 4037 502 4076 non
530 4021 691 4085 licet,
728 4035 847 4077 esse
890 4022 943 4075 in
991 4021 1320 4076 monasterio
1363 4035 1470 4074 non
1511 4021 1872 4090 compellitur.
1914 4021 1972 4076 Si

396 4123 576 4168 autem
606 4113 770 4184 coepit
797 4128 916 4168 esse
960 4113 1014 4166 in
1059 4113 1410 4178 monasterio,
1445 4122 1501 4168 et
1527 4113 1784 4178 deseruit,
1810 4122 1864 4168 et
1897 4124 1974 4168 ta-

395 4224 518 4263 men
546 4209 698 4278 virgo
723 4215 829 4272 est,
854 4206 1075 4260 dimidia
1108 4206 1234 4261 ruit.
1273 4205 1366 4260 Sic
1393 4214 1448 4260 et
1475 4205 1708 4260 clericus
1729 4205 1864 4260 duas
1888 4221 1976 4260 res

397 4300 676 4369 professus
703 4307 811 4364 est,
833 4307 888 4353 et
909 4299 1273 4363 sanctitatem,
1289 4306 1344 4352 et
1371 4297 1716 4363 clericatum;
1746 4297 1975 4351 interius

398 4391 762 4446 sanctitatem.
786 4388 922 4442 Nam
949 4389 1264 4444 clericatum
1295 4396 1515 4458 propter
1535 4388 1788 4459 populum
1816 4403 1973 4442 suum

2072 3211 2154 3265 vis
2189 3212 2256 3265 de
2291 3211 2571 3280 Scriptura
2609 3221 2794 3266 sancta
2834 3213 2988 3266 multi
3026 3215 3286 3268 noveritis
3312 3257 3325 3279 ,
3367 3226 3541 3271 tamen
3575 3214 3636 3270 ad

2072 3302 2576 3356 commemorandos
2604 3316 2729 3365 vos,
2763 3302 2876 3372 ipsa
2908 3302 2976 3357 de
3010 3303 3149 3357 libro
3179 3303 3412 3358 Actuum
3443 3313 3637 3375 aposto-

2072 3391 2245 3447 lorum
2273 3392 2424 3447 vobis
2451 3391 2610 3448 lectio
2639 3393 2973 3458 recitahitur,
2998 3403 3058 3448 ut
3079 3394 3308 3450 videatis
3333 3396 3426 3451 ubi
3455 3396 3637 3450 descri-

2070 3491 2164 3553 pta
2213 3484 2282 3537 sit
2328 3484 2532 3549 forma,
2584 3499 2746 3554 quam
2794 3485 3168 3540 desideramus
3217 3487 3463 3557 implere.
3515 3490 3634 3543 Dum

2072 3588 2204 3644 ergo
2239 3576 2520 3638 recitatur,
2559 3590 2655 3629 vos
2691 3575 3086 3632 intentissimos
3112 3591 3232 3632 esse
3260 3578 3384 3634 volo
3405 3621 3418 3642 ,
3451 3590 3506 3633 ut
3533 3590 3638 3650 post

2071 3663 2188 3733 ejus
2211 3666 2581 3720 recitationem
2598 3709 2610 3728 ,
2636 3667 2777 3735 quod
2797 3668 3051 3722 constitui
3076 3669 3289 3737 loquar,
3315 3670 3537 3724 Domino
3558 3671 3638 3724 de.

2072 3764 2267 3817 nante,
2303 3755 2585 3808 intentioni
2612 3765 2827 3811 vestrae.
2859 3756 3104 3827 Cumque
3132 3759 3393 3814 diaconus
3423 3760 3638 3814 Lazarus

2075 3845 2278 3915 legeret
2308 3861 2321 3896 :
2355 3843 2485 3896 Cum
2517 3854 2781 3909 orassent,
2816 3857 2985 3899 motus
3015 3857 3090 3900 est
3119 3847 3263 3900 locus
3295 3849 3348 3901 in
3378 3867 3478 3919 quo
3506 3857 3640 3902 erant

2075 3936 2402 4007 congregati,
2433 3945 2479 3989 et
2509 3935 2704 4006 impleti
2733 3947 2851 3991 sunt
2897 3955 3075 3992 omnes
3113 3939 3314 4008 Spiritu
3356 3953 3535 3994 sancto
3555 3983 3568 4004 ,
3599 3949 3643 3993 et

2074 4026 2420 4106 loquebantur
2461 4027 2667 4080 verbum
2717 4026 2811 4080 Dei
2853 4044 2971 4080 cum
3013 4028 3211 4095 fiducia
3252 4032 3398 4082 omni
3446 4030 3639 4084 colenti.

2078 4116 2440 4170 Multitudinis
2465 4127 2641 4169 autem
2665 4116 2981 4170 credentium
3011 4128 3122 4171 erat
3151 4119 3329 4171 anima
3359 4137 3468 4172 una
3497 4129 3543 4173 et
3565 4135 3645 4173 cor

2073 4221 2280 4262 unum:
2313 4217 2361 4260 et
2405 4222 2555 4261 nemo
2596 4223 2775 4259 eorum
2815 4223 2932 4277 quia
2957 4208 3282 4276 possidebat,
3317 4209 3521 4261 dicebat
3550 4207 3643 4261 ali-

2075 4298 2200 4368 quid
2231 4314 2384 4351 suum
2427 4313 2564 4359 esse,
2601 4297 2690 4350 sed
2719 4307 2866 4350 erant
2897 4297 3002 4350 illis
3034 4299 3209 4351 onmia
3236 4300 3552 4352 communia.
3584 4297 3647 4352 Et

2075 4391 2263 4443 virtute
2302 4406 2492 4459 magna
2523 4388 2807 4441 reddebant
2836 4389 3189 4442 testimonium
3221 4391 3449 4459 apostoli
3483 4407 3646 4444 resur-

396 4481 543 4536 Deus
591 4481 848 4552 imposuit
892 4482 1196 4536 cervicibus
1237 4482 1424 4550 ipsius.
1488 4481 1655 4552 Magis
1692 4496 1831 4535 onus
1867 4489 1972 4545 est,
2001 4479 2052 4536 D
2080 4481 2321 4534 rectionis
2361 4479 2574 4532 Domini
2613 4478 2772 4532 Jesu.
2805 4479 3076 4548 gratiaque
3118 4496 3309 4548 magna
3349 4493 3465 4534 erat
3506 4497 3649 4550 super

398 4587 560 4639 quam
591 4573 782 4626 honor.
827 4569 935 4625 Sed
981 4572 1104 4641 quis
1143 4571 1392 4640 sapiens,
1440 4579 1497 4624 et
1544 4571 1792 4639 intelligit
1819 4571 1975 4625 haec?

398 4662 538 4732 Ergo
558 4663 835 4731 professus
866 4671 949 4716 est
974 4663 1317 4716 sanctitatem
1345 4701 1359 4726 ,
1407 4660 1684 4730 professus
1713 4668 1797 4714 est
1836 4675 1980 4714 com-

399 4756 636 4810 muniter
676 4754 892 4808 vivendi
938 4754 1288 4808 societatem:
1339 4750 1616 4822 professus
1663 4758 1765 4812 est,
1809 4765 1973 4820 quam

399 4844 600 4898 bonum
626 4852 682 4898 et
704 4859 866 4913 quam
891 4841 1192 4910 jucundum
1215 4843 1462 4896 habitare
1493 4840 1692 4894 fratres
1716 4839 1768 4893 in
1789 4855 1974 4893 unum.

402 4933 461 4987 Si
489 4932 558 4985 ab
577 4933 678 4986 hoc
703 4934 979 5002 proposito
1007 4933 1270 4987 ceciderit
1299 4943 1356 4985 et
1385 4940 1538 4984 extra
1562 4945 1788 4984 manens
1818 4930 1978 4984 cleri-

401 5037 498 5078 cus
528 5022 710 5088 fuerit,
743 5023 999 5078 dimidius
1044 5032 1100 5078 et
1145 5024 1258 5090 ipse
1303 5022 1519 5076 cecidit.
1575 5019 1713 5086 Quid
1755 5021 1821 5074 ad
1853 5022 1979 5075 me?

403 5129 510 5172 non
537 5129 658 5169 eum
684 5112 886 5181 judico.
952 5114 1010 5169 Si
1044 5113 1176 5168 foris
1203 5122 1386 5168 servat
1417 5113 1795 5177 sanctitatem,
1823 5111 1981 5166 dimi-

404 5207 526 5262 dius
548 5206 764 5261 cecidit.
810 5205 865 5260 Si
897 5206 1041 5260 intus
1081 5206 1334 5261 habuerit
1369 5206 1801 5271 simulationem,
1833 5212 1982 5258 totus

404 5298 618 5355 cecidit.
681 5296 814 5351 Nolo
842 5297 1038 5351 habeat
1069 5298 1448 5352 necessitatem
1493 5296 1802 5352 simulandi.
1848 5293 1977 5349 Scio

406 5389 676 5463 quomodo
720 5387 966 5443 homines
1015 5395 1198 5442 ament
1237 5388 1572 5444 clericatum.
1611 5385 1822 5440 Nemini
1853 5400 1978 5439 eum

407 5484 534 5539 tollo
560 5481 759 5538 nolenti
787 5495 996 5535 mecum
1018 5481 1379 5535 communiter
1393 5481 1573 5534 vivere
1599 5493 1612 5530 :
1637 5476 1798 5532 habet
1818 5475 1984 5528 Deum

407 5574 496 5641 qui
528 5587 740 5627 mecum
768 5586 988 5626 manere
1012 5570 1144 5625 vult.
1187 5570 1245 5625 Si
1287 5579 1510 5640 paratus
1535 5578 1621 5623 est
1644 5566 1793 5638 pasci
1819 5581 1849 5618 a
1876 5565 1988 5619 Deo

407 5678 503 5730 per
532 5663 816 5716 ecclesiam
849 5663 1045 5731 ipsius,
1077 5677 1183 5717 non
1225 5662 1425 5718 habere
1453 5661 1652 5731 aliquid
1686 5658 1982 5730 proprium,

2077 4589 2253 4626 omnes
2290 4571 2427 4624 illos.
2482 4570 2664 4642 Neque
2709 4572 2844 4625 enim
2888 4589 3047 4641 agens
3091 4574 3364 4642 quisquam
3396 4573 3495 4642 fuit
3525 4575 3648 4625 inter

2078 4661 2215 4715 illos.
2252 4659 2516 4730 Quotquot
2547 4661 2683 4714 enim
2723 4677 3044 4730 possessores
3085 4661 3408 4728 prmdiorum
3455 4661 3530 4714 rel
3564 4660 3646 4711 do-

2079 4769 2284 4807 morum
2311 4762 2458 4806 erant
2481 4793 2495 4815 ,
2522 4751 2802 4805 uendentes
2830 4751 3116 4818 aﬂ‘ercbant
3144 4751 3311 4818 pretia
3337 4751 3579 4813 illorum,
3605 4759 3647 4802 et

2080 4845 2340 4916 ponebant
2367 4854 2485 4898 ante
2514 4844 2666 4912 pedes
2693 4841 3048 4912 apostolorum
3073 4883 3086 4905 ,
3121 4842 3537 4895 distribuebatur
3559 4858 3649 4894 au-

2082 4945 2184 4989 tem
2209 4933 2448 5004 singulis,
2480 4943 2632 5002 prout
2662 4933 2846 5002 cuique
2873 4948 3002 5000 opus
3032 4942 3143 4985 erat
3173 4932 3322 5000 (Act.
3356 4933 3469 5001 tv).
3503 4931 3652 4985 Cum—

2083 5042 2187 5096 que
2226 5026 2464 5080 Lazarus
2495 5023 2755 5078 diaconus
2794 5023 3092 5086 recitaret,
3129 5033 3184 5075 et
3218 5022 3478 5090 episcopo
3511 5019 3650 5074 cedi-

2083 5131 2203 5171 cem
2239 5113 2583 5175 tradidisset,
2646 5114 2870 5182 August.
2910 5116 3198 5185 episcopus
3233 5115 3372 5168 dixit
3407 5135 3419 5167 :
3464 5115 3530 5168 Et
3561 5127 3654 5184 ego

2086 5208 2265 5279 legere
2292 5205 2412 5260 volo
2442 5222 2454 5256 ι
2488 5204 2608 5273 plus
2637 5205 2780 5258 enim
2811 5220 2895 5258 me
2920 5205 3155 5259 delectat
3183 5203 3342 5273 hujus
3365 5205 3517 5260 verbi
3543 5216 3656 5258 esse

2085 5299 2340 5354 lectorem
2363 5336 2379 5361 ,
2409 5310 2570 5366 quam
2598 5296 2750 5349 verbi
2783 5297 2888 5349 mei
2917 5296 3328 5366 disputatorem.
3359 5296 3494 5350 Cum
3521 5310 3654 5350 oras-

2087 5399 2198 5445 sent
2217 5431 2232 5456 ,
2259 5399 2430 5443 motus
2457 5396 2532 5441 est
2559 5386 2707 5441 locus
2734 5388 2788 5440 in
2814 5403 2915 5457 quo
2943 5397 3091 5440 erant
3133 5389 3468 5456 congregati,
3496 5396 3541 5438 et
3568 5387 3658 5437 im-

2090 5481 2216 5550 pleti
2245 5495 2419 5533 omnes
2450 5477 2656 5548 Spiritu
2695 5487 2902 5539 sancto,
2939 5476 3283 5546 loquebantur
3318 5477 3531 5530 verbum
3567 5473 3657 5526 Dei

2094 5587 2211 5624 cum
2247 5570 2445 5638 ﬁducia
2486 5570 2627 5622 omni
2664 5569 2870 5623 volenti.
2926 5567 3286 5621 Multitudinis
3333 5577 3508 5620 autem
3557 5580 3660 5618 creo

2095 5659 2327 5712 dentium
2357 5668 2502 5712 erant
2534 5659 2712 5712 anima
2748 5675 2851 5711 una
2881 5668 2928 5710 et
2956 5673 3048 5709 cor
3071 5672 3232 5708 «niam
3257 5672 3274 5710 :
3311 5655 3376 5709 Et
3407 5672 3554 5709 nemo
3582 5668 3660 5706 ea-
