  <div class='ocr_page' id='page_1' title='image "/cluster/home/n/w/nwhite01/storage/ocr_20150623/105/hvd.32044054759709/458.png"; bbox 0 0 3884 6192; ppageno 0'>
   <div class='ocr_carea' id='block_1_1' title="bbox 291 267 403 326">
    <p class='ocr_par' dir='ltr' id='par_1_1' title="bbox 291 267 403 326">
     <span class='ocr_line' id='line_1_1' title="bbox 291 267 403 326; baseline 0 0"><span class='ocrx_word' id='word_1_1' title='bbox 291 267 403 326; x_wconf 73' lang='lat'><strong><em>905</em></strong></span> 
     </span>
    </p>
   </div>
   <div class='ocr_carea' id='block_1_2' title="bbox 849 265 2951 324">
    <p class='ocr_par' dir='ltr' id='par_1_2' title="bbox 849 265 2951 324">
     <span class='ocr_line' id='line_1_2' title="bbox 849 265 2951 324; baseline 0.002 -4"><span class='ocrx_word' id='word_1_2' title='bbox 849 266 1128 324; x_wconf 80' lang='lat' dir='ltr'><strong><em>REGULA</em></strong></span> <span class='ocrx_word' id='word_1_3' title='bbox 1168 266 1663 324; x_wconf 62' lang='lat' dir='ltr'><strong><em>CANONICOBUhl</em></strong></span> <span class='ocrx_word' id='word_1_4' title='bbox 1696 269 1785 321; x_wconf 78' lang='lat' dir='ltr'><strong><em>AB</em></strong></span> <span class='ocrx_word' id='word_1_5' title='bbox 1822 269 2178 322; x_wconf 65' lang='grc' dir='ltr'><strong><em>ΑΜΑιΑιὶιυ</em></strong></span> <span class='ocrx_word' id='word_1_6' title='bbox 2214 267 2512 324; x_wconf 66' lang='grc' dir='ltr'><strong><em>ωιιιεω</em></strong></span> <span class='ocrx_word' id='word_1_7' title='bbox 2529 276 2592 321; x_wconf 73' lang='grc' dir='ltr'><strong><em>Α.</em></strong></span> <span class='ocrx_word' id='word_1_8' title='bbox 2632 299 2702 307; x_wconf 90' lang='grc'><strong>-</strong></span> <span class='ocrx_word' id='word_1_9' title='bbox 2743 265 2869 322; x_wconf 84' lang='lat' dir='ltr'><strong><em>LIB.</em></strong></span> <span class='ocrx_word' id='word_1_10' title='bbox 2909 269 2951 324; x_wconf 89' lang='grc' dir='ltr'><strong><em>Ι.</em></strong></span> 
     </span>
    </p>
   </div>
   <div class='ocr_carea' id='block_1_3' title="bbox 3428 261 3533 316">
    <p class='ocr_par' dir='ltr' id='par_1_3' title="bbox 3428 261 3533 316">
     <span class='ocr_line' id='line_1_3' title="bbox 3428 261 3533 316; baseline 0 -1"><span class='ocrx_word' id='word_1_11' title='bbox 3428 261 3533 316; x_wconf 79' lang='lat'><strong><em>900</em></strong></span> 
     </span>
    </p>
   </div>
   <div class='ocr_carea' id='block_1_4' title="bbox 295 378 3522 450">
    <p class='ocr_par' dir='ltr' id='par_1_4' title="bbox 295 378 3522 450">
     <span class='ocr_line' id='line_1_4' title="bbox 295 378 3522 450; baseline 0.002 -16"><span class='ocrx_word' id='word_1_12' title='bbox 295 396 414 434; x_wconf 80' lang='lat' dir='ltr'><strong><em>runt</em></strong></span> <span class='ocrx_word' id='word_1_13' title='bbox 449 394 570 449; x_wconf 73' lang='lat' dir='ltr'><strong><em>quc</em></strong></span> <span class='ocrx_word' id='word_1_14' title='bbox 607 378 939 447; x_wconf 79' lang='lat' dir='ltr'><strong><em>possidebat,</em></strong></span> <span class='ocrx_word' id='word_1_15' title='bbox 969 380 1172 434; x_wconf 83' lang='lat' dir='ltr'><strong><em>dicebat</em></strong></span> <span class='ocrx_word' id='word_1_16' title='bbox 1199 380 1399 450; x_wconf 86' lang='lat' dir='ltr'><strong><em>aliquid</em></strong></span> <span class='ocrx_word' id='word_1_17' title='bbox 1425 397 1579 434; x_wconf 82' lang='lat' dir='ltr'><strong><em>suum</em></strong></span> <span class='ocrx_word' id='word_1_18' title='bbox 1603 397 1712 434; x_wconf 82' lang='lat' dir='ltr'><strong><em>esse</em></strong></span> <span class='ocrx_word' id='word_1_19' title='bbox 1731 420 1745 443; x_wconf 98' lang='lat'><strong><em>,</em></strong></span> <span class='ocrx_word' id='word_1_20' title='bbox 1777 381 1866 432; x_wconf 91' lang='lat' dir='ltr'><strong><em>sed</em></strong></span> <span class='ocrx_word' id='word_1_21' title='bbox 1896 390 1945 446; x_wconf 76' lang='grc' dir='ltr'><strong>Α</strong></span> <span class='ocrx_word' id='word_1_22' title='bbox 1971 381 2097 435; x_wconf 90' lang='lat' dir='ltr'><strong><em>dum</em></strong></span> <span class='ocrx_word' id='word_1_23' title='bbox 2123 389 2240 448; x_wconf 83' lang='lat' dir='ltr'><strong><em>est,</em></strong></span> <span class='ocrx_word' id='word_1_24' title='bbox 2270 391 2331 435; x_wconf 92' lang='lat' dir='ltr'><strong><em>ut</em></strong></span> <span class='ocrx_word' id='word_1_25' title='bbox 2362 382 2436 436; x_wconf 83' lang='lat' dir='ltr'><strong>illi</strong></span> <span class='ocrx_word' id='word_1_26' title='bbox 2475 383 2671 437; x_wconf 80' lang='lat' dir='ltr'><strong><em>servuli</em></strong></span> <span class='ocrx_word' id='word_1_27' title='bbox 2702 382 3027 446; x_wconf 82' lang='lat' dir='ltr'><strong><em>dividantur,</em></strong></span> <span class='ocrx_word' id='word_1_28' title='bbox 3057 392 3111 438; x_wconf 89' lang='lat' dir='ltr'><strong><em>et</em></strong></span> <span class='ocrx_word' id='word_1_29' title='bbox 3143 389 3522 442; x_wconf 74' lang='lat' dir='ltr'><strong><em>manumittan~</em></strong></span> 
     </span>
    </p>
   </div>
   <div class='ocr_carea' id='block_1_5' title="bbox 290 467 3533 546">
    <p class='ocr_par' dir='ltr' id='par_1_5' title="bbox 290 467 3533 546">
     <span class='ocr_line' id='line_1_5' title="bbox 290 467 3533 546; baseline 0.002 -22"><span class='ocrx_word' id='word_1_30' title='bbox 290 478 444 525; x_wconf 78' lang='lat' dir='ltr'><strong><em>erant</em></strong></span> <span class='ocrx_word' id='word_1_31' title='bbox 470 468 576 522; x_wconf 88' lang='lat' dir='ltr'><strong><em>illis</em></strong></span> <span class='ocrx_word' id='word_1_32' title='bbox 603 467 777 522; x_wconf 81' lang='lat' dir='ltr'><strong><em>omnia</em></strong></span> <span class='ocrx_word' id='word_1_33' title='bbox 807 471 1125 523; x_wconf 81' lang='lat' dir='ltr'><strong><em>communia.</em></strong></span> <span class='ocrx_word' id='word_1_34' title='bbox 1156 468 1224 522; x_wconf 84' lang='lat' dir='ltr'><strong><em>Et</em></strong></span> <span class='ocrx_word' id='word_1_35' title='bbox 1252 470 1439 522; x_wconf 80' lang='lat' dir='ltr'><strong><em>virtute</em></strong></span> <span class='ocrx_word' id='word_1_36' title='bbox 1463 485 1654 538; x_wconf 81' lang='lat' dir='ltr'><strong><em>magna</em></strong></span> <span class='ocrx_word' id='word_1_37' title='bbox 1683 469 1867 522; x_wconf 87' lang='lat' dir='ltr'><strong><em>redde-</em></strong></span> <span class='ocrx_word' id='word_1_38' title='bbox 1969 481 2075 536; x_wconf 91' lang='lat' dir='ltr'><strong><em>tur,</em></strong></span> <span class='ocrx_word' id='word_1_39' title='bbox 2104 482 2162 527; x_wconf 88' lang='lat' dir='ltr'><strong><em>et</em></strong></span> <span class='ocrx_word' id='word_1_40' title='bbox 2187 473 2268 528; x_wconf 90' lang='lat' dir='ltr'><strong><em>sic</em></strong></span> <span class='ocrx_word' id='word_1_41' title='bbox 2299 474 2389 528; x_wconf 89' lang='lat' dir='ltr'><strong><em>det</em></strong></span> <span class='ocrx_word' id='word_1_42' title='bbox 2422 473 2674 529; x_wconf 71' lang='lat' dir='ltr'><strong><em>Ecclesia:</em></strong></span> <span class='ocrx_word' id='word_1_43' title='bbox 2692 515 2705 538; x_wconf 93' lang='lat'><strong><em>,</em></strong></span> <span class='ocrx_word' id='word_1_44' title='bbox 2739 483 2798 528; x_wconf 93' lang='lat' dir='ltr'><strong><em>ut</em></strong></span> <span class='ocrx_word' id='word_1_45' title='bbox 2825 489 3010 530; x_wconf 89' lang='lat' dir='ltr'><strong><em>eorum</em></strong></span> <span class='ocrx_word' id='word_1_46' title='bbox 3038 477 3271 546; x_wconf 77' lang='lat' dir='ltr'><strong><em>excipiat</em></strong></span> <span class='ocrx_word' id='word_1_47' title='bbox 3304 477 3533 532; x_wconf 56' lang='lat' dir='ltr'><strong><em>alimcn.</em></strong></span> 
     </span>
    </p>
   </div>
   <div class='ocr_carea' id='block_1_6' title="bbox 292 557 1860 628">
    <p class='ocr_par' dir='ltr' id='par_1_6' title="bbox 292 557 1860 628">
     <span class='ocr_line' id='line_1_6' title="bbox 292 557 1860 628; baseline -0.003 -14"><span class='ocrx_word' id='word_1_48' title='bbox 292 562 421 614; x_wconf 76' lang='lat' dir='ltr'><strong><em>baut</em></strong></span> <span class='ocrx_word' id='word_1_49' title='bbox 442 559 800 614; x_wconf 81' lang='lat' dir='ltr'><strong><em>testimonium</em></strong></span> <span class='ocrx_word' id='word_1_50' title='bbox 819 558 1044 628; x_wconf 74' lang='lat' dir='ltr'><strong><em>apostoli</em></strong></span> <span class='ocrx_word' id='word_1_51' title='bbox 1064 559 1456 613; x_wconf 74' lang='lat' dir='ltr'><strong><em>resurrectionis</em></strong></span> <span class='ocrx_word' id='word_1_52' title='bbox 1483 557 1692 612; x_wconf 82' lang='lat' dir='ltr'><strong><em>Domini</em></strong></span> <span class='ocrx_word' id='word_1_53' title='bbox 1715 558 1860 616; x_wconf 84' lang='lat' dir='ltr'><strong><em>Jesu,</em></strong></span> 
     </span>
    </p>
   </div>
   <div class='ocr_carea' id='block_1_7' title="bbox 289 647 1862 723">
    <p class='ocr_par' dir='ltr' id='par_1_7' title="bbox 289 647 1862 723">
     <span class='ocr_line' id='line_1_7' title="bbox 289 647 1862 723; baseline -0.003 -19"><span class='ocrx_word' id='word_1_54' title='bbox 289 653 568 723; x_wconf 74' lang='lat' dir='ltr'><strong><em>gratiaque</em></strong></span> <span class='ocrx_word' id='word_1_55' title='bbox 596 666 787 719; x_wconf 82' lang='lat' dir='ltr'><strong><em>magna</em></strong></span> <span class='ocrx_word' id='word_1_56' title='bbox 813 650 925 702; x_wconf 80' lang='lat' dir='ltr'><strong><em>erat</em></strong></span> <span class='ocrx_word' id='word_1_57' title='bbox 954 666 1111 718; x_wconf 79' lang='lat' dir='ltr'><strong><em>super</em></strong></span> <span class='ocrx_word' id='word_1_58' title='bbox 1136 665 1312 703; x_wconf 84' lang='lat' dir='ltr'><strong><em>omnes</em></strong></span> <span class='ocrx_word' id='word_1_59' title='bbox 1342 648 1482 702; x_wconf 93' lang='lat' dir='ltr'><strong><em>illos.</em></strong></span> <span class='ocrx_word' id='word_1_60' title='bbox 1516 647 1698 718; x_wconf 83' lang='lat' dir='ltr'><strong><em>Neque</em></strong></span> <span class='ocrx_word' id='word_1_61' title='bbox 1725 648 1862 701; x_wconf 81' lang='lat' dir='ltr'><strong><em>enim</em></strong></span> 
     </span>
    </p>
   </div>
   <div class='ocr_carea' id='block_1_8' title="bbox 290 739 1866 814">
    <p class='ocr_par' dir='ltr' id='par_1_8' title="bbox 290 739 1866 814">
     <span class='ocr_line' id='line_1_8' title="bbox 290 739 1866 814; baseline -0.004 -16"><span class='ocrx_word' id='word_1_62' title='bbox 290 760 447 814; x_wconf 83' lang='lat' dir='ltr'><strong><em>egens</em></strong></span> <span class='ocrx_word' id='word_1_63' title='bbox 467 743 743 812; x_wconf 84' lang='lat' dir='ltr'><strong><em>quisquam</em></strong></span> <span class='ocrx_word' id='word_1_64' title='bbox 767 741 865 808; x_wconf 76' lang='lat' dir='ltr'><strong><em>fuit</em></strong></span> <span class='ocrx_word' id='word_1_65' title='bbox 890 741 1026 793; x_wconf 86' lang='lat' dir='ltr'><strong><em>inter</em></strong></span> <span class='ocrx_word' id='word_1_66' title='bbox 1046 739 1186 794; x_wconf 88' lang='lat' dir='ltr'><strong><em>illos.</em></strong></span> <span class='ocrx_word' id='word_1_67' title='bbox 1212 739 1475 810; x_wconf 85' lang='lat' dir='ltr'><strong><em>Quotquot</em></strong></span> <span class='ocrx_word' id='word_1_68' title='bbox 1499 740 1637 792; x_wconf 84' lang='lat' dir='ltr'><strong><em>enim</em></strong></span> <span class='ocrx_word' id='word_1_69' title='bbox 1665 755 1866 807; x_wconf 86' lang='lat' dir='ltr'><strong><em>posses-</em></strong></span> 
     </span>
    </p>
   </div>
   <div class='ocr_carea' id='block_1_9' title="bbox 288 830 1866 904">
    <p class='ocr_par' dir='ltr' id='par_1_9' title="bbox 288 830 1866 904">
     <span class='ocr_line' id='line_1_9' title="bbox 288 830 1866 904; baseline -0.004 -15"><span class='ocrx_word' id='word_1_70' title='bbox 288 853 436 890; x_wconf 86' lang='lat' dir='ltr'><strong><em>sores</em></strong></span> <span class='ocrx_word' id='word_1_71' title='bbox 464 834 786 904; x_wconf 78' lang='lat' dir='ltr'><strong><em>prtediorum</em></strong></span> <span class='ocrx_word' id='word_1_72' title='bbox 812 831 889 886; x_wconf 79' lang='lat' dir='ltr'><strong><em>vel</em></strong></span> <span class='ocrx_word' id='word_1_73' title='bbox 915 832 1193 886; x_wconf 86' lang='lat' dir='ltr'><strong><em>domorum</em></strong></span> <span class='ocrx_word' id='word_1_74' title='bbox 1221 841 1368 885; x_wconf 83' lang='lat' dir='ltr'><strong><em>erant</em></strong></span> <span class='ocrx_word' id='word_1_75' title='bbox 1386 871 1401 896; x_wconf 96' lang='lat'><strong><em>,</em></strong></span> <span class='ocrx_word' id='word_1_76' title='bbox 1431 831 1704 886; x_wconf 75' lang='lat' dir='ltr'><strong><em>uendentes</em></strong></span> <span class='ocrx_word' id='word_1_77' title='bbox 1736 830 1866 897; x_wconf 75' lang='lat' dir='ltr'><strong><em>a/fe-</em></strong></span> 
     </span>
    </p>
   </div>
   <div class='ocr_carea' id='block_1_10' title="bbox 290 917 1865 994">
    <p class='ocr_par' dir='ltr' id='par_1_10' title="bbox 290 917 1865 994">
     <span class='ocr_line' id='line_1_10' title="bbox 290 917 1865 994; baseline -0.007 -16"><span class='ocrx_word' id='word_1_78' title='bbox 290 925 474 978; x_wconf 80' lang='lat' dir='ltr'><strong><em>rebaut</em></strong></span> <span class='ocrx_word' id='word_1_79' title='bbox 515 922 684 994; x_wconf 79' lang='lat' dir='ltr'><strong><em>pretia</em></strong></span> <span class='ocrx_word' id='word_1_80' title='bbox 724 938 905 975; x_wconf 87' lang='lat' dir='ltr'><strong><em>eorum</em></strong></span> <span class='ocrx_word' id='word_1_81' title='bbox 924 960 940 985; x_wconf 93' lang='lat'><strong><em>,</em></strong></span> <span class='ocrx_word' id='word_1_82' title='bbox 967 931 1014 974; x_wconf 89' lang='lat' dir='ltr'><strong><em>et</em></strong></span> <span class='ocrx_word' id='word_1_83' title='bbox 1041 921 1301 988; x_wconf 78' lang='lat' dir='ltr'><strong><em>ponebant</em></strong></span> <span class='ocrx_word' id='word_1_84' title='bbox 1329 928 1451 972; x_wconf 86' lang='lat' dir='ltr'><strong><em>ante</em></strong></span> <span class='ocrx_word' id='word_1_85' title='bbox 1477 917 1629 987; x_wconf 84' lang='lat' dir='ltr'><strong><em>pedes</em></strong></span> <span class='ocrx_word' id='word_1_86' title='bbox 1657 927 1865 985; x_wconf 85' lang='lat' dir='ltr'><strong><em>aposto-</em></strong></span> 
     </span>
    </p>
   </div>
   <div class='ocr_carea' id='block_1_11' title="bbox 287 1007 1864 1078">
    <p class='ocr_par' dir='ltr' id='par_1_11' title="bbox 287 1007 1864 1078">
     <span class='ocr_line' id='line_1_11' title="bbox 287 1007 1864 1078; baseline -0.006 -11"><span class='ocrx_word' id='word_1_87' title='bbox 287 1015 499 1078; x_wconf 82' lang='lat' dir='ltr'><strong><em>lorum,</em></strong></span> <span class='ocrx_word' id='word_1_88' title='bbox 524 1011 943 1066; x_wconf 67' lang='lat' dir='ltr'><strong><em>distribuebatur</em></strong></span> <span class='ocrx_word' id='word_1_89' title='bbox 983 1021 1157 1064; x_wconf 82' lang='lat' dir='ltr'><strong><em>autem</em></strong></span> <span class='ocrx_word' id='word_1_90' title='bbox 1198 1008 1438 1078; x_wconf 76' lang='lat' dir='ltr'><strong><em>singulis,</em></strong></span> <span class='ocrx_word' id='word_1_91' title='bbox 1480 1016 1634 1078; x_wconf 84' lang='lat' dir='ltr'><strong><em>prout</em></strong></span> <span class='ocrx_word' id='word_1_92' title='bbox 1677 1007 1864 1075; x_wconf 86' lang='lat' dir='ltr'><strong><em>cuique</em></strong></span> 
     </span>
    </p>
   </div>
   <div class='ocr_carea' id='block_1_12' title="bbox 287 1097 1864 1172">
    <p class='ocr_par' dir='ltr' id='par_1_12' title="bbox 287 1097 1864 1172">
     <span class='ocr_line' id='line_1_12' title="bbox 287 1097 1864 1172; baseline -0.004 -16"><span class='ocrx_word' id='word_1_93' title='bbox 287 1120 420 1172; x_wconf 83' lang='lat' dir='ltr'><strong><em>opus</em></strong></span> <span class='ocrx_word' id='word_1_94' title='bbox 455 1111 586 1156; x_wconf 87' lang='lat' dir='ltr'><strong><em>erat.</em></strong></span> <span class='ocrx_word' id='word_1_95' title='bbox 622 1100 864 1170; x_wconf 85' lang='lat' dir='ltr'><strong><em>Cumque</em></strong></span> <span class='ocrx_word' id='word_1_96' title='bbox 893 1101 1178 1170; x_wconf 89' lang='lat' dir='ltr'><strong><em>episcopus</em></strong></span> <span class='ocrx_word' id='word_1_97' title='bbox 1209 1099 1458 1170; x_wconf 86' lang='lat' dir='ltr'><strong><em>legisset,</em></strong></span> <span class='ocrx_word' id='word_1_98' title='bbox 1489 1098 1626 1152; x_wconf 78' lang='lat' dir='ltr'><strong><em>dixit</em></strong></span> <span class='ocrx_word' id='word_1_99' title='bbox 1654 1115 1667 1150; x_wconf 89' lang='lat'><strong>:</strong></span> <span class='ocrx_word' id='word_1_100' title='bbox 1698 1097 1864 1150; x_wconf 84' lang='lat' dir='ltr'><strong><em>Audi-</em></strong></span> 
     </span>
    </p>
   </div>
   <div class='ocr_carea' id='block_1_13' title="bbox 287 1189 1859 1260">
    <p class='ocr_par' dir='ltr' id='par_1_13' title="bbox 287 1189 1859 1260">
     <span class='ocr_line' id='line_1_13' title="bbox 287 1189 1859 1260; baseline -0.003 -14"><span class='ocrx_word' id='word_1_101' title='bbox 287 1192 390 1246; x_wconf 82' lang='lat' dir='ltr'><strong><em>stis</em></strong></span> <span class='ocrx_word' id='word_1_102' title='bbox 417 1192 547 1260; x_wconf 90' lang='lat' dir='ltr'><strong><em>quid</em></strong></span> <span class='ocrx_word' id='word_1_103' title='bbox 569 1191 822 1254; x_wconf 85' lang='lat' dir='ltr'><strong>velimus,</strong></span> <span class='ocrx_word' id='word_1_104' title='bbox 845 1199 999 1245; x_wconf 89' lang='lat' dir='ltr'><strong><em>orate</em></strong></span> <span class='ocrx_word' id='word_1_105' title='bbox 1021 1198 1081 1244; x_wconf 90' lang='lat' dir='ltr'><strong><em>ut</em></strong></span> <span class='ocrx_word' id='word_1_106' title='bbox 1103 1191 1389 1259; x_wconf 86' lang='lat' dir='ltr'><strong><em>possimus.</em></strong></span> <span class='ocrx_word' id='word_1_107' title='bbox 1415 1189 1652 1260; x_wconf 84' lang='lat' dir='ltr'><strong><em>Contigit</em></strong></span> <span class='ocrx_word' id='word_1_108' title='bbox 1680 1196 1859 1242; x_wconf 88' lang='lat' dir='ltr'><strong><em>autem</em></strong></span> 
     </span>
    </p>
   </div>
   <div class='ocr_carea' id='block_1_14' title="bbox 283 1279 1862 1352">
    <p class='ocr_par' dir='ltr' id='par_1_14' title="bbox 283 1279 1862 1352">
     <span class='ocr_line' id='line_1_14' title="bbox 283 1279 1862 1352; baseline -0.004 -14"><span class='ocrx_word' id='word_1_109' title='bbox 283 1281 533 1352; x_wconf 59' lang='lat' dir='ltr'><strong><em>quaedam</em></strong></span> <span class='ocrx_word' id='word_1_110' title='bbox 559 1282 880 1346; x_wconf 86' lang='lat' dir='ltr'><strong><em>necessitas,</em></strong></span> <span class='ocrx_word' id='word_1_111' title='bbox 902 1289 961 1335; x_wconf 92' lang='lat' dir='ltr'><strong><em>ut</em></strong></span> <span class='ocrx_word' id='word_1_112' title='bbox 985 1281 1100 1336; x_wconf 77' lang='lat' dir='ltr'><strong><em>haec</em></strong></span> <span class='ocrx_word' id='word_1_113' title='bbox 1123 1281 1431 1350; x_wconf 87' lang='lat' dir='ltr'><strong><em>diligentius</em></strong></span> <span class='ocrx_word' id='word_1_114' title='bbox 1457 1296 1694 1348; x_wconf 77' lang='lat' dir='ltr'><strong><em>agerem.</em></strong></span> <span class='ocrx_word' id='word_1_115' title='bbox 1719 1279 1862 1346; x_wconf 88' lang='lat' dir='ltr'><strong><em>Quo-</em></strong></span> 
     </span>
    </p>
   </div>
   <div class='ocr_carea' id='block_1_15' title="bbox 286 1371 1861 1444">
    <p class='ocr_par' dir='ltr' id='par_1_15' title="bbox 286 1371 1861 1444">
     <span class='ocr_line' id='line_1_15' title="bbox 286 1371 1861 1444; baseline -0.003 -15"><span class='ocrx_word' id='word_1_116' title='bbox 286 1375 434 1429; x_wconf 84' lang='lat' dir='ltr'><strong>niam</strong></span> <span class='ocrx_word' id='word_1_117' title='bbox 464 1373 606 1429; x_wconf 83' lang='lat' dir='ltr'><strong><em>sicut</em></strong></span> <span class='ocrx_word' id='word_1_118' title='bbox 624 1371 740 1442; x_wconf 86' lang='lat' dir='ltr'><strong><em>jam</em></strong></span> <span class='ocrx_word' id='word_1_119' title='bbox 787 1374 976 1435; x_wconf 85' lang='lat' dir='ltr'><strong><em>nostis,</em></strong></span> <span class='ocrx_word' id='word_1_120' title='bbox 1005 1372 1288 1444; x_wconf 84' lang='lat' dir='ltr'><strong><em>presbyter</em></strong></span> <span class='ocrx_word' id='word_1_121' title='bbox 1312 1374 1366 1428; x_wconf 91' lang='lat' dir='ltr'><strong><em>in</em></strong></span> <span class='ocrx_word' id='word_1_122' title='bbox 1395 1383 1579 1428; x_wconf 88' lang='lat' dir='ltr'><strong><em>nostra</em></strong></span> <span class='ocrx_word' id='word_1_123' title='bbox 1603 1372 1861 1427; x_wconf 79' lang='lat' dir='ltr'><strong><em>societate</em></strong></span> 
     </span>
    </p>
   </div>
   <div class='ocr_carea' id='block_1_16' title="bbox 285 1464 1857 1534">
    <p class='ocr_par' dir='ltr' id='par_1_16' title="bbox 285 1464 1857 1534">
     <span class='ocr_line' id='line_1_16' title="bbox 285 1464 1857 1534; baseline -0.003 -14"><span class='ocrx_word' id='word_1_124' title='bbox 285 1466 644 1531; x_wconf 88' lang='lat' dir='ltr'><strong><em>constitutus,</em></strong></span> <span class='ocrx_word' id='word_1_125' title='bbox 699 1465 843 1534; x_wconf 84' lang='lat' dir='ltr'><strong><em>quali</em></strong></span> <span class='ocrx_word' id='word_1_126' title='bbox 896 1466 1142 1520; x_wconf 86' lang='lat' dir='ltr'><strong><em>societati</em></strong></span> <span class='ocrx_word' id='word_1_127' title='bbox 1193 1466 1443 1534; x_wconf 89' lang='lat' dir='ltr'><strong><em>perhibet</em></strong></span> <span class='ocrx_word' id='word_1_128' title='bbox 1488 1464 1857 1520; x_wconf 88' lang='lat' dir='ltr'><strong><em>testimonium</em></strong></span> 
     </span>
    </p>
   </div>
   <div class='ocr_carea' id='block_1_17' title="bbox 285 1555 1860 1626">
    <p class='ocr_par' dir='ltr' id='par_1_17' title="bbox 285 1555 1860 1626">
     <span class='ocr_line' id='line_1_17' title="bbox 285 1555 1860 1626; baseline -0.001 -16"><span class='ocrx_word' id='word_1_129' title='bbox 285 1555 468 1623; x_wconf 83' lang='lat' dir='ltr'><strong><em>lectio,</em></strong></span> <span class='ocrx_word' id='word_1_130' title='bbox 499 1572 662 1626; x_wconf 85' lang='lat' dir='ltr'><strong><em>quam</em></strong></span> <span class='ocrx_word' id='word_1_131' title='bbox 698 1557 860 1611; x_wconf 89' lang='lat' dir='ltr'><strong><em>modo</em></strong></span> <span class='ocrx_word' id='word_1_132' title='bbox 887 1571 1008 1610; x_wconf 90' lang='lat' dir='ltr'><strong><em>cum</em></strong></span> <span class='ocrx_word' id='word_1_133' title='bbox 1041 1558 1414 1620; x_wconf 88' lang='lat' dir='ltr'><strong><em>recitaremus,</em></strong></span> <span class='ocrx_word' id='word_1_134' title='bbox 1445 1555 1710 1621; x_wconf 85' lang='lat' dir='ltr'><strong><em>audistis;</em></strong></span> <span class='ocrx_word' id='word_1_135' title='bbox 1743 1570 1860 1609; x_wconf 88' lang='lat' dir='ltr'><strong><em>mo-</em></strong></span> 
     </span>
    </p>
   </div>
   <div class='ocr_carea' id='block_1_18' title="bbox 285 1646 1851 1718">
    <p class='ocr_par' dir='ltr' id='par_1_18' title="bbox 285 1646 1851 1718">
     <span class='ocr_line' id='line_1_18' title="bbox 285 1646 1851 1718; baseline -0.003 -16"><span class='ocrx_word' id='word_1_136' title='bbox 285 1649 431 1703; x_wconf 86' lang='lat' dir='ltr'><strong><em>riens</em></strong></span> <span class='ocrx_word' id='word_1_137' title='bbox 470 1655 852 1704; x_wconf 85' lang='lat' dir='ltr'><strong><em>testamentum</em></strong></span> <span class='ocrx_word' id='word_1_138' title='bbox 891 1648 1048 1714; x_wconf 89' lang='lat' dir='ltr'><strong><em>fecit,</em></strong></span> <span class='ocrx_word' id='word_1_139' title='bbox 1081 1648 1207 1718; x_wconf 90' lang='lat' dir='ltr'><strong><em>quia</em></strong></span> <span class='ocrx_word' id='word_1_140' title='bbox 1247 1647 1439 1702; x_wconf 83' lang='lat' dir='ltr'><strong><em>habuit</em></strong></span> <span class='ocrx_word' id='word_1_141' title='bbox 1464 1647 1606 1701; x_wconf 90' lang='lat' dir='ltr'><strong><em>unde</em></strong></span> <span class='ocrx_word' id='word_1_142' title='bbox 1633 1646 1851 1700; x_wconf 88' lang='lat' dir='ltr'><strong><em>faceret.</em></strong></span> 
     </span>
    </p>
   </div>
   <div class='ocr_carea' id='block_1_19' title="bbox 1967 559 3537 632">
    <p class='ocr_par' dir='ltr' id='par_1_19' title="bbox 1967 559 3537 632">
     <span class='ocr_line' id='line_1_19' title="bbox 1967 559 3537 632; baseline 0.008 -22"><span class='ocrx_word' id='word_1_143' title='bbox 1967 566 2102 614; x_wconf 90' lang='lat' dir='ltr'><strong><em>tum.</em></strong></span> <span class='ocrx_word' id='word_1_144' title='bbox 2136 559 2314 630; x_wconf 85' lang='lat' dir='ltr'><strong><em>Nepos</em></strong></span> <span class='ocrx_word' id='word_1_145' title='bbox 2343 570 2524 616; x_wconf 89' lang='lat' dir='ltr'><strong><em>autem</em></strong></span> <span class='ocrx_word' id='word_1_146' title='bbox 2553 577 2737 626; x_wconf 89' lang='lat' dir='ltr'><strong><em>meus,</em></strong></span> <span class='ocrx_word' id='word_1_147' title='bbox 2769 576 2836 616; x_wconf 83' lang='lat' dir='ltr'><strong><em>ex</em></strong></span> <span class='ocrx_word' id='word_1_148' title='bbox 2869 578 2978 632; x_wconf 91' lang='lat' dir='ltr'><strong><em>quo</em></strong></span> <span class='ocrx_word' id='word_1_149' title='bbox 3005 579 3302 621; x_wconf 87' lang='lat' dir='ltr'><strong><em>conversus</em></strong></span> <span class='ocrx_word' id='word_1_150' title='bbox 3330 575 3448 631; x_wconf 92' lang='lat' dir='ltr'><strong><em>est,</em></strong></span> <span class='ocrx_word' id='word_1_151' title='bbox 3483 580 3537 622; x_wconf 77' lang='lat' dir='ltr'><strong><em>et</em></strong></span> 
     </span>
    </p>
   </div>
   <div class='ocr_carea' id='block_1_20' title="bbox 1965 651 3536 726">
    <p class='ocr_par' dir='ltr' id='par_1_20' title="bbox 1965 651 3536 726">
     <span class='ocr_line' id='line_1_20' title="bbox 1965 651 3536 726; baseline 0.008 -26"><span class='ocrx_word' id='word_1_152' title='bbox 1965 663 2180 703; x_wconf 87' lang='lat' dir='ltr'><strong><em>mecum</em></strong></span> <span class='ocrx_word' id='word_1_153' title='bbox 2207 665 2328 705; x_wconf 89' lang='lat' dir='ltr'><strong><em>esse</em></strong></span> <span class='ocrx_word' id='word_1_154' title='bbox 2358 651 2524 720; x_wconf 77' lang='lat' dir='ltr'><strong><em>cmpit</em></strong></span> <span class='ocrx_word' id='word_1_155' title='bbox 2543 691 2558 714; x_wconf 93' lang='lat'><strong><em>,</em></strong></span> <span class='ocrx_word' id='word_1_156' title='bbox 2592 651 2984 720; x_wconf 80' lang='lat' dir='ltr'><strong><em>impediebatur</em></strong></span> <span class='ocrx_word' id='word_1_157' title='bbox 3010 661 3064 706; x_wconf 91' lang='lat' dir='ltr'><strong><em>et</em></strong></span> <span class='ocrx_word' id='word_1_158' title='bbox 3094 653 3206 722; x_wconf 88' lang='lat' dir='ltr'><strong><em>ipse</em></strong></span> <span class='ocrx_word' id='word_1_159' title='bbox 3236 656 3440 726; x_wconf 88' lang='lat' dir='ltr'><strong><em>aliquid</em></strong></span> <span class='ocrx_word' id='word_1_160' title='bbox 3471 657 3536 711; x_wconf 91' lang='lat' dir='ltr'><strong><em>de</em></strong></span> 
     </span>
    </p>
   </div>
   <div class='ocr_carea' id='block_1_21' title="bbox 1965 741 3535 810">
    <p class='ocr_par' dir='ltr' id='par_1_21' title="bbox 1965 741 3535 810">
     <span class='ocr_line' id='line_1_21' title="bbox 1965 741 3535 810; baseline 0.006 -18"><span class='ocrx_word' id='word_1_161' title='bbox 1965 741 2212 810; x_wconf 83' lang='lat' dir='ltr'><strong><em>agellulis</em></strong></span> <span class='ocrx_word' id='word_1_162' title='bbox 2247 743 2360 796; x_wconf 89' lang='lat' dir='ltr'><strong><em>suis</em></strong></span> <span class='ocrx_word' id='word_1_163' title='bbox 2387 757 2549 810; x_wconf 88' lang='lat' dir='ltr'><strong><em>agere</em></strong></span> <span class='ocrx_word' id='word_1_164' title='bbox 2578 743 2743 796; x_wconf 90' lang='lat' dir='ltr'><strong><em>invita</em></strong></span> <span class='ocrx_word' id='word_1_165' title='bbox 2773 741 3171 798; x_wconf 87' lang='lat' dir='ltr'><strong><em>usufructuaria</em></strong></span> <span class='ocrx_word' id='word_1_166' title='bbox 3203 755 3377 801; x_wconf 87' lang='lat' dir='ltr'><strong><em>matre</em></strong></span> <span class='ocrx_word' id='word_1_167' title='bbox 3405 762 3499 801; x_wconf 89' lang='lat' dir='ltr'><strong><em>sua</em></strong></span> <span class='ocrx_word' id='word_1_168' title='bbox 3521 788 3535 808; x_wconf 90' lang='lat'><strong><em>,</em></strong></span> 
     </span>
    </p>
   </div>
   <div class='ocr_carea' id='block_1_22' title="bbox 1964 833 3537 904">
    <p class='ocr_par' dir='ltr' id='par_1_22' title="bbox 1964 833 3537 904">
     <span class='ocr_line' id='line_1_22' title="bbox 1964 833 3537 904; baseline 0.008 -23"><span class='ocrx_word' id='word_1_169' title='bbox 1964 847 2084 900; x_wconf 70' lang='lat' dir='ltr'><strong><em>quae</em></strong></span> <span class='ocrx_word' id='word_1_170' title='bbox 2123 834 2225 888; x_wconf 92' lang='lat' dir='ltr'><strong><em>hoc</em></strong></span> <span class='ocrx_word' id='word_1_171' title='bbox 2259 848 2402 887; x_wconf 89' lang='lat' dir='ltr'><strong><em>anno</em></strong></span> <span class='ocrx_word' id='word_1_172' title='bbox 2434 833 2686 888; x_wconf 86' lang='lat' dir='ltr'><strong><em>defuncta</em></strong></span> <span class='ocrx_word' id='word_1_173' title='bbox 2723 843 2825 887; x_wconf 89' lang='lat' dir='ltr'><strong><em>est.</em></strong></span> <span class='ocrx_word' id='word_1_174' title='bbox 2858 835 3003 888; x_wconf 90' lang='lat' dir='ltr'><strong><em>lntcr</em></strong></span> <span class='ocrx_word' id='word_1_175' title='bbox 3032 835 3204 904; x_wconf 89' lang='lat' dir='ltr'><strong><em>ipsum</em></strong></span> <span class='ocrx_word' id='word_1_176' title='bbox 3235 845 3288 892; x_wconf 89' lang='lat' dir='ltr'><strong><em>et</em></strong></span> <span class='ocrx_word' id='word_1_177' title='bbox 3318 852 3537 894; x_wconf 87' lang='lat' dir='ltr'><strong><em>sorores</em></strong></span> 
     </span>
    </p>
   </div>
   <div class='ocr_carea' id='block_1_23' title="bbox 1963 921 3530 996">
    <p class='ocr_par' dir='ltr' id='par_1_23' title="bbox 1963 921 3530 996">
     <span class='ocr_line' id='line_1_23' title="bbox 1963 921 3530 996; baseline 0.008 -20"><span class='ocrx_word' id='word_1_178' title='bbox 1963 921 2078 990; x_wconf 85' lang='lat' dir='ltr'><strong><em>ejus</em></strong></span> <span class='ocrx_word' id='word_1_179' title='bbox 2105 932 2230 977; x_wconf 91' lang='lat' dir='ltr'><strong><em>sunt</em></strong></span> <span class='ocrx_word' id='word_1_180' title='bbox 2255 925 2498 994; x_wconf 66' lang='lat' dir='ltr'><strong><em>quaedam</em></strong></span> <span class='ocrx_word' id='word_1_181' title='bbox 2514 965 2529 987; x_wconf 96' lang='lat'><strong><em>,</em></strong></span> <span class='ocrx_word' id='word_1_182' title='bbox 2554 925 2607 978; x_wconf 91' lang='lat' dir='ltr'><strong><em>in</em></strong></span> <span class='ocrx_word' id='word_1_183' title='bbox 2629 924 2831 979; x_wconf 86' lang='lat' dir='ltr'><strong><em>Christi</em></strong></span> <span class='ocrx_word' id='word_1_184' title='bbox 2858 926 3122 996; x_wconf 88' lang='lat' dir='ltr'><strong><em>adjutorio</em></strong></span> <span class='ocrx_word' id='word_1_185' title='bbox 3145 929 3253 984; x_wconf 92' lang='lat' dir='ltr'><strong><em>cito</em></strong></span> <span class='ocrx_word' id='word_1_186' title='bbox 3279 929 3530 990; x_wconf 84' lang='lat' dir='ltr'><strong><em>finienda.</em></strong></span> 
     </span>
    </p>
   </div>
   <div class='ocr_carea' id='block_1_24' title="bbox 1965 1013 3533 1091">
    <p class='ocr_par' dir='ltr' id='par_1_24' title="bbox 1965 1013 3533 1091">
     <span class='ocr_line' id='line_1_24' title="bbox 1965 1013 3533 1091; baseline 0.006 -25"><span class='ocrx_word' id='word_1_187' title='bbox 1965 1022 2095 1067; x_wconf 88' lang='lat' dir='ltr'><strong><em>utet</em></strong></span> <span class='ocrx_word' id='word_1_188' title='bbox 2123 1013 2237 1082; x_wconf 89' lang='lat' dir='ltr'><strong><em>ipse</em></strong></span> <span class='ocrx_word' id='word_1_189' title='bbox 2260 1014 2423 1068; x_wconf 88' lang='lat' dir='ltr'><strong><em>faciat</em></strong></span> <span class='ocrx_word' id='word_1_190' title='bbox 2444 1015 2586 1082; x_wconf 89' lang='lat' dir='ltr'><strong><em>quod</em></strong></span> <span class='ocrx_word' id='word_1_191' title='bbox 2611 1015 2704 1068; x_wconf 87' lang='lat' dir='ltr'><strong><em>Dei</em></strong></span> <span class='ocrx_word' id='word_1_192' title='bbox 2730 1031 2943 1070; x_wconf 84' lang='lat' dir='ltr'><strong><em>servum</em></strong></span> <span class='ocrx_word' id='word_1_193' title='bbox 2969 1016 3124 1072; x_wconf 88' lang='lat' dir='ltr'><strong><em>decet</em></strong></span> <span class='ocrx_word' id='word_1_194' title='bbox 3141 1059 3154 1083; x_wconf 93' lang='lat'><strong><em>,</em></strong></span> <span class='ocrx_word' id='word_1_195' title='bbox 3179 1028 3233 1073; x_wconf 90' lang='lat' dir='ltr'><strong><em>et</em></strong></span> <span class='ocrx_word' id='word_1_196' title='bbox 3254 1021 3395 1090; x_wconf 87' lang='lat' dir='ltr'><strong><em>quod</em></strong></span> <span class='ocrx_word' id='word_1_197' title='bbox 3421 1022 3533 1091; x_wconf 88' lang='lat' dir='ltr'><strong><em>ipsa</em></strong></span> 
     </span>
    </p>
   </div>
   <div class='ocr_carea' id='block_1_25' title="bbox 1963 1104 3535 1175">
    <p class='ocr_par' dir='ltr' id='par_1_25' title="bbox 1963 1104 3535 1175">
     <span class='ocr_line' id='line_1_25' title="bbox 1963 1104 3535 1175; baseline 0.006 -19"><span class='ocrx_word' id='word_1_198' title='bbox 1963 1104 2229 1174; x_wconf 78' lang='lat' dir='ltr'><strong><em>professio</em></strong></span> <span class='ocrx_word' id='word_1_199' title='bbox 2269 1111 2324 1159; x_wconf 91' lang='lat' dir='ltr'><strong><em>et</em></strong></span> <span class='ocrx_word' id='word_1_200' title='bbox 2364 1105 2466 1158; x_wconf 89' lang='lat' dir='ltr'><strong><em>ista</em></strong></span> <span class='ocrx_word' id='word_1_201' title='bbox 2507 1105 2674 1175; x_wconf 78' lang='lat' dir='ltr'><strong><em>exigit</em></strong></span> <span class='ocrx_word' id='word_1_202' title='bbox 2714 1105 2891 1160; x_wconf 88' lang='lat' dir='ltr'><strong><em>lectio.</em></strong></span> <span class='ocrx_word' id='word_1_203' title='bbox 2939 1106 3206 1163; x_wconf 88' lang='lat' dir='ltr'><strong><em>Diaconus</em></strong></span> <span class='ocrx_word' id='word_1_204' title='bbox 3245 1109 3535 1165; x_wconf 82' lang='lat' dir='ltr'><strong><em>Faustinus</em></strong></span> 
     </span>
    </p>
   </div>
   <div class='ocr_carea' id='block_1_26' title="bbox 1963 1195 3531 1267">
    <p class='ocr_par' dir='ltr' id='par_1_26' title="bbox 1963 1195 3531 1267">
     <span class='ocr_line' id='line_1_26' title="bbox 1963 1195 3531 1267; baseline 0.004 -19"><span class='ocrx_word' id='word_1_205' title='bbox 1963 1195 1983 1265; x_wconf 94' lang='lat'>(</span> <span class='ocrx_word' id='word_1_206' title='bbox 2001 1196 2142 1248; x_wconf 81' lang='lat' dir='ltr'><strong><em>sicut</em></strong></span> <span class='ocrx_word' id='word_1_207' title='bbox 2167 1209 2304 1264; x_wconf 89' lang='lat' dir='ltr'><strong><em>pene</em></strong></span> <span class='ocrx_word' id='word_1_208' title='bbox 2331 1210 2524 1250; x_wconf 86' lang='lat' dir='ltr'><strong><em>omnes</em></strong></span> <span class='ocrx_word' id='word_1_209' title='bbox 2553 1195 2760 1267; x_wconf 87' lang='lat' dir='ltr'><strong><em>nostis)</em></strong></span> <span class='ocrx_word' id='word_1_210' title='bbox 2801 1195 2888 1250; x_wconf 91' lang='lat' dir='ltr'><strong><em>hic</em></strong></span> <span class='ocrx_word' id='word_1_211' title='bbox 2923 1197 2989 1251; x_wconf 94' lang='lat' dir='ltr'><strong><em>de</em></strong></span> <span class='ocrx_word' id='word_1_212' title='bbox 3020 1199 3210 1253; x_wconf 89' lang='lat' dir='ltr'><strong><em>militia</em></strong></span> <span class='ocrx_word' id='word_1_213' title='bbox 3249 1201 3428 1254; x_wconf 63' lang='lat' dir='ltr'><strong><em>saeculi</em></strong></span> <span class='ocrx_word' id='word_1_214' title='bbox 3465 1203 3531 1255; x_wconf 89' lang='lat' dir='ltr'><strong><em>ad</em></strong></span> 
     </span>
    </p>
   </div>
   <div class='ocr_carea' id='block_1_27' title="bbox 1963 1289 3534 1359">
    <p class='ocr_par' dir='ltr' id='par_1_27' title="bbox 1963 1289 3534 1359">
     <span class='ocr_line' id='line_1_27' title="bbox 1963 1289 3534 1359; baseline 0.004 -19"><span class='ocrx_word' id='word_1_215' title='bbox 1963 1289 2352 1342; x_wconf 82' lang='lat' dir='ltr'><strong><em>monasterium</em></strong></span> <span class='ocrx_word' id='word_1_216' title='bbox 2398 1302 2690 1342; x_wconf 87' lang='lat' dir='ltr'><strong><em>conversus</em></strong></span> <span class='ocrx_word' id='word_1_217' title='bbox 2734 1297 2848 1351; x_wconf 89' lang='lat' dir='ltr'><strong><em>est,</em></strong></span> <span class='ocrx_word' id='word_1_218' title='bbox 2899 1290 2986 1343; x_wconf 90' lang='lat' dir='ltr'><strong><em>hic</em></strong></span> <span class='ocrx_word' id='word_1_219' title='bbox 3022 1290 3359 1359; x_wconf 85' lang='lat' dir='ltr'><strong><em>baptizatus,</em></strong></span> <span class='ocrx_word' id='word_1_220' title='bbox 3411 1293 3534 1348; x_wconf 88' lang='lat' dir='ltr'><strong><em>inde</em></strong></span> 
     </span>
    </p>
   </div>
   <div class='ocr_carea' id='block_1_28' title="bbox 1962 1376 3534 1452">
    <p class='ocr_par' dir='ltr' id='par_1_28' title="bbox 1962 1376 3534 1452">
     <span class='ocr_line' id='line_1_28' title="bbox 1962 1376 3534 1452; baseline 0.004 -22"><span class='ocrx_word' id='word_1_221' title='bbox 1962 1376 2223 1431; x_wconf 75' lang='lat' dir='ltr'><strong><em>diaconus</em></strong></span> <span class='ocrx_word' id='word_1_222' title='bbox 2255 1377 2560 1431; x_wconf 87' lang='lat' dir='ltr'><strong><em>ordinatur.</em></strong></span> <span class='ocrx_word' id='word_1_223' title='bbox 2595 1376 2702 1431; x_wconf 86' lang='lat' dir='ltr'><strong><em>Sed</em></strong></span> <span class='ocrx_word' id='word_1_224' title='bbox 2729 1379 2854 1448; x_wconf 89' lang='lat' dir='ltr'><strong><em>quia</em></strong></span> <span class='ocrx_word' id='word_1_225' title='bbox 2889 1379 3141 1448; x_wconf 74' lang='lat' dir='ltr'><strong><em>exiguum</em></strong></span> <span class='ocrx_word' id='word_1_226' title='bbox 3171 1390 3256 1435; x_wconf 91' lang='lat' dir='ltr'><strong><em>est</em></strong></span> <span class='ocrx_word' id='word_1_227' title='bbox 3281 1385 3424 1452; x_wconf 90' lang='lat' dir='ltr'><strong><em>quod</em></strong></span> <span class='ocrx_word' id='word_1_228' title='bbox 3454 1384 3534 1436; x_wconf 85' lang='lat' dir='ltr'><strong><em>vi-</em></strong></span> 
     </span>
    </p>
   </div>
   <div class='ocr_carea' id='block_1_29' title="bbox 1960 1456 3532 1542">
    <p class='ocr_par' dir='ltr' id='par_1_29' title="bbox 1960 1456 3532 1542">
     <span class='ocr_line' id='line_1_29' title="bbox 1960 1456 3532 1542; baseline 0.006 -24"><span class='ocrx_word' id='word_1_229' title='bbox 1960 1465 2119 1518; x_wconf 88' lang='lat' dir='ltr'><strong><em>detur</em></strong></span> <span class='ocrx_word' id='word_1_230' title='bbox 2144 1465 2453 1532; x_wconf 89' lang='lat' dir='ltr'><strong><em>possidere,</em></strong></span> <span class='ocrx_word' id='word_1_231' title='bbox 2487 1466 2628 1520; x_wconf 84' lang='lat' dir='ltr'><strong><em>sicut</em></strong></span> <span class='ocrx_word' id='word_1_232' title='bbox 2656 1456 2796 1533; x_wconf 79' lang='lat' dir='ltr'><strong><em>juris</em></strong></span> <span class='ocrx_word' id='word_1_233' title='bbox 2834 1467 2989 1537; x_wconf 87' lang='lat' dir='ltr'><strong><em>periti</em></strong></span> <span class='ocrx_word' id='word_1_234' title='bbox 3031 1467 3338 1538; x_wconf 91' lang='lat' dir='ltr'><strong><em>loquuntur,</em></strong></span> <span class='ocrx_word' id='word_1_235' title='bbox 3370 1472 3494 1542; x_wconf 85' lang='lat' dir='ltr'><strong><em>jure</em></strong></span> <span class='ocrx_word' id='word_1_236' title='bbox 3517 1514 3532 1537; x_wconf 93' lang='lat'><strong><em>,</em></strong></span> 
     </span>
    </p>
   </div>
   <div class='ocr_carea' id='block_1_30' title="bbox 1961 1556 3535 1629">
    <p class='ocr_par' dir='ltr' id='par_1_30' title="bbox 1961 1556 3535 1629">
     <span class='ocr_line' id='line_1_30' title="bbox 1961 1556 3535 1629; baseline 0.006 -20"><span class='ocrx_word' id='word_1_237' title='bbox 1961 1570 2069 1609; x_wconf 90' lang='lat' dir='ltr'><strong><em>non</em></strong></span> <span class='ocrx_word' id='word_1_238' title='bbox 2108 1569 2366 1624; x_wconf 89' lang='lat' dir='ltr'><strong><em>corpore,</em></strong></span> <span class='ocrx_word' id='word_1_239' title='bbox 2406 1556 2698 1624; x_wconf 84' lang='lat' dir='ltr'><strong><em>reliquerat</em></strong></span> <span class='ocrx_word' id='word_1_240' title='bbox 2737 1557 2896 1622; x_wconf 90' lang='lat' dir='ltr'><strong><em>illud,</em></strong></span> <span class='ocrx_word' id='word_1_241' title='bbox 2937 1568 2991 1612; x_wconf 92' lang='lat' dir='ltr'><strong><em>et</em></strong></span> <span class='ocrx_word' id='word_1_242' title='bbox 3026 1559 3093 1612; x_wconf 90' lang='lat' dir='ltr'><strong><em>ab</em></strong></span> <span class='ocrx_word' id='word_1_243' title='bbox 3125 1559 3242 1629; x_wconf 86' lang='lat' dir='ltr'><strong><em>ejus</em></strong></span> <span class='ocrx_word' id='word_1_244' title='bbox 3276 1561 3535 1618; x_wconf 82' lang='lat' dir='ltr'><strong><em>fratribus</em></strong></span> 
     </span>
    </p>
   </div>
   <div class='ocr_carea' id='block_1_31' title="bbox 1961 1643 3532 1719">
    <p class='ocr_par' dir='ltr' id='par_1_31' title="bbox 1961 1643 3532 1719">
     <span class='ocr_line' id='line_1_31' title="bbox 1961 1643 3532 1719; baseline 0.007 -23"><span class='ocrx_word' id='word_1_245' title='bbox 1961 1643 2264 1697; x_wconf 90' lang='lat' dir='ltr'><strong><em>tenebatur.</em></strong></span> <span class='ocrx_word' id='word_1_246' title='bbox 2296 1643 2580 1714; x_wconf 85' lang='lat' dir='ltr'><strong><em>Nunquam</em></strong></span> <span class='ocrx_word' id='word_1_247' title='bbox 2607 1646 2730 1700; x_wconf 89' lang='lat' dir='ltr'><strong><em>inde</em></strong></span> <span class='ocrx_word' id='word_1_248' title='bbox 2757 1647 3044 1716; x_wconf 79' lang='lat' dir='ltr'><strong><em>cogitavit,</em></strong></span> <span class='ocrx_word' id='word_1_249' title='bbox 3071 1666 3138 1704; x_wconf 81' lang='lat' dir='ltr'><strong><em>ex</em></strong></span> <span class='ocrx_word' id='word_1_250' title='bbox 3166 1666 3272 1719; x_wconf 91' lang='lat' dir='ltr'><strong><em>quo</em></strong></span> <span class='ocrx_word' id='word_1_251' title='bbox 3304 1667 3532 1707; x_wconf 87' lang='lat' dir='ltr'><strong><em>conver-</em></strong></span> 
     </span>
    </p>
   </div>
   <div class='ocr_carea' id='block_1_32' title="bbox 284 1732 3530 1810">
    <p class='ocr_par' dir='ltr' id='par_1_32' title="bbox 284 1732 3530 1810">
     <span class='ocr_line' id='line_1_32' title="bbox 284 1732 3530 1810; baseline 0.002 -16"><span class='ocrx_word' id='word_1_252' title='bbox 284 1741 416 1794; x_wconf 82' lang='lat' dir='ltr'><strong><em>Erat</em></strong></span> <span class='ocrx_word' id='word_1_253' title='bbox 445 1740 592 1809; x_wconf 84' lang='lat' dir='ltr'><strong><em>quod</em></strong></span> <span class='ocrx_word' id='word_1_254' title='bbox 627 1740 834 1795; x_wconf 85' lang='lat' dir='ltr'><strong><em>diceret</em></strong></span> <span class='ocrx_word' id='word_1_255' title='bbox 868 1755 1024 1794; x_wconf 86' lang='lat' dir='ltr'><strong><em>suum</em></strong></span> <span class='ocrx_word' id='word_1_256' title='bbox 1043 1780 1058 1806; x_wconf 96' lang='lat'><strong><em>,</em></strong></span> <span class='ocrx_word' id='word_1_257' title='bbox 1089 1755 1212 1796; x_wconf 89' lang='lat' dir='ltr'><strong><em>cum</em></strong></span> <span class='ocrx_word' id='word_1_258' title='bbox 1250 1740 1305 1793; x_wconf 91' lang='lat' dir='ltr'><strong><em>in</em></strong></span> <span class='ocrx_word' id='word_1_259' title='bbox 1335 1754 1398 1793; x_wconf 88' lang='lat' dir='ltr'><strong><em>ea</em></strong></span> <span class='ocrx_word' id='word_1_260' title='bbox 1429 1737 1684 1793; x_wconf 86' lang='lat' dir='ltr'><strong><em>societate</em></strong></span> <span class='ocrx_word' id='word_1_261' title='bbox 1706 1737 1855 1791; x_wconf 90' lang='lat' dir='ltr'><strong><em>vive-</em></strong></span> <span class='ocrx_word' id='word_1_262' title='bbox 1884 1732 1932 1790; x_wconf 90' lang='lat' dir='ltr'><strong>B</strong></span> <span class='ocrx_word' id='word_1_263' title='bbox 1958 1748 2053 1787; x_wconf 89' lang='lat' dir='ltr'><strong><em>sus</em></strong></span> <span class='ocrx_word' id='word_1_264' title='bbox 2089 1742 2206 1798; x_wconf 87' lang='lat' dir='ltr'><strong><em>est,</em></strong></span> <span class='ocrx_word' id='word_1_265' title='bbox 2238 1749 2339 1789; x_wconf 91' lang='lat' dir='ltr'><strong><em>nec</em></strong></span> <span class='ocrx_word' id='word_1_266' title='bbox 2375 1735 2487 1804; x_wconf 88' lang='lat' dir='ltr'><strong><em>ipse</em></strong></span> <span class='ocrx_word' id='word_1_267' title='bbox 2522 1737 2723 1806; x_wconf 89' lang='lat' dir='ltr'><strong><em>aliquid</em></strong></span> <span class='ocrx_word' id='word_1_268' title='bbox 2752 1740 3000 1807; x_wconf 77' lang='lat' dir='ltr'><strong><em>quaesivit</em></strong></span> <span class='ocrx_word' id='word_1_269' title='bbox 3031 1755 3060 1794; x_wconf 88' lang='lat' dir='ltr'><strong><em>a</em></strong></span> <span class='ocrx_word' id='word_1_270' title='bbox 3091 1740 3350 1798; x_wconf 82' lang='lat' dir='ltr'><strong><em>fratribus</em></strong></span> <span class='ocrx_word' id='word_1_271' title='bbox 3385 1746 3496 1800; x_wconf 91' lang='lat' dir='ltr'><strong><em>suis</em></strong></span> <span class='ocrx_word' id='word_1_272' title='bbox 3517 1787 3530 1810; x_wconf 95' lang='lat'><strong><em>,</em></strong></span> 
     </span>
    </p>
   </div>
   <div class='ocr_carea' id='block_1_33' title="bbox 284 1827 1857 1899">
    <p class='ocr_par' dir='ltr' id='par_1_33' title="bbox 284 1827 1857 1899">
     <span class='ocr_line' id='line_1_33' title="bbox 284 1827 1857 1899; baseline -0.003 -13"><span class='ocrx_word' id='word_1_273' title='bbox 284 1841 410 1897; x_wconf 90' lang='lat' dir='ltr'><strong><em>ret,</em></strong></span> <span class='ocrx_word' id='word_1_274' title='bbox 444 1833 537 1886; x_wconf 89' lang='lat' dir='ltr'><strong><em>ubi</em></strong></span> <span class='ocrx_word' id='word_1_275' title='bbox 572 1831 775 1888; x_wconf 82' lang='lat' dir='ltr'><strong><em>nemini</em></strong></span> <span class='ocrx_word' id='word_1_276' title='bbox 813 1831 1011 1887; x_wconf 89' lang='lat' dir='ltr'><strong><em>licebat</em></strong></span> <span class='ocrx_word' id='word_1_277' title='bbox 1056 1833 1236 1888; x_wconf 87' lang='lat' dir='ltr'><strong><em>dicere</em></strong></span> <span class='ocrx_word' id='word_1_278' title='bbox 1281 1829 1484 1899; x_wconf 88' lang='lat' dir='ltr'><strong><em>aliquid</em></strong></span> <span class='ocrx_word' id='word_1_279' title='bbox 1529 1843 1721 1892; x_wconf 88' lang='lat' dir='ltr'><strong><em>suum,</em></strong></span> <span class='ocrx_word' id='word_1_280' title='bbox 1763 1827 1857 1882; x_wconf 92' lang='lat' dir='ltr'><strong><em>sed</em></strong></span> 
     </span>
    </p>
   </div>
   <div class='ocr_carea' id='block_1_34' title="bbox 282 1916 1855 1990">
    <p class='ocr_par' dir='ltr' id='par_1_34' title="bbox 282 1916 1855 1990">
     <span class='ocr_line' id='line_1_34' title="bbox 282 1916 1855 1990; baseline -0.005 -13"><span class='ocrx_word' id='word_1_281' title='bbox 282 1937 404 1977; x_wconf 86' lang='lat' dir='ltr'><strong><em>esse</em></strong></span> <span class='ocrx_word' id='word_1_282' title='bbox 439 1923 546 1976; x_wconf 92' lang='lat' dir='ltr'><strong><em>illis</em></strong></span> <span class='ocrx_word' id='word_1_283' title='bbox 583 1923 765 1977; x_wconf 88' lang='lat' dir='ltr'><strong><em>omnia</em></strong></span> <span class='ocrx_word' id='word_1_284' title='bbox 800 1923 1129 1978; x_wconf 89' lang='lat' dir='ltr'><strong><em>communia.</em></strong></span> <span class='ocrx_word' id='word_1_285' title='bbox 1171 1920 1229 1975; x_wconf 90' lang='lat' dir='ltr'><strong><em>Si</em></strong></span> <span class='ocrx_word' id='word_1_286' title='bbox 1256 1921 1380 1990; x_wconf 86' lang='lat' dir='ltr'><strong><em>quis</em></strong></span> <span class='ocrx_word' id='word_1_287' title='bbox 1403 1919 1630 1974; x_wconf 86' lang='lat' dir='ltr'><strong><em>dilector</em></strong></span> <span class='ocrx_word' id='word_1_288' title='bbox 1657 1926 1713 1973; x_wconf 92' lang='lat' dir='ltr'><strong><em>et</em></strong></span> <span class='ocrx_word' id='word_1_289' title='bbox 1738 1916 1855 1970; x_wconf 88' lang='lat' dir='ltr'><strong><em>lau-</em></strong></span> 
     </span>
    </p>
   </div>
   <div class='ocr_carea' id='block_1_35' title="bbox 281 2007 1860 2081">
    <p class='ocr_par' dir='ltr' id='par_1_35' title="bbox 281 2007 1860 2081">
     <span class='ocr_line' id='line_1_35' title="bbox 281 2007 1860 2081; baseline -0.003 -16"><span class='ocrx_word' id='word_1_290' title='bbox 281 2011 442 2065; x_wconf 84' lang='lat' dir='ltr'><strong><em>dator</em></strong></span> <span class='ocrx_word' id='word_1_291' title='bbox 479 2019 664 2066; x_wconf 88' lang='lat' dir='ltr'><strong><em>noster</em></strong></span> <span class='ocrx_word' id='word_1_292' title='bbox 697 2012 838 2081; x_wconf 89' lang='lat' dir='ltr'><strong><em>apud</em></strong></span> <span class='ocrx_word' id='word_1_293' title='bbox 868 2012 1225 2067; x_wconf 88' lang='lat' dir='ltr'><strong><em>detractorem</em></strong></span> <span class='ocrx_word' id='word_1_294' title='bbox 1264 2017 1509 2064; x_wconf 83' lang='lat' dir='ltr'><strong><em>nostrum</em></strong></span> <span class='ocrx_word' id='word_1_295' title='bbox 1538 2007 1860 2078; x_wconf 71' lang='lat' dir='ltr'><strong><em>pmdicaret</em></strong></span> 
     </span>
    </p>
   </div>
   <div class='ocr_carea' id='block_1_36' title="bbox 281 2096 1854 2168">
    <p class='ocr_par' dir='ltr' id='par_1_36' title="bbox 281 2096 1854 2168">
     <span class='ocr_line' id='line_1_36' title="bbox 281 2096 1854 2168; baseline -0.004 -14"><span class='ocrx_word' id='word_1_296' title='bbox 281 2102 444 2156; x_wconf 80' lang='lat' dir='ltr'><strong><em>istam</em></strong></span> <span class='ocrx_word' id='word_1_297' title='bbox 477 2103 787 2157; x_wconf 87' lang='lat' dir='ltr'><strong><em>societatem</em></strong></span> <span class='ocrx_word' id='word_1_298' title='bbox 809 2142 825 2167; x_wconf 96' lang='lat'><strong><em>,</em></strong></span> <span class='ocrx_word' id='word_1_299' title='bbox 855 2111 911 2156; x_wconf 92' lang='lat' dir='ltr'><strong><em>et</em></strong></span> <span class='ocrx_word' id='word_1_300' title='bbox 948 2101 1188 2165; x_wconf 91' lang='lat' dir='ltr'><strong><em>diceret,</em></strong></span> <span class='ocrx_word' id='word_1_301' title='bbox 1221 2099 1355 2154; x_wconf 90' lang='lat' dir='ltr'><strong><em>Cum</em></strong></span> <span class='ocrx_word' id='word_1_302' title='bbox 1392 2099 1647 2168; x_wconf 89' lang='lat' dir='ltr'><strong><em>episcopo</em></strong></span> <span class='ocrx_word' id='word_1_303' title='bbox 1675 2096 1854 2165; x_wconf 82' lang='lat' dir='ltr'><strong><em>Augu-</em></strong></span> 
     </span>
    </p>
   </div>
   <div class='ocr_carea' id='block_1_37' title="bbox 278 2185 1856 2257">
    <p class='ocr_par' dir='ltr' id='par_1_37' title="bbox 278 2185 1856 2257">
     <span class='ocr_line' id='line_1_37' title="bbox 278 2185 1856 2257; baseline -0.005 -11"><span class='ocrx_word' id='word_1_304' title='bbox 278 2192 426 2248; x_wconf 86' lang='lat' dir='ltr'><strong><em>stino</em></strong></span> <span class='ocrx_word' id='word_1_305' title='bbox 452 2193 531 2247; x_wconf 90' lang='lat' dir='ltr'><strong><em>sic</em></strong></span> <span class='ocrx_word' id='word_1_306' title='bbox 553 2192 741 2246; x_wconf 88' lang='lat' dir='ltr'><strong><em>vivunt</em></strong></span> <span class='ocrx_word' id='word_1_307' title='bbox 764 2206 953 2248; x_wconf 89' lang='lat' dir='ltr'><strong><em>omnes</em></strong></span> <span class='ocrx_word' id='word_1_308' title='bbox 976 2191 1377 2247; x_wconf 87' lang='lat' dir='ltr'><strong><em>cohabitatores</em></strong></span> <span class='ocrx_word' id='word_1_309' title='bbox 1407 2187 1524 2257; x_wconf 89' lang='lat' dir='ltr'><strong><em>ejus</em></strong></span> <span class='ocrx_word' id='word_1_310' title='bbox 1540 2227 1556 2252; x_wconf 96' lang='lat'><strong><em>,</em></strong></span> <span class='ocrx_word' id='word_1_311' title='bbox 1585 2185 1856 2256; x_wconf 88' lang='lat' dir='ltr'><strong><em>quomodo</em></strong></span> 
     </span>
    </p>
   </div>
   <div class='ocr_carea' id='block_1_38' title="bbox 279 2277 1857 2353">
    <p class='ocr_par' dir='ltr' id='par_1_38' title="bbox 279 2277 1857 2353">
     <span class='ocr_line' id='line_1_38' title="bbox 279 2277 1857 2353; baseline -0.004 -15"><span class='ocrx_word' id='word_1_312' title='bbox 279 2283 542 2353; x_wconf 87' lang='lat' dir='ltr'><strong><em>scriptum</em></strong></span> <span class='ocrx_word' id='word_1_313' title='bbox 578 2291 665 2338; x_wconf 87' lang='lat' dir='ltr'><strong><em>est</em></strong></span> <span class='ocrx_word' id='word_1_314' title='bbox 701 2283 756 2337; x_wconf 92' lang='lat' dir='ltr'><strong><em>in</em></strong></span> <span class='ocrx_word' id='word_1_315' title='bbox 791 2283 1016 2338; x_wconf 84' lang='lat' dir='ltr'><strong><em>Actibus</em></strong></span> <span class='ocrx_word' id='word_1_316' title='bbox 1049 2281 1413 2351; x_wconf 83' lang='lat' dir='ltr'><strong><em>apostolorum</em></strong></span> <span class='ocrx_word' id='word_1_317' title='bbox 1434 2320 1449 2345; x_wconf 94' lang='lat'><strong><em>,</em></strong></span> <span class='ocrx_word' id='word_1_318' title='bbox 1479 2278 1739 2334; x_wconf 85' lang='lat' dir='ltr'><strong><em>continuo</em></strong></span> <span class='ocrx_word' id='word_1_319' title='bbox 1766 2277 1857 2332; x_wconf 90' lang='lat' dir='ltr'><strong><em>ille</em></strong></span> 
     </span>
    </p>
   </div>
   <div class='ocr_carea' id='block_1_39' title="bbox 281 2370 1856 2444">
    <p class='ocr_par' dir='ltr' id='par_1_39' title="bbox 281 2370 1856 2444">
     <span class='ocr_line' id='line_1_39' title="bbox 281 2370 1856 2444; baseline -0.001 -18"><span class='ocrx_word' id='word_1_320' title='bbox 281 2374 559 2428; x_wconf 88' lang='lat' dir='ltr'><strong><em>detractor</em></strong></span> <span class='ocrx_word' id='word_1_321' title='bbox 589 2383 751 2444; x_wconf 89' lang='lat' dir='ltr'><strong><em>caput</em></strong></span> <span class='ocrx_word' id='word_1_322' title='bbox 788 2388 1037 2439; x_wconf 91' lang='lat' dir='ltr'><strong><em>movens,</em></strong></span> <span class='ocrx_word' id='word_1_323' title='bbox 1071 2373 1286 2428; x_wconf 85' lang='lat' dir='ltr'><strong><em>dentem</em></strong></span> <span class='ocrx_word' id='word_1_324' title='bbox 1320 2386 1676 2443; x_wconf 86' lang='lat' dir='ltr'><strong><em>promovens,</em></strong></span> <span class='ocrx_word' id='word_1_325' title='bbox 1710 2370 1856 2425; x_wconf 88' lang='lat' dir='ltr'><strong><em>dice-</em></strong></span> 
     </span>
    </p>
   </div>
   <div class='ocr_carea' id='block_1_40' title="bbox 281 2459 1855 2532">
    <p class='ocr_par' dir='ltr' id='par_1_40' title="bbox 281 2459 1855 2532">
     <span class='ocr_line' id='line_1_40' title="bbox 281 2459 1855 2532; baseline -0.001 -16"><span class='ocrx_word' id='word_1_326' title='bbox 281 2471 365 2516; x_wconf 90' lang='lat' dir='ltr'><strong><em>ret</em></strong></span> <span class='ocrx_word' id='word_1_327' title='bbox 394 2481 409 2516; x_wconf 89' lang='lat'><strong>:</strong></span> <span class='ocrx_word' id='word_1_328' title='bbox 443 2464 521 2517; x_wconf 90' lang='lat' dir='ltr'><strong><em>lta</em></strong></span> <span class='ocrx_word' id='word_1_329' title='bbox 549 2479 698 2528; x_wconf 91' lang='lat' dir='ltr'><strong><em>vero,</em></strong></span> <span class='ocrx_word' id='word_1_330' title='bbox 731 2465 810 2519; x_wconf 89' lang='lat' dir='ltr'><strong><em>sic</em></strong></span> <span class='ocrx_word' id='word_1_331' title='bbox 839 2465 912 2517; x_wconf 88' lang='lat' dir='ltr'><strong><em>ibi</em></strong></span> <span class='ocrx_word' id='word_1_332' title='bbox 941 2463 1142 2517; x_wconf 83' lang='lat' dir='ltr'><strong><em>vivitur</em></strong></span> <span class='ocrx_word' id='word_1_333' title='bbox 1169 2462 1439 2532; x_wconf 90' lang='lat' dir='ltr'><strong><em>quomodo</em></strong></span> <span class='ocrx_word' id='word_1_334' title='bbox 1466 2460 1645 2516; x_wconf 84' lang='lat' dir='ltr'><strong><em>dicis?</em></strong></span> <span class='ocrx_word' id='word_1_335' title='bbox 1674 2459 1855 2526; x_wconf 89' lang='lat' dir='ltr'><strong><em>Quare</em></strong></span> 
     </span>
    </p>
   </div>
   <div class='ocr_carea' id='block_1_41' title="bbox 280 2547 1854 2623">
    <p class='ocr_par' dir='ltr' id='par_1_41' title="bbox 280 2547 1854 2623">
     <span class='ocr_line' id='line_1_41' title="bbox 280 2547 1854 2623; baseline -0.002 -17"><span class='ocrx_word' id='word_1_336' title='bbox 280 2553 561 2608; x_wconf 86' lang='lat' dir='ltr'><strong><em>mentiris?</em></strong></span> <span class='ocrx_word' id='word_1_337' title='bbox 581 2569 752 2623; x_wconf 89' lang='lat' dir='ltr'><strong><em>quare</em></strong></span> <span class='ocrx_word' id='word_1_338' title='bbox 775 2553 906 2608; x_wconf 87' lang='lat' dir='ltr'><strong><em>falsa</em></strong></span> <span class='ocrx_word' id='word_1_339' title='bbox 929 2552 1085 2607; x_wconf 90' lang='lat' dir='ltr'><strong><em>laude</em></strong></span> <span class='ocrx_word' id='word_1_340' title='bbox 1107 2553 1342 2607; x_wconf 77' lang='lat' dir='ltr'><strong><em>honorae</em></strong></span> <span class='ocrx_word' id='word_1_341' title='bbox 1360 2549 1644 2620; x_wconf 86' lang='lat' dir='ltr'><strong><em>indignos?</em></strong></span> <span class='ocrx_word' id='word_1_342' title='bbox 1666 2547 1854 2604; x_wconf 83' lang='lat' dir='ltr'><strong><em>Nonne</em></strong></span> 
     </span>
    </p>
   </div>
   <div class='ocr_carea' id='block_1_42' title="bbox 280 2640 1856 2710">
    <p class='ocr_par' dir='ltr' id='par_1_42' title="bbox 280 2640 1856 2710">
     <span class='ocr_line' id='line_1_42' title="bbox 280 2640 1856 2710; baseline -0.002 -15"><span class='ocrx_word' id='word_1_343' title='bbox 280 2641 358 2696; x_wconf 88' lang='lat' dir='ltr'><strong><em>ibi</em></strong></span> <span class='ocrx_word' id='word_1_344' title='bbox 390 2641 550 2697; x_wconf 90' lang='lat' dir='ltr'><strong><em>modo</em></strong></span> <span class='ocrx_word' id='word_1_345' title='bbox 577 2642 630 2696; x_wconf 90' lang='lat' dir='ltr'><strong><em>in</em></strong></span> <span class='ocrx_word' id='word_1_346' title='bbox 658 2657 845 2697; x_wconf 89' lang='lat' dir='ltr'><strong><em>eorum</em></strong></span> <span class='ocrx_word' id='word_1_347' title='bbox 874 2642 1131 2696; x_wconf 86' lang='lat' dir='ltr'><strong><em>societate</em></strong></span> <span class='ocrx_word' id='word_1_348' title='bbox 1154 2640 1363 2710; x_wconf 89' lang='lat' dir='ltr'><strong><em>positus</em></strong></span> <span class='ocrx_word' id='word_1_349' title='bbox 1385 2640 1669 2709; x_wconf 88' lang='lat' dir='ltr'><strong><em>presbyter</em></strong></span> <span class='ocrx_word' id='word_1_350' title='bbox 1691 2645 1856 2692; x_wconf 79' lang='lat' dir='ltr'><strong><em>testa-</em></strong></span> 
     </span>
    </p>
   </div>
   <div class='ocr_carea' id='block_1_43' title="bbox 279 2729 1852 2800">
    <p class='ocr_par' dir='ltr' id='par_1_43' title="bbox 279 2729 1852 2800">
     <span class='ocr_line' id='line_1_43' title="bbox 279 2729 1852 2800; baseline -0.001 -15"><span class='ocrx_word' id='word_1_351' title='bbox 279 2741 523 2786; x_wconf 89' lang='lat' dir='ltr'><strong><em>mentum</em></strong></span> <span class='ocrx_word' id='word_1_352' title='bbox 551 2730 707 2795; x_wconf 89' lang='lat' dir='ltr'><strong><em>fecit,</em></strong></span> <span class='ocrx_word' id='word_1_353' title='bbox 732 2739 786 2786; x_wconf 89' lang='lat' dir='ltr'><strong><em>et</em></strong></span> <span class='ocrx_word' id='word_1_354' title='bbox 811 2731 953 2800; x_wconf 93' lang='lat' dir='ltr'><strong><em>quod</em></strong></span> <span class='ocrx_word' id='word_1_355' title='bbox 974 2731 1192 2796; x_wconf 90' lang='lat' dir='ltr'><strong><em>habuit,</em></strong></span> <span class='ocrx_word' id='word_1_356' title='bbox 1218 2730 1488 2800; x_wconf 88' lang='lat' dir='ltr'><strong><em>quomodo</em></strong></span> <span class='ocrx_word' id='word_1_357' title='bbox 1513 2729 1710 2795; x_wconf 83' lang='lat' dir='ltr'><strong><em>voluit,</em></strong></span> <span class='ocrx_word' id='word_1_358' title='bbox 1740 2731 1852 2785; x_wconf 90' lang='lat' dir='ltr'><strong><em>dis-</em></strong></span> 
     </span>
    </p>
   </div>
   <div class='ocr_carea' id='block_1_44' title="bbox 278 2821 1850 2892">
    <p class='ocr_par' dir='ltr' id='par_1_44' title="bbox 278 2821 1850 2892">
     <span class='ocr_line' id='line_1_44' title="bbox 278 2821 1850 2892; baseline 0 -16"><span class='ocrx_word' id='word_1_359' title='bbox 278 2822 458 2890; x_wconf 85' lang='lat' dir='ltr'><strong><em>posuit</em></strong></span> <span class='ocrx_word' id='word_1_360' title='bbox 488 2831 541 2876; x_wconf 90' lang='lat' dir='ltr'><strong><em>et</em></strong></span> <span class='ocrx_word' id='word_1_361' title='bbox 570 2821 825 2892; x_wconf 88' lang='lat' dir='ltr'><strong><em>reliquit?</em></strong></span> <span class='ocrx_word' id='word_1_362' title='bbox 854 2822 1012 2877; x_wconf 87' lang='lat' dir='ltr'><strong><em>Certe</em></strong></span> <span class='ocrx_word' id='word_1_363' title='bbox 1048 2822 1228 2877; x_wconf 87' lang='lat' dir='ltr'><strong><em>omnia</em></strong></span> <span class='ocrx_word' id='word_1_364' title='bbox 1257 2823 1330 2877; x_wconf 90' lang='lat' dir='ltr'><strong><em>ibi</em></strong></span> <span class='ocrx_word' id='word_1_365' title='bbox 1359 2831 1486 2878; x_wconf 90' lang='lat' dir='ltr'><strong><em>sunt</em></strong></span> <span class='ocrx_word' id='word_1_366' title='bbox 1512 2823 1850 2885; x_wconf 88' lang='lat' dir='ltr'><strong><em>communia,</em></strong></span> 
     </span>
    </p>
   </div>
   <div class='ocr_carea' id='block_1_45' title="bbox 277 2911 1851 2984">
    <p class='ocr_par' dir='ltr' id='par_1_45' title="bbox 277 2911 1851 2984">
     <span class='ocr_line' id='line_1_45' title="bbox 277 2911 1851 2984; baseline 0 -16"><span class='ocrx_word' id='word_1_367' title='bbox 277 2921 428 2968; x_wconf 84' lang='lat' dir='ltr'><strong><em>certe</em></strong></span> <span class='ocrx_word' id='word_1_368' title='bbox 465 2911 624 2967; x_wconf 85' lang='lat' dir='ltr'><strong><em>nemo</em></strong></span> <span class='ocrx_word' id='word_1_369' title='bbox 654 2913 785 2968; x_wconf 89' lang='lat' dir='ltr'><strong><em>dicit</em></strong></span> <span class='ocrx_word' id='word_1_370' title='bbox 812 2913 1016 2982; x_wconf 89' lang='lat' dir='ltr'><strong><em>aliquid</em></strong></span> <span class='ocrx_word' id='word_1_371' title='bbox 1045 2929 1221 2968; x_wconf 90' lang='lat' dir='ltr'><strong><em>suum.</em></strong></span> <span class='ocrx_word' id='word_1_372' title='bbox 1256 2913 1368 2968; x_wconf 90' lang='lat' dir='ltr'><strong><em>Sub</em></strong></span> <span class='ocrx_word' id='word_1_373' title='bbox 1397 2914 1486 2970; x_wconf 90' lang='lat' dir='ltr'><strong><em>his</em></strong></span> <span class='ocrx_word' id='word_1_374' title='bbox 1513 2914 1694 2969; x_wconf 88' lang='lat' dir='ltr'><strong><em>verbis</em></strong></span> <span class='ocrx_word' id='word_1_375' title='bbox 1723 2915 1851 2984; x_wconf 88' lang='lat' dir='ltr'><strong><em>quid</em></strong></span> 
     </span>
    </p>
   </div>
   <div class='ocr_carea' id='block_1_46' title="bbox 277 3004 1850 3077">
    <p class='ocr_par' dir='ltr' id='par_1_46' title="bbox 277 3004 1850 3077">
     <span class='ocr_line' id='line_1_46' title="bbox 277 3004 1850 3077; baseline 0.002 -18"><span class='ocrx_word' id='word_1_376' title='bbox 277 3014 466 3076; x_wconf 78' lang='lat' dir='ltr'><strong><em>ageret</em></strong></span> <span class='ocrx_word' id='word_1_377' title='bbox 494 3006 738 3061; x_wconf 86' lang='lat' dir='ltr'><strong><em>laudator</em></strong></span> <span class='ocrx_word' id='word_1_378' title='bbox 769 3008 965 3061; x_wconf 85' lang='lat' dir='ltr'><strong><em>meus?</em></strong></span> <span class='ocrx_word' id='word_1_379' title='bbox 995 3007 1181 3063; x_wconf 89' lang='lat' dir='ltr'><strong><em>Nonne</em></strong></span> <span class='ocrx_word' id='word_1_380' title='bbox 1209 3021 1271 3062; x_wconf 91' lang='lat' dir='ltr'><strong><em>os</em></strong></span> <span class='ocrx_word' id='word_1_381' title='bbox 1300 3004 1416 3075; x_wconf 88' lang='lat' dir='ltr'><strong><em>ejus</em></strong></span> <span class='ocrx_word' id='word_1_382' title='bbox 1445 3007 1599 3077; x_wconf 88' lang='lat' dir='ltr'><strong><em>quasi</em></strong></span> <span class='ocrx_word' id='word_1_383' title='bbox 1629 3007 1850 3077; x_wconf 89' lang='lat' dir='ltr'><strong><em>plumbo</em></strong></span> 
     </span>
    </p>
   </div>
   <div class='ocr_carea' id='block_1_47' title="bbox 1957 1825 3532 1900">
    <p class='ocr_par' dir='ltr' id='par_1_47' title="bbox 1957 1825 3532 1900">
     <span class='ocr_line' id='line_1_47' title="bbox 1957 1825 3532 1900; baseline 0.006 -22"><span class='ocrx_word' id='word_1_384' title='bbox 1957 1839 2058 1879; x_wconf 90' lang='lat' dir='ltr'><strong><em>nec</em></strong></span> <span class='ocrx_word' id='word_1_385' title='bbox 2086 1826 2154 1879; x_wconf 88' lang='lat' dir='ltr'><strong><em>ab</em></strong></span> <span class='ocrx_word' id='word_1_386' title='bbox 2184 1825 2275 1880; x_wconf 92' lang='lat' dir='ltr'><strong><em>illo</em></strong></span> <span class='ocrx_word' id='word_1_387' title='bbox 2303 1825 2505 1895; x_wconf 89' lang='lat' dir='ltr'><strong><em>aliquid</em></strong></span> <span class='ocrx_word' id='word_1_388' title='bbox 2534 1836 2619 1882; x_wconf 91' lang='lat' dir='ltr'><strong><em>est</em></strong></span> <span class='ocrx_word' id='word_1_389' title='bbox 2646 1829 2947 1897; x_wconf 77' lang='lat' dir='ltr'><strong><em>quzesitum.</em></strong></span> <span class='ocrx_word' id='word_1_390' title='bbox 2981 1829 3136 1886; x_wconf 86' lang='lat' dir='ltr'><strong><em>Modo</em></strong></span> <span class='ocrx_word' id='word_1_391' title='bbox 3161 1833 3284 1900; x_wconf 88' lang='lat' dir='ltr'><strong><em>quia</em></strong></span> <span class='ocrx_word' id='word_1_392' title='bbox 3313 1842 3532 1890; x_wconf 82' lang='lat' dir='ltr'><strong><em>ventum</em></strong></span> 
     </span>
    </p>
   </div>
   <div class='ocr_carea' id='block_1_48' title="bbox 1955 1915 3532 1988">
    <p class='ocr_par' dir='ltr' id='par_1_48' title="bbox 1955 1915 3532 1988">
     <span class='ocr_line' id='line_1_48' title="bbox 1955 1915 3532 1988; baseline 0.006 -20"><span class='ocrx_word' id='word_1_393' title='bbox 1955 1923 2040 1969; x_wconf 85' lang='lat' dir='ltr'><strong><em>est</em></strong></span> <span class='ocrx_word' id='word_1_394' title='bbox 2067 1915 2135 1968; x_wconf 88' lang='lat' dir='ltr'><strong><em>ad</em></strong></span> <span class='ocrx_word' id='word_1_395' title='bbox 2167 1917 2310 1970; x_wconf 90' lang='lat' dir='ltr'><strong><em>hunc</em></strong></span> <span class='ocrx_word' id='word_1_396' title='bbox 2341 1916 2630 1971; x_wconf 87' lang='lat' dir='ltr'><strong><em>articulum</em></strong></span> <span class='ocrx_word' id='word_1_397' title='bbox 2665 1918 2958 1988; x_wconf 88' lang='lat' dir='ltr'><strong><em>temporis,</em></strong></span> <span class='ocrx_word' id='word_1_398' title='bbox 2988 1935 3109 1974; x_wconf 92' lang='lat' dir='ltr'><strong><em>cum</em></strong></span> <span class='ocrx_word' id='word_1_399' title='bbox 3145 1922 3373 1978; x_wconf 91' lang='lat' dir='ltr'><strong><em>consilio</em></strong></span> <span class='ocrx_word' id='word_1_400' title='bbox 3410 1939 3532 1979; x_wconf 89' lang='lat' dir='ltr'><strong><em>meo</em></strong></span> 
     </span>
    </p>
   </div>
   <div class='ocr_carea' id='block_1_49' title="bbox 1955 2007 3530 2077">
    <p class='ocr_par' dir='ltr' id='par_1_49' title="bbox 1955 2007 3530 2077">
     <span class='ocr_line' id='line_1_49' title="bbox 1955 2007 3530 2077; baseline 0.006 -16"><span class='ocrx_word' id='word_1_401' title='bbox 1955 2007 2143 2062; x_wconf 83' lang='lat' dir='ltr'><strong><em>divisit</em></strong></span> <span class='ocrx_word' id='word_1_402' title='bbox 2181 2009 2351 2077; x_wconf 89' lang='lat' dir='ltr'><strong><em>ipsam</em></strong></span> <span class='ocrx_word' id='word_1_403' title='bbox 2386 2023 2543 2063; x_wconf 89' lang='lat' dir='ltr'><strong><em>rem:</em></strong></span> <span class='ocrx_word' id='word_1_404' title='bbox 2585 2017 2640 2064; x_wconf 90' lang='lat' dir='ltr'><strong><em>et</em></strong></span> <span class='ocrx_word' id='word_1_405' title='bbox 2674 2010 2952 2066; x_wconf 89' lang='lat' dir='ltr'><strong><em>dimidiam</em></strong></span> <span class='ocrx_word' id='word_1_406' title='bbox 3004 2013 3224 2067; x_wconf 90' lang='lat' dir='ltr'><strong><em>donavit</em></strong></span> <span class='ocrx_word' id='word_1_407' title='bbox 3270 2012 3530 2070; x_wconf 82' lang='lat' dir='ltr'><strong><em>fratribus</em></strong></span> 
     </span>
    </p>
   </div>
   <div class='ocr_carea' id='block_1_50' title="bbox 1955 2090 3528 2171">
    <p class='ocr_par' dir='ltr' id='par_1_50' title="bbox 1955 2090 3528 2171">
     <span class='ocr_line' id='line_1_50' title="bbox 1955 2090 3528 2171; baseline 0.007 -20"><span class='ocrx_word' id='word_1_408' title='bbox 1955 2099 2091 2164; x_wconf 88' lang='lat' dir='ltr'><strong><em>suis,</em></strong></span> <span class='ocrx_word' id='word_1_409' title='bbox 2120 2099 2397 2154; x_wconf 89' lang='lat' dir='ltr'><strong><em>dimidiam</em></strong></span> <span class='ocrx_word' id='word_1_410' title='bbox 2424 2099 2680 2154; x_wconf 72' lang='lat' dir='ltr'><strong><em>Ecclesim</em></strong></span> <span class='ocrx_word' id='word_1_411' title='bbox 2706 2102 2928 2171; x_wconf 90' lang='lat' dir='ltr'><strong><em>pauperi</em></strong></span> <span class='ocrx_word' id='word_1_412' title='bbox 2959 2103 3013 2157; x_wconf 91' lang='lat' dir='ltr'><strong><em>in</em></strong></span> <span class='ocrx_word' id='word_1_413' title='bbox 3041 2103 3158 2158; x_wconf 89' lang='lat' dir='ltr'><strong><em>loco</em></strong></span> <span class='ocrx_word' id='word_1_414' title='bbox 3183 2090 3374 2160; x_wconf 78' lang='lat' dir='ltr'><strong><em>eodem</em></strong></span> <span class='ocrx_word' id='word_1_415' title='bbox 3399 2121 3528 2162; x_wconf 90' lang='lat' dir='ltr'><strong><em>con-</em></strong></span> 
     </span>
    </p>
   </div>
   <div class='ocr_carea' id='block_1_51' title="bbox 1954 2188 3530 2267">
    <p class='ocr_par' dir='ltr' id='par_1_51' title="bbox 1954 2188 3530 2267">
     <span class='ocr_line' id='line_1_51' title="bbox 1954 2188 3530 2267; baseline 0.007 -26"><span class='ocrx_word' id='word_1_416' title='bbox 1954 2188 2172 2242; x_wconf 65' lang='lat' dir='ltr'><strong><em>stitutae.</em></strong></span> <span class='ocrx_word' id='word_1_417' title='bbox 2206 2189 2476 2246; x_wconf 89' lang='lat' dir='ltr'><strong><em>Diaconus</em></strong></span> <span class='ocrx_word' id='word_1_418' title='bbox 2503 2189 2734 2246; x_wconf 85' lang='lat' dir='ltr'><strong><em>Severus</em></strong></span> <span class='ocrx_word' id='word_1_419' title='bbox 2769 2193 2870 2247; x_wconf 90' lang='lat' dir='ltr'><strong><em>sub</em></strong></span> <span class='ocrx_word' id='word_1_420' title='bbox 2899 2209 3005 2262; x_wconf 90' lang='lat' dir='ltr'><strong><em>qua</em></strong></span> <span class='ocrx_word' id='word_1_421' title='bbox 3040 2194 3134 2249; x_wconf 88' lang='lat' dir='ltr'><strong><em>Dei</em></strong></span> <span class='ocrx_word' id='word_1_422' title='bbox 3162 2196 3442 2267; x_wconf 89' lang='lat' dir='ltr'><strong><em>disciplina</em></strong></span> <span class='ocrx_word' id='word_1_423' title='bbox 3473 2210 3530 2252; x_wconf 76' lang='lat' dir='ltr'><strong><em>et</em></strong></span> 
     </span>
    </p>
   </div>
   <div class='ocr_carea' id='block_1_52' title="bbox 1954 2278 3530 2356">
    <p class='ocr_par' dir='ltr' id='par_1_52' title="bbox 1954 2278 3530 2356">
     <span class='ocr_line' id='line_1_52' title="bbox 1954 2278 3530 2356; baseline 0.007 -24"><span class='ocrx_word' id='word_1_424' title='bbox 1954 2278 2163 2351; x_wconf 85' lang='lat' dir='ltr'><strong><em>flagello</em></strong></span> <span class='ocrx_word' id='word_1_425' title='bbox 2192 2281 2261 2337; x_wconf 88' lang='lat' dir='ltr'><strong><em>sit</em></strong></span> <span class='ocrx_word' id='word_1_426' title='bbox 2279 2321 2294 2347; x_wconf 93' lang='lat'><strong><em>,</em></strong></span> <span class='ocrx_word' id='word_1_427' title='bbox 2328 2282 2499 2336; x_wconf 88' lang='lat' dir='ltr'><strong><em>nostis</em></strong></span> <span class='ocrx_word' id='word_1_428' title='bbox 2525 2298 2538 2335; x_wconf 90' lang='lat'><strong>:</strong></span> <span class='ocrx_word' id='word_1_429' title='bbox 2572 2282 2751 2337; x_wconf 87' lang='lat' dir='ltr'><strong><em>lumen</em></strong></span> <span class='ocrx_word' id='word_1_430' title='bbox 2780 2291 2958 2338; x_wconf 89' lang='lat' dir='ltr'><strong><em>tamen</em></strong></span> <span class='ocrx_word' id='word_1_431' title='bbox 2987 2300 3091 2339; x_wconf 92' lang='lat' dir='ltr'><strong><em>non</em></strong></span> <span class='ocrx_word' id='word_1_432' title='bbox 3121 2287 3352 2356; x_wconf 89' lang='lat' dir='ltr'><strong><em>perdidit</em></strong></span> <span class='ocrx_word' id='word_1_433' title='bbox 3378 2304 3530 2342; x_wconf 91' lang='lat' dir='ltr'><strong><em>men-</em></strong></span> 
     </span>
    </p>
   </div>
   <div class='ocr_carea' id='block_1_53' title="bbox 1954 2372 3532 2446">
    <p class='ocr_par' dir='ltr' id='par_1_53' title="bbox 1954 2372 3532 2446">
     <span class='ocr_line' id='line_1_53' title="bbox 1954 2372 3532 2446; baseline 0.004 -20"><span class='ocrx_word' id='word_1_434' title='bbox 1954 2373 2041 2427; x_wconf 90' lang='lat' dir='ltr'><strong><em>tis.</em></strong></span> <span class='ocrx_word' id='word_1_435' title='bbox 2087 2372 2259 2428; x_wconf 90' lang='lat' dir='ltr'><strong><em>Uuam</em></strong></span> <span class='ocrx_word' id='word_1_436' title='bbox 2300 2374 2516 2429; x_wconf 83' lang='lat' dir='ltr'><strong><em>domum</em></strong></span> <span class='ocrx_word' id='word_1_437' title='bbox 2563 2373 2654 2428; x_wconf 89' lang='lat' dir='ltr'><strong><em>hic</em></strong></span> <span class='ocrx_word' id='word_1_438' title='bbox 2697 2385 2904 2428; x_wconf 85' lang='lat' dir='ltr'><strong><em>emerat</em></strong></span> <span class='ocrx_word' id='word_1_439' title='bbox 2942 2385 3166 2446; x_wconf 88' lang='lat' dir='ltr'><strong><em>pr0pter</em></strong></span> <span class='ocrx_word' id='word_1_440' title='bbox 3206 2385 3434 2433; x_wconf 85' lang='lat' dir='ltr'><strong><em>matrem</em></strong></span> <span class='ocrx_word' id='word_1_441' title='bbox 3477 2391 3532 2434; x_wconf 89' lang='lat' dir='ltr'><strong><em>et</em></strong></span> 
     </span>
    </p>
   </div>
   <div class='ocr_carea' id='block_1_54' title="bbox 1953 2465 3528 2534">
    <p class='ocr_par' dir='ltr' id='par_1_54' title="bbox 1953 2465 3528 2534">
     <span class='ocr_line' id='line_1_54' title="bbox 1953 2465 3528 2534; baseline 0.004 -18"><span class='ocrx_word' id='word_1_442' title='bbox 1953 2478 2194 2518; x_wconf 89' lang='lat' dir='ltr'><strong><em>sororem</em></strong></span> <span class='ocrx_word' id='word_1_443' title='bbox 2235 2480 2386 2517; x_wconf 89' lang='lat' dir='ltr'><strong><em>suam</em></strong></span> <span class='ocrx_word' id='word_1_444' title='bbox 2406 2504 2421 2529; x_wconf 96' lang='lat'><strong><em>,</em></strong></span> <span class='ocrx_word' id='word_1_445' title='bbox 2449 2478 2588 2534; x_wconf 87' lang='lat' dir='ltr'><strong><em>quas</em></strong></span> <span class='ocrx_word' id='word_1_446' title='bbox 2616 2465 2681 2520; x_wconf 86' lang='lat' dir='ltr'><strong><em>de</em></strong></span> <span class='ocrx_word' id='word_1_447' title='bbox 2711 2480 2808 2519; x_wconf 86' lang='lat' dir='ltr'><strong><em>sua</em></strong></span> <span class='ocrx_word' id='word_1_448' title='bbox 2841 2465 3017 2534; x_wconf 88' lang='lat' dir='ltr'><strong><em>patria</em></strong></span> <span class='ocrx_word' id='word_1_449' title='bbox 3049 2467 3154 2522; x_wconf 90' lang='lat' dir='ltr'><strong><em>huc</em></strong></span> <span class='ocrx_word' id='word_1_450' title='bbox 3187 2468 3528 2524; x_wconf 84' lang='lat' dir='ltr'><strong><em>desiderabat</em></strong></span> 
     </span>
    </p>
   </div>
   <div class='ocr_carea' id='block_1_55' title="bbox 1953 2553 3526 2630">
    <p class='ocr_par' dir='ltr' id='par_1_55' title="bbox 1953 2553 3526 2630">
     <span class='ocr_line' id='line_1_55' title="bbox 1953 2553 3526 2630; baseline 0.004 -24"><span class='ocrx_word' id='word_1_451' title='bbox 1953 2553 2242 2609; x_wconf 88' lang='lat' dir='ltr'><strong><em>adducere.</em></strong></span> <span class='ocrx_word' id='word_1_452' title='bbox 2282 2554 2503 2609; x_wconf 87' lang='lat' dir='ltr'><strong><em>Emerat</em></strong></span> <span class='ocrx_word' id='word_1_453' title='bbox 2537 2562 2750 2617; x_wconf 83' lang='lat' dir='ltr'><strong><em>autem,</em></strong></span> <span class='ocrx_word' id='word_1_454' title='bbox 2782 2572 2890 2610; x_wconf 92' lang='lat' dir='ltr'><strong><em>non</em></strong></span> <span class='ocrx_word' id='word_1_455' title='bbox 2937 2571 3032 2610; x_wconf 90' lang='lat' dir='ltr'><strong><em>sua</em></strong></span> <span class='ocrx_word' id='word_1_456' title='bbox 3075 2559 3300 2626; x_wconf 88' lang='lat' dir='ltr'><strong><em>pecunia</em></strong></span> <span class='ocrx_word' id='word_1_457' title='bbox 3321 2599 3336 2625; x_wconf 90' lang='lat'><strong><em>,</em></strong></span> <span class='ocrx_word' id='word_1_458' title='bbox 3367 2575 3526 2630; x_wconf 87' lang='lat' dir='ltr'><strong><em>quam</em></strong></span> 
     </span>
    </p>
   </div>
   <div class='ocr_carea' id='block_1_56' title="bbox 1953 2645 3527 2717">
    <p class='ocr_par' dir='ltr' id='par_1_56' title="bbox 1953 2645 3527 2717">
     <span class='ocr_line' id='line_1_56' title="bbox 1953 2645 3527 2717; baseline 0.003 -19"><span class='ocrx_word' id='word_1_459' title='bbox 1953 2659 2062 2698; x_wconf 91' lang='lat' dir='ltr'><strong><em>non</em></strong></span> <span class='ocrx_word' id='word_1_460' title='bbox 2105 2645 2370 2707; x_wconf 88' lang='lat' dir='ltr'><strong><em>habebat,</em></strong></span> <span class='ocrx_word' id='word_1_461' title='bbox 2417 2645 2511 2698; x_wconf 85' lang='lat' dir='ltr'><strong><em>sed</em></strong></span> <span class='ocrx_word' id='word_1_462' title='bbox 2549 2660 2614 2699; x_wconf 80' lang='lat' dir='ltr'><strong><em>ex</em></strong></span> <span class='ocrx_word' id='word_1_463' title='bbox 2646 2645 3017 2701; x_wconf 88' lang='lat' dir='ltr'><strong><em>consolatione</em></strong></span> <span class='ocrx_word' id='word_1_464' title='bbox 3045 2647 3420 2717; x_wconf 79' lang='lat' dir='ltr'><strong><em>religiosorum</em></strong></span> <span class='ocrx_word' id='word_1_465' title='bbox 3450 2651 3527 2703; x_wconf 89' lang='lat' dir='ltr'><strong><em>vi-</em></strong></span> 
     </span>
    </p>
   </div>
   <div class='ocr_carea' id='block_1_57' title="bbox 1954 2734 3525 2803">
    <p class='ocr_par' dir='ltr' id='par_1_57' title="bbox 1954 2734 3525 2803">
     <span class='ocr_line' id='line_1_57' title="bbox 1954 2734 3525 2803; baseline 0.005 -17"><span class='ocrx_word' id='word_1_466' title='bbox 1954 2748 2138 2787; x_wconf 89' lang='lat' dir='ltr'><strong><em>rorum</em></strong></span> <span class='ocrx_word' id='word_1_467' title='bbox 2162 2774 2176 2797; x_wconf 95' lang='lat'><strong><em>,</em></strong></span> <span class='ocrx_word' id='word_1_468' title='bbox 2207 2748 2344 2802; x_wconf 89' lang='lat' dir='ltr'><strong><em>quos</em></strong></span> <span class='ocrx_word' id='word_1_469' title='bbox 2374 2734 2508 2787; x_wconf 88' lang='lat' dir='ltr'><strong><em>mihi</em></strong></span> <span class='ocrx_word' id='word_1_470' title='bbox 2550 2736 2812 2803; x_wconf 74' lang='lat' dir='ltr'><strong><em>quaerenti</em></strong></span> <span class='ocrx_word' id='word_1_471' title='bbox 2853 2736 3018 2790; x_wconf 90' lang='lat' dir='ltr'><strong><em>etiam</em></strong></span> <span class='ocrx_word' id='word_1_472' title='bbox 3058 2738 3347 2794; x_wconf 87' lang='lat' dir='ltr'><strong><em>nominans</em></strong></span> <span class='ocrx_word' id='word_1_473' title='bbox 3387 2739 3525 2794; x_wconf 92' lang='lat' dir='ltr'><strong><em>indi-</em></strong></span> 
     </span>
    </p>
   </div>
   <div class='ocr_carea' id='block_1_58' title="bbox 1953 2821 3529 2896">
    <p class='ocr_par' dir='ltr' id='par_1_58' title="bbox 1953 2821 3529 2896">
     <span class='ocr_line' id='line_1_58' title="bbox 1953 2821 3529 2896; baseline 0.004 -20"><span class='ocrx_word' id='word_1_474' title='bbox 1953 2823 2116 2876; x_wconf 86' lang='lat' dir='ltr'><strong><em>cavit.</em></strong></span> <span class='ocrx_word' id='word_1_475' title='bbox 2162 2821 2240 2877; x_wconf 89' lang='lat' dir='ltr'><strong><em>De</em></strong></span> <span class='ocrx_word' id='word_1_476' title='bbox 2271 2822 2388 2891; x_wconf 87' lang='lat' dir='ltr'><strong><em>ipsa</em></strong></span> <span class='ocrx_word' id='word_1_477' title='bbox 2419 2839 2525 2877; x_wconf 91' lang='lat' dir='ltr'><strong><em>non</em></strong></span> <span class='ocrx_word' id='word_1_478' title='bbox 2556 2839 2774 2892; x_wconf 87' lang='lat' dir='ltr'><strong><em>possum</em></strong></span> <span class='ocrx_word' id='word_1_479' title='bbox 2802 2824 2983 2881; x_wconf 89' lang='lat' dir='ltr'><strong><em>dicere</em></strong></span> <span class='ocrx_word' id='word_1_480' title='bbox 3021 2827 3152 2896; x_wconf 89' lang='lat' dir='ltr'><strong><em>quid</em></strong></span> <span class='ocrx_word' id='word_1_481' title='bbox 3185 2825 3404 2895; x_wconf 81' lang='lat' dir='ltr'><strong><em>fecerit,</em></strong></span> <span class='ocrx_word' id='word_1_482' title='bbox 3433 2841 3529 2884; x_wconf 88' lang='lat' dir='ltr'><strong><em>aut</em></strong></span> 
     </span>
    </p>
   </div>
   <div class='ocr_carea' id='block_1_59' title="bbox 1952 2913 3527 2991">
    <p class='ocr_par' dir='ltr' id='par_1_59' title="bbox 1952 2913 3527 2991">
     <span class='ocr_line' id='line_1_59' title="bbox 1952 2913 3527 2991; baseline 0.005 -25"><span class='ocrx_word' id='word_1_483' title='bbox 1952 2913 2082 2982; x_wconf 90' lang='lat' dir='ltr'><strong><em>quid</em></strong></span> <span class='ocrx_word' id='word_1_484' title='bbox 2123 2913 2404 2983; x_wconf 89' lang='lat' dir='ltr'><strong><em>disponet,</em></strong></span> <span class='ocrx_word' id='word_1_485' title='bbox 2453 2914 2558 2969; x_wconf 90' lang='lat' dir='ltr'><strong><em>nisi</em></strong></span> <span class='ocrx_word' id='word_1_486' title='bbox 2601 2915 2729 2985; x_wconf 89' lang='lat' dir='ltr'><strong><em>quia</em></strong></span> <span class='ocrx_word' id='word_1_487' title='bbox 2760 2916 2873 2985; x_wconf 86' lang='lat' dir='ltr'><strong><em>ipse</em></strong></span> <span class='ocrx_word' id='word_1_488' title='bbox 2902 2925 3073 2972; x_wconf 90' lang='lat' dir='ltr'><strong><em>totum</em></strong></span> <span class='ocrx_word' id='word_1_489' title='bbox 3114 2918 3167 2972; x_wconf 91' lang='lat' dir='ltr'><strong><em>in</em></strong></span> <span class='ocrx_word' id='word_1_490' title='bbox 3199 2933 3319 2973; x_wconf 87' lang='lat' dir='ltr'><strong><em>mea</em></strong></span> <span class='ocrx_word' id='word_1_491' title='bbox 3345 2922 3527 2991; x_wconf 90' lang='lat' dir='ltr'><strong><em>posuit</em></strong></span> 
     </span>
    </p>
   </div>
   <div class='ocr_carea' id='block_1_60' title="bbox 1951 3005 3523 3076">
    <p class='ocr_par' dir='ltr' id='par_1_60' title="bbox 1951 3005 3523 3076">
     <span class='ocr_line' id='line_1_60' title="bbox 1951 3005 3523 3076; baseline 0.004 -19"><span class='ocrx_word' id='word_1_492' title='bbox 1951 3005 2230 3058; x_wconf 89' lang='lat' dir='ltr'><strong><em>voluntate</em></strong></span> <span class='ocrx_word' id='word_1_493' title='bbox 2249 3043 2264 3069; x_wconf 98' lang='lat'><strong><em>,</em></strong></span> <span class='ocrx_word' id='word_1_494' title='bbox 2293 3012 2356 3059; x_wconf 91' lang='lat' dir='ltr'><strong><em>ut</em></strong></span> <span class='ocrx_word' id='word_1_495' title='bbox 2380 3005 2641 3074; x_wconf 88' lang='lat' dir='ltr'><strong><em>quidquid</em></strong></span> <span class='ocrx_word' id='word_1_496' title='bbox 2671 3005 2786 3076; x_wconf 89' lang='lat' dir='ltr'><strong><em>ipse</em></strong></span> <span class='ocrx_word' id='word_1_497' title='bbox 2815 3006 3002 3061; x_wconf 88' lang='lat' dir='ltr'><strong><em>vellem</em></strong></span> <span class='ocrx_word' id='word_1_498' title='bbox 3021 3047 3037 3073; x_wconf 95' lang='lat'><strong><em>,</em></strong></span> <span class='ocrx_word' id='word_1_499' title='bbox 3067 3007 3170 3064; x_wconf 91' lang='lat' dir='ltr'><strong><em>hoc</em></strong></span> <span class='ocrx_word' id='word_1_500' title='bbox 3199 3008 3324 3065; x_wconf 90' lang='lat' dir='ltr'><strong><em>inde</em></strong></span> <span class='ocrx_word' id='word_1_501' title='bbox 3348 3009 3523 3066; x_wconf 85' lang='lat' dir='ltr'><strong><em>fleret.</em></strong></span> 
     </span>
    </p>
   </div>
   <div class='ocr_carea' id='block_1_61' title="bbox 273 3080 3524 3170">
    <p class='ocr_par' dir='ltr' id='par_1_61' title="bbox 273 3080 3524 3170">
     <span class='ocr_line' id='line_1_61' title="bbox 273 3080 3524 3170; baseline 0.002 -19"><span class='ocrx_word' id='word_1_502' title='bbox 273 3097 542 3168; x_wconf 87' lang='lat' dir='ltr'><strong><em>oppilaret</em></strong></span> <span class='ocrx_word' id='word_1_503' title='bbox 570 3097 658 3153; x_wconf 88' lang='lat' dir='ltr'><strong><em>ille</em></strong></span> <span class='ocrx_word' id='word_1_504' title='bbox 683 3098 997 3155; x_wconf 87' lang='lat' dir='ltr'><strong><em>detractor?</em></strong></span> <span class='ocrx_word' id='word_1_505' title='bbox 1021 3115 1199 3155; x_wconf 90' lang='lat' dir='ltr'><strong><em>nonne</em></strong></span> <span class='ocrx_word' id='word_1_506' title='bbox 1227 3099 1378 3154; x_wconf 90' lang='lat' dir='ltr'><strong><em>illum</em></strong></span> <span class='ocrx_word' id='word_1_507' title='bbox 1403 3099 1651 3156; x_wconf 87' lang='lat' dir='ltr'><strong><em>laudasse</em></strong></span> <span class='ocrx_word' id='word_1_508' title='bbox 1676 3101 1849 3170; x_wconf 78' lang='lat' dir='ltr'><strong><em>pteni-</em></strong></span> <span class='ocrx_word' id='word_1_509' title='bbox 1876 3080 1920 3142; x_wconf 64' lang='grc' dir='ltr'><strong>(ἶ</strong></span> <span class='ocrx_word' id='word_1_510' title='bbox 1953 3094 2061 3150; x_wconf 86' lang='lat' dir='ltr'><strong><em>Sed</em></strong></span> <span class='ocrx_word' id='word_1_511' title='bbox 2090 3096 2254 3151; x_wconf 84' lang='lat' dir='ltr'><strong><em>habet</em></strong></span> <span class='ocrx_word' id='word_1_512' title='bbox 2280 3097 2543 3166; x_wconf 87' lang='lat' dir='ltr'><strong><em>quasdam</em></strong></span> <span class='ocrx_word' id='word_1_513' title='bbox 2572 3113 2768 3152; x_wconf 86' lang='lat' dir='ltr'><strong><em>causas</em></strong></span> <span class='ocrx_word' id='word_1_514' title='bbox 2791 3115 2912 3153; x_wconf 91' lang='lat' dir='ltr'><strong><em>cum</em></strong></span> <span class='ocrx_word' id='word_1_515' title='bbox 2941 3109 3112 3154; x_wconf 90' lang='lat' dir='ltr'><strong><em>matre</em></strong></span> <span class='ocrx_word' id='word_1_516' title='bbox 3137 3114 3233 3154; x_wconf 90' lang='lat' dir='ltr'><strong><em>sua</em></strong></span> <span class='ocrx_word' id='word_1_517' title='bbox 3249 3140 3265 3167; x_wconf 93' lang='lat'><strong><em>,</em></strong></span> <span class='ocrx_word' id='word_1_518' title='bbox 3293 3115 3524 3170; x_wconf 88' lang='lat' dir='ltr'><strong><em>quarum</em></strong></span> 
     </span>
    </p>
   </div>
   <div class='ocr_carea' id='block_1_62' title="bbox 275 3188 1849 3259">
    <p class='ocr_par' dir='ltr' id='par_1_62' title="bbox 275 3188 1849 3259">
     <span class='ocr_line' id='line_1_62' title="bbox 275 3188 1849 3259; baseline 0.003 -19"><span class='ocrx_word' id='word_1_519' title='bbox 275 3188 460 3241; x_wconf 89' lang='lat' dir='ltr'><strong><em>teret?</em></strong></span> <span class='ocrx_word' id='word_1_520' title='bbox 497 3203 674 3244; x_wconf 88' lang='lat' dir='ltr'><strong><em>nonne</em></strong></span> <span class='ocrx_word' id='word_1_521' title='bbox 700 3189 1004 3245; x_wconf 89' lang='lat' dir='ltr'><strong><em>reverentia</em></strong></span> <span class='ocrx_word' id='word_1_522' title='bbox 1032 3189 1284 3259; x_wconf 89' lang='lat' dir='ltr'><strong><em>perfusus</em></strong></span> <span class='ocrx_word' id='word_1_523' title='bbox 1301 3229 1319 3255; x_wconf 93' lang='lat'><strong><em>,</em></strong></span> <span class='ocrx_word' id='word_1_524' title='bbox 1344 3199 1398 3246; x_wconf 91' lang='lat' dir='ltr'><strong><em>et</em></strong></span> <span class='ocrx_word' id='word_1_525' title='bbox 1427 3190 1571 3246; x_wconf 91' lang='lat' dir='ltr'><strong><em>illius</em></strong></span> <span class='ocrx_word' id='word_1_526' title='bbox 1599 3204 1849 3246; x_wconf 87' lang='lat' dir='ltr'><strong><em>sermone</em></strong></span> 
     </span>
    </p>
   </div>
   <div class='ocr_carea' id='block_1_63' title="bbox 274 3280 1848 3347">
    <p class='ocr_par' dir='ltr' id='par_1_63' title="bbox 274 3280 1848 3347">
     <span class='ocr_line' id='line_1_63' title="bbox 274 3280 1848 3347; baseline -0.003 -10"><span class='ocrx_word' id='word_1_527' title='bbox 274 3281 570 3347; x_wconf 88' lang='lat' dir='ltr'><strong><em>confusus,</em></strong></span> <span class='ocrx_word' id='word_1_528' title='bbox 604 3280 686 3336; x_wconf 89' lang='lat' dir='ltr'><strong><em>vel</em></strong></span> <span class='ocrx_word' id='word_1_529' title='bbox 727 3281 917 3347; x_wconf 87' lang='lat' dir='ltr'><strong><em>nobis,</em></strong></span> <span class='ocrx_word' id='word_1_530' title='bbox 946 3281 1030 3336; x_wconf 89' lang='lat' dir='ltr'><strong><em>vel</em></strong></span> <span class='ocrx_word' id='word_1_531' title='bbox 1067 3282 1316 3338; x_wconf 87' lang='lat' dir='ltr'><strong><em>testatori</em></strong></span> <span class='ocrx_word' id='word_1_532' title='bbox 1349 3281 1427 3335; x_wconf 93' lang='lat' dir='ltr'><strong><em>illi</em></strong></span> <span class='ocrx_word' id='word_1_533' title='bbox 1463 3280 1848 3335; x_wconf 80' lang='lat' dir='ltr'><strong><em>malediceret?</em></strong></span> 
     </span>
    </p>
   </div>
   <div class='ocr_carea' id='block_1_64' title="bbox 277 3369 1849 3443">
    <p class='ocr_par' dir='ltr' id='par_1_64' title="bbox 277 3369 1849 3443">
     <span class='ocr_line' id='line_1_64' title="bbox 277 3369 1849 3443; baseline 0 -17"><span class='ocrx_word' id='word_1_534' title='bbox 277 3371 405 3426; x_wconf 73' lang='lat' dir='ltr'><strong><em>Haec</em></strong></span> <span class='ocrx_word' id='word_1_535' title='bbox 437 3369 540 3424; x_wconf 89' lang='lat' dir='ltr'><strong><em>fuit</em></strong></span> <span class='ocrx_word' id='word_1_536' title='bbox 566 3371 890 3436; x_wconf 87' lang='lat' dir='ltr'><strong><em>necessitas,</em></strong></span> <span class='ocrx_word' id='word_1_537' title='bbox 914 3379 976 3426; x_wconf 91' lang='lat' dir='ltr'><strong><em>ut</em></strong></span> <span class='ocrx_word' id='word_1_538' title='bbox 999 3371 1067 3426; x_wconf 90' lang='lat' dir='ltr'><strong><em>ad</em></strong></span> <span class='ocrx_word' id='word_1_539' title='bbox 1095 3373 1253 3427; x_wconf 90' lang='lat' dir='ltr'><strong><em>istam</em></strong></span> <span class='ocrx_word' id='word_1_540' title='bbox 1280 3371 1611 3443; x_wconf 77' lang='lat' dir='ltr'><strong><em>diligentiam</em></strong></span> <span class='ocrx_word' id='word_1_541' title='bbox 1637 3370 1849 3426; x_wconf 86' lang='lat' dir='ltr'><strong><em>venire-</em></strong></span> 
     </span>
    </p>
   </div>
   <div class='ocr_carea' id='block_1_65' title="bbox 273 3459 1849 3532">
    <p class='ocr_par' dir='ltr' id='par_1_65' title="bbox 273 3459 1849 3532">
     <span class='ocr_line' id='line_1_65' title="bbox 273 3459 1849 3532; baseline -0.003 -16"><span class='ocrx_word' id='word_1_542' title='bbox 273 3477 420 3516; x_wconf 86' lang='lat' dir='ltr'><strong><em>mus.</em></strong></span> <span class='ocrx_word' id='word_1_543' title='bbox 453 3459 650 3515; x_wconf 86' lang='lat' dir='ltr'><strong><em>Nuntio</em></strong></span> <span class='ocrx_word' id='word_1_544' title='bbox 677 3475 806 3531; x_wconf 91' lang='lat' dir='ltr'><strong><em>ergo</em></strong></span> <span class='ocrx_word' id='word_1_545' title='bbox 831 3461 983 3516; x_wconf 83' lang='lat' dir='ltr'><strong><em>vobis</em></strong></span> <span class='ocrx_word' id='word_1_546' title='bbox 1009 3461 1150 3516; x_wconf 91' lang='lat' dir='ltr'><strong><em>unde</em></strong></span> <span class='ocrx_word' id='word_1_547' title='bbox 1177 3461 1476 3532; x_wconf 75' lang='lat' dir='ltr'><strong><em>gaudeatis.</em></strong></span> <span class='ocrx_word' id='word_1_548' title='bbox 1509 3459 1709 3516; x_wconf 91' lang='lat' dir='ltr'><strong><em>Omnes</em></strong></span> <span class='ocrx_word' id='word_1_549' title='bbox 1737 3459 1849 3513; x_wconf 85' lang='lat' dir='ltr'><strong><em>fra-</em></strong></span> 
     </span>
    </p>
   </div>
   <div class='ocr_carea' id='block_1_66' title="bbox 272 3551 1848 3623">
    <p class='ocr_par' dir='ltr' id='par_1_66' title="bbox 272 3551 1848 3623">
     <span class='ocr_line' id='line_1_66' title="bbox 272 3551 1848 3623; baseline 0.001 -17"><span class='ocrx_word' id='word_1_550' title='bbox 272 3563 388 3607; x_wconf 85' lang='lat' dir='ltr'><strong><em>tres</em></strong></span> <span class='ocrx_word' id='word_1_551' title='bbox 414 3560 468 3607; x_wconf 90' lang='lat' dir='ltr'><strong><em>et</em></strong></span> <span class='ocrx_word' id='word_1_552' title='bbox 495 3551 721 3608; x_wconf 88' lang='lat' dir='ltr'><strong><em>clericos</em></strong></span> <span class='ocrx_word' id='word_1_553' title='bbox 751 3568 925 3614; x_wconf 85' lang='lat' dir='ltr'><strong><em>meos,</em></strong></span> <span class='ocrx_word' id='word_1_554' title='bbox 957 3553 1046 3622; x_wconf 88' lang='lat' dir='ltr'><strong><em>qui</em></strong></span> <span class='ocrx_word' id='word_1_555' title='bbox 1077 3569 1287 3608; x_wconf 88' lang='lat' dir='ltr'><strong><em>mecum</em></strong></span> <span class='ocrx_word' id='word_1_556' title='bbox 1314 3554 1590 3617; x_wconf 89' lang='lat' dir='ltr'><strong><em>habitant,</em></strong></span> <span class='ocrx_word' id='word_1_557' title='bbox 1620 3553 1848 3623; x_wconf 83' lang='lat' dir='ltr'><strong><em>presby-</em></strong></span> 
     </span>
    </p>
   </div>
   <div class='ocr_carea' id='block_1_67' title="bbox 272 3643 1847 3714">
    <p class='ocr_par' dir='ltr' id='par_1_67' title="bbox 272 3643 1847 3714">
     <span class='ocr_line' id='line_1_67' title="bbox 272 3643 1847 3714; baseline 0 -17"><span class='ocrx_word' id='word_1_558' title='bbox 272 3652 446 3707; x_wconf 90' lang='lat' dir='ltr'><strong><em>teros,</em></strong></span> <span class='ocrx_word' id='word_1_559' title='bbox 476 3643 753 3706; x_wconf 86' lang='lat' dir='ltr'><strong><em>diaconos,</em></strong></span> <span class='ocrx_word' id='word_1_560' title='bbox 783 3644 1163 3708; x_wconf 89' lang='lat' dir='ltr'><strong><em>subdiaconos,</em></strong></span> <span class='ocrx_word' id='word_1_561' title='bbox 1191 3653 1245 3698; x_wconf 90' lang='lat' dir='ltr'><strong><em>et</em></strong></span> <span class='ocrx_word' id='word_1_562' title='bbox 1273 3643 1565 3698; x_wconf 88' lang='lat' dir='ltr'><strong><em>Patricium</em></strong></span> <span class='ocrx_word' id='word_1_563' title='bbox 1594 3651 1847 3714; x_wconf 89' lang='lat' dir='ltr'><strong><em>nepotem</em></strong></span> 
     </span>
    </p>
   </div>
   <div class='ocr_carea' id='block_1_68' title="bbox 271 3733 1847 3804">
    <p class='ocr_par' dir='ltr' id='par_1_68' title="bbox 271 3733 1847 3804">
     <span class='ocr_line' id='line_1_68' title="bbox 271 3733 1847 3804; baseline -0.001 -16"><span class='ocrx_word' id='word_1_564' title='bbox 271 3748 454 3788; x_wconf 90' lang='lat' dir='ltr'><strong><em>meum</em></strong></span> <span class='ocrx_word' id='word_1_565' title='bbox 475 3775 490 3798; x_wconf 94' lang='lat'><strong><em>,</em></strong></span> <span class='ocrx_word' id='word_1_566' title='bbox 517 3733 650 3789; x_wconf 88' lang='lat' dir='ltr'><strong><em>tales</em></strong></span> <span class='ocrx_word' id='word_1_567' title='bbox 675 3733 851 3788; x_wconf 89' lang='lat' dir='ltr'><strong><em>inveni</em></strong></span> <span class='ocrx_word' id='word_1_568' title='bbox 871 3775 886 3798; x_wconf 97' lang='lat'><strong><em>,</em></strong></span> <span class='ocrx_word' id='word_1_569' title='bbox 913 3734 1099 3804; x_wconf 86' lang='lat' dir='ltr'><strong><em>quales</em></strong></span> <span class='ocrx_word' id='word_1_570' title='bbox 1122 3734 1445 3790; x_wconf 87' lang='lat' dir='ltr'><strong><em>desideravi.</em></strong></span> <span class='ocrx_word' id='word_1_571' title='bbox 1473 3733 1581 3790; x_wconf 90' lang='lat' dir='ltr'><strong><em>Sed</em></strong></span> <span class='ocrx_word' id='word_1_572' title='bbox 1607 3743 1730 3788; x_wconf 82' lang='lat' dir='ltr'><strong><em>sunt</em></strong></span> <span class='ocrx_word' id='word_1_573' title='bbox 1755 3733 1847 3803; x_wconf 89' lang='lat' dir='ltr'><strong><em>qui</em></strong></span> 
     </span>
    </p>
   </div>
   <div class='ocr_carea' id='block_1_69' title="bbox 274 3824 1844 3895">
    <p class='ocr_par' dir='ltr' id='par_1_69' title="bbox 274 3824 1844 3895">
     <span class='ocr_line' id='line_1_69' title="bbox 274 3824 1844 3895; baseline -0.001 -17"><span class='ocrx_word' id='word_1_574' title='bbox 274 3825 343 3879; x_wconf 90' lang='lat' dir='ltr'><strong><em>de</em></strong></span> <span class='ocrx_word' id='word_1_575' title='bbox 398 3840 496 3878; x_wconf 91' lang='lat' dir='ltr'><strong><em>sua</em></strong></span> <span class='ocrx_word' id='word_1_576' title='bbox 549 3824 908 3894; x_wconf 90' lang='lat' dir='ltr'><strong><em>qualicunque</em></strong></span> <span class='ocrx_word' id='word_1_577' title='bbox 953 3833 1272 3895; x_wconf 89' lang='lat' dir='ltr'><strong><em>paupertate</em></strong></span> <span class='ocrx_word' id='word_1_578' title='bbox 1314 3825 1459 3894; x_wconf 91' lang='lat' dir='ltr'><strong><em>quod</em></strong></span> <span class='ocrx_word' id='word_1_579' title='bbox 1504 3831 1844 3887; x_wconf 89' lang='lat' dir='ltr'><strong><em>statuerant,</em></strong></span> 
     </span>
    </p>
   </div>
   <div class='ocr_carea' id='block_1_70' title="bbox 270 3914 1846 3980">
    <p class='ocr_par' dir='ltr' id='par_1_70' title="bbox 270 3914 1846 3980">
     <span class='ocr_line' id='line_1_70' title="bbox 270 3914 1846 3980; baseline 0 -12"><span class='ocrx_word' id='word_1_580' title='bbox 270 3915 514 3969; x_wconf 91' lang='lat' dir='ltr'><strong><em>nondum</em></strong></span> <span class='ocrx_word' id='word_1_581' title='bbox 553 3914 816 3969; x_wconf 89' lang='lat' dir='ltr'><strong><em>fecerunt.</em></strong></span> <span class='ocrx_word' id='word_1_582' title='bbox 855 3915 920 3969; x_wconf 79' lang='lat' dir='ltr'><strong><em>ili</em></strong></span> <span class='ocrx_word' id='word_1_583' title='bbox 958 3923 1113 3980; x_wconf 89' lang='lat' dir='ltr'><strong><em>sunt,</em></strong></span> <span class='ocrx_word' id='word_1_584' title='bbox 1142 3914 1343 3971; x_wconf 73' lang='lat' dir='ltr'><strong><em>Valens</em></strong></span> <span class='ocrx_word' id='word_1_585' title='bbox 1367 3915 1760 3978; x_wconf 80' lang='lat' dir='ltr'><strong><em>subdiaconus,</em></strong></span> <span class='ocrx_word' id='word_1_586' title='bbox 1791 3923 1846 3969; x_wconf 90' lang='lat' dir='ltr'><strong><em>et</em></strong></span> 
     </span>
    </p>
   </div>
   <div class='ocr_carea' id='block_1_71' title="bbox 269 4006 1846 4076">
    <p class='ocr_par' dir='ltr' id='par_1_71' title="bbox 269 4006 1846 4076">
     <span class='ocr_line' id='line_1_71' title="bbox 269 4006 1846 4076; baseline 0.001 -16"><span class='ocrx_word' id='word_1_587' title='bbox 269 4006 434 4076; x_wconf 88' lang='lat' dir='ltr'><strong><em>paulo</em></strong></span> <span class='ocrx_word' id='word_1_588' title='bbox 467 4015 593 4060; x_wconf 88' lang='lat' dir='ltr'><strong><em>ante</em></strong></span> <span class='ocrx_word' id='word_1_589' title='bbox 629 4006 804 4062; x_wconf 89' lang='lat' dir='ltr'><strong><em>dictus</em></strong></span> <span class='ocrx_word' id='word_1_590' title='bbox 837 4021 1003 4076; x_wconf 91' lang='lat' dir='ltr'><strong><em>nepos</em></strong></span> <span class='ocrx_word' id='word_1_591' title='bbox 1040 4021 1194 4062; x_wconf 89' lang='lat' dir='ltr'><strong><em>meus</em></strong></span> <span class='ocrx_word' id='word_1_592' title='bbox 1221 4006 1615 4072; x_wconf 87' lang='lat' dir='ltr'><strong><em>subdiaconus,</em></strong></span> <span class='ocrx_word' id='word_1_593' title='bbox 1646 4015 1701 4062; x_wconf 86' lang='lat' dir='ltr'><strong><em>et</em></strong></span> <span class='ocrx_word' id='word_1_594' title='bbox 1731 4023 1846 4061; x_wconf 90' lang='lat' dir='ltr'><strong><em>ma-</em></strong></span> 
     </span>
    </p>
   </div>
   <div class='ocr_carea' id='block_1_72' title="bbox 270 4098 1849 4169">
    <p class='ocr_par' dir='ltr' id='par_1_72' title="bbox 270 4098 1849 4169">
     <span class='ocr_line' id='line_1_72' title="bbox 270 4098 1849 4169; baseline 0.001 -18"><span class='ocrx_word' id='word_1_595' title='bbox 270 4099 370 4152; x_wconf 91' lang='lat' dir='ltr'><strong><em>tris</em></strong></span> <span class='ocrx_word' id='word_1_596' title='bbox 399 4098 507 4151; x_wconf 86' lang='lat' dir='ltr'><strong><em>vita</em></strong></span> <span class='ocrx_word' id='word_1_597' title='bbox 538 4098 860 4168; x_wconf 88' lang='lat' dir='ltr'><strong><em>impediebat</em></strong></span> <span class='ocrx_word' id='word_1_598' title='bbox 879 4139 894 4162; x_wconf 96' lang='lat'><strong><em>,</em></strong></span> <span class='ocrx_word' id='word_1_599' title='bbox 923 4100 1049 4169; x_wconf 88' lang='lat' dir='ltr'><strong><em>quia</em></strong></span> <span class='ocrx_word' id='word_1_600' title='bbox 1076 4099 1200 4154; x_wconf 91' lang='lat' dir='ltr'><strong><em>inde</em></strong></span> <span class='ocrx_word' id='word_1_601' title='bbox 1224 4099 1459 4156; x_wconf 87' lang='lat' dir='ltr'><strong><em>vivebat.</em></strong></span> <span class='ocrx_word' id='word_1_602' title='bbox 1486 4099 1849 4168; x_wconf 82' lang='lat' dir='ltr'><strong><em>Exspectaba-</em></strong></span> 
     </span>
    </p>
   </div>
   <div class='ocr_carea' id='block_1_73' title="bbox 271 4189 1846 4261">
    <p class='ocr_par' dir='ltr' id='par_1_73' title="bbox 271 4189 1846 4261">
     <span class='ocr_line' id='line_1_73' title="bbox 271 4189 1846 4261; baseline 0.001 -19"><span class='ocrx_word' id='word_1_603' title='bbox 271 4198 360 4242; x_wconf 88' lang='lat' dir='ltr'><strong><em>tur</em></strong></span> <span class='ocrx_word' id='word_1_604' title='bbox 392 4189 446 4242; x_wconf 91' lang='lat' dir='ltr'><strong><em>in</em></strong></span> <span class='ocrx_word' id='word_1_605' title='bbox 476 4189 567 4243; x_wconf 89' lang='lat' dir='ltr'><strong><em>illo</em></strong></span> <span class='ocrx_word' id='word_1_606' title='bbox 595 4190 758 4243; x_wconf 88' lang='lat' dir='ltr'><strong><em>etiam</em></strong></span> <span class='ocrx_word' id='word_1_607' title='bbox 789 4189 1041 4261; x_wconf 75' lang='lat' dir='ltr'><strong><em>legitima:</em></strong></span> <span class='ocrx_word' id='word_1_608' title='bbox 1079 4191 1254 4246; x_wconf 62' lang='lat' dir='ltr'><strong><em>astatis</em></strong></span> <span class='ocrx_word' id='word_1_609' title='bbox 1297 4205 1584 4256; x_wconf 84' lang='lat' dir='ltr'><strong><em>accessus,</em></strong></span> <span class='ocrx_word' id='word_1_610' title='bbox 1615 4200 1676 4245; x_wconf 91' lang='lat' dir='ltr'><strong><em>ut</em></strong></span> <span class='ocrx_word' id='word_1_611' title='bbox 1703 4191 1846 4260; x_wconf 89' lang='lat' dir='ltr'><strong><em>quod</em></strong></span> 
     </span>
    </p>
   </div>
   <div class='ocr_carea' id='block_1_74' title="bbox 270 4279 1843 4347">
    <p class='ocr_par' dir='ltr' id='par_1_74' title="bbox 270 4279 1843 4347">
     <span class='ocr_line' id='line_1_74' title="bbox 270 4279 1843 4347; baseline 0.002 -14"><span class='ocrx_word' id='word_1_612' title='bbox 270 4279 475 4336; x_wconf 88' lang='lat' dir='ltr'><strong><em>faceret</em></strong></span> <span class='ocrx_word' id='word_1_613' title='bbox 526 4281 835 4336; x_wconf 88' lang='lat' dir='ltr'><strong><em>firmissime</em></strong></span> <span class='ocrx_word' id='word_1_614' title='bbox 897 4283 1119 4337; x_wconf 89' lang='lat' dir='ltr'><strong><em>faceret.</em></strong></span> <span class='ocrx_word' id='word_1_615' title='bbox 1161 4282 1407 4338; x_wconf 90' lang='lat' dir='ltr'><strong><em>Nondum</em></strong></span> <span class='ocrx_word' id='word_1_616' title='bbox 1457 4289 1636 4338; x_wconf 91' lang='lat' dir='ltr'><strong><em>autem</em></strong></span> <span class='ocrx_word' id='word_1_617' title='bbox 1687 4282 1843 4347; x_wconf 91' lang='lat' dir='ltr'><strong><em>fecit,</em></strong></span> 
     </span>
    </p>
   </div>
   <div class='ocr_carea' id='block_1_75' title="bbox 268 4369 1839 4442">
    <p class='ocr_par' dir='ltr' id='par_1_75' title="bbox 268 4369 1839 4442">
     <span class='ocr_line' id='line_1_75' title="bbox 268 4369 1839 4442; baseline 0.003 -19"><span class='ocrx_word' id='word_1_618' title='bbox 268 4370 396 4439; x_wconf 88' lang='lat' dir='ltr'><strong><em>quia</em></strong></span> <span class='ocrx_word' id='word_1_619' title='bbox 434 4369 576 4440; x_wconf 89' lang='lat' dir='ltr'><strong><em>ipsos</em></strong></span> <span class='ocrx_word' id='word_1_620' title='bbox 608 4371 808 4442; x_wconf 86' lang='lat' dir='ltr'><strong><em>agellos</em></strong></span> <span class='ocrx_word' id='word_1_621' title='bbox 838 4373 1001 4426; x_wconf 84' lang='lat' dir='ltr'><strong><em>habet</em></strong></span> <span class='ocrx_word' id='word_1_622' title='bbox 1027 4387 1149 4427; x_wconf 88' lang='lat' dir='ltr'><strong><em>cum</em></strong></span> <span class='ocrx_word' id='word_1_623' title='bbox 1180 4388 1279 4428; x_wconf 91' lang='lat' dir='ltr'><strong><em>suo</em></strong></span> <span class='ocrx_word' id='word_1_624' title='bbox 1310 4372 1477 4428; x_wconf 84' lang='lat' dir='ltr'><strong><em>fratre</em></strong></span> <span class='ocrx_word' id='word_1_625' title='bbox 1505 4388 1839 4435; x_wconf 88' lang='lat' dir='ltr'><strong><em>communes,</em></strong></span> 
     </span>
    </p>
   </div>
   <div class='ocr_carea' id='block_1_76' title="bbox 267 4461 1846 4534">
    <p class='ocr_par' dir='ltr' id='par_1_76' title="bbox 267 4461 1846 4534">
     <span class='ocr_line' id='line_1_76' title="bbox 267 4461 1846 4534; baseline 0.003 -20"><span class='ocrx_word' id='word_1_626' title='bbox 267 4471 323 4514; x_wconf 88' lang='lat' dir='ltr'><strong><em>et</em></strong></span> <span class='ocrx_word' id='word_1_627' title='bbox 359 4461 724 4518; x_wconf 87' lang='lat' dir='ltr'><strong><em>subindivisos</em></strong></span> <span class='ocrx_word' id='word_1_628' title='bbox 761 4479 854 4518; x_wconf 90' lang='lat' dir='ltr'><strong><em>eos</em></strong></span> <span class='ocrx_word' id='word_1_629' title='bbox 890 4464 1184 4534; x_wconf 89' lang='lat' dir='ltr'><strong><em>possident.</em></strong></span> <span class='ocrx_word' id='word_1_630' title='bbox 1231 4463 1322 4519; x_wconf 89' lang='lat' dir='ltr'><strong><em>Sic</em></strong></span> <span class='ocrx_word' id='word_1_631' title='bbox 1350 4473 1530 4519; x_wconf 89' lang='lat' dir='ltr'><strong><em>autem</em></strong></span> <span class='ocrx_word' id='word_1_632' title='bbox 1563 4479 1658 4519; x_wconf 92' lang='lat' dir='ltr'><strong><em>eos</em></strong></span> <span class='ocrx_word' id='word_1_633' title='bbox 1697 4465 1846 4534; x_wconf 90' lang='lat' dir='ltr'><strong><em>cupit</em></strong></span> 
     </span>
    </p>
   </div>
   <div class='ocr_carea' id='block_1_77' title="bbox 267 4551 1846 4623">
    <p class='ocr_par' dir='ltr' id='par_1_77' title="bbox 267 4551 1846 4623">
     <span class='ocr_line' id='line_1_77' title="bbox 267 4551 1846 4623; baseline 0.001 -17"><span class='ocrx_word' id='word_1_634' title='bbox 267 4551 528 4607; x_wconf 67' lang='lat' dir='ltr'><strong><em>Ecclesiae</em></strong></span> <span class='ocrx_word' id='word_1_635' title='bbox 549 4551 797 4607; x_wconf 89' lang='lat' dir='ltr'><strong><em>conferre</em></strong></span> <span class='ocrx_word' id='word_1_636' title='bbox 811 4593 826 4619; x_wconf 96' lang='lat'><strong><em>,</em></strong></span> <span class='ocrx_word' id='word_1_637' title='bbox 852 4561 911 4607; x_wconf 94' lang='lat' dir='ltr'><strong><em>ut</em></strong></span> <span class='ocrx_word' id='word_1_638' title='bbox 933 4553 1058 4608; x_wconf 92' lang='lat' dir='ltr'><strong><em>inde</em></strong></span> <span class='ocrx_word' id='word_1_639' title='bbox 1079 4553 1293 4608; x_wconf 86' lang='lat' dir='ltr'><strong><em>alantur</em></strong></span> <span class='ocrx_word' id='word_1_640' title='bbox 1314 4553 1404 4622; x_wconf 91' lang='lat' dir='ltr'><strong><em>qui</em></strong></span> <span class='ocrx_word' id='word_1_641' title='bbox 1427 4561 1553 4608; x_wconf 90' lang='lat' dir='ltr'><strong><em>sunt</em></strong></span> <span class='ocrx_word' id='word_1_642' title='bbox 1573 4555 1627 4608; x_wconf 91' lang='lat' dir='ltr'><strong><em>in</em></strong></span> <span class='ocrx_word' id='word_1_643' title='bbox 1651 4568 1846 4623; x_wconf 87' lang='lat' dir='ltr'><strong><em>propo-</em></strong></span> 
     </span>
    </p>
   </div>
   <div class='ocr_carea' id='block_1_78' title="bbox 265 4643 1844 4716">
    <p class='ocr_par' dir='ltr' id='par_1_78' title="bbox 265 4643 1844 4716">
     <span class='ocr_line' id='line_1_78' title="bbox 265 4643 1844 4716; baseline 0.003 -21"><span class='ocrx_word' id='word_1_644' title='bbox 265 4643 376 4696; x_wconf 85' lang='lat' dir='ltr'><strong><em>sito</em></strong></span> <span class='ocrx_word' id='word_1_645' title='bbox 405 4644 712 4698; x_wconf 87' lang='lat' dir='ltr'><strong><em>sanctitatis</em></strong></span> <span class='ocrx_word' id='word_1_646' title='bbox 731 4685 748 4709; x_wconf 95' lang='lat'><strong><em>,</em></strong></span> <span class='ocrx_word' id='word_1_647' title='bbox 777 4660 1056 4715; x_wconf 85' lang='lat' dir='ltr'><strong><em>quousque</em></strong></span> <span class='ocrx_word' id='word_1_648' title='bbox 1083 4645 1139 4700; x_wconf 91' lang='lat' dir='ltr'><strong><em>in</em></strong></span> <span class='ocrx_word' id='word_1_649' title='bbox 1166 4645 1270 4699; x_wconf 89' lang='lat' dir='ltr'><strong><em>hac</em></strong></span> <span class='ocrx_word' id='word_1_650' title='bbox 1296 4645 1407 4699; x_wconf 89' lang='lat' dir='ltr'><strong><em>vita</em></strong></span> <span class='ocrx_word' id='word_1_651' title='bbox 1438 4645 1658 4716; x_wconf 85' lang='lat' dir='ltr'><strong><em>degunt.</em></strong></span> <span class='ocrx_word' id='word_1_652' title='bbox 1697 4645 1844 4702; x_wconf 88' lang='lat' dir='ltr'><strong><em>Scri-</em></strong></span> 
     </span>
    </p>
   </div>
   <div class='ocr_carea' id='block_1_79' title="bbox 265 4731 1843 4804">
    <p class='ocr_par' dir='ltr' id='par_1_79' title="bbox 265 4731 1843 4804">
     <span class='ocr_line' id='line_1_79' title="bbox 265 4731 1843 4804; baseline 0.003 -22"><span class='ocrx_word' id='word_1_653' title='bbox 265 4738 420 4799; x_wconf 89' lang='lat' dir='ltr'><strong><em>ptum</em></strong></span> <span class='ocrx_word' id='word_1_654' title='bbox 451 4739 535 4784; x_wconf 92' lang='lat' dir='ltr'><strong><em>est</em></strong></span> <span class='ocrx_word' id='word_1_655' title='bbox 558 4732 732 4798; x_wconf 88' lang='lat' dir='ltr'><strong><em>enim,</em></strong></span> <span class='ocrx_word' id='word_1_656' title='bbox 761 4741 815 4787; x_wconf 91' lang='lat' dir='ltr'><strong><em>et</em></strong></span> <span class='ocrx_word' id='word_1_657' title='bbox 842 4734 945 4788; x_wconf 89' lang='lat' dir='ltr'><strong><em>hoc</em></strong></span> <span class='ocrx_word' id='word_1_658' title='bbox 969 4732 1256 4804; x_wconf 83' lang='lat' dir='ltr'><strong><em>Apostolus</em></strong></span> <span class='ocrx_word' id='word_1_659' title='bbox 1284 4732 1522 4801; x_wconf 88' lang='lat' dir='ltr'><strong><em>loquitur</em></strong></span> <span class='ocrx_word' id='word_1_660' title='bbox 1547 4748 1562 4786; x_wconf 77' lang='grc' dir='ltr'><strong><em>τ</em></strong></span> <span class='ocrx_word' id='word_1_661' title='bbox 1594 4731 1843 4803; x_wconf 82' lang='lat' dir='ltr'><strong><em>Quisquis</em></strong></span> 
     </span>
    </p>
   </div>
   <div class='ocr_carea' id='block_1_80' title="bbox 267 4821 1848 4893">
    <p class='ocr_par' dir='ltr' id='par_1_80' title="bbox 267 4821 1848 4893">
     <span class='ocr_line' id='line_1_80' title="bbox 267 4821 1848 4893; baseline 0.003 -22"><span class='ocrx_word' id='word_1_662' title='bbox 267 4829 446 4873; x_wconf 81' lang='lat' dir='ltr'><strong><em>autem</em></strong></span> <span class='ocrx_word' id='word_1_663' title='bbox 471 4821 582 4875; x_wconf 86' lang='lat' dir='ltr'><strong><em>suis</em></strong></span> <span class='ocrx_word' id='word_1_664' title='bbox 601 4862 616 4888; x_wconf 89' lang='lat'><strong><em>,</em></strong></span> <span class='ocrx_word' id='word_1_665' title='bbox 659 4831 707 4876; x_wconf 87' lang='lat' dir='ltr'><strong><em>et</em></strong></span> <span class='ocrx_word' id='word_1_666' title='bbox 745 4825 976 4878; x_wconf 72' lang='lat' dir='ltr'><strong><em>maxime</em></strong></span> <span class='ocrx_word' id='word_1_667' title='bbox 1001 4825 1301 4879; x_wconf 83' lang='lat' dir='ltr'><strong><em>domesticis</em></strong></span> <span class='ocrx_word' id='word_1_668' title='bbox 1319 4865 1333 4890; x_wconf 93' lang='lat'><strong><em>,</em></strong></span> <span class='ocrx_word' id='word_1_669' title='bbox 1365 4840 1469 4877; x_wconf 86' lang='lat' dir='ltr'><strong><em>non</em></strong></span> <span class='ocrx_word' id='word_1_670' title='bbox 1493 4823 1750 4893; x_wconf 83' lang='lat' dir='ltr'><strong><em>providet,</em></strong></span> <span class='ocrx_word' id='word_1_671' title='bbox 1781 4823 1848 4891; x_wconf 80' lang='lat' dir='ltr'><strong><em>ﬁ-</em></strong></span> 
     </span>
    </p>
   </div>
   <div class='ocr_carea' id='block_1_81' title="bbox 266 4907 1845 4986">
    <p class='ocr_par' dir='ltr' id='par_1_81' title="bbox 266 4907 1845 4986">
     <span class='ocr_line' id='line_1_81' title="bbox 266 4907 1845 4986; baseline 0.004 -25"><span class='ocrx_word' id='word_1_672' title='bbox 266 4907 388 4962; x_wconf 85' lang='lat' dir='ltr'><strong><em>dem</em></strong></span> <span class='ocrx_word' id='word_1_673' title='bbox 412 4909 664 4980; x_wconf 84' lang='lat' dir='ltr'><strong><em>denegat,</em></strong></span> <span class='ocrx_word' id='word_1_674' title='bbox 687 4922 736 4966; x_wconf 91' lang='lat' dir='ltr'><strong><em>et</em></strong></span> <span class='ocrx_word' id='word_1_675' title='bbox 755 4923 827 4967; x_wconf 89' lang='lat' dir='ltr'><strong><em>est</em></strong></span> <span class='ocrx_word' id='word_1_676' title='bbox 849 4914 1049 4981; x_wconf 80' lang='lat' dir='ltr'><strong><em>infideli</em></strong></span> <span class='ocrx_word' id='word_1_677' title='bbox 1071 4916 1297 4970; x_wconf 89' lang='lat' dir='ltr'><strong><em>deterior</em></strong></span> <span class='ocrx_word' id='word_1_678' title='bbox 1318 4914 1370 4984; x_wconf 88' lang='grc' dir='ltr'><strong><em>(Ι</em></strong></span> <span class='ocrx_word' id='word_1_679' title='bbox 1396 4913 1530 4968; x_wconf 81' lang='lat' dir='ltr'><strong><em>Tim.</em></strong></span> <span class='ocrx_word' id='word_1_680' title='bbox 1555 4913 1630 4986; x_wconf 93' lang='lat' dir='ltr'><strong><em>v).</em></strong></span> <span class='ocrx_word' id='word_1_681' title='bbox 1653 4915 1845 4969; x_wconf 83' lang='lat' dir='ltr'><strong><em>Adhuc</em></strong></span> 
     </span>
    </p>
   </div>
   <div class='ocr_carea' id='block_1_82' title="bbox 268 5000 1845 5069">
    <p class='ocr_par' dir='ltr' id='par_1_82' title="bbox 268 5000 1845 5069">
     <span class='ocr_line' id='line_1_82' title="bbox 268 5000 1845 5069; baseline 0.004 -19"><span class='ocrx_word' id='word_1_682' title='bbox 268 5007 452 5052; x_wconf 88' lang='lat' dir='ltr'><strong><em>autem</em></strong></span> <span class='ocrx_word' id='word_1_683' title='bbox 479 5000 745 5069; x_wconf 89' lang='lat' dir='ltr'><strong><em>mancipia</em></strong></span> <span class='ocrx_word' id='word_1_684' title='bbox 774 5011 899 5056; x_wconf 91' lang='lat' dir='ltr'><strong><em>sunt</em></strong></span> <span class='ocrx_word' id='word_1_685' title='bbox 918 5003 968 5056; x_wconf 90' lang='lat' dir='ltr'><strong><em>ei</em></strong></span> <span class='ocrx_word' id='word_1_686' title='bbox 996 5003 1244 5058; x_wconf 86' lang='lat' dir='ltr'><strong><em>similiter</em></strong></span> <span class='ocrx_word' id='word_1_687' title='bbox 1263 5019 1385 5060; x_wconf 89' lang='lat' dir='ltr'><strong><em>eum</em></strong></span> <span class='ocrx_word' id='word_1_688' title='bbox 1414 5005 1585 5060; x_wconf 86' lang='lat' dir='ltr'><strong><em>fratre</em></strong></span> <span class='ocrx_word' id='word_1_689' title='bbox 1606 5019 1845 5059; x_wconf 82' lang='lat' dir='ltr'><strong><em>commu-</em></strong></span> 
     </span>
    </p>
   </div>
   <div class='ocr_carea' id='block_1_83' title="bbox 269 5087 1844 5162">
    <p class='ocr_par' dir='ltr' id='par_1_83' title="bbox 269 5087 1844 5162">
     <span class='ocr_line' id='line_1_83' title="bbox 269 5087 1844 5162; baseline 0.005 -22"><span class='ocrx_word' id='word_1_690' title='bbox 269 5087 392 5152; x_wconf 85' lang='lat' dir='ltr'><strong><em>nia,</em></strong></span> <span class='ocrx_word' id='word_1_691' title='bbox 427 5089 662 5144; x_wconf 88' lang='lat' dir='ltr'><strong><em>nondum</em></strong></span> <span class='ocrx_word' id='word_1_692' title='bbox 693 5091 882 5146; x_wconf 91' lang='lat' dir='ltr'><strong><em>divisa.</em></strong></span> <span class='ocrx_word' id='word_1_693' title='bbox 917 5092 1162 5162; x_wconf 89' lang='lat' dir='ltr'><strong><em>Disponit</em></strong></span> <span class='ocrx_word' id='word_1_694' title='bbox 1185 5109 1253 5149; x_wconf 90' lang='lat' dir='ltr'><strong><em>ea</em></strong></span> <span class='ocrx_word' id='word_1_695' title='bbox 1279 5095 1664 5151; x_wconf 86' lang='lat' dir='ltr'><strong><em>manumittere</em></strong></span> <span class='ocrx_word' id='word_1_696' title='bbox 1693 5113 1705 5148; x_wconf 92' lang='lat'>:</span> <span class='ocrx_word' id='word_1_697' title='bbox 1737 5110 1844 5149; x_wconf 91' lang='lat' dir='ltr'><strong><em>non</em></strong></span> 
     </span>
    </p>
   </div>
   <div class='ocr_carea' id='block_1_84' title="bbox 269 5179 1844 5252">
    <p class='ocr_par' dir='ltr' id='par_1_84' title="bbox 269 5179 1844 5252">
     <span class='ocr_line' id='line_1_84' title="bbox 269 5179 1844 5252; baseline 0.004 -23"><span class='ocrx_word' id='word_1_698' title='bbox 269 5182 450 5244; x_wconf 90' lang='lat' dir='ltr'><strong><em>potest</em></strong></span> <span class='ocrx_word' id='word_1_699' title='bbox 475 5187 764 5247; x_wconf 88' lang='lat' dir='ltr'><strong><em>antequam</em></strong></span> <span class='ocrx_word' id='word_1_700' title='bbox 795 5179 1122 5236; x_wconf 87' lang='lat' dir='ltr'><strong><em>dividantur.</em></strong></span> <span class='ocrx_word' id='word_1_701' title='bbox 1151 5181 1290 5248; x_wconf 85' lang='lat' dir='ltr'><strong><em>Quid</em></strong></span> <span class='ocrx_word' id='word_1_702' title='bbox 1317 5181 1463 5236; x_wconf 88' lang='lat' dir='ltr'><strong><em>enim</em></strong></span> <span class='ocrx_word' id='word_1_703' title='bbox 1489 5183 1556 5236; x_wconf 92' lang='lat' dir='ltr'><strong><em>ad</em></strong></span> <span class='ocrx_word' id='word_1_704' title='bbox 1586 5197 1644 5236; x_wconf 92' lang='lat' dir='ltr'><strong><em>se</em></strong></span> <span class='ocrx_word' id='word_1_705' title='bbox 1674 5183 1844 5252; x_wconf 89' lang='lat' dir='ltr'><strong><em>perti-</em></strong></span> 
     </span>
    </p>
   </div>
   <div class='ocr_carea' id='block_1_85' title="bbox 269 5267 1838 5342">
    <p class='ocr_par' dir='ltr' id='par_1_85' title="bbox 269 5267 1838 5342">
     <span class='ocr_line' id='line_1_85' title="bbox 269 5267 1838 5342; baseline 0.008 -23"><span class='ocrx_word' id='word_1_706' title='bbox 269 5274 427 5331; x_wconf 89' lang='lat' dir='ltr'><strong><em>neat,</em></strong></span> <span class='ocrx_word' id='word_1_707' title='bbox 470 5267 646 5321; x_wconf 90' lang='lat' dir='ltr'><strong><em>adhuc</em></strong></span> <span class='ocrx_word' id='word_1_708' title='bbox 687 5269 915 5340; x_wconf 83' lang='lat' dir='ltr'><strong><em>ignorat.</em></strong></span> <span class='ocrx_word' id='word_1_709' title='bbox 957 5270 1037 5324; x_wconf 84' lang='lat' dir='ltr'><strong><em>Ad</em></strong></span> <span class='ocrx_word' id='word_1_710' title='bbox 1068 5272 1240 5341; x_wconf 91' lang='lat' dir='ltr'><strong><em>ipsum</em></strong></span> <span class='ocrx_word' id='word_1_711' title='bbox 1289 5287 1454 5337; x_wconf 89' lang='lat' dir='ltr'><strong><em>sane,</em></strong></span> <span class='ocrx_word' id='word_1_712' title='bbox 1494 5273 1620 5342; x_wconf 90' lang='lat' dir='ltr'><strong><em>quia</em></strong></span> <span class='ocrx_word' id='word_1_713' title='bbox 1669 5271 1838 5340; x_wconf 75' lang='lat' dir='ltr'><strong><em>major</em></strong></span> 
     </span>
    </p>
   </div>
   <div class='ocr_carea' id='block_1_86' title="bbox 269 5357 1841 5431">
    <p class='ocr_par' dir='ltr' id='par_1_86' title="bbox 269 5357 1841 5431">
     <span class='ocr_line' id='line_1_86' title="bbox 269 5357 1841 5431; baseline 0.004 -23"><span class='ocrx_word' id='word_1_714' title='bbox 269 5363 382 5420; x_wconf 87' lang='lat' dir='ltr'><strong><em>est,</em></strong></span> <span class='ocrx_word' id='word_1_715' title='bbox 417 5357 653 5424; x_wconf 90' lang='lat' dir='ltr'><strong><em>pertinet</em></strong></span> <span class='ocrx_word' id='word_1_716' title='bbox 689 5359 883 5414; x_wconf 89' lang='lat' dir='ltr'><strong><em>divisio</em></strong></span> <span class='ocrx_word' id='word_1_717' title='bbox 914 5368 968 5414; x_wconf 92' lang='lat' dir='ltr'><strong><em>et</em></strong></span> <span class='ocrx_word' id='word_1_718' title='bbox 1003 5360 1068 5414; x_wconf 89' lang='lat' dir='ltr'><strong><em>ad</em></strong></span> <span class='ocrx_word' id='word_1_719' title='bbox 1103 5360 1326 5417; x_wconf 87' lang='lat' dir='ltr'><strong><em>fratrem</em></strong></span> <span class='ocrx_word' id='word_1_720' title='bbox 1360 5361 1478 5431; x_wconf 90' lang='lat' dir='ltr'><strong><em>ejus</em></strong></span> <span class='ocrx_word' id='word_1_721' title='bbox 1511 5361 1743 5416; x_wconf 91' lang='lat' dir='ltr'><strong><em>electio:</em></strong></span> <span class='ocrx_word' id='word_1_722' title='bbox 1784 5371 1841 5416; x_wconf 92' lang='lat' dir='ltr'><strong><em>et</em></strong></span> 
     </span>
    </p>
   </div>
   <div class='ocr_carea' id='block_1_87' title="bbox 270 5443 1838 5513">
    <p class='ocr_par' dir='ltr' id='par_1_87' title="bbox 270 5443 1838 5513">
     <span class='ocr_line' id='line_1_87' title="bbox 270 5443 1838 5513; baseline 0.004 -16"><span class='ocrx_word' id='word_1_723' title='bbox 270 5443 386 5512; x_wconf 88' lang='lat' dir='ltr'><strong><em>ipse</em></strong></span> <span class='ocrx_word' id='word_1_724' title='bbox 417 5443 586 5499; x_wconf 88' lang='lat' dir='ltr'><strong><em>frater</em></strong></span> <span class='ocrx_word' id='word_1_725' title='bbox 612 5443 727 5513; x_wconf 85' lang='lat' dir='ltr'><strong><em>ejus</em></strong></span> <span class='ocrx_word' id='word_1_726' title='bbox 755 5446 864 5502; x_wconf 91' lang='lat' dir='ltr'><strong><em>Deo</em></strong></span> <span class='ocrx_word' id='word_1_727' title='bbox 893 5450 1085 5513; x_wconf 87' lang='lat' dir='ltr'><strong><em>servit,</em></strong></span> <span class='ocrx_word' id='word_1_728' title='bbox 1118 5458 1173 5504; x_wconf 91' lang='lat' dir='ltr'><strong><em>et</em></strong></span> <span class='ocrx_word' id='word_1_729' title='bbox 1200 5450 1560 5505; x_wconf 84' lang='lat' dir='ltr'><strong><em>subdiaconus</em></strong></span> <span class='ocrx_word' id='word_1_730' title='bbox 1595 5458 1679 5504; x_wconf 89' lang='lat' dir='ltr'><strong><em>est</em></strong></span> <span class='ocrx_word' id='word_1_731' title='bbox 1715 5465 1838 5504; x_wconf 89' lang='lat' dir='ltr'><strong><em>cum</em></strong></span> 
     </span>
    </p>
   </div>
   <div class='ocr_carea' id='block_1_88' title="bbox 269 5535 1837 5611">
    <p class='ocr_par' dir='ltr' id='par_1_88' title="bbox 269 5535 1837 5611">
     <span class='ocr_line' id='line_1_88' title="bbox 269 5535 1837 5611; baseline 0.004 -22"><span class='ocrx_word' id='word_1_732' title='bbox 269 5542 461 5590; x_wconf 86' lang='lat' dir='ltr'><strong><em>sancto</em></strong></span> <span class='ocrx_word' id='word_1_733' title='bbox 489 5535 662 5592; x_wconf 90' lang='lat' dir='ltr'><strong><em>fratre</em></strong></span> <span class='ocrx_word' id='word_1_734' title='bbox 688 5554 812 5594; x_wconf 90' lang='lat' dir='ltr'><strong><em>meo</em></strong></span> <span class='ocrx_word' id='word_1_735' title='bbox 830 5580 844 5605; x_wconf 93' lang='lat'><strong><em>,</em></strong></span> <span class='ocrx_word' id='word_1_736' title='bbox 877 5549 932 5594; x_wconf 92' lang='lat' dir='ltr'><strong><em>et</em></strong></span> <span class='ocrx_word' id='word_1_737' title='bbox 960 5543 1278 5611; x_wconf 89' lang='lat' dir='ltr'><strong><em>coepiscopo</em></strong></span> <span class='ocrx_word' id='word_1_738' title='bbox 1305 5540 1506 5598; x_wconf 91' lang='lat' dir='ltr'><strong><em>Severo</em></strong></span> <span class='ocrx_word' id='word_1_739' title='bbox 1531 5542 1584 5596; x_wconf 92' lang='lat' dir='ltr'><strong><em>in</em></strong></span> <span class='ocrx_word' id='word_1_740' title='bbox 1609 5542 1837 5596; x_wconf 89' lang='lat' dir='ltr'><strong><em>ecclesia</em></strong></span> 
     </span>
    </p>
   </div>
   <div class='ocr_carea' id='block_1_89' title="bbox 272 5624 1835 5704">
    <p class='ocr_par' dir='ltr' id='par_1_89' title="bbox 272 5624 1835 5704">
     <span class='ocr_line' id='line_1_89' title="bbox 272 5624 1835 5704; baseline 0.004 -23"><span class='ocrx_word' id='word_1_741' title='bbox 272 5624 598 5683; x_wconf 74' lang='lat' dir='ltr'><strong><em>Milevitana.</em></strong></span> <span class='ocrx_word' id='word_1_742' title='bbox 642 5629 754 5685; x_wconf 85' lang='lat' dir='ltr'><strong><em>Hoc</em></strong></span> <span class='ocrx_word' id='word_1_743' title='bbox 782 5631 982 5703; x_wconf 86' lang='lat' dir='ltr'><strong><em>agitur,</em></strong></span> <span class='ocrx_word' id='word_1_744' title='bbox 1012 5633 1116 5688; x_wconf 90' lang='lat' dir='ltr'><strong><em>hoc</em></strong></span> <span class='ocrx_word' id='word_1_745' title='bbox 1144 5633 1261 5691; x_wconf 87' lang='lat' dir='ltr'><strong><em>sine</em></strong></span> <span class='ocrx_word' id='word_1_746' title='bbox 1289 5634 1546 5691; x_wconf 88' lang='lat' dir='ltr'><strong><em>dilatione</em></strong></span> <span class='ocrx_word' id='word_1_747' title='bbox 1575 5646 1835 5704; x_wconf 85' lang='lat' dir='ltr'><strong><em>peragen-</em></strong></span> 
     </span>
    </p>
   </div>
   <div class='ocr_carea' id='block_1_90' title="bbox 636 5725 1084 5788">
    <p class='ocr_par' dir='ltr' id='par_1_90' title="bbox 636 5725 1084 5788">
     <span class='ocr_line' id='line_1_90' title="bbox 636 5725 1084 5788; baseline 0.011 -5"><span class='ocrx_word' id='word_1_748' title='bbox 636 5725 910 5787; x_wconf 68' lang='lat' dir='ltr'><strong><em>Pnnon.</em></strong></span> <span class='ocrx_word' id='word_1_749' title='bbox 958 5725 1084 5788; x_wconf 86' lang='lat' dir='ltr'><strong><em>CV.</em></strong></span> 
     </span>
    </p>
   </div>
   <div class='ocr_carea' id='block_1_91' title="bbox 1948 3185 3518 3259">
    <p class='ocr_par' dir='ltr' id='par_1_91' title="bbox 1948 3185 3518 3259">
     <span class='ocr_line' id='line_1_91' title="bbox 1948 3185 3518 3259; baseline 0.003 -18"><span class='ocrx_word' id='word_1_750' title='bbox 1948 3202 2238 3241; x_wconf 89' lang='lat' dir='ltr'><strong><em>causarum</em></strong></span> <span class='ocrx_word' id='word_1_751' title='bbox 2271 3201 2359 3242; x_wconf 90' lang='lat' dir='ltr'><strong><em>me</em></strong></span> <span class='ocrx_word' id='word_1_752' title='bbox 2381 3185 2620 3254; x_wconf 90' lang='lat' dir='ltr'><strong><em>judicem</em></strong></span> <span class='ocrx_word' id='word_1_753' title='bbox 2648 3189 2854 3259; x_wconf 88' lang='lat' dir='ltr'><strong><em>poscit:</em></strong></span> <span class='ocrx_word' id='word_1_754' title='bbox 2895 3205 3016 3245; x_wconf 90' lang='lat' dir='ltr'><strong><em>cum</em></strong></span> <span class='ocrx_word' id='word_1_755' title='bbox 3049 3190 3153 3246; x_wconf 64' lang='lat' dir='ltr'><strong><em>illa:</em></strong></span> <span class='ocrx_word' id='word_1_756' title='bbox 3183 3206 3359 3246; x_wconf 64' lang='lat' dir='ltr'><strong><em>causa;</em></strong></span> <span class='ocrx_word' id='word_1_757' title='bbox 3400 3191 3518 3246; x_wconf 88' lang='lat' dir='ltr'><strong><em>fue-</em></strong></span> 
     </span>
    </p>
   </div>
   <div class='ocr_carea' id='block_1_92' title="bbox 1931 3277 3520 3353">
    <p class='ocr_par' dir='ltr' id='par_1_92' title="bbox 1931 3277 3520 3353">
     <span class='ocr_line' id='line_1_92' title="bbox 1931 3277 3520 3353; baseline 0.003 -23"><span class='ocrx_word' id='word_1_758' title='bbox 1931 3278 2060 3331; x_wconf 74' lang='lat' dir='ltr'><strong><em>rint</em></strong></span> <span class='ocrx_word' id='word_1_759' title='bbox 2087 3277 2408 3342; x_wconf 61' lang='lat' dir='ltr'><strong><em>terminata,</em></strong></span> <span class='ocrx_word' id='word_1_760' title='bbox 2440 3277 2534 3332; x_wconf 86' lang='lat' dir='ltr'><strong><em>fiat</em></strong></span> <span class='ocrx_word' id='word_1_761' title='bbox 2563 3280 2629 3332; x_wconf 92' lang='lat' dir='ltr'><strong><em>de</em></strong></span> <span class='ocrx_word' id='word_1_762' title='bbox 2659 3280 2773 3348; x_wconf 89' lang='lat' dir='ltr'><strong><em>ipsa</em></strong></span> <span class='ocrx_word' id='word_1_763' title='bbox 2801 3281 2960 3334; x_wconf 91' lang='lat' dir='ltr'><strong><em>domo</em></strong></span> <span class='ocrx_word' id='word_1_764' title='bbox 2984 3281 3126 3349; x_wconf 88' lang='lat' dir='ltr'><strong><em>quod</em></strong></span> <span class='ocrx_word' id='word_1_765' title='bbox 3153 3296 3254 3353; x_wconf 90' lang='lat' dir='ltr'><strong><em>ego</em></strong></span> <span class='ocrx_word' id='word_1_766' title='bbox 3283 3281 3520 3337; x_wconf 90' lang='lat' dir='ltr'><strong><em>voluero.</em></strong></span> 
     </span>
    </p>
   </div>
   <div class='ocr_carea' id='block_1_93' title="bbox 1950 3368 3522 3441">
    <p class='ocr_par' dir='ltr' id='par_1_93' title="bbox 1950 3368 3522 3441">
     <span class='ocr_line' id='line_1_93' title="bbox 1950 3368 3522 3441; baseline 0.001 -19"><span class='ocrx_word' id='word_1_767' title='bbox 1950 3368 2089 3435; x_wconf 87' lang='lat' dir='ltr'><strong><em>Quid</em></strong></span> <span class='ocrx_word' id='word_1_768' title='bbox 2134 3377 2316 3423; x_wconf 90' lang='lat' dir='ltr'><strong><em>autem</em></strong></span> <span class='ocrx_word' id='word_1_769' title='bbox 2350 3369 2506 3424; x_wconf 40' lang='lat' dir='ltr'><strong><em>.velle</em></strong></span> <span class='ocrx_word' id='word_1_770' title='bbox 2545 3378 2756 3440; x_wconf 86' lang='lat' dir='ltr'><strong><em>potero,</em></strong></span> <span class='ocrx_word' id='word_1_771' title='bbox 2804 3369 2914 3424; x_wconf 89' lang='lat' dir='ltr'><strong><em>Deo</em></strong></span> <span class='ocrx_word' id='word_1_772' title='bbox 2958 3379 3214 3441; x_wconf 87' lang='lat' dir='ltr'><strong><em>regente,</em></strong></span> <span class='ocrx_word' id='word_1_773' title='bbox 3246 3371 3350 3426; x_wconf 92' lang='lat' dir='ltr'><strong><em>nisi</em></strong></span> <span class='ocrx_word' id='word_1_774' title='bbox 3381 3375 3522 3441; x_wconf 89' lang='lat' dir='ltr'><strong><em>quod</em></strong></span> 
     </span>
    </p>
   </div>
   <div class='ocr_carea' id='block_1_94' title="bbox 1941 3459 3526 3531">
    <p class='ocr_par' dir='ltr' id='par_1_94' title="bbox 1941 3459 3526 3531">
     <span class='ocr_line' id='line_1_94' title="bbox 1941 3459 3526 3531; baseline 0.001 -18"><span class='ocrx_word' id='word_1_775' title='bbox 1941 3459 2151 3530; x_wconf 89' lang='lat' dir='ltr'><strong><em>justitia</em></strong></span> <span class='ocrx_word' id='word_1_776' title='bbox 2175 3459 2331 3528; x_wconf 85' lang='lat' dir='ltr'><strong><em>jubet</em></strong></span> <span class='ocrx_word' id='word_1_777' title='bbox 2358 3468 2413 3514; x_wconf 89' lang='lat' dir='ltr'><strong><em>et</em></strong></span> <span class='ocrx_word' id='word_1_778' title='bbox 2441 3460 2617 3530; x_wconf 85' lang='lat' dir='ltr'><strong><em>pietas</em></strong></span> <span class='ocrx_word' id='word_1_779' title='bbox 2646 3459 2923 3530; x_wconf 83' lang='lat' dir='ltr'><strong><em>postulat?</em></strong></span> <span class='ocrx_word' id='word_1_780' title='bbox 2953 3459 3124 3514; x_wconf 82' lang='lat' dir='ltr'><strong><em>Habet</em></strong></span> <span class='ocrx_word' id='word_1_781' title='bbox 3153 3460 3319 3514; x_wconf 89' lang='lat' dir='ltr'><strong><em>etiam</em></strong></span> <span class='ocrx_word' id='word_1_782' title='bbox 3352 3461 3405 3515; x_wconf 90' lang='lat' dir='ltr'><strong><em>in</em></strong></span> <span class='ocrx_word' id='word_1_783' title='bbox 3433 3477 3526 3531; x_wconf 87' lang='lat' dir='ltr'><strong><em>pa-</em></strong></span> 
     </span>
    </p>
   </div>
   <div class='ocr_carea' id='block_1_95' title="bbox 1949 3551 3528 3622">
    <p class='ocr_par' dir='ltr' id='par_1_95' title="bbox 1949 3551 3528 3622">
     <span class='ocr_line' id='line_1_95' title="bbox 1949 3551 3528 3622; baseline 0.001 -16"><span class='ocrx_word' id='word_1_784' title='bbox 1949 3552 2054 3606; x_wconf 90' lang='lat' dir='ltr'><strong><em>tria</em></strong></span> <span class='ocrx_word' id='word_1_785' title='bbox 2099 3567 2195 3606; x_wconf 89' lang='lat' dir='ltr'><strong><em>sua</em></strong></span> <span class='ocrx_word' id='word_1_786' title='bbox 2229 3551 2438 3621; x_wconf 87' lang='lat' dir='ltr'><strong><em>aliquos</em></strong></span> <span class='ocrx_word' id='word_1_787' title='bbox 2469 3552 2670 3622; x_wconf 87' lang='lat' dir='ltr'><strong><em>agellos</em></strong></span> <span class='ocrx_word' id='word_1_788' title='bbox 2697 3569 2712 3604; x_wconf 86' lang='lat'><strong>:</strong></span> <span class='ocrx_word' id='word_1_789' title='bbox 2744 3551 2981 3620; x_wconf 88' lang='lat' dir='ltr'><strong><em>disponit</em></strong></span> <span class='ocrx_word' id='word_1_790' title='bbox 3009 3566 3102 3607; x_wconf 88' lang='lat' dir='ltr'><strong><em>eos</em></strong></span> <span class='ocrx_word' id='word_1_791' title='bbox 3130 3551 3210 3606; x_wconf 91' lang='lat' dir='ltr'><strong><em>sic</em></strong></span> <span class='ocrx_word' id='word_1_792' title='bbox 3237 3553 3528 3608; x_wconf 90' lang='lat' dir='ltr'><strong><em>distribue-</em></strong></span> 
     </span>
    </p>
   </div>
   <div class='ocr_carea' id='block_1_96' title="bbox 1947 3641 3523 3718">
    <p class='ocr_par' dir='ltr' id='par_1_96' title="bbox 1947 3641 3523 3718">
     <span class='ocr_line' id='line_1_96' title="bbox 1947 3641 3523 3718; baseline 0 -20"><span class='ocrx_word' id='word_1_793' title='bbox 1947 3658 2038 3708; x_wconf 90' lang='lat' dir='ltr'><strong><em>re,</em></strong></span> <span class='ocrx_word' id='word_1_794' title='bbox 2069 3650 2130 3696; x_wconf 93' lang='lat' dir='ltr'><strong><em>ut</em></strong></span> <span class='ocrx_word' id='word_1_795' title='bbox 2161 3643 2326 3698; x_wconf 88' lang='lat' dir='ltr'><strong><em>etiam</em></strong></span> <span class='ocrx_word' id='word_1_796' title='bbox 2357 3642 2468 3697; x_wconf 91' lang='lat' dir='ltr'><strong><em>illic</em></strong></span> <span class='ocrx_word' id='word_1_797' title='bbox 2494 3642 2550 3696; x_wconf 91' lang='lat' dir='ltr'><strong><em>in</em></strong></span> <span class='ocrx_word' id='word_1_798' title='bbox 2579 3642 2697 3712; x_wconf 89' lang='lat' dir='ltr'><strong><em>ipso</em></strong></span> <span class='ocrx_word' id='word_1_799' title='bbox 2727 3641 2844 3696; x_wconf 93' lang='lat' dir='ltr'><strong><em>loco</em></strong></span> <span class='ocrx_word' id='word_1_800' title='bbox 2868 3642 3057 3712; x_wconf 71' lang='lat' dir='ltr'><strong><em>posita:</em></strong></span> <span class='ocrx_word' id='word_1_801' title='bbox 3083 3643 3308 3713; x_wconf 85' lang='lat' dir='ltr'><strong><em>pauperi</em></strong></span> <span class='ocrx_word' id='word_1_802' title='bbox 3334 3643 3523 3718; x_wconf 88' lang='lat' dir='ltr'><strong><em>largia-</em></strong></span> 
     </span>
    </p>
   </div>
   <div class='ocr_carea' id='block_1_97' title="bbox 1950 3731 3523 3802">
    <p class='ocr_par' dir='ltr' id='par_1_97' title="bbox 1950 3731 3523 3802">
     <span class='ocr_line' id='line_1_97' title="bbox 1950 3731 3523 3802; baseline -0.001 -14"><span class='ocrx_word' id='word_1_803' title='bbox 1950 3741 2038 3788; x_wconf 91' lang='lat' dir='ltr'><strong><em>tur</em></strong></span> <span class='ocrx_word' id='word_1_804' title='bbox 2088 3732 2351 3788; x_wconf 73' lang='lat' dir='ltr'><strong><em>ecclesire.</em></strong></span> <span class='ocrx_word' id='word_1_805' title='bbox 2401 3731 2668 3787; x_wconf 91' lang='lat' dir='ltr'><strong><em>Diaconus</em></strong></span> <span class='ocrx_word' id='word_1_806' title='bbox 2713 3731 3072 3801; x_wconf 86' lang='lat' dir='ltr'><strong><em>Hipponensis</em></strong></span> <span class='ocrx_word' id='word_1_807' title='bbox 3115 3731 3278 3786; x_wconf 86' lang='lat' dir='ltr'><strong><em>homo</em></strong></span> <span class='ocrx_word' id='word_1_808' title='bbox 3319 3747 3523 3802; x_wconf 91' lang='lat' dir='ltr'><strong><em>pauper</em></strong></span> 
     </span>
    </p>
   </div>
   <div class='ocr_carea' id='block_1_98' title="bbox 1950 3821 3524 3892">
    <p class='ocr_par' dir='ltr' id='par_1_98' title="bbox 1950 3821 3524 3892">
     <span class='ocr_line' id='line_1_98' title="bbox 1950 3821 3524 3892; baseline -0.002 -13"><span class='ocrx_word' id='word_1_809' title='bbox 1950 3833 2036 3880; x_wconf 88' lang='lat' dir='ltr'><strong><em>est</em></strong></span> <span class='ocrx_word' id='word_1_810' title='bbox 2065 3842 2078 3878; x_wconf 89' lang='lat'><strong>:</strong></span> <span class='ocrx_word' id='word_1_811' title='bbox 2112 3824 2241 3892; x_wconf 90' lang='lat' dir='ltr'><strong><em>quid</em></strong></span> <span class='ocrx_word' id='word_1_812' title='bbox 2269 3823 2429 3878; x_wconf 88' lang='lat' dir='ltr'><strong><em>alicui</em></strong></span> <span class='ocrx_word' id='word_1_813' title='bbox 2457 3821 2734 3882; x_wconf 86' lang='lat' dir='ltr'><strong><em>conferat,</em></strong></span> <span class='ocrx_word' id='word_1_814' title='bbox 2762 3836 2868 3876; x_wconf 92' lang='lat' dir='ltr'><strong><em>non</em></strong></span> <span class='ocrx_word' id='word_1_815' title='bbox 2899 3821 3062 3876; x_wconf 89' lang='lat' dir='ltr'><strong><em>habet</em></strong></span> <span class='ocrx_word' id='word_1_816' title='bbox 3089 3837 3104 3874; x_wconf 90' lang='lat'><strong>:</strong></span> <span class='ocrx_word' id='word_1_817' title='bbox 3136 3829 3318 3876; x_wconf 89' lang='lat' dir='ltr'><strong><em>tamen</em></strong></span> <span class='ocrx_word' id='word_1_818' title='bbox 3349 3822 3416 3878; x_wconf 88' lang='lat' dir='ltr'><strong><em>de</em></strong></span> <span class='ocrx_word' id='word_1_819' title='bbox 3445 3821 3524 3876; x_wconf 84' lang='lat' dir='ltr'><strong><em>la-</em></strong></span> 
     </span>
    </p>
   </div>
   <div class='ocr_carea' id='block_1_99' title="bbox 1947 3913 3520 3985">
    <p class='ocr_par' dir='ltr' id='par_1_99' title="bbox 1947 3913 3520 3985">
     <span class='ocr_line' id='line_1_99' title="bbox 1947 3913 3520 3985; baseline -0.002 -13"><span class='ocrx_word' id='word_1_820' title='bbox 1947 3917 2170 3972; x_wconf 87' lang='lat' dir='ltr'><strong><em>boribus</em></strong></span> <span class='ocrx_word' id='word_1_821' title='bbox 2199 3915 2312 3972; x_wconf 90' lang='lat' dir='ltr'><strong><em>suis</em></strong></span> <span class='ocrx_word' id='word_1_822' title='bbox 2331 3956 2346 3982; x_wconf 94' lang='lat'><strong><em>,</em></strong></span> <span class='ocrx_word' id='word_1_823' title='bbox 2381 3925 2672 3985; x_wconf 89' lang='lat' dir='ltr'><strong><em>antequam</em></strong></span> <span class='ocrx_word' id='word_1_824' title='bbox 2701 3922 2848 3969; x_wconf 85' lang='lat' dir='ltr'><strong><em>esset</em></strong></span> <span class='ocrx_word' id='word_1_825' title='bbox 2887 3913 3151 3980; x_wconf 89' lang='lat' dir='ltr'><strong><em>clericus,</em></strong></span> <span class='ocrx_word' id='word_1_826' title='bbox 3183 3923 3394 3969; x_wconf 88' lang='lat' dir='ltr'><strong><em>emerat</em></strong></span> <span class='ocrx_word' id='word_1_827' title='bbox 3421 3915 3520 3969; x_wconf 91' lang='lat' dir='ltr'><strong><em>ali-</em></strong></span> 
     </span>
    </p>
   </div>
   <div class='ocr_carea' id='block_1_100' title="bbox 1948 4007 3517 4080">
    <p class='ocr_par' dir='ltr' id='par_1_100' title="bbox 1948 4007 3517 4080">
     <span class='ocr_line' id='line_1_100' title="bbox 1948 4007 3517 4080; baseline -0.003 -16"><span class='ocrx_word' id='word_1_828' title='bbox 1948 4026 2084 4080; x_wconf 91' lang='lat' dir='ltr'><strong><em>quos</em></strong></span> <span class='ocrx_word' id='word_1_829' title='bbox 2123 4009 2401 4075; x_wconf 90' lang='lat' dir='ltr'><strong><em>servulos,</em></strong></span> <span class='ocrx_word' id='word_1_830' title='bbox 2433 4009 2595 4065; x_wconf 88' lang='lat' dir='ltr'><strong><em>hodie</em></strong></span> <span class='ocrx_word' id='word_1_831' title='bbox 2621 4007 2742 4061; x_wconf 88' lang='lat' dir='ltr'><strong><em>illos</em></strong></span> <span class='ocrx_word' id='word_1_832' title='bbox 2769 4007 2823 4060; x_wconf 84' lang='lat' dir='ltr'><strong><em>in</em></strong></span> <span class='ocrx_word' id='word_1_833' title='bbox 2854 4013 3140 4074; x_wconf 88' lang='lat' dir='ltr'><strong><em>conspectu</em></strong></span> <span class='ocrx_word' id='word_1_834' title='bbox 3181 4013 3365 4062; x_wconf 91' lang='lat' dir='ltr'><strong><em>vestro</em></strong></span> <span class='ocrx_word' id='word_1_835' title='bbox 3404 4021 3517 4060; x_wconf 84' lang='lat' dir='ltr'><strong><em>ma-</em></strong></span> 
     </span>
    </p>
   </div>
   <div class='ocr_carea' id='block_1_101' title="bbox 1949 4095 3522 4168">
    <p class='ocr_par' dir='ltr' id='par_1_101' title="bbox 1949 4095 3522 4168">
     <span class='ocr_line' id='line_1_101' title="bbox 1949 4095 3522 4168; baseline -0.003 -14"><span class='ocrx_word' id='word_1_836' title='bbox 1949 4101 2287 4155; x_wconf 88' lang='lat' dir='ltr'><strong><em>numissurus</em></strong></span> <span class='ocrx_word' id='word_1_837' title='bbox 2327 4108 2409 4154; x_wconf 89' lang='lat' dir='ltr'><strong><em>est</em></strong></span> <span class='ocrx_word' id='word_1_838' title='bbox 2449 4097 2842 4168; x_wconf 86' lang='lat' dir='ltr'><strong><em>episcopalibus</em></strong></span> <span class='ocrx_word' id='word_1_839' title='bbox 2871 4097 3059 4167; x_wconf 89' lang='lat' dir='ltr'><strong><em>gestis.</em></strong></span> <span class='ocrx_word' id='word_1_840' title='bbox 3093 4095 3361 4151; x_wconf 88' lang='lat' dir='ltr'><strong><em>Diaconus</em></strong></span> <span class='ocrx_word' id='word_1_841' title='bbox 3389 4095 3522 4150; x_wconf 87' lang='lat' dir='ltr'><strong><em>Era-</em></strong></span> 
     </span>
    </p>
   </div>
   <div class='ocr_carea' id='block_1_102' title="bbox 1948 4187 3520 4258">
    <p class='ocr_par' dir='ltr' id='par_1_102' title="bbox 1948 4187 3520 4258">
     <span class='ocr_line' id='line_1_102' title="bbox 1948 4187 3520 4258; baseline -0.004 -12"><span class='ocrx_word' id='word_1_842' title='bbox 1948 4191 2069 4246; x_wconf 91' lang='lat' dir='ltr'><strong><em>dius</em></strong></span> <span class='ocrx_word' id='word_1_843' title='bbox 2098 4200 2224 4246; x_wconf 89' lang='lat' dir='ltr'><strong><em>ante</em></strong></span> <span class='ocrx_word' id='word_1_844' title='bbox 2247 4199 2459 4245; x_wconf 85' lang='lat' dir='ltr'><strong><em>vestros</em></strong></span> <span class='ocrx_word' id='word_1_845' title='bbox 2482 4190 2669 4244; x_wconf 89' lang='lat' dir='ltr'><strong><em>oculos</em></strong></span> <span class='ocrx_word' id='word_1_846' title='bbox 2693 4196 2977 4254; x_wconf 87' lang='lat' dir='ltr'><strong><em>versatur;</em></strong></span> <span class='ocrx_word' id='word_1_847' title='bbox 3005 4202 3170 4258; x_wconf 88' lang='lat' dir='ltr'><strong><em>opera</em></strong></span> <span class='ocrx_word' id='word_1_848' title='bbox 3197 4187 3312 4257; x_wconf 89' lang='lat' dir='ltr'><strong><em>ejus</em></strong></span> <span class='ocrx_word' id='word_1_849' title='bbox 3339 4189 3520 4243; x_wconf 89' lang='lat' dir='ltr'><strong><em>lucent</em></strong></span> 
     </span>
    </p>
   </div>
   <div class='ocr_carea' id='block_1_103' title="bbox 1947 4277 3518 4349">
    <p class='ocr_par' dir='ltr' id='par_1_103' title="bbox 1947 4277 3518 4349">
     <span class='ocr_line' id='line_1_103' title="bbox 1947 4277 3518 4349; baseline 0.001 -14"><span class='ocrx_word' id='word_1_850' title='bbox 1947 4296 2132 4335; x_wconf 88' lang='lat' dir='ltr'><strong><em>coram</em></strong></span> <span class='ocrx_word' id='word_1_851' title='bbox 2161 4279 2334 4335; x_wconf 90' lang='lat' dir='ltr'><strong><em>oculis</em></strong></span> <span class='ocrx_word' id='word_1_852' title='bbox 2362 4279 2563 4333; x_wconf 88' lang='lat' dir='ltr'><strong><em>nostris</em></strong></span> <span class='ocrx_word' id='word_1_853' title='bbox 2593 4295 2607 4332; x_wconf 91' lang='lat'><strong>:</strong></span> <span class='ocrx_word' id='word_1_854' title='bbox 2639 4279 2706 4333; x_wconf 93' lang='lat' dir='ltr'><strong><em>de</em></strong></span> <span class='ocrx_word' id='word_1_855' title='bbox 2747 4292 2910 4348; x_wconf 87' lang='lat' dir='ltr'><strong><em>opere</em></strong></span> <span class='ocrx_word' id='word_1_856' title='bbox 2938 4277 3055 4346; x_wconf 88' lang='lat' dir='ltr'><strong><em>ejus</em></strong></span> <span class='ocrx_word' id='word_1_857' title='bbox 3080 4285 3132 4332; x_wconf 92' lang='lat' dir='ltr'><strong><em>et</em></strong></span> <span class='ocrx_word' id='word_1_858' title='bbox 3158 4292 3391 4348; x_wconf 79' lang='lat' dir='ltr'><strong><em>expensa</em></strong></span> <span class='ocrx_word' id='word_1_859' title='bbox 3421 4295 3518 4349; x_wconf 92' lang='lat' dir='ltr'><strong><em>pe-</em></strong></span> 
     </span>
    </p>
   </div>
   <div class='ocr_carea' id='block_1_104' title="bbox 1946 4368 3517 4440">
    <p class='ocr_par' dir='ltr' id='par_1_104' title="bbox 1946 4368 3517 4440">
     <span class='ocr_line' id='line_1_104' title="bbox 1946 4368 3517 4440; baseline 0.001 -16"><span class='ocrx_word' id='word_1_860' title='bbox 1946 4371 2103 4424; x_wconf 89' lang='lat' dir='ltr'><strong><em>cunia</em></strong></span> <span class='ocrx_word' id='word_1_861' title='bbox 2125 4370 2442 4424; x_wconf 84' lang='lat' dir='ltr'><strong><em>memoriam</em></strong></span> <span class='ocrx_word' id='word_1_862' title='bbox 2469 4369 2640 4422; x_wconf 90' lang='lat' dir='ltr'><strong><em>sancti</em></strong></span> <span class='ocrx_word' id='word_1_863' title='bbox 2664 4368 2920 4438; x_wconf 87' lang='lat' dir='ltr'><strong><em>martyris</em></strong></span> <span class='ocrx_word' id='word_1_864' title='bbox 2950 4369 3230 4424; x_wconf 89' lang='lat' dir='ltr'><strong><em>habemus.</em></strong></span> <span class='ocrx_word' id='word_1_865' title='bbox 3255 4370 3332 4425; x_wconf 91' lang='lat' dir='ltr'><strong><em>De</em></strong></span> <span class='ocrx_word' id='word_1_866' title='bbox 3353 4385 3517 4440; x_wconf 51' lang='lat' dir='ltr'><strong><em>pecu-</em></strong></span> 
     </span>
    </p>
   </div>
   <div class='ocr_carea' id='block_1_105' title="bbox 1951 4457 3516 4527">
    <p class='ocr_par' dir='ltr' id='par_1_105' title="bbox 1951 4457 3516 4527">
     <span class='ocr_line' id='line_1_105' title="bbox 1951 4457 3516 4527; baseline -0.001 -13"><span class='ocrx_word' id='word_1_867' title='bbox 1951 4460 2039 4514; x_wconf 89' lang='lat' dir='ltr'><strong><em>nia</em></strong></span> <span class='ocrx_word' id='word_1_868' title='bbox 2081 4473 2178 4514; x_wconf 90' lang='lat' dir='ltr'><strong><em>sua</em></strong></span> <span class='ocrx_word' id='word_1_869' title='bbox 2217 4458 2349 4513; x_wconf 89' lang='lat' dir='ltr'><strong><em>emit</em></strong></span> <span class='ocrx_word' id='word_1_870' title='bbox 2383 4457 2548 4511; x_wconf 88' lang='lat' dir='ltr'><strong><em>etiam</em></strong></span> <span class='ocrx_word' id='word_1_871' title='bbox 2576 4459 2971 4527; x_wconf 86' lang='lat' dir='ltr'><strong><em>possessionem</em></strong></span> <span class='ocrx_word' id='word_1_872' title='bbox 3012 4473 3076 4513; x_wconf 82' lang='lat' dir='ltr'><strong><em>ex</em></strong></span> <span class='ocrx_word' id='word_1_873' title='bbox 3121 4459 3347 4514; x_wconf 90' lang='lat' dir='ltr'><strong><em>consilio</em></strong></span> <span class='ocrx_word' id='word_1_874' title='bbox 3376 4474 3516 4515; x_wconf 90' lang='lat' dir='ltr'><strong><em>meo.</em></strong></span> 
     </span>
    </p>
   </div>
   <div class='ocr_carea' id='block_1_106' title="bbox 1950 4548 3517 4618">
    <p class='ocr_par' dir='ltr' id='par_1_106' title="bbox 1950 4548 3517 4618">
     <span class='ocr_line' id='line_1_106' title="bbox 1950 4548 3517 4618; baseline 0.002 -15"><span class='ocrx_word' id='word_1_875' title='bbox 1950 4549 2084 4604; x_wconf 80' lang='lat' dir='ltr'><strong><em>Nam</em></strong></span> <span class='ocrx_word' id='word_1_876' title='bbox 2113 4548 2286 4618; x_wconf 83' lang='lat' dir='ltr'><strong><em>ipsam</em></strong></span> <span class='ocrx_word' id='word_1_877' title='bbox 2313 4549 2599 4618; x_wconf 88' lang='lat' dir='ltr'><strong><em>pecuniam</em></strong></span> <span class='ocrx_word' id='word_1_878' title='bbox 2626 4549 2841 4604; x_wconf 89' lang='lat' dir='ltr'><strong><em>volebat</em></strong></span> <span class='ocrx_word' id='word_1_879' title='bbox 2868 4564 2966 4618; x_wconf 90' lang='lat' dir='ltr'><strong><em>per</em></strong></span> <span class='ocrx_word' id='word_1_880' title='bbox 2994 4565 3185 4604; x_wconf 88' lang='lat' dir='ltr'><strong><em>manus</em></strong></span> <span class='ocrx_word' id='word_1_881' title='bbox 3213 4564 3363 4606; x_wconf 89' lang='lat' dir='ltr'><strong><em>meas</em></strong></span> <span class='ocrx_word' id='word_1_882' title='bbox 3392 4567 3517 4606; x_wconf 86' lang='lat' dir='ltr'><strong><em>cro-</em></strong></span> 
     </span>
    </p>
   </div>
   <div class='ocr_carea' id='block_1_107' title="bbox 1953 4641 3522 4714">
    <p class='ocr_par' dir='ltr' id='par_1_107' title="bbox 1953 4641 3522 4714">
     <span class='ocr_line' id='line_1_107' title="bbox 1953 4641 3522 4714; baseline 0.001 -16"><span class='ocrx_word' id='word_1_883' title='bbox 1953 4643 2109 4714; x_wconf 88' lang='lat' dir='ltr'><strong><em>gari,</em></strong></span> <span class='ocrx_word' id='word_1_884' title='bbox 2151 4643 2294 4701; x_wconf 84' lang='lat' dir='ltr'><strong><em>sicut</em></strong></span> <span class='ocrx_word' id='word_1_885' title='bbox 2331 4642 2464 4698; x_wconf 90' lang='lat' dir='ltr'><strong><em>mihi</em></strong></span> <span class='ocrx_word' id='word_1_886' title='bbox 2508 4641 2793 4712; x_wconf 88' lang='lat' dir='ltr'><strong><em>placeret:</em></strong></span> <span class='ocrx_word' id='word_1_887' title='bbox 2826 4657 2927 4713; x_wconf 88' lang='lat' dir='ltr'><strong><em>ego</em></strong></span> <span class='ocrx_word' id='word_1_888' title='bbox 2967 4643 3013 4698; x_wconf 91' lang='lat' dir='ltr'><strong><em>si</em></strong></span> <span class='ocrx_word' id='word_1_889' title='bbox 3052 4643 3294 4713; x_wconf 69' lang='lat' dir='ltr'><strong><em>pecuniae</em></strong></span> <span class='ocrx_word' id='word_1_890' title='bbox 3332 4643 3522 4699; x_wconf 88' lang='lat' dir='ltr'><strong><em>avidus</em></strong></span> 
     </span>
    </p>
   </div>
   <div class='ocr_carea' id='block_1_108' title="bbox 1949 4732 3522 4803">
    <p class='ocr_par' dir='ltr' id='par_1_108' title="bbox 1949 4732 3522 4803">
     <span class='ocr_line' id='line_1_108' title="bbox 1949 4732 3522 4803; baseline 0 -15"><span class='ocrx_word' id='word_1_891' title='bbox 1949 4749 2155 4799; x_wconf 88' lang='lat' dir='ltr'><strong><em>essem,</em></strong></span> <span class='ocrx_word' id='word_1_892' title='bbox 2186 4741 2281 4788; x_wconf 87' lang='lat' dir='ltr'><strong><em>aut</em></strong></span> <span class='ocrx_word' id='word_1_893' title='bbox 2307 4732 2660 4788; x_wconf 87' lang='lat' dir='ltr'><strong><em>necessitates</em></strong></span> <span class='ocrx_word' id='word_1_894' title='bbox 2689 4733 2834 4803; x_wconf 91' lang='lat' dir='ltr'><strong><em>ipsas</em></strong></span> <span class='ocrx_word' id='word_1_895' title='bbox 2870 4748 3051 4798; x_wconf 88' lang='lat' dir='ltr'><strong><em>meas,</em></strong></span> <span class='ocrx_word' id='word_1_896' title='bbox 3083 4748 3219 4802; x_wconf 90' lang='lat' dir='ltr'><strong><em>quas</em></strong></span> <span class='ocrx_word' id='word_1_897' title='bbox 3256 4748 3356 4803; x_wconf 86' lang='lat' dir='ltr'><strong><em>pro</em></strong></span> <span class='ocrx_word' id='word_1_898' title='bbox 3389 4748 3522 4802; x_wconf 87' lang='lat' dir='ltr'><strong><em>pau-</em></strong></span> 
     </span>
    </p>
   </div>
   <div class='ocr_carea' id='block_1_109' title="bbox 1951 4823 3517 4895">
    <p class='ocr_par' dir='ltr' id='par_1_109' title="bbox 1951 4823 3517 4895">
     <span class='ocr_line' id='line_1_109' title="bbox 1951 4823 3517 4895; baseline 0 -17"><span class='ocrx_word' id='word_1_899' title='bbox 1951 4825 2173 4894; x_wconf 87' lang='lat' dir='ltr'><strong><em>peribus</em></strong></span> <span class='ocrx_word' id='word_1_900' title='bbox 2210 4825 2412 4887; x_wconf 88' lang='lat' dir='ltr'><strong><em>habeo,</em></strong></span> <span class='ocrx_word' id='word_1_901' title='bbox 2457 4823 2510 4878; x_wconf 90' lang='lat' dir='ltr'><strong><em>in</em></strong></span> <span class='ocrx_word' id='word_1_902' title='bbox 2554 4825 2657 4879; x_wconf 88' lang='lat' dir='ltr'><strong><em>hac</em></strong></span> <span class='ocrx_word' id='word_1_903' title='bbox 2694 4837 2856 4878; x_wconf 89' lang='lat' dir='ltr'><strong><em>causa</em></strong></span> <span class='ocrx_word' id='word_1_904' title='bbox 2887 4824 3006 4894; x_wconf 87' lang='lat' dir='ltr'><strong><em>plus</em></strong></span> <span class='ocrx_word' id='word_1_905' title='bbox 3035 4839 3283 4880; x_wconf 90' lang='lat' dir='ltr'><strong><em>curarem</em></strong></span> <span class='ocrx_word' id='word_1_906' title='bbox 3304 4865 3320 4891; x_wconf 93' lang='lat'><strong><em>,</em></strong></span> <span class='ocrx_word' id='word_1_907' title='bbox 3352 4839 3517 4895; x_wconf 88' lang='lat' dir='ltr'><strong><em>pecu-</em></strong></span> 
     </span>
    </p>
   </div>
   <div class='ocr_carea' id='block_1_110' title="bbox 1950 4912 3521 4986">
    <p class='ocr_par' dir='ltr' id='par_1_110' title="bbox 1950 4912 3521 4986">
     <span class='ocr_line' id='line_1_110' title="bbox 1950 4912 3521 4986; baseline 0.002 -17"><span class='ocrx_word' id='word_1_908' title='bbox 1950 4915 2096 4969; x_wconf 89' lang='lat' dir='ltr'><strong><em>niam</em></strong></span> <span class='ocrx_word' id='word_1_909' title='bbox 2125 4914 2446 4984; x_wconf 86' lang='lat' dir='ltr'><strong><em>acciperem.</em></strong></span> <span class='ocrx_word' id='word_1_910' title='bbox 2478 4912 2700 4980; x_wconf 81' lang='lat' dir='ltr'><strong><em>Quare?</em></strong></span> <span class='ocrx_word' id='word_1_911' title='bbox 2728 4913 2857 4969; x_wconf 89' lang='lat' dir='ltr'><strong><em>dicit</em></strong></span> <span class='ocrx_word' id='word_1_912' title='bbox 2886 4913 3080 4982; x_wconf 89' lang='lat' dir='ltr'><strong><em>aliquis</em></strong></span> <span class='ocrx_word' id='word_1_913' title='bbox 3109 4932 3122 4967; x_wconf 89' lang='lat'><strong>:</strong></span> <span class='ocrx_word' id='word_1_914' title='bbox 3154 4915 3280 4984; x_wconf 87' lang='lat' dir='ltr'><strong><em>quia</em></strong></span> <span class='ocrx_word' id='word_1_915' title='bbox 3307 4929 3521 4986; x_wconf 78' lang='lat' dir='ltr'><strong><em>posses-</em></strong></span> 
     </span>
    </p>
   </div>
   <div class='ocr_carea' id='block_1_111' title="bbox 1947 5003 3518 5074">
    <p class='ocr_par' dir='ltr' id='par_1_111' title="bbox 1947 5003 3518 5074">
     <span class='ocr_line' id='line_1_111' title="bbox 1947 5003 3518 5074; baseline -0.001 -14"><span class='ocrx_word' id='word_1_916' title='bbox 1947 5006 2032 5060; x_wconf 86' lang='lat' dir='ltr'><strong><em>sio</em></strong></span> <span class='ocrx_word' id='word_1_917' title='bbox 2071 5005 2158 5059; x_wconf 90' lang='lat' dir='ltr'><strong><em>illa</em></strong></span> <span class='ocrx_word' id='word_1_918' title='bbox 2177 5045 2191 5068; x_wconf 92' lang='lat'><strong><em>,</em></strong></span> <span class='ocrx_word' id='word_1_919' title='bbox 2224 5020 2344 5074; x_wconf 76' lang='lat' dir='ltr'><strong><em>qua:</em></strong></span> <span class='ocrx_word' id='word_1_920' title='bbox 2371 5006 2440 5059; x_wconf 84' lang='lat' dir='ltr'><strong><em>ab</em></strong></span> <span class='ocrx_word' id='word_1_921' title='bbox 2468 5004 2560 5059; x_wconf 89' lang='lat' dir='ltr'><strong><em>illo</em></strong></span> <span class='ocrx_word' id='word_1_922' title='bbox 2585 5011 2793 5074; x_wconf 89' lang='lat' dir='ltr'><strong><em>empta,</em></strong></span> <span class='ocrx_word' id='word_1_923' title='bbox 2823 5012 2880 5059; x_wconf 92' lang='lat' dir='ltr'><strong><em>et</em></strong></span> <span class='ocrx_word' id='word_1_924' title='bbox 2907 5003 3148 5060; x_wconf 71' lang='lat' dir='ltr'><strong><em>ecclesiae</em></strong></span> <span class='ocrx_word' id='word_1_925' title='bbox 3175 5005 3372 5060; x_wconf 90' lang='lat' dir='ltr'><strong><em>donata</em></strong></span> <span class='ocrx_word' id='word_1_926' title='bbox 3399 5012 3518 5070; x_wconf 91' lang='lat' dir='ltr'><strong><em>est,</em></strong></span> 
     </span>
    </p>
   </div>
   <div class='ocr_carea' id='block_1_112' title="bbox 1950 5095 3519 5166">
    <p class='ocr_par' dir='ltr' id='par_1_112' title="bbox 1950 5095 3519 5166">
     <span class='ocr_line' id='line_1_112' title="bbox 1950 5095 3519 5166; baseline -0.002 -15"><span class='ocrx_word' id='word_1_927' title='bbox 1950 5098 2125 5153; x_wconf 87' lang='lat' dir='ltr'><strong><em>adhuc</em></strong></span> <span class='ocrx_word' id='word_1_928' title='bbox 2164 5097 2300 5152; x_wconf 88' lang='lat' dir='ltr'><strong><em>nihil</em></strong></span> <span class='ocrx_word' id='word_1_929' title='bbox 2341 5105 2562 5166; x_wconf 64' lang='lat' dir='ltr'><strong><em>praestat</em></strong></span> <span class='ocrx_word' id='word_1_930' title='bbox 2598 5097 2861 5153; x_wconf 79' lang='lat' dir='ltr'><strong><em>ecclesize.</em></strong></span> <span class='ocrx_word' id='word_1_931' title='bbox 2901 5095 3078 5151; x_wconf 76' lang='lat' dir='ltr'><strong><em>Minus</em></strong></span> <span class='ocrx_word' id='word_1_932' title='bbox 3107 5095 3252 5151; x_wconf 89' lang='lat' dir='ltr'><strong><em>enim</em></strong></span> <span class='ocrx_word' id='word_1_933' title='bbox 3280 5097 3519 5152; x_wconf 89' lang='lat' dir='ltr'><strong><em>habebat</em></strong></span> 
     </span>
    </p>
   </div>
   <div class='ocr_carea' id='block_1_113' title="bbox 1952 5185 3518 5258">
    <p class='ocr_par' dir='ltr' id='par_1_113' title="bbox 1952 5185 3518 5258">
     <span class='ocr_line' id='line_1_113' title="bbox 1952 5185 3518 5258; baseline 0.001 -18"><span class='ocrx_word' id='word_1_934' title='bbox 1952 5188 2019 5242; x_wconf 92' lang='lat' dir='ltr'><strong><em>ad</em></strong></span> <span class='ocrx_word' id='word_1_935' title='bbox 2055 5187 2307 5256; x_wconf 89' lang='lat' dir='ltr'><strong><em>pretium.</em></strong></span> <span class='ocrx_word' id='word_1_936' title='bbox 2351 5186 2419 5240; x_wconf 87' lang='lat' dir='ltr'><strong><em>Et</em></strong></span> <span class='ocrx_word' id='word_1_937' title='bbox 2457 5189 2583 5256; x_wconf 90' lang='lat' dir='ltr'><strong><em>quia</em></strong></span> <span class='ocrx_word' id='word_1_938' title='bbox 2613 5196 2891 5242; x_wconf 89' lang='lat' dir='ltr'><strong><em>mutuatus</em></strong></span> <span class='ocrx_word' id='word_1_939' title='bbox 2915 5185 3128 5254; x_wconf 90' lang='lat' dir='ltr'><strong><em>fuerat,</em></strong></span> <span class='ocrx_word' id='word_1_940' title='bbox 3154 5187 3260 5244; x_wconf 92' lang='lat' dir='ltr'><strong><em>hoc</em></strong></span> <span class='ocrx_word' id='word_1_941' title='bbox 3299 5187 3367 5242; x_wconf 91' lang='lat' dir='ltr'><strong><em>de</em></strong></span> <span class='ocrx_word' id='word_1_942' title='bbox 3399 5187 3518 5258; x_wconf 87' lang='lat' dir='ltr'><strong><em>ejus</em></strong></span> 
     </span>
    </p>
   </div>
   <div class='ocr_carea' id='block_1_114' title="bbox 1946 5276 3518 5346">
    <p class='ocr_par' dir='ltr' id='par_1_114' title="bbox 1946 5276 3518 5346">
     <span class='ocr_line' id='line_1_114' title="bbox 1946 5276 3518 5346; baseline 0 -14"><span class='ocrx_word' id='word_1_943' title='bbox 1946 5278 2124 5332; x_wconf 89' lang='lat' dir='ltr'><strong><em>adhuc</em></strong></span> <span class='ocrx_word' id='word_1_944' title='bbox 2155 5276 2418 5331; x_wconf 89' lang='lat' dir='ltr'><strong><em>fructibus</em></strong></span> <span class='ocrx_word' id='word_1_945' title='bbox 2446 5277 2708 5332; x_wconf 90' lang='lat' dir='ltr'><strong><em>redditur.</em></strong></span> <span class='ocrx_word' id='word_1_946' title='bbox 2741 5276 2913 5333; x_wconf 81' lang='lat' dir='ltr'><strong><em>Homo</em></strong></span> <span class='ocrx_word' id='word_1_947' title='bbox 2942 5293 3060 5334; x_wconf 91' lang='lat' dir='ltr'><strong><em>sum</em></strong></span> <span class='ocrx_word' id='word_1_948' title='bbox 3091 5292 3256 5333; x_wconf 83' lang='lat' dir='ltr'><strong><em>senex</em></strong></span> <span class='ocrx_word' id='word_1_949' title='bbox 3282 5293 3297 5330; x_wconf 84' lang='lat'><strong>:</strong></span> <span class='ocrx_word' id='word_1_950' title='bbox 3328 5284 3518 5346; x_wconf 82' lang='lat' dir='ltr'><strong><em>quate-</em></strong></span> 
     </span>
    </p>
   </div>
   <div class='ocr_carea' id='block_1_115' title="bbox 1944 5365 3516 5438">
    <p class='ocr_par' dir='ltr' id='par_1_115' title="bbox 1944 5365 3516 5438">
     <span class='ocr_line' id='line_1_115' title="bbox 1944 5365 3516 5438; baseline -0.003 -16"><span class='ocrx_word' id='word_1_951' title='bbox 1944 5382 2048 5422; x_wconf 88' lang='lat' dir='ltr'><strong><em>nus</em></strong></span> <span class='ocrx_word' id='word_1_952' title='bbox 2071 5367 2204 5421; x_wconf 90' lang='lat' dir='ltr'><strong><em>mihi</em></strong></span> <span class='ocrx_word' id='word_1_953' title='bbox 2230 5367 2297 5421; x_wconf 90' lang='lat' dir='ltr'><strong><em>de</em></strong></span> <span class='ocrx_word' id='word_1_954' title='bbox 2323 5366 2411 5421; x_wconf 92' lang='lat' dir='ltr'><strong><em>illa</em></strong></span> <span class='ocrx_word' id='word_1_955' title='bbox 2433 5367 2775 5438; x_wconf 89' lang='lat' dir='ltr'><strong><em>possessione</em></strong></span> <span class='ocrx_word' id='word_1_956' title='bbox 2797 5374 2976 5437; x_wconf 89' lang='lat' dir='ltr'><strong><em>potest</em></strong></span> <span class='ocrx_word' id='word_1_957' title='bbox 2997 5369 3202 5422; x_wconf 82' lang='lat' dir='ltr'><strong><em>fructus</em></strong></span> <span class='ocrx_word' id='word_1_958' title='bbox 3227 5365 3516 5419; x_wconf 79' lang='lat' dir='ltr'><strong><em>accedere?</em></strong></span> 
     </span>
    </p>
   </div>
   <div class='ocr_carea' id='block_1_116' title="bbox 1947 5451 3510 5526">
    <p class='ocr_par' dir='ltr' id='par_1_116' title="bbox 1947 5451 3510 5526">
     <span class='ocr_line' id='line_1_116' title="bbox 1947 5451 3510 5526; baseline -0.003 -15"><span class='ocrx_word' id='word_1_959' title='bbox 1947 5456 2200 5526; x_wconf 88' lang='lat' dir='ltr'><strong><em>Nunquid</em></strong></span> <span class='ocrx_word' id='word_1_960' title='bbox 2238 5456 2498 5525; x_wconf 86' lang='lat' dir='ltr'><strong><em>promitto</em></strong></span> <span class='ocrx_word' id='word_1_961' title='bbox 2537 5456 2669 5511; x_wconf 83' lang='lat' dir='ltr'><strong><em>mihi</em></strong></span> <span class='ocrx_word' id='word_1_962' title='bbox 2709 5465 2807 5510; x_wconf 75' lang='lat' dir='ltr'><strong><em>tor-</em></strong></span> <span class='ocrx_word' id='word_1_963' title='bbox 2833 5470 3006 5511; x_wconf 90' lang='lat' dir='ltr'><strong><em>annos</em></strong></span> <span class='ocrx_word' id='word_1_964' title='bbox 3042 5467 3163 5510; x_wconf 88' lang='lat' dir='ltr'><strong><em>esse</em></strong></span> <span class='ocrx_word' id='word_1_965' title='bbox 3208 5451 3510 5516; x_wconf 87' lang='lat' dir='ltr'><strong><em>victurum.</em></strong></span> 
     </span>
    </p>
   </div>
   <div class='ocr_carea' id='block_1_117' title="bbox 1945 5540 3510 5615">
    <p class='ocr_par' dir='ltr' id='par_1_117' title="bbox 1945 5540 3510 5615">
     <span class='ocr_line' id='line_1_117' title="bbox 1945 5540 3510 5615; baseline -0.003 -14"><span class='ocrx_word' id='word_1_966' title='bbox 1945 5546 2116 5601; x_wconf 86' lang='lat' dir='ltr'><strong><em>donec</em></strong></span> <span class='ocrx_word' id='word_1_967' title='bbox 2156 5560 2314 5601; x_wconf 87' lang='lat' dir='ltr'><strong><em>suum</em></strong></span> <span class='ocrx_word' id='word_1_968' title='bbox 2353 5545 2587 5615; x_wconf 88' lang='lat' dir='ltr'><strong><em>pretium</em></strong></span> <span class='ocrx_word' id='word_1_969' title='bbox 2626 5542 3052 5614; x_wconf 79' lang='lat' dir='ltr'><strong><em>illa-persolvat?</em></strong></span> <span class='ocrx_word' id='word_1_970' title='bbox 3080 5540 3232 5608; x_wconf 87' lang='lat' dir='ltr'><strong><em>Quod</em></strong></span> <span class='ocrx_word' id='word_1_971' title='bbox 3260 5554 3390 5611; x_wconf 91' lang='lat' dir='ltr'><strong><em>ergo</em></strong></span> <span class='ocrx_word' id='word_1_972' title='bbox 3420 5541 3510 5597; x_wconf 81' lang='lat' dir='ltr'><strong><em>vix</em></strong></span> 
     </span>
    </p>
   </div>
   <div class='ocr_carea' id='block_1_118' title="bbox 1945 5621 3510 5714">
    <p class='ocr_par' dir='ltr' id='par_1_118' title="bbox 1945 5621 3510 5714">
     <span class='ocr_line' id='line_1_118' title="bbox 1945 5621 3510 5714; baseline 0 -24"><span class='ocrx_word' id='word_1_973' title='bbox 1945 5635 2034 5691; x_wconf 85' lang='lat' dir='ltr'><strong><em>dlu</em></strong></span> <span class='ocrx_word' id='word_1_974' title='bbox 2063 5635 2308 5714; x_wconf 81' lang='lat' dir='ltr'><strong><em>partibus</em></strong></span> <span class='ocrx_word' id='word_1_975' title='bbox 2332 5621 2620 5702; x_wconf 79' lang='lat' dir='ltr'><strong><em>redtljt,-de</em></strong></span> <span class='ocrx_word' id='word_1_976' title='bbox 2656 5637 2904 5708; x_wconf 79' lang='lat' dir='ltr'><strong><em>proximo</em></strong></span> <span class='ocrx_word' id='word_1_977' title='bbox 2933 5634 3187 5689; x_wconf 85' lang='lat' dir='ltr'><strong><em>haberem</em></strong></span> <span class='ocrx_word' id='word_1_978' title='bbox 3220 5639 3418 5694; x_wconf 87' lang='lat' dir='ltr'><strong><em>totum,</em></strong></span> <span class='ocrx_word' id='word_1_979' title='bbox 3466 5635 3510 5690; x_wconf 85' lang='lat' dir='ltr'><strong><em>si</em></strong></span> 
     </span>
    </p>
   </div>
   <div class='ocr_carea' id='block_1_119' title="bbox 2241 5726 3075 5785">
    <p class='ocr_par' dir='ltr' id='par_1_119' title="bbox 2241 5726 3075 5785">
     <span class='ocr_line' id='line_1_119' title="bbox 2241 5726 3075 5785; baseline 0.002 -2"><span class='ocrx_word' id='word_1_980' title='bbox 2241 5733 2255 5756; x_wconf 75' lang='lat'>‘</span> <span class='ocrx_word' id='word_1_981' title='bbox 2983 5726 3075 5785; x_wconf 71' lang='grc'><strong><em>’29</em></strong></span> 
     </span>
    </p>
   </div>
  </div>
