1942 3096
208 161 260 189 903

705 152 821 180 ΑΜΑιΑ
827 151 906 179 RIUS
925 149 1131 178 PRESBYTER
1153 148 1321 176 METENSIS
1779 147 1825 175 9C1,

207 217 268 253 jure
280 215 332 243 fori
344 236 352 248 ,
377 222 430 242 non
448 213 509 248 jure
533 212 605 239 caeli.
635 210 706 238 Sane
722 210 804 237 etiam
819 209 872 236 hoc
889 207 996 235 noverit
1009 207 1035 237 Α
1048 205 1096 233 sed
1107 209 1154 232 aut
1167 212 1280 240 erogare
1294 203 1472 238 pauperibus,
1494 207 1542 230 aut
1564 203 1591 231 in
1613 210 1756 231 commune
1768 203 1825 231 mit-

210 261 330 289 cbaritas
346 263 436 287 vestra
447 278 454 290 ,
478 257 580 285 dixisse
595 263 639 283 me
655 254 785 281 fratribus
795 253 873 286 meis,
885 253 931 287 qui
943 259 999 279 me-

210 314 272 335 cum
288 308 411 336 manent,
436 307 467 330 ut
480 302 634 337 quicunque
652 300 735 327 habet
749 298 860 334 aliquid,
874 301 922 325 aut
933 305 998 325 ven-

211 353 276 384 dat,
299 355 346 378 aut
367 353 469 384 eroget,
490 352 537 374 aut
555 347 647 378 donet,
664 349 710 373 aut
723 351 868 372 commune
879 343 944 370 illud
958 341 998 369 fa-

211 399 275 425 ciat.
294 395 444 423 Ecclesiam
466 393 626 426 habet,‘per
645 398 727 426 quam
747 397 797 416 nos
811 389 883 415 Deus
899 387 996 423 pascit.

211 442 245 468 Et
260 440 319 467 dedi
337 439 493 466 dilationem
514 444 602 471 usque
622 436 656 463 ad
674 434 844 470 epipbaniam
857 453 865 465 ,
885 435 999 467 propter

210 494 258 514 eos
267 486 313 520 qui
327 484 368 511 vel
380 491 443 519 cum
455 482 586 510 fratribus
604 481 660 508 suis
673 488 726 507 non
737 479 903 510 diviserunt,
919 481 947 504 et
962 477 999 504 di-

212 531 346 559 miserunt
365 529 436 564 quod
448 528 550 556 habent
563 527 632 562 apud
653 526 753 553 fratres
773 532 837 552 suos
854 533 860 551 ε
883 523 925 551 vel
936 530 1000 550 non-

213 579 277 605 dum
292 577 326 603 de
340 583 370 603 re
384 582 432 602 sua
447 574 548 609 aliquid
567 576 693 607 egerunt,
712 571 776 605 quia
792 569 1000 605 exspectabatur

210 627 277 650 tetas
289 622 420 657 legitima.
434 620 548 647 Faciant
559 619 623 646 inde
635 617 705 652 quod
717 617 821 649 volunt,
836 616 899 644 dum
911 619 999 642 tamen

211 668 266 695 sint
288 673 423 702 pauperes
442 672 564 696 mecum,
591 663 671 691 simul
694 666 882 697 exspectemus
897 659 1000 687 miseri-

211 713 330 740 cordiam
345 712 402 738 Dei.
431 710 460 737 Si
479 714 568 736 autem
592 708 707 739 nolunt,
730 707 775 741 qui
801 706 870 734 forte
893 705 997 737 nolunt,

211 763 285 785 certe
298 765 347 791 ego
359 764 428 786 sum,
443 755 487 789 qui
502 758 665 783 statueram,
688 753 758 778 sicut
774 752 858 777 nostis
868 771 874 782 ,
897 750 998 776 llllllllm

210 803 337 829 ordinare
360 801 497 830 clericum,
517 799 567 825 nisi
589 798 634 832 qui
657 805 761 823 mccum
780 796 860 822 vellet
879 802 998 826 manere,

211 853 237 875 ut
252 848 274 874 si
291 847 369 873 vellet
385 845 522 871 discedere
536 852 549 870 a
565 842 715 878 proposito,
733 846 804 868 recte
825 841 861 867 illi
876 840 998 867 tollerem

211 893 377 921 clericatum,
391 890 452 925 quia
467 889 603 915 desereret
616 891 715 914 sancta:
730 885 868 912 societatis
884 884 997 919 promis—
1012 892 1035 920 Β
1050 884 1098 915 fui,
1115 888 1206 911 tamen
1229 885 1252 911 si
1267 885 1321 911 Deo
1336 884 1424 918 placet
1445 884 1517 919 quod
1538 885 1603 917 dixi,
1628 884 1710 912 ntodo
1722 884 1870 925 ipso!”

211 945 289 968 sum,
317 940 487 969 coeptumque
508 933 685 960 consortium.
716 932 785 958 Ecce
802 931 827 957 in
851 933 997 964 conspectu

211 982 258 1008 Dei
273 987 299 1008 et
321 986 412 1007 vostro
424 1000 431 1011 ,
456 983 531 1005 muto
546 977 699 1004 consilium.
721 975 770 1009 Qui
791 975 885 1001 volunt
898 974 999 1000 habere

211 1027 310 1062 aliquid
324 1026 473 1061 proprium,
487 1024 584 1057 quibus
598 1030 650 1049 non
669 1021 766 1048 sufﬁcit
779 1021 848 1047 Deus
860 1024 887 1046 et
904 1018 998 1046 Eccle-

212 1073 251 1099 sia
266 1072 323 1106 ejus
334 1091 341 1102 ,
366 1074 493 1096 maneant
508 1068 552 1095 ubi
569 1068 660 1094 volunt
672 1087 679 1098 ,
701 1071 728 1093 et
741 1066 784 1092 ubi
800 1069 930 1099 possunt;
945 1071 998 1090 non

211 1118 250 1144 eis
263 1116 356 1143 aufero
371 1115 539 1142 clericatum.
559 1112 624 1139 Nolo
639 1112 738 1139 habere
751 1110 917 1145 hypocritas.
945 1108 1000 1135 Ma-

212 1162 266 1188 lum
281 1167 332 1192 est,
349 1161 408 1194 quis
429 1159 549 1186 nesciat?
571 1158 670 1185 malum
684 1161 741 1188 est,
755 1156 852 1183 cadere
867 1163 882 1181 a
898 1162 998 1189 propo-

211 1208 263 1234 sito
276 1214 282 1233 :
298 1207 343 1234 sed
357 1205 432 1241 pejus
447 1209 498 1237 est,
514 1203 641 1231 simulare
652 1202 829 1237 propositum.
843 1200 913 1227 Ecce
926 1200 997 1232 dico,

211 1254 319 1280 audite:
335 1253 385 1285 Qui
410 1251 567 1278 societatem
589 1248 741 1276 communis
759 1247 820 1273 vitm
837 1246 894 1281 jam
909 1252 1000 1273 susce-

210 1304 295 1334 ptam,
310 1307 369 1333 qua:
385 1298 508 1324 laudatur
521 1296 546 1323 in
561 1295 742 1330 apostolorum
756 1293 868 1321 Actibus
886 1292 963 1328 (Cap.
980 1299 999 1318 ιι

211 1349 234 1370 et
248 1345 296 1377 Iv),
313 1343 422 1374 deserit,
438 1350 452 1368 a
464 1346 526 1368 voto
538 1349 587 1368 suo
598 1340 680 1371 cadit,
697 1347 711 1365 a
724 1337 894 1373 professione
905 1340 999 1364 sancta

211 1389 320 1415 decidit.
341 1388 473 1414 Observct
495 1386 631 1420 judicent,
662 1385 708 1411 sed
732 1385 830 1415 Deum,
850 1390 904 1409 non
931 1387 998 1408 me:

212 1442 276 1469 ergo
288 1435 311 1461 ci
329 1442 381 1460 non
402 1432 495 1461 aufero
509 1432 682 1464 clericatum;
699 1434 829 1465 quantum
845 1429 882 1456 sit
896 1427 1001 1462 pericu-

213 1480 279 1511 lum,
296 1483 358 1505 ante
373 1478 466 1505 oculos
482 1478 540 1512 ejus
559 1476 644 1510 posui,
663 1476 746 1502 faciat
759 1474 908 1513 quod‘vult.
930 1472 1000 1499 Novi

212 1524 295 1555 enim,
310 1523 373 1557 quia
389 1523 410 1549 si
426 1522 542 1556 aliquem
562 1521 612 1547 hoc
632 1520 774 1547 facientem
791 1519 939 1553 dcgradare
953 1525 1000 1544 vo-

213 1569 298 1599 luero,
314 1576 365 1594 nou
378 1568 402 1594 ei
418 1567 531 1593 deerunt
542 1565 659 1600 patroni,
674 1572 727 1591 non
741 1564 765 1591 ei
781 1564 895 1590 deerunt
907 1562 1000 1590 sull'ra-
1013 1567 1035 1597 ί]
1052 1569 1175 1601 velimus,
1187 1569 1322 1603 quomodo
1335 1568 1391 1596 Deo
1403 1569 1521 1604 ρι-ορίιίο
1529 1568 1587 1604 jam

212 1618 329 1648 gatores,
342 1617 369 1639 et
385 1613 439 1644 hic,
456 1615 484 1637 et
500 1611 571 1645 apud
583 1610 734 1645 episcopos,
748 1609 794 1643 qui
808 1608 899 1635 dicant
911 1617 917 1634 2
930 1607 1000 1640 Quid

213 1659 275 1685 mali
296 1658 378 1685 fecit?
401 1666 453 1683 non
468 1660 556 1691 potest
570 1660 658 1683 tecum
675 1655 790 1683 tolerare
804 1654 887 1680 vitam
906 1654 998 1685 istam,

212 1710 288 1730 extra
308 1703 462 1737 episcopum
480 1701 535 1727 vult
559 1708 678 1731 manere,
702 1700 735 1727 de
757 1699 867 1734 proprio
885 1699 999 1725 vivere:

213 1750 309 1776 ideone
328 1748 408 1775 debet
428 1747 541 1781 perdere
563 1745 739 1773 clericatum?
761 1745 816 1779 Ego
835 1745 901 1777 scio,
916 1752 1002 1779 quan-

212 1799 269 1821 tum
282 1794 344 1821 mali
360 1794 413 1825 sit,
440 1793 561 1828 proliteri
574 1796 697 1819 sanctum
712 1791 824 1825 aliquid,
844 1798 894 1818 nec
907 1790 1002 1825 imple-

213 1849 252 1867 re.
278 1840 382 1872 l'ovete,
407 1840 509 1874 inquit,
535 1844 558 1866 et
580 1838 679 1865 reddite
699 1837 812 1864 Domina
837 1836 893 1862 Deo
917 1839 1001 1862 vestro

213 1886 298 1921 (l’sal.
315 1885 410 1920 Lxxm)
424 1893 431 1912 :
455 1890 490 1917 et,
514 1884 609 1911 Melius
621 1889 721 1911 estnon
743 1891 844 1914 vovere,
859 1890 938 1917 quant
955 1889 1000 1908 vo—

214 1938 270 1956 rere
291 1935 314 1955 et
337 1939 388 1956 non
404 1929 510 1956 reddere
529 1929 614 1964 (Eccl.
631 1928 668 1963 v).
690 1929 772 1962 Virgo
785 1931 812 1954 ct
826 1927 849 1954 si
861 1933 1000 1960 nunquam

214 1974 295 2000 fuerit
312 1974 339 2000 in
353 1974 518 2001 monasterio
528 1994 534 2006 ,
549 1978 576 2000 et
587 1973 664 2008 virgo
681 1981 758 2000 sacra
775 1977 831 2005 cst;
848 1972 950 1999 nubere
963 1971 1001 1999 illi

213 2028 266 2046 non
282 2020 361 2051 licet,
381 2026 439 2047 esse
461 2020 487 2047 in
512 2019 676 2046 monasterio
698 2026 751 2046 non
772 2018 952 2053 compellitur.
973 2018 1002 2046 Si

214 2070 304 2092 autem
319 2066 400 2100 coepit
415 2073 474 2093 csse
496 2065 523 2092 in
545 2065 721 2097 monasterio,
739 2069 766 2092 et
779 2065 907 2098 deseruit,
921 2069 947 2092 et
964 2070 1003 2092 ta-

214 2121 275 2140 men
289 2113 364 2147 virgo
377 2116 430 2144 est,
443 2112 553 2139 dimidia
570 2111 633 2139 ruit.
653 2111 698 2138 Sic
712 2115 740 2138 et
753 2111 870 2139 clericus
880 2111 948 2138 duas
960 2119 1003 2139 res

214 2159 354 2193 professus
368 2163 421 2191 est,
432 2162 459 2185 et
470 2159 652 2190 sanctitatem,
661 2161 688 2184 et
701 2157 874 2190 clericatum;
889 2156 1003 2184 interius

215 2204 396 2231 sanctitatem.
409 2203 477 2230 Nam
490 2204 647 2231 clericatum
663 2206 773 2238 propter
783 2202 910 2238 populum
924 2210 1002 2230 sttum

215 2249 287 2276 Deus
312 2249 440 2284 imposuit
462 2250 614 2276 cervicibus
634 2249 728 2283 ipsius.
759 2248 844 2284 Magis
861 2256 932 2276 onus
948 2252 1002 2281 est,
1015 2247 1042 2277 D
1055 2242 1351 2283 γετιὲΜεῖωῆ

216 2303 296 2328 quam
312 2295 407 2322 honor.
429 2293 483 2321 Sed
507 2295 567 2329 quis
587 2294 712 2329 sapiens,
735 2298 764 2321 et
787 2294 912 2329 intelligit
925 2293 1003 2321 hac!

215 2339 284 2374 Ergo
295 2340 433 2374 professus
449 2344 490 2367 est
503 2340 675 2367 sanctitatem
688 2359 696 2373 ,
718 2338 859 2374 professus
871 2342 915 2366 est
933 2344 1008 2366 com-

216 2387 334 2413 muniter
354 2386 462 2413 vivendi
485 2386 660 2413 societatem:
684 2383 825 2420 professus
847 2387 899 2416 est,
919 2390 1004 2419 quam

216 2431 316 2457 bonum
329 2435 357 2457 et
368 2438 449 2465 quam
461 2430 612 2464 jucundum
622 2430 747 2458 habitare
761 2428 863 2456 fratres
873 2428 900 2456 in
909 2435 1010 2457 mm»
1052 2435 1109 2470 μη

218 2474 246 2502 Si
261 2475 295 2502 ab
305 2475 355 2502 hoc
367 2476 505 2510 proposito
519 2475 651 2503 ceciderit
665 2480 694 2502 et
708 2471 999 2502 extremamth

217 2528 265 2547 cus
280 2519 371 2552 fuerit,
388 2520 516 2548 dimidius
537 2525 566 2548 et
588 2521 646 2555 ipse
667 2519 777 2552 cecidit.
800 2518 939 2554 Quidni!

218 2574 271 2594 non
284 2574 345 2593 eum
358 2565 459 2599 judico.
491 2565 521 2594 Si
538 2565 605 2594 foris
617 2569 711 2594 servet

218 2612 279 2640 dius
290 2612 398 2640 cecidit.
421 2611 449 2639 Si
464 2612 537 2640 intus
555 2611 685 2640 habuerit

218 2657 325 2686 cecidit.
356 2657 423 2685 Nolo
437 2657 536 2685 habeat

219 2703 354 2740 quomodo
375 2702 499 2731 homines

219 2739 284 2778 tollo
295 2749 396 2778 nolenti
408 2739 754 2797 Nam

220 2798 265 2828 qut
279 2800 387 2822 mecum

220 2847 268 2874 per
282 2839 425 2869 ecclesiam

1049 254 1116 283 tere,
1138 253 1246 277 maneat
1266 255 1382 276 mecum.
1404 248 1455 282 Qui
1477 248 1530 275 hoc
1547 256 1601 275 non
1614 248 1681 280 vult,
1696 248 1826 276 babeatli-

1048 295 1182 323 bertatem
1196 303 1202 321 :
1218 294 1266 322 sed
1279 294 1384 326 videat,
1399 298 1490 320 utrum
1502 294 1604 321 habere
1617 293 1705 328 possit
1722 293 1825 321 felicita-

1049 341 1084 368 tis
1091 340 1281 368 aaternitatem.
1289 339 1431 367 Sulliciant
1441 339 1500 366 base
1510 347 1583 366 nunc
1593 339 1703 365 interim
1711 339 1824 365 charitati

1047 390 1146 413 vestras
1159 394 1166 411 τ
1177 385 1250 420 quod
1263 392 1345 420 egero
1358 392 1419 412 cum
1435 383 1566 411 fratribus
1579 384 1659 416 meis,
1671 384 1826 411 annuntiabo

1048 430 1136 458 vobis.
1157 430 1243 465 Spero
1253 430 1326 457 enim
1340 429 1411 457 bona
1422 449 1430 462 ,
1455 429 1526 464 quod
1539 436 1634 456 omnes
1646 429 1713 456 mibi
1724 429 1827 456 libenter

1049 476 1188 508 obediant,
1209 483 1260 503 nec
1282 476 1443 502 inventurus
1465 482 1525 502 sum
1549 475 1654 509 aliquos
1670 475 1769 502 habere
1785 475 1827 503 ali-

1049 522 1130 557 quid,
1157 522 1210 549 nisi
1235 522 1324 557 aliqua
1339 521 1501 549 necessitate
1513 521 1668 556 religionis,
1685 529 1738 548 non
1756 530 1825 550 oeca-

1050 569 1125 596 sione
1148 568 1315 603 cupiditatis.
1351 568 1427 602 Quod
1448 575 1513 603 ergo
1535 576 1627 603 egero,
1650 573 1713 603 post
1731 569 1826 604 epipba-

1049 614 1121 640 niam
1136 613 1264 640 cbaritati
1274 617 1371 640 vestra:
1384 613 1412 640 in
1428 613 1534 641 Domini
1545 613 1684 640 voluntate
1698 614 1824 640 nuntiabo.

1049 659 1083 686 Et
1104 659 1240 694 quomodo
1260 659 1336 686 litem
1358 658 1454 686 finiero
1477 660 1549 687 inter
1559 659 1627 687 duos
1642 659 1751 691 fratres,
1766 660 1827 687 filios

1049 705 1202 740 presbyteri
1221 704 1360 737 Januarii,
1377 713 1431 732 non
1449 705 1527 733 vobis
1543 706 1647 732 tacebo.
1669 705 1749 733 Multa
1761 706 1826 733 loeu-

1050 754 1092 776 tus
1104 758 1171 779 sum,
1189 750 1251 776 date
1260 750 1366 776 veniam
1378 749 1482 784 loquaci
1496 750 1644 781 senectuti,
1668 750 1716 777 sed

1050 794 1209 821 intirmitati.
1235 794 1301 829 Ego,
1323 795 1392 821 sicut
1417 795 1537 827 videtis,
1562 802 1612 829 per
1633 794 1834 830 attatem‘lgl
1859 811 1877 817 -

1050 840 1146 866 senui:
1172 840 1219 867 sed
1241 847 1288 873 per
1309 840 1495 867 inrmitatem
1519 839 1653 874 corporis,
1670 839 1736 867 olim
1752 839 1851 874 ut:

1050 929 1132 961 vires,
1145 936 1198 955 non
1215 936 1263 955 vos
1287 929 1392 956 desero.
1422 928 1504 957 Orate
1517 937 1566 964 pro
1579 936 1638 962 me,
1662 933 1693 956 ut
1706 928 1791 964 (μα

1050 976 1121 1003 inest
1132 976 1223 1003 anima
1240 976 1265 1003 in
1287 977 1340 1004 hoc
1353 984 1482 1012 corpore,
1504 982 1532 1004 et
1549 966 1811 1013 qualescunque“

1050 1025 1205 1056 suppetunt,
1225 1022 1251 1048 in
1266 1022 1350 1049 verbo
1363 1022 1411 1049 Dei
1424 1023 1541 1050 serviam
1553 1023 1639 1050 vobis.
1653 1022 1751 1051 Am.

1335 1078 1449 1106 CAPUT
1467 1078 1557 1106 CXI“.

1086 1111 1225 1147 (Eiusdem
1237 1121 1322 1140 sermo
1335 1113 1362 1145 2,
1375 1113 1407 1140 de
1423 1113 1481 1140 Vim
1493 1118 1517 1141 et
1531 1114 1648 1142 moribus
1661 1111 1778 1147 dm

1051 1155 1182 1183 Cbaritati
1203 1161 1301 1184 vestrm
1319 1157 1400 1185 hodie
1419 1158 1452 1185 de
1477 1158 1555 1186 nobis
1578 1158 1644 1193 ipsis
1666 1155 1779 1193 seu!“

1050 1202 1154 1230 dendus
1168 1208 1220 1230 est.
1237 1203 1304 1237 Quia
1318 1204 1390 1231 enim
1403 1225 1410 1237 ,
1425 1209 1455 1232 ut
1470 1205 1508 1232 ait
1522 1205 1682 1240 Apostolus,
1697 1202 1749 1240 ῌ

1050 1247 1104 1274 lum
1119 1248 1183 1282 facti
1198 1257 1289 1276 sumus
1304 1249 1412 1282 mundo,
1428 1254 1452 1277 et
1467 1250 1584 1285 angelis,
1599 1254 1624 1277 et

1051 1292 1111 1319 Cor.
1128 1301 1154 1320 tv
1167 1292 1192 1329 ),
1209 1295 1256 1328 qui
1272 1302 1322 1322 nos
1337 1299 1444 1327 amant,
1461 1300 1587 1330 quaerunt
1600 1295 1674 1330 quod

1051 1338 1150 1366 nobis:
1171 1340 1217 1374 qui
1236 1344 1326 1367 autem
1351 1348 1400 1368 nos
1432 1341 1564 1373 oderunt,
1586 1330 1759 1374 deum

1050 1386 1105 1413 Nos
1123 1390 1213 1413 autem
1231 1386 1258 1412 in
1277 1391 1393 1421 utroque
1412 1386 1501 1414 medio
1520 1379 1751 1422 constituti.“

1050 1434 1163 1461 Domino
1183 1433 1238 1460 Deo
1255 1438 1366 1467 nostro,
1387 1437 1415 1461 et
1433 1434 1517 1461 vitam
1538 1438 1659 1462 nostram
1668 1423 1747 1469 {in

1050 1483 1170 1506 nostram
1187 1479 1227 1505 sic
1240 1478 1376 1506 custodire
1394 1478 1542 1512 debemus,
1559 1478 1733 1515 omni“

1050 1523 1084 1551 de
1099 1524 1296 1551 detractoribus
1311 1523 1474 1551 laudatores.
1491 1520 1723 1561 Quomodo“!

1663 947 1693 956 ι..
1706 947 1742 965 Ψ.
1902 949 1905 973 γη

1660 981 1752 1013 υιιιιιιθ
1895 996 1905 1024 H‘

1661 1084 1905 1183 ﬁt

1759 1264 1886 1357 ι

1706 1357 1881 1460 ἰ

1723 1490 1902 1581 ,ζ

1473 1911 1608 1923 -_.--_
1642 1920 1647 1922 ν

1473 1935 1509 1959 ται
1520 1931 1565 1960 tif

1315 2167 1417 2194 w_.

584 2834 602 2847 λ
636 2828 676 2845 -'-‘
1056 2834 1246 2860 ,μέν-ῆι

577 2869 598 2878 ι-
978 2860 1052 2884 vi“
1224 2860 1246 2876 π.

1052 1614 1093 1641 vis
1111 1615 1144 1641 de
1161 1614 1301 1649 Scriptura
1320 1618 1414 1642 sancta
1432 1614 1511 1642 multi
1529 1611 1702 1651 novoritlfu

1052 1659 1304 1686 commemorandos
1318 1666 1380 1692 vos,
1397 1659 1455 1695 ipsa
1470 1658 1504 1688 de

1052 1704 1138 1732 lorum
1153 1705 1228 1732 vobis
1241 1705 1321 1732 lectio
1334 1705 1503 1738 recitabitur,
1514 1708 1545 1733 ut
1554 1704 1684 1740 Μ

1051 1754 1097 1785 pta
1122 1750 1157 1777 sit
1179 1750 1282 1783 forma,
1307 1757 1389 1785 quam
1412 1747 1707 1785 desiderant???“

1052 1803 1118 1830 ergo
1135 1796 1276 1827 recitatur,
1295 1803 1344 1823 vos
1361 1787 1645 1827 intentissimas“

1051 1840 1110 1875 ejus
1121 1841 1307 1868 recitationem
1315 1862 1321 1873 ,
1333 1842 1405 1876 quod
1414 1840 1697 1877 constitui

1052 1890 1134 1912 nante
1142 1905 1149 1917 ,
1167 1885 1309 1913 intentioni
1321 1890 1431 1915 vestrae.

1053 1930 1155 1966 legeret
1169 1937 1176 1957 :
1193 1929 1259 1957 Cum
1274 1934 1407 1964 omnem,
1423 1933 1509 1959 niam

1053 1976 1217 2012 congregati,
1232 1981 1256 2003 et
1270 1975 1368 2012 impleti
1382 1981 1453 2005 καί·
1464 1971 1656 2012 0W

1053 2021 1226 2062 loquebantur
1246 2021 1350 2048 verbum
1373 2020 1426 2048 Dei
1438 2016 1693 2062 Μ

1054 2056 1236 2094 Multitudinis
1248 2071 1337 2094 autem

1052 2118 1156 2139 unum:
1172 2117 1197 2139 et
1217 2110 1491 2148 morm

1053 2157 1117 2193 quid
1130 2164 1209 2184 suum
1228 2162 1299 2190 om,

1053 2203 1148 2230 virtute

1904 761 1905 781 1

1904 808 1905 828 1

1904 855 1905 876 1

1904 903 1905 924 1

1902 949 1905 973 1

1902 996 1905 1024 1

1902 1043 1905 1070 1

1904 1090 1905 1117 1

1902 1136 1905 1166 1

1902 1185 1905 1215 1

1053 2300 1145 2323 omnes
1150 2306 1153 2310 -
1159 2287 1324 2327 amomi

1411 2542 1655 2561 £2:

1455 2582 1646 2602 ΞΒ

1458 2623 1634 2642 :1...

1438 2667 1625 2683 Ξ
