1942 3096
228 140 279 168 907

735 135 937 163 AMALARIUS
955 135 1160 163 PRESBYTER
1180 135 1357 163 METENSIS.
1775 136 1815 163 909

228 196 350 230 accipere
363 193 517 221 voluissem.
535 192 592 218 Non
606 191 674 222 feet,
690 190 761 218 aliud
784 191 896 217 attendi.
918 190 1015 217 Fateor
1030 193 1053 222 Λ
1067 190 1165 219 smculo
1178 191 1283 218 exierit.
1299 190 1424 224 Nunquid
1437 190 1508 217 enim
1531 197 1591 216 cum
1604 189 1697 217 obierit
1708 189 1765 225 ipse,
1776 191 1816 218 illis

229 240 300 267 enim
315 240 405 271 vobis,
420 242 447 265 et
469 238 524 271 ipsa
539 240 663 270 suspecta
684 236 749 263 mihi
765 236 852 263 adhuc
870 235 929 269 ejus
947 240 1013 263 aetas

230 284 301 311 fuit;
317 291 349 310 ac
367 282 490 314 verebar,
510 288 544 308 nc
562 280 645 313 forte,
661 285 690 307 ut
702 285 764 307 sunt
778 281 916 312 homines,
934 280 1014 307 matri

230 329 288 363 ejils
299 329 350 355 hoc
360 327 528 362 displiceret,
541 330 567 353 et
578 326 679 353 diceret
694 326 831 353 inductum
844 334 857 352 a
874 333 917 352 me
932 324 1016 352 fuisse

230 373 425 400 adolescentem
435 392 442 405 ,
454 376 483 399 ut
497 372 567 398 bona
579 372 637 406 ejus
649 375 762 406 paterna
774 376 961 398 consumerem
970 390 977 403 ,
989 374 1017 397 et

229 426 289 445 eum
304 422 426 452 egentem
441 417 630 450 relinquerem.
645 416 707 443 Ideo
721 416 792 444 volui
805 415 862 450 ejus
874 415 1017 450 pecuniam

230 465 255 491 in
271 464 315 491 illa
328 463 500 499 possessione
515 463 633 495 servari,
647 467 677 490 ut
690 463 712 490 si
727 462 828 497 aliquid
841 462 851 499 (
862 463 932 497 quod
946 463 1017 490 Deus

230 510 354 545 avertat)
371 510 449 537 aliter
461 518 542 544 quam
558 510 681 536 volumus
695 510 845 540 evenisset,
860 509 1018 537 redderetur

230 556 291 583 villa
302 576 309 588 ,
324 563 358 583 ne
370 555 526 589 culparetur
539 554 658 589 episcopi
673 554 754 581 fama.
771 554 834 582 Scio
847 555 920 582 enim
933 561 1017 588 quan-

230 608 286 628 tum
302 601 378 629 vobis
391 601 426 627 sit
441 600 595 627 necessaria
610 599 680 626 fama
696 607 765 629 mea.
782 599 848 626 Nam
864 599 929 626 mihi
943 599 1017 626 sulli-

226 647 267 673 cit
280 645 445 673 conscientia
459 652 529 672 mea.
545 644 617 671 Emit
630 644 712 671 etiam
726 644 843 679 spatium
858 644 892 671 ab
907 644 958 671 ista
971 652 1018 678 po-

228 696 287 718 stea
301 690 424 721 ecclesia,
441 693 532 716 notum
545 689 634 721 vobis;
650 693 677 715 et
690 696 738 715 sua
751 689 865 723 pecunia
877 688 1019 716 mdiﬁcavit

232 736 341 763 domum
350 755 357 767 ,
372 739 398 762 ct
410 735 461 762 hoc
475 734 570 762 nostis.
585 735 654 762 Ante
666 741 767 769 paucos
779 734 847 767 dies,
859 735 1017 768 priusquam

233 787 385 807 sermonem
399 779 432 806 de
445 779 496 806 hac
510 786 539 805 re
552 778 680 806 haberem
693 778 832 806 vobiscum
841 798 848 810 ,
862 786 922 805 eam
936 778 1020 806 dena—

233 824 272 851 vit
284 824 414 851 ecclesiae.
431 824 609 858 Exspectabat
621 823 694 850 enim
708 827 738 850 ut
750 830 812 851 eam
823 822 975 858 perﬁceret,
992 826 1019 850 et

1067 236 1271 270 dispensaturus
1285 240 1326 263 cst
1341 235 1463 269 aliquid?
1477 235 1571 262 Melius
1585 239 1627 262 est
1641 238 1669 261 ut
1684 235 1762 261 videat
1772 235 1817 262 illos

1067 282 1136 309 bene
1149 286 1299 314 versantes,
1314 286 1341 308 et
1355 284 1463 315 regente
1476 281 1540 312 Deo,
1553 281 1580 307 in
1595 280 1728 314 disciplina
1739 279 1818 307 Christi

1068 328 1200 359 viventes,
1221 332 1250 354 ut
1269 327 1302 354 de
1322 327 1376 353 illis
1395 326 1578 353 tantummodo
1591 326 1716 360 gaudeat,
1731 333 1820 352 noneo-

1069 381 1129 400 rum
1143 373 1348 399 necessitatibus
1360 375 1516 406 occupetur.
1532 371 1672 398 Pecuniam
1684 378 1732 397 non
1743 370 1821 402 habet,

1069 426 1149 453 quam
1175 425 1252 444 suam
1274 418 1365 445 dicere
1389 417 1483 452 possit.
1511 416 1633 443 Habebat
1655 416 1821 442 xenodochium

1068 464 1254 491 aediﬁcandum
1266 483 1273 495 ,
1296 463 1367 497 quod
1387 463 1467 489 modo
1487 462 1583 489 videtis
1604 461 1761 488 aediﬁcatum.
1779 460 1821 495 Ego

1070 509 1107 536 illi
1121 508 1225 542 injunxi
1235 529 1242 541 ,
1255 516 1305 543 ego
1315 507 1384 542 jnssi
1397 515 1404 534 :
1419 507 1615 541 obtemperavit
1628 506 1691 533 mihi
1702 505 1822 532 libentissi.

1069 562 1128 587 me,
1146 559 1173 581 et
1191 554 1261 581 sicut
1280 554 1378 581 videtis
1388 573 1395 585 ,
1414 557 1540 588 operatus
1556 556 1607 579 est.
1622 551 1749 585 Quomodo
1758 551 1821 579 etiam

1069 607 1131 627 meo
1138 598 1215 634 jussu
1230 599 1369 626 basilicam
1383 598 1415 625 ad
1429 602 1491 625 octo
1505 602 1641 632 martyres
1651 596 1787 626 fabricavit,
1798 596 1822 622 de

1070 646 1113 673 his
1126 653 1184 680 qum
1197 653 1247 680 per
1259 652 1306 672 vos
1318 645 1389 672 Deus
1401 644 1520 672 donavit.
1534 643 1624 678 Coepit
1638 643 1705 670 enim
1720 642 1747 669 de
1758 649 1822 676 pecu-

1070 691 1114 718 nia
1124 710 1131 723 ,
1146 698 1206 726 quae
1220 691 1283 718 data
1298 694 1359 718 erat
1373 689 1496 717 eeclesim
1516 695 1629 724 propter
1647 687 1823 714 xenodochium.

1071 736 1104 763 Et
1116 743 1177 763 eum
1190 735 1319 771 cmpisset
1330 734 1467 762 mdiﬁcare
1477 754 1484 766 ,
1498 738 1529 760 ut
1543 737 1607 760 sunt
1621 731 1731 766 religiosi
1743 731 1824 765 deside-

1070 785 1164 808 rantes
1182 788 1265 815 opera
1284 788 1332 807 sua
1351 781 1378 807 in
1397 779 1466 807 caelo
1483 779 1587 810 scribi,
1602 777 1752 813 adiuverunt
1764 780 1824 812 prout

1072 828 1187 862 quisque
1198 826 1285 853 voluit
1297 830 1325 853 et
1339 825 1490 853 fabricavit.
1504 824 1580 859 Opus
1595 827 1657 850 ante
1668 822 1752 850 oculos
1762 821 1824 848 habe-

233 869 381 904 perfeetam
393 870 515 896 donaret.
528 868 690 896 Fabricandi
703 872 794 896 autem
806 868 915 895 domum
928 875 1022 895 neces—
1035 871 1058 900 B
1072 880 1141 900 mus,
1161 872 1257 900 omnis
1274 873 1355 899 homo
1369 871 1433 906 quid
1447 871 1548 898 factum
1564 870 1599 897 sit
1608 890 1615 899 ,
1626 869 1714 896 videt:
1726 868 1754 895 de
1764 874 1824 902 pecu-

233 916 300 943 sitas
313 915 350 942 illi
363 914 434 941 nulla
448 919 506 942 erat
515 935 521 946 ,
537 914 589 941 nisi
602 914 665 949 quia
678 913 806 949 cogitavit
816 917 930 941 matrem
944 921 1019 940 suam

235 961 288 988 huc
304 968 364 988 esse
383 965 535 987 venturam.
557 959 586 987 Si
604 963 667 986 ante
684 959 817 991 venisset,
831 958 858 985 in
874 966 903 985 re
917 958 964 985 filii
979 958 1020 986 sui

232 1007 367 1035 habitaret
381 1016 387 1033 :
403 1006 482 1034 modo
496 1006 518 1033 si
531 1005 652 1037 venerit,
666 1005 694 1032 in
707 1012 789 1040 opere
801 1004 849 1031 ﬁlii
862 1005 903 1032 sui
916 1004 1021 1032 habita-

233 1052 284 1079 bit.
300 1051 496 1080 Testimonium
507 1051 533 1078 ci
546 1051 675 1086 perhibeo
689 1059 694 1077 :
708 1057 811 1085 pauper
824 1050 964 1082 remansit,
974 1049 1020 1076 sed
1044 1058 1046 1060 ν

233 1098 262 1124 in
274 1097 415 1124 cbaritatis
427 1096 596 1131 possessione
609 1096 767 1130 permansit.
778 1095 870 1130 Aliqui
884 1095 984 1122 servuli
996 1095 1022 1121 ei

235 1144 333 1179 reliqui
347 1144 470 1177 fuerant,
481 1143 538 1177 iam
553 1143 660 1178 quidem
673 1144 700 1171 in
712 1143 877 1171 monasterio
889 1142 1020 1174 viventes,

234 1197 304 1225 quos
321 1194 412 1217 tamen
433 1190 516 1226 gestis
536 1189 729 1217 ecclesiasticis
746 1189 962 1216 manumissurus
980 1192 1023 1215 est

236 1235 325 1262 hodie.
341 1234 426 1263 Nemo
437 1241 502 1270 ergo
515 1234 602 1267 dicat,
615 1235 694 1262 Dives
707 1238 764 1266 est,
777 1241 857 1262 nemo
868 1234 1021 1265 existimet,

235 1287 316 1307 nemo
329 1279 400 1307 male
413 1279 549 1314 loquatur,
557 1287 640 1307 nemo
650 1279 767 1314 seipsum
779 1282 807 1306 et
819 1279 937 1306 animam
947 1286 1022 1306 suam

235 1326 292 1353 suis
312 1325 438 1353 dentibus
457 1325 549 1352 laniet.
564 1325 709 1352 Pecuniam
725 1324 825 1352 nullam
839 1324 919 1352 habet
932 1332 1024 1352 serva-

236 1377 308 1403 tam,
329 1371 432 1398 utinam
449 1378 530 1406 quam
551 1370 631 1399 debet
647 1369 782 1398 restituat.
799 1370 916 1402 Ceteri,
937 1370 963 1397 id
983 1374 1024 1397 est

235 1417 432 1448 subdiacones,
450 1423 582 1450 pauperes
599 1420 680 1448 sunt;
695 1415 751 1443 Deo
767 1415 901 1450 propitio,
920 1415 1025 1442 miseri-

231 1462 357 1490 cordiam
371 1461 418 1488 Dei
431 1464 600 1495 exspectant.
617 1460 693 1488 Unde
706 1460 757 1494 ipsi
771 1459 889 1493 faciant,
906 1468 959 1488 non
973 1461 1024 1488 ha-

237 1508 319 1535 bent:
345 1506 432 1534 uullas
453 1506 584 1536 habentes
606 1505 763 1537 facultates,
786 1505 915 1533 finierunt
932 1506 1024 1533 mundi

238 1553 408 1588 cupiditates.
423 1551 523 1579 Vivunt
538 1551 677 1579 nobiscum
690 1552 717 1578 in
732 1551 861 1579 societate
874 1551 1021 1579 communi.
1037 1544 1059 1575 C

237 1597 322 1625 Nemo
343 1605 389 1625 eos
408 1596 551 1631 distinguit
568 1597 602 1624 ab
621 1596 660 1624 eis
678 1596 725 1630 qui
745 1596 847 1631 aliquid
864 1597 1022 1624 attulerunt.

238 1643 387 1671 Charilaus
404 1642 493 1669 unitas
509 1642 688 1676 praeponenda
701 1646 742 1669 est
756 1647 870 1670 terrente
883 1643 1025 1670 commodo

239 1687 417 1715 luereditatis.
427 1686 541 1713 Restant
553 1687 702 1722 presbyteri
712 1696 718 1713 2
731 1687 770 1714 sic
780 1687 853 1714 enim
864 1687 897 1715 ad
907 1694 955 1714 eos
965 1694 1025 1722 gra-

238 1733 321 1760 datim
341 1731 486 1759 ascendere
503 1731 585 1758 volui.
606 1731 664 1759 Cito
681 1732 813 1764 dixerim,
827 1739 960 1767 pauperes
979 1732 1025 1759 Dei

238 1784 299 1806 sunt
310 1800 318 1812 ,
338 1778 406 1806 nihil
423 1778 458 1805 ad
477 1778 586 1807 domum
599 1778 737 1806 societatis
750 1782 849 1806 nostris
862 1778 1026 1810 attulerunt,

238 1827 291 1854 nisi
306 1826 402 1860 ipsam,
410 1833 462 1860 qua
476 1826 543 1853 nihil
556 1830 598 1853 est
610 1826 905 1859 eharius,charitatem.
917 1825 1027 1854 Verum-

241 1875 333 1897 tamen
347 1870 474 1904 quoniam
488 1871 545 1897 scio
558 1876 637 1898 natos
651 1871 734 1898 fuisse
746 1878 870 1899 rumores
882 1870 915 1899 de
927 1871 1028 1898 divitiis

241 1916 377 1949 ipsorum,
392 1921 445 1941 non
463 1922 478 1941 a
497 1923 541 1942 me
554 1916 587 1942 ad
599 1916 701 1950 aliquid
713 1916 890 1951 compellendi
899 1936 906 1948 ,
921 1916 968 1944 sed
981 1924 1028 1944 vo-

241 1961 283 1987 bis
295 1967 354 1987 meo
366 1967 490 1987 sermone
500 1961 631 1995 purgandi
642 1966 713 1989 sunt.
725 1961 808 1990 Vobis
820 1963 889 1995 dico,
900 1964 946 1997 qui
959 1963 1028 1990 forte

243 2005 355 2033 nescitis
368 2015 374 2031 ;
389 2011 453 2031 nam
465 2009 492 2032 et
504 2009 623 2033 vestrum
635 2005 744 2040 plurimi
757 2007 852 2034 sciunt.
884 2008 1028 2043 Presbyte-

241 2059 301 2077 rum
313 2050 456 2085 Leporium
467 2071 473 2081 ,
486 2051 609 2084 quamvis
622 2051 710 2079 saeculi
724 2052 856 2079 natalibus
869 2053 970 2080 clarum
980 2073 986 2084 ,
1001 2057 1027 2079 et

244 2095 315 2130 apud
330 2102 394 2122 suos
408 2094 596 2122 honestissimo
610 2096 667 2123 loco
679 2101 770 2123 natum
780 2117 787 2129 ,
804 2101 891 2123 tamen
902 2097 957 2131 jam
973 2097 1027 2123 Deo

243 2140 424 2172 servientem,
447 2141 551 2167 cunctis
569 2149 628 2175 qua:
647 2142 762 2169 habebat
781 2142 897 2174 relictis,
921 2143 1026 2177 inopem

241 2185 358 2219 suscepi.
374 2184 432 2211 Non
450 2184 512 2219 quia
530 2185 596 2212 nihil
619 2186 728 2216 habuit,
750 2188 797 2214 sed
812 2188 872 2221 quia
886 2187 941 2221 jam
959 2187 1028 2215 fece-

242 2236 283 2258 rat
295 2231 365 2265 quod
378 2231 457 2257 lectio
473 2231 522 2258 ista
536 2232 686 2265 persuadet.
702 2233 749 2259 llic.
764 2242 815 2259 non
831 2234 906 2265 fecit,
919 2234 965 2260 sed
980 2242 1028 2260 nos
1042 2245 1044 2247 ί

242 2278 343 2304 scimus
357 2282 384 2304 ct
398 2277 441 2303 ubi
456 2277 529 2303 fecit.
548 2277 641 2305 [initas
654 2279 755 2305 Christi
769 2284 824 2310 est,
839 2280 954 2307 ecclesia
975 2288 1027 2306 una

241 2328 292 2349 est.
316 2323 474 2356 Ubicunque
496 2323 559 2349 fecit
587 2332 655 2358 opus
676 2325 790 2356 bonum,
809 2325 928 2358 pertinet
948 2330 975 2352 et
995 2326 1027 2352 ad

243 2375 302 2399 nos,
317 2369 338 2394 si
354 2368 580 2402 cnngaudeannis.
597 2368 697 2396 llortus
710 2374 752 2396 est
765 2377 849 2401 unus,
864 2370 908 2396 ubi
923 2373 1008 2398 nostis
1020 2380 1026 2386 ·

243 2413 278 2439 ibi
293 2413 486 2440 monasterium
498 2414 553 2440 suis
565 2415 720 2446 constituit,
732 2415 794 2448 quia
807 2419 833 2440 et
847 2414 896 2449 ipsi
908 2415 962 2442 Deo
975 2424 1029 2442 scr—

242 2458 327 2483 viunt.
342 2457 387 2484 llle
400 2458 493 2485 hortus
515 2459 549 2485 ad
561 2459 702 2486 ecclesiam
720 2468 774 2486 non
788 2461 919 2494 pertinet,
933 2469 982 2488 nec
995 2463 1027 2488 ad

242 2503 342 2537 ipsimi.
361 2503 393 2529 Et
408 2503 441 2529 ad
455 2504 556 2537 quem?
570 2505 669 2531 dixerit
682 2505 781 2540 aliquis
794 2515 799 2531 :
815 2506 848 2532 ad
863 2506 941 2537 illud,
958 2508 1029 2541 quod

242 2548 279 2575 ibi
292 2552 346 2580 est,
359 2549 563 2576 monasterium.
576 2550 628 2577 Sed
642 2551 712 2584 quod
725 2559 819 2577 verum
831 2557 871 2578 est
880 2571 887 2583 ,
898 2560 983 2586 usque
995 2554 1028 2579 ad

242 2593 294 2620 hoc
305 2597 412 2627 tempus
429 2600 523 2620 curam
537 2601 586 2629 pro
601 2594 654 2621 illis
668 2596 703 2622 ita
725 2596 850 2630 gerebat,
865 2601 894 2623 ut
914 2598 1027 2631 sumpti-

243 2637 332 2670 culos,
352 2638 450 2672 quibus
468 2643 671 2672 sustentantur,
685 2642 754 2676 apud
768 2650 797 2668 se.
809 2642 935 2673 haberet,
950 2647 977 2669 et
989 2644 1028 2669 eis

243 2683 301 2718 ipse
314 2683 360 2718 (ut
372 2682 530 2720 videbatur)
543 2683 719 2719 impenderet.
736 2686 788 2714 Sed
809 2695 843 2714 ne
855 2692 964 2722 propter
978 2689 1029 2716 hoc

244 2730 354 2757 daretur
371 2728 448 2758 locus
466 2730 623 2758 hominibus
642 2733 810 2767 suspiciones
830 2741 893 2761 suas
909 2734 1029 2762 rodenti-

245 2774 306 2807 bus,
317 2778 344 2804 et
356 2779 479 2804 ventrem
490 2782 547 2805 non
557 2775 742 2812 implentibus,
752 2778 804 2806 hoc
813 2779 913 2813 placuit
923 2785 950 2807 et
961 2781 1028 2808 mihi

247 2823 275 2847 et
293 2819 360 2855 Ipsi,
382 2825 414 2850 ut
430 2821 471 2850 sic
488 2829 520 2853 se
538 2821 578 2851 illi
591 2823 758 2861 transigant,
769 2825 846 2860 quasi
862 2826 912 2854 iste
927 2826 1030 2861 jnm‘de

1071 918 1132 950 nia,
1147 918 1210 952 quia
1224 925 1276 944 non
1289 917 1385 949 habet,
1399 916 1464 943 mihi
1482 916 1598 942 credant
1613 924 1619 941 :
1634 914 1732 942 dentem
1744 919 1823 946 compa

1072 967 1164 996 scant,
1178 971 1212 990 ne
1225 963 1363 998 frangant.
1378 962 1487 989 Emerat
1499 962 1533 989 de
1546 962 1604 996 ipsa
1617 959 1723 996 pecunia
1735 958 1824 987 renoda-

1075 1009 1130 1036 chii
1143 1009 1287 1043 quamdam
1302 1008 1410 1035 domum
1423 1008 1449 1034 in
1463 1007 1599 1039 carraria,
1611 1013 1687 1042 quam
1701 1006 1744 1032 sibi
1756 1003 1823 1031 existi-

1072 1055 1164 1082 mabat
1180 1058 1291 1089 propter
1304 1053 1406 1088 lapides
1419 1052 1599 1088 profuturam.
1618 1051 1667 1078 Sed
1681 1050 1768 1085 lapides
1778 1048 1822 1084 eius

1073 1101 1171 1128 domus
1215 1100 1325 1127 fabricae
1347 1099 1492 1134 necessarii
1515 1106 1573 1126 non
1586 1098 1708 1129 fuerunt,
1727 1095 1824 1131 quoniam

1073 1146 1183 1173 aliunde
1196 1145 1298 1180 provisi
1314 1149 1386 1172 sunt.
1404 1145 1504 1171 Domus
1518 1151 1587 1179 ergo
1603 1143 1656 1178 ipsa
1668 1142 1704 1170 sic
1716 1138 1822 1170 remansit

1073 1191 1235 1218 Pensionem
1255 1194 1383 1225 prtcstat,
1398 1189 1446 1217 sed
1460 1189 1587 1216 ecclesizc
1598 1209 1605 1221 ,
1622 1196 1672 1215 non
1689 1187 1822 1222 presbyteri)-

1073 1236 1158 1263 Nemo
1173 1235 1288 1271 amplius
1303 1235 1375 1263 dicat
1389 1244 1395 1262 :
1411 1235 1439 1262 In
1455 1235 1569 1262 domum
1584 1232 1740 1269 presbyteri,
1754 1230 1780 1257 ad
1791 1230 1824 1256 do
1870 1230 1872 1235 ‘

1076 1289 1148 1308 nmm
1162 1280 1315 1315 presbyteri
1327 1301 1332 1311 ,
1347 1286 1409 1307 ante
1423 1281 1536 1307 domum
1555 1278 1707 1314 presbyteri.
1724 1276 1780 1305 Eme
1792 1274 1825 1300 ubi

1075 1330 1119 1354 est
1135 1326 1231 1353 domus
1249 1325 1414 1360 presbyteri.
1429 1324 1500 1352 Alibi
1514 1332 1573 1352 non
1586 1324 1664 1351 habet
1677 1323 1780 1353 domum,
1791 1319 1823 1347 sed

1075 1373 1229 1407 ubicunque
1246 1372 1328 1399 habet
1345 1371 1440 1398 Deum.
1455 1370 1525 1404 Quid
1542 1370 1654 1405 amplius
1664 1365 1824 1404 quzeritis,nisi

1076 1421 1139 1455 quia
1158 1428 1201 1447 me
1221 1419 1287 1448 illud
1305 1419 1414 1446 memini
1432 1419 1515 1446 etiam
1538 1418 1706 1453 promisisse,
1719 1419 1741 1443 ut
1754 1414 1779 1444 ad
1791 1419 1823 1439 τος

1077 1466 1225 1500 perferrem
1244 1465 1310 1500 quid
1335 1465 1449 1499 egissem
1465 1464 1541 1491 inter
1560 1463 1641 1496 duos,
1662 1462 1756 1489 fratrem
1772 1458 1823 1487 vide-

1078 1512 1143 1539 licet
1163 1517 1191 1539 et
1216 1520 1354 1545 sororem,
1379 1512 1449 1540 ﬁlios
1469 1511 1593 1539 Januarii
1616 1506 1821 1546 presbyterizquia

1075 1563 1135 1584 orta
1151 1558 1222 1585 inter
1237 1557 1296 1585 illos
1311 1557 1401 1585 fuerat
1421 1557 1610 1585 controversia
1624 1554 1774 1592 pecuniaria:
1789 1550 1822 1578 sed

1075 1607 1166 1630 tamen
1182 1604 1252 1631 sicut
1267 1604 1338 1630 inter
1351 1602 1463 1635 fratres,
1480 1604 1559 1630 salva
1574 1604 1628 1630 Deo
1642 1600 1742 1638 propitio
1753 1597 1819 1626 chari-

1076 1649 1152 1675 tate?
1171 1648 1352 1676 Promiseram
1374 1656 1439 1684 ergo
1454 1648 1570 1681 audire,
1585 1652 1615 1675 ut
1627 1647 1692 1675 inter
1708 1645 1756 1672 illos
1770 1642 1821 1677 quid-

1077 1695 1142 1729 quid
1156 1698 1228 1722 esset
1239 1693 1413 1729 judieandum
1430 1693 1551 1721 finirem.
1567 1693 1716 1720 Paraveram
1729 1696 1762 1717 me
1772 1687 1821 1722 judi-

1074 1749 1136 1768 ccrn
1147 1761 1154 1773 ,
1171 1741 1217 1768 sed
1231 1745 1375 1775 antequam
1387 1740 1541 1775 iudicarem
1551 1761 1558 1772 ,
1574 1740 1637 1774 ipsi,
1651 1738 1713 1774 quod
1722 1736 1820 1771 judicatu-

1078 1794 1125 1813 rus
1144 1794 1232 1818 eram,
1254 1786 1393 1814 finierunt.
1419 1785 1477 1812 Non
1498 1786 1592 1813 inveni
1612 1784 1677 1812 unde
1692 1783 1819 1819 iudicarem.

1077 1831 1125 1858 sed
1140 1831 1210 1858 unde
1223 1831 1339 1858 laetarer.
1356 1831 1562 1865 Acquieverunt
1575 1830 1680 1858 omnino
1691 1825 1821 1857 concordi!“

1079 1876 1208 1904 voluntati
1228 1883 1295 1904 mere
1312 1881 1339 1904 et
1358 1877 1473 1904 consilio
1491 1884 1571 1910 meo,
1591 1881 1619 1904 ut
1636 1883 1707 1914 pares
1722 1875 1790 1901 essent
1802 1870 1822 1896 in

1077 1922 1191 1957 pecunia
1203 1942 1210 1955 ,
1233 1929 1314 1956 quam
1334 1922 1445 1957 reliquit
1467 1927 1550 1957 pater
1566 1930 1672 1954 eorum,
1689 1918 1778 1949 ecclesia
1791 1923 1818 1943 '1‘

1078 1967 1236 1998 nuntiante,
1263 1971 1324 2001 post
1349 1974 1503 1995 sermonem
1530 1975 1628 1996 meum.
1650 1964 1760 1994 Locuturi
1778 1965 1820 1989 sunt

1078 2012 1211 2040 homines.
1228 2012 1281 2039 Sed
1295 2017 1321 2040 et
1333 2013 1470 2048 quodlibet
1485 2014 1612 2042 homines
1630 2014 1763 2048 loquantur,
1773 2016 1819 2043 (1³⁵·

1079 2058 1206 2092 lieunque
1223 2065 1288 2085 aura
1304 2058 1384 2086 ﬂante
1397 2059 1564 2093 perducetur
1577 2060 1636 2087 inde
1656 2056 1742 2092 aliquid
1753 2054 1778 2081 ad
1788 2060 1820 2079 au-

1080 2111 1123 2129 res
1146 2111 1220 2130 meas
1237 2113 1242 2129 :
1267 2108 1294 2131 et
1309 2104 1330 2130 si
1347 2104 1401 2131 tale
1421 2103 1520 2138 fuerit,
1537 2109 1567 2131 ut
1588 2105 1622 2132 sit
1640 2105 1726 2131 iterum
1740 2103 1821 2128 necesse

1080 2157 1130 2176 nos
1145 2157 1260 2185 purgare
1270 2170 1277 2182 ,
1292 2151 1460 2185 respondebo
1473 2151 1628 2184 maledicis,
1642 2147 1781 2184 respondebo
1791 2144 1821 2170 de-

1081 2195 1245 2222 tractoribus
1256 2216 1262 2227 ,
1277 2195 1443 2230 respondebo
1459 2196 1620 2228 incredulis,
1636 2203 1685 2223 non
1703 2192 1766 2221 nobis
1781 2195 1821 2217 cre-

1080 2240 1206 2266 dentibus
1228 2240 1381 2275 prmpositis
1401 2241 1468 2268 suis.
1491 2240 1681 2276 ReSpondebo,
1700 2242 1725 2265 ut
1739 2240 1820 2271 potem,

1079 2284 1150 2318 quod
1163 2284 1293 2312 Dominus
1307 2285 1420 2312 dederit.
1435 2285 1546 2313 Interim
1560 2286 1637 2313 modo
1649 2292 1696 2312 non
1710 2286 1744 2310 est
1755 2285 1821 2307 neces-

1080 2337 1124 2361 se,
1140 2330 1201 2364 quia
1216 2331 1283 2358 nihil
1299 2331 1367 2358 forte
1381 2331 1481 2359 dicturi
1495 2336 1567 2359 sunt.
1583 2331 1632 2365 Qui
1646 2337 1690 2357 nos
1704 2329 1787 2355 amant.
1799 2323 1820 2349 Γμ

1079 2377 1144 2404 bere
1158 2376 1312 2411 gaudebunt
1328 2385 1335 2402 ε
1351 2377 1397 2411 qui
1411 2384 1460 2404 nos
1472 2378 1597 2409 oderunt,
1613 2376 1687 2403 tacite
1707 2371 1820 2401 dolebunl!

1080 2427 1170 2448 tamen
1186 2421 1210 2448 si
1222 2421 1326 2456 linguas
1338 2422 1508 2449 exercuerim
1520 2421 1610 2458 [Forte
1619 2429 1672 2455 pro,
1681 2414 1819 2447 exseruerinl.

1082 2465 1198 2501 Hard.],
1219 2467 1328 2493 audient
1345 2467 1400 2494 Deo
1418 2468 1534 2503 propitio
1556 2467 1686 2495 vobiscum
1709 2458 1820 2497 responﬁio'

1071 2519 1142 2539 -nem
1156 2519 1254 2544 meam,
1280 2520 1332 2540 non
1354 2512 1427 2539 litem
1453 2520 1552 2540 meam.
1578 2512 1633 2539 Non
1647 2510 1710 2537 enim
1730 2504 1820 2534 bimulies

1081 2557 1269 2583 nominaturus
1288 2565 1348 2584 sum
1367 2561 1395 2584 et
1416 2557 1546 2590 dicturus,
1568 2556 1611 2583 lllc
1637 2556 1684 2582 hoc
1703 2551 1768 2581 dixit,
1786 2547 1820 2574 ἱειε

1081 2602 1120 2629 sic
1133 2602 1247 2629 detraxit
1260 2611 1267 2628 ε
1283 2610 1344 2630 cum
1355 2603 1470 2631 fortasse
1482 2603 1561 2631 etiam
1573 2602 1605 2629 ad
1618 2609 1657 2628 tne
1671 2599 1736 2629 falsa,
1746 2594 1792 2630 quia
1801 2594 1819 2617 et

1082 2648 1133 2674 hoc
1147 2652 1235 2682 potest
1256 2647 1326 2681 ﬁeri,
1340 2648 1519 2682 perferantur.
1540 2648 1716 2675 Verumtamen
1725 2644 1819 2676 quantum

1081 2700 1134 2727 que
1147 2693 1248 2727 perlata
1267 2692 1366 2720 fuerint
1379 2715 1385 2726 ,
1411 2694 1433 2721 si
1460 2698 1582 2729 oportere
1600 2690 1730 2719 videbitur,
1751 2685 1818 2730 Ιοιιυῆτ

1082 2738 1144 2765 inde
1158 2738 1284 2766 charitati
1297 2743 1405 2767 vestrm.
1433 2740 1501 2767 Ante
1516 2739 1606 2767 oculos
1619 2741 1712 2763 vestros
1729 2730 1776 2757 νοΙο
1794 2730 1818 2753 ⁵η

1082 2783 1137 2809 vita
1161 2789 1262 2811 nostra.
1300 2783 1363 2811 Scio
1386 2785 1447 2819 quia
1476 2787 1620 2819 qumrentes
1638 2777 1753 2807 licentiam
1767 2769 1818 2819 mal?

1083 2827 1210 2861 faciendi,
1229 2835 1352 2864 quarunt
1377 2817 1426 2857 sibi
1456 2817 1572 2865 exempla
1588 2826 1651 2855 male
1661 2821 1781 2853 viventium
1797 2817 1817 2842 el
