3884 6192
246 282 361 339 089

811 273 1090 332 REGULA
1130 271 1626 333 CANONICORUM
1672 272 1762 329 ΑΒ
1802 270 2159 330 AMALARlO
2196 271 2578 331 GOLLECTA.
2622 306 2694 317 —
2729 274 2857 330 LIB.
2899 276 2941 330 Ι.

3406 280 3514 337 910

253 396 455 454 multos
490 391 772 458 infamant,
790 399 851 445 ut
871 390 1048 445 socios
1065 388 1339 444 invenisse
1366 387 1668 441 videantur.
1709 386 1835 440 Ideo
1862 388 1911 448 Α
1936 401 2077 449 sum,
2119 385 2208 441 ille
2235 386 2463 442 clericus
2482 401 2608 442 esse
2632 403 2741 443 non
2765 390 2956 459 possit.
3028 390 3303 451 Audistis?
3343 399 3527 454 audie-

252 490 397 559 quod
424 495 670 541 nostrum
699 493 783 538 est
808 482 1057 543 fecimus,
1099 482 1220 552 plus
1246 482 1377 551 quid
1404 480 1673 536 faciamus
1725 495 1832 533 non

248 581 537 649 habemus.
611 577 753 635 Ante
791 562 1227 635 vestros‘oculos
1277 588 1484 637 sumus,
1518 572 1716 627 nullius
1737 571 1836 625 alio

248 672 381 744 quid
419 669 819 732 desideramus,
866 666 970 720 nisi
1012 666 1153 719 bona
1183 680 1347 736 opera
1384 673 1586 719 vestra.
1641 666 1708 719 Et
1736 680 1834 721 vos

248 765 532 825 exhortor,
561 759 764 814 fratres
786 758 911 821 mei,
946 758 993 811 si
1019 756 1223 826 aliquid
1243 756 1409 810 vultis
1442 756 1655 815 clericis
1678 757 1830 821 dare,

247 855 438 915 sciatis
465 853 590 923 quia
648 866 755 905 non
807 848 1015 904 debetis
1044 847 1172 901 vitia
1199 862 1389 901 eorum
1414 846 1596 902 fovere
1641 855 1831 902 contra

247 964 357 1003 me.
400 947 577 1003 Omne
603 943 793 1009 offerte
820 941 965 1013 quod
1003 942 1189 1007 vultis,
1242 940 1432 996 oﬂ'erte
1461 940 1529 995 de
1552 940 1830 998 voluntate

245 1047 452 1092 vestra.
507 1035 660 1102 Quod
694 1048 983 1088 commune
1008 1033 1134 1094 erit,
1159 1030 1513 1087 distribuetur
1533 1030 1830 1099 unicuique

242 1135 409 1198 prout
433 1126 630 1194 cuique
655 1139 793 1193 opus
819 1123 944 1177 erit.
983 1121 1438 1192 Gazophylacium
1463 1121 1747 1185 attendite,
1775 1130 1832 1174 et

246 1234 437 1274 omnes
468 1215 807 1275 habebimus.
852 1212 1022 1268 Valde
1047 1227 1134 1268 me
1156 1212 1408 1283 delectat,
1434 1213 1481 1285 si
1508 1212 1682 1281 ipsum
1717 1210 1833 1264 fuc-

243 1311 321 1365 rit
348 1322 588 1380 pmsepe
612 1315 878 1372 nostrum,
900 1312 962 1359 ut
999 1318 1099 1371 nos
1126 1304 1299 1359 simus
1316 1302 1563 1372 jumenta
1595 1303 1711 1369 Dei,
1736 1319 1832 1361 vos

247 1419 381 1475 ager
409 1402 524 1458 Dei.
603 1399 772 1456 Nemo
812 1399 905 1453 det
953 1398 1178 1461 birrum,
1210 1397 1294 1451 vel
1327 1397 1524 1451 lineam
1566 1396 1827 1459 tunicam,

242 1509 345 1550 seu
372 1490 598 1562 aliquid,
645 1490 749 1544 nisi
806 1488 860 1542 in
895 1502 1201 1567 commune.
1251 1486 1327 1541 De
1376 1486 1652 1541 communi
1683 1486 1828 1540 acci-

244 1583 395 1653 piam
421 1580 554 1636 mihi
601 1578 724 1648 ipsi,
763 1593 887 1631 cum
919 1576 1086 1631 sciam
1133 1588 1420 1631 commune
1448 1588 1535 1629 me
1572 1572 1708 1628 velle
1733 1573 1831 1628 ha-

243 1673 377 1741 bere
428 1669 691 1741 quidquid
726 1668 919 1723 habeo.
978 1666 1115 1723 Nolo
1166 1665 1299 1722 talia
1332 1664 1528 1721 oderat
1564 1664 1828 1719 sanctitas

1938 489 2084 535 runt.
2134 478 2243 535 Sed
2264 494 2425 550 spero
2450 480 2507 535 in
2541 481 2710 536 Deum
2738 490 2986 537 nostrum
3010 492 3068 540 et
3091 488 3521 547 misericordiam

1938 569 2074 638 ejus,
2130 569 2257 640 quia
2282 569 2425 633 sicut
2449 569 2863 638 dispositionem
2900 588 3074 628 meam
3097 576 3257 631 istam
3277 579 3524 636 hilariter

1938 668 2286 729 acceperunt,
2337 660 2417 715 sic
2463 674 2581 714 eam
2634 675 2768 729 pure
2816 661 3154 735 fideliterque
3207 671 3524 726 servabunt.

1937 752 2057 809 Dixi
2086 751 2287 822 aliquid
2314 767 2471 806 suum
2500 767 2608 806 non
2631 752 2831 817 habere
2874 755 3220 826 presbyteros
3248 761 3529 817 cohabita—

1938 852 2086 899 tores
2121 860 2274 899 meos
2326 845 2474 903 inter
2525 859 2662 914 quos
2687 853 2774 900 est
2799 854 2853 901 et
2903 848 3187 918 presbyter
3227 850 3522 907 Barnabas.

1942 936 2047 991 Sed
2075 944 2129 990 et
2156 935 2339 1004 deillo
2377 936 2558 1007 audivi
2608 937 2855 1006 quaedam
2900 938 3067 995 fuisse
3108 940 3334 1009 iactata.
3384 942 3529 997 Ante

1937 1026 2139 1088 omnia,
2170 1026 2296 1095 quia
2326 1026 2460 1081 emit
2497 1026 2677 1080 villam
2700 1043 2730 1081 a
2760 1028 2955 1085 dilecto
2977 1038 3031 1084 et
3078 1031 3388 1088 honorabili
3415 1032 3526 1088 lilio

1937 1129 2059 1169 meo
2090 1115 2373 1173 Eleusino.
2424 1115 2537 1171 Hoc
2580 1116 2777 1172 falsum
2807 1127 2908 1173 est.
2956 1119 3279 1177 Monasterio
3304 1122 3527 1189 donavit

1937 1206 2045 1271 ille,
2082 1223 2189 1262 non
2239 1207 2500 1263 vendidit.
2562 1208 2678 1278 Ego
2721 1224 2844 1264 sum
2894 1212 3067 1267 testis.
3127 1212 3267 1280 Quid
3294 1213 3527 1283 amplius

1935 1296 2195 1364 quaeratis
2224 1296 2435 1368 ignoro.
2495 1296 2607 1368 Ego
2634 1312 2755 1351 sum
2780 1300 2954 1355 testis.
3016 1301 3247 1357 Donavit
3278 1304 3388 1369 ille,
3418 1320 3523 1360 non

1936 1386 2201 1451 vendidit.
2276 1386 2382 1441 Sed
2414 1387 2541 1442 dum
2581 1403 2689 1443 non
2740 1391 2984 1446 creditur
3012 1393 3215 1449 donare
3257 1396 3521 1469 potuisse,

1932 1481 2174 1535 creditus
2214 1488 2302 1535 est
2342 1482 2672 1537 vendidisse.
2721 1484 2922 1541 Beatus
2971 1488 3135 1547 homo
3166 1490 3258 1560 qui
3298 1500 3405 1563 tam
3432 1492 3507 1547 bo

1933 1587 2063 1627 num
2116 1588 2253 1642 opus
2304 1573 2454 1639 fecit,
2509 1583 2570 1630 ut
2612 1591 2720 1631 non
2775 1579 3111 1636 crederetur.
3191 1582 3394 1647 Tamen
3438 1588 3524 1651 vel

1935 1665 2097 1719 modo
2123 1665 2347 1731 credite,
2363 1673 2419 1720 et
2442 1666 2779 1731 detracturos
2807 1670 2999 1735 audire
3018 1672 3251 1728 libenter
3271 1676 3519 1735 desinite.

243 1733 673 1831 ὲωηξῳιὼηε
702 1773 804 1831 ego
833 1757 983 1815 solus
1008 1758 1166 1827 quasi
1196 1756 1476 1821 docendus
1504 1764 1645 1810 utar.
1689 1753 1832 1810 Oll'e—
1859 1733 1908 1805 Β
1932 1754 2053 1810 Jam
2076 1756 2211 1822 dixi,
2234 1771 2335 1827 ego
2360 1773 2479 1812 sum
2534 1758 2706 1813 testis.
2764 1758 2980 1817 Dictum
3019 1771 3104 1831 est
3134 1765 3200 1819 de
3229 1733 3347 1827 illo,
3374 1768 3519 1837 quod

1894 1878 1901 1883 η
1932 1861 2075 1901 anno
2095 1848 2461 1916 praepositum:
2489 1864 2600 1905 suae
2617 1865 2717 1920 per
2740 1851 3061 1908 industriam
3094 1856 3277 1925 debita
3301 1857 3514 1931 fecerit,

243 1860 400 1910 ratur
427 1851 586 1915 mihi,
639 1848 792 1904 verbi
820 1848 1019 1919 gratia,
1042 1846 1249 1903 birrum
1288 1846 1611 1917 pretiosum.
1666 1844 1831 1900 Forte

242 1944 403 2000 decet
425 1942 763 2012 episcopum,
811 1940 1063 2010 quamvis
1090 1955 1201 1993 non
1219 1939 1411 1996 deceat
1441 1938 1826 2009 Augustinum,

238 2034 300 2089 id
327 2041 434 2098 est,
486 2032 760 2088 hominem
801 2045 1098 2101 pauperem
1125 2030 1195 2085 de
1235 2030 1565 2100 pauperibus
1617 2037 1825 2083 natum.

246 2124 406 2180 Modo
433 2124 631 2188 dicturi
680 2129 807 2187 sunt
846 2121 1127 2189 homines,
1158 2122 1283 2190 quia
1336 2119 1518 2175 inveni
1564 2120 1832 2190 pretiosas

240 2222 444 2280 vestes,
489 2229 627 2284 quas
682 2228 791 2268 non
851 2213 1148 2285 potuissem
1198 2212 1399 2267 habere
1444 2210 1527 2266 vel
1574 2212 1630 2265 in
1671 2212 1831 2269 domo

239 2307 415 2379 patris
461 2306 590 2371 mei,
645 2304 730 2360 vel
781 2305 838 2358 in
878 2304 972 2369 illa
1002 2302 1247 2367 saeculari
1301 2300 1640 2378 professione
1685 2317 1826 2357 mea.

240 2399 360 2458 Non
392 2399 569 2454 decet.
639 2396 825 2465 Talem
858 2396 1032 2452 debeo
1061 2395 1284 2460 habere,
1322 2394 1537 2472 qualem
1562 2408 1786 2471 possum
1813 2411 1828 2459 ;

238 2488 288 2544 si
314 2502 423 2543 non
450 2487 721 2551 habuerit,
749 2485 907 2541 fratri
936 2500 1059 2543 meo
1087 2486 1246 2551 dare;
1277 2483 1492 2554 qualem
1516 2491 1696 2553 potest
1729 2483 1828 2538 ha-

236 2581 372 2636 bere
406 2577 949 2650 presbyter,qualem
974 2582 1154 2645 potest
1181 2575 1383 2630 habere
1428 2573 1686 2639 decenter
1715 2572 1832 2627 dis-

236 2678 487 2733 eonuset
526 2670 917 2734 subdiaconus,
946 2668 1116 2723 talem
1159 2667 1280 2723 volo
1314 2666 1587 2737 accipere,
1607 2666 1736 2736 quia
1774 2665 1829 2720 in

238 2774 532 2816 commne
560 2759 790 2828 accipio,
847 2758 906 2813 Si
928 2758 1052 2830 quis
1077 2757 1358 2813 meliorem
1379 2757 1608 2820 dederit,
1623 2756 1825 2815 vendo:

238 2851 385 2925 quod
410 2858 469 2905 et
518 2849 701 2911 facere
723 2848 896 2917 soleo,
955 2856 1019 2903 ut
1046 2847 1264 2919 quando
1314 2862 1424 2902 non
1454 2854 1634 2918 potest
1663 2847 1831 2903 vestis

237 2955 363 2996 esse
385 2940 711 3006 communis,
740 2939 977 3011 pretium
1008 2938 1173 2994 vestis
1207 2940 1279 2994 sit
1314 2954 1627 3005 commune,
1652 2939 1830 2994 vendo

234 3040 297 3093 et
321 3046 489 3103 erogo
512 3030 862 3102 pauperibus.
918 3028 975 3085 Si
1023 3031 1129 3086 hoc
1171 3044 1299 3085 eum
1345 3029 1600 3097 delectat,
1643 3039 1705 3085 ut
1728 3045 1828 3102 ego

234 3123 502 3189 habeam;
526 3121 687 3187 talem
710 3122 822 3187 det,
868 3122 937 3177 de
964 3135 1075 3192 qua
1103 3136 1212 3187 non
1233 3120 1577 3187 erubescam.
1631 3120 1829 3175 Fateor

237 3217 386 3272 enim
450 3216 622 3281 vobis,
664 3216 731 3271 de
763 3214 1003 3291 pretiosa
1038 3223 1194 3270 veste
1231 3215 1515 3284 erubesco,
1565 3214 1692 3285 quia
1720 3229 1829 3268 non

236 3310 399 3373 decet
421 3308 564 3369 hanc
586 3308 1008 3388 professionem,
1057 3323 1169 3363 non
1212 3307 1373 3373 decet
1406 3306 1548 3365 hanc
1584 3306 1831 3369 admoni-

237 3400 466 3465 tionem,
495 3414 602 3455 non
650 3400 809 3464 decet
834 3399 951 3465 hau:
974 3399 1241 3463 membra,
1269 3412 1379 3467 non
1418 3398 1576 3454 decet
1599 3398 1700 3453 hos
1737 3413 1830 3454 ca-

234 3504 361 3546 nos.
427 3490 604 3560 Etiam
649 3490 781 3545 illud
807 3490 952 3556 dico,
1005 3490 1054 3545 si
1091 3488 1232 3545 forte
1257 3490 1313 3555 in
1343 3498 1531 3546 nostra
1558 3491 1743 3557 domo,
1772 3491 1828 3545 in

234 3590 425 3649 nostra
450 3582 714 3638 societate
745 3595 889 3652 aeger
922 3590 1007 3638 est
1035 3582 1249 3652 aliquis,
1281 3582 1365 3637 vel
1390 3590 1515 3651 post
1547 3581 1827 3654 aegritudi-

236 3688 388 3739 nem,
419 3681 481 3727 ut
521 3688 751 3738 necesse
792 3674 867 3743 sit
912 3688 1039 3730 eum
1064 3685 1192 3731 ante
1248 3676 1440 3730 horam
1463 3675 1678 3746 prandii
1701 3677 1829 3739 reda

230 3779 387 3830 cere,
437 3779 545 3819 non
580 3764 844 3837 prohibeo
868 3765 1153 3836 religiosos
1191 3766 1277 3821 vel
1302 3766 1585 3838 religiosas
1606 3768 1827 3829 mittere

234 3856 323 3910 eis
364 3855 509 3926 quod
528 3856 745 3911 videtur
781 3864 842 3911 ut
894 3858 1133 3913 mittant.
1199 3857 1495 3924 Prandium
1544 3867 1726 3923 tamen
1772 3868 1828 3927 et

235 3961 453 4005 coenam
480 3955 639 4001 extra
692 3962 855 4003 nemo
904 3948 1144 4004 habebit.
1231 3949 1372 4004 Ecce
1424 3951 1546 4006 dico
1587 3951 1830 4010 auditis?

233 4037 486 4103 audiunt.
540 4036 644 4104 Qui
666 4038 867 4094 haboce
886 4040 1119 4101 voluerit
1138 4040 1414 4109 proprium
1438 4049 1495 4096 ct
1520 4041 1586 4096 de
1606 4043 1828 4112 proprio

237 4131 429 4185 vivere
460 4139 516 4185 et
543 4140 733 4187 contra
760 4132 864 4195 ista
894 4140 1167 4205 praecepta
1197 4141 1381 4188 nostra
1411 4133 1609 4200 facere,
1633 4150 1827 4205 parum

238 4231 328 4277 est
355 4230 418 4283 ut
437 4221 639 4290 dicam,
689 4238 798 4277 non
821 4238 1034 4285 mecum
1064 4212 1329 4295 manebit,
1358 4225 1454 4280 sed
1478 4241 1578 4281 nec
1596 4226 1828 4282 clericus

238 4310 370 4367 erit.
417 4310 672 4375 Dixeram
688 4311 858 4377 enim,
883 4320 940 4366 et
960 4313 1078 4369 scio
1104 4328 1192 4369 me
1214 4313 1438 4379 dixisse,
1465 4322 1526 4369 ut
1552 4316 1597 4371 si
1623 4315 1827 4378 nollent

1853 3084 1901 3155 Ω

1930 1944 1994 1991 ut
2025 1937 2152 1992 dum
2184 1938 2308 1993 volo
2353 1953 2454 2012 ego
2484 1940 2635 1995 reddi
2688 1940 2890 2007 debita,
2950 1944 3065 1999 dari
3110 1945 3184 1999 illi
3239 1946 3515 2015 licentiam

1930 2028 2189 2099 poscendi
2215 2028 2441 2084 fundum
2476 2030 2959 2101 \‘ictorianensem,
2987 2040 3246 2105 tanquam
3291 2036 3520 2104 dixisset

1931 2118 2091 2183 mihi,
2121 2118 2191 2175 Ut
2215 2119 2436 2179 reddam
2463 2120 2640 2176 debita
2667 2136 2810 2189 mea,
2855 2123 2925 2183 da
2954 2123 3087 2197 mihi
3119 2124 3171 2179 in
3195 2125 3381 2199 decem
3421 2130 3518 2181 an;

1932 2224 2032 2264 nos
2061 2208 2283 2264 fundum
2304 2210 2765 2277 Victorianensem
2789 2229 2803 2266 :
2833 2219 2889 2267 et
2911 2213 3013 2269 hcc
3043 2212 3238 2279 falsum
3263 2225 3387 2284 est;
3417 2220 3514 2282 sed

1931 2298 2035 2355 fuit
2063 2302 2203 2355 unde
2234 2317 2419 2357 rumor
2441 2313 2775 2359 nasceretur.
2834 2305 2988 2361 Fecit
3019 2307 3209 2379 debita
3225 2310 3515 2383 reddenda,

1933 2408 1962 2446 a
2004 2393 2162 2448 nobis
2198 2393 2408 2461 reddita
2445 2405 2573 2451 sunt
2598 2399 2822 2475 partim,
2857 2399 3003 2463 unde
3038 2411 3347 2475 potuerunt,
3420 2400 3522 2469 80*.

1932 2483 2133 2536 mansit
2156 2482 2360 2552 aliquid
2382 2485 2524 2554 quod
2549 2472 2654 2540 non
2683 2487 2979 2544 debebatur
2999 2482 3163 2557 etiam
3189 2472 3520 2563 monasterio

1932 2574 2030 2640 illi,
2061 2574 2207 2644 quod
2238 2589 2339 2646 per
2370 2576 2563 2647 ipsum
2586 2577 2728 2633 Deus
2762 2579 3015 2634 instituit.
3100 2579 3237 2636 Cum
3266 2597 3398 2654 ergo
3431 2599 3518 2639 re-

1931 2666 2243 2732 mansisset,
2262 2667 2529 2736 ctepimus
2552 2683 2798 2737 quaerere
2825 2669 2967 2725 unde
2993 2670 3237 2726 debitum
3265 2673 3520 2730 reddere-

1930 2769 2071 2809 mus.
2129 2756 2210 2810 Ad
2241 2756 2653 2813 conductionem
2679 2758 2849 2828 ipsius
2872 2757 3025 2827 fundi
3052 2760 3232 2816 nullus
3256 2763 3511 2828 accessit,

1931 2845 2035 2900 nisi
2056 2846 2413 2916 quadraginta
2437 2847 2734 2904 solidorum
2760 2848 2996 2907 oﬂerens
3019 2851 3359 2920 pensionem.
3402 2852 3513 2925 Sed

1931 2936 2168 2992 vidimus
2195 2935 2420 2993 fundum
2449 2939 2681 3016 amplius
2710 2953 2871 3017 posse
2900 2940 3052 3007 dare,
3083 2951 3144 2996 ut
3169 2942 3403 3011 celerius
3427 2944 3520 3017 de.-

1932 3028 2106 3083 bitum
2134 3029 2474 3097 redderetur,
2528 3041 2584 3087 et
2600 3016 2845 3100 commisi
2873 3033 2993 3100 fidei
3026 3034 3165 3108 ejus,
3196 3045 3258 3092 ut
3293 3038 3362 3095 de
3399 3039 3515 3115 ipsa

1932 3122 2292 3179 eonduetione
2318 3123 2469 3179 lucra
2494 3139 2599 3179 non
2628 3125 2969 3195 requirerent
2991 3126 3221 3184 fratres:
3248 3129 3514 3201 sedqu

1930 3216 2059 3286 quid
2098 3216 2254 3272 daret
2288 3215 2506 3289 fundus,
2544 3218 2613 3273 de
2636 3218 2769 3288 ipsis
2793 3218 3059 3275 {motibus
3089 3220 3417 3291 imputarent
3443 3224 3512 3278 ad

1930 3304 2189 3369 debitum.
2267 3304 2400 3361 Fide
2435 3306 2632 3376 agitur.
2697 3305 2927 3373 Paratus
2973 3315 3056 3362 est
3108 3310 3413 3380 presbyter,
3457 3319 3519 3365 ut

1932 3397 2094 3462 alium
2124 3397 2449 3453 constituam
2483 3397 2575 3466 qui
2606 3397 2672 3451 de
2696 3395 2967 3454 fructibus
2990 3398 3250 3454 fratribus
3274 3402 3515 3469 debitum

1930 3491 2142 3547 reddat.
2203 3490 2282 3543 Ex
2305 3501 2531 3543 numero
2560 3497 2744 3545 vestro
2786 3491 2858 3546 sit
2895 3492 3090 3562 aliquis
3123 3494 3209 3549 cui
3239 3494 3341 3550 hoc
3370 3510 3516 3551 com-

1930 3585 2163 3650 mittam,
2200 3598 2267 3639 ex
2294 3596 2522 3642 numero
2550 3584 2788 3654 ipsorum
2818 3587 2909 3655 qui
2937 3588 3002 3641 ad
3030 3602 3128 3646 nos
3169 3588 3296 3644 talia
3325 3600 3513 3662 pertu-

1929 3676 2130 3730 lerunt.
2190 3673 2330 3729 Sunt
2344 3673 2487 3729 enim
2517 3675 2571 3746 in
2600 3676 2755 3731 vobis
2777 3676 3024 3739 homines
3056 3679 3315 3751 religiosi,
3351 3681 3397 3737 si
3420 3684 3518 3752 qui

1929 3780 2054 3820 eum
2083 3778 2357 3820 rumorem
2387 3763 2527 3819 falso
2553 3767 2945 3836 reprehensum
2977 3785 3097 3826 esse
3125 3762 3517 3839 doluerunt,’ct

1928 3867 2111 3913 tamen
2133 3856 2483 3913 crediderunt
2501 3854 2722 3925 factum.
2779 3858 2859 3925 Ex
2890 3859 3022 3929 ipsis
3047 3876 3177 3934 ergo
3202 3861 3399 3932 aliquis
3422 3878 3517 3918 ve-

1928 3949 2044 4010 niat
2067 3948 2135 4003 ad
2165 3961 2283 4012 nos,
2341 3946 2602 4017 suscipiat
2629 3950 3049 4018 possessionem,
3078 3965 3270 4007 omnes
3306 3951 3515 4010 fructus

1928 4038 2119 4109 pretiis
2147 4037 2261 4093 suis
2293 4036 2524 4093 ﬁdeliter
2556 4038 2775 4109 vendat,
2830 4046 2894 4092 ut
2923 4040 3073 4095 reddi
3102 4040 3269 4109 possit
3303 4040 3517 4099 facilius

1929 4130 2072 4201 quod
2097 4130 2344 4194 debetur,
2374 4136 2430 4184 et
2452 4129 2613 4199 hodie
2646 4128 2866 4201 recedat
2888 4130 3011 4185 inde
3034 4145 3166 4185 cura
3188 4134 3511 4203 presbyteri.

1927 4220 2106 4276 Locus
2135 4221 2298 4275 etiam
2328 4220 2464 4290 ipse,
2498 4219 2591 4275 ubi
2636 4221 3023 4277 monasterium
3053 4223 3403 4278 constitutum
3431 4235 3517 4278 est

1931 4328 1961 4367 a
2023 4319 2324 4366 memorato
2373 4309 2676 4365 honorabili
2732 4310 2843 4365 illic
2894 4324 3015 4369 meo
3067 4313 3357 4381 Eleusino,
3411 4315 3512 4386 ipsi

240 4402 525 4477 suscipere
552 4401 805 4457 socialem
840 4402 1009 4457 vitam
1041 4418 1279 4471 mecum,
1306 4419 1414 4458 non
1444 4404 1552 4459 illis
1574 4405 1821 4459 tollerem
1846 4437 1901 4496 Β
1930 4405 2248 4474 presbytero
2293 4400 2557 4496 Dammae
2601 4400 2839 4496 donatus
2883 4409 2986 4457 est.
3041 4402 3346 4496 Antequam
3360 4406 3514 4496 crdi-

238 4491 561 4548 clericatum
587 4509 602 4545 :
656 4493 751 4550 sed
795 4507 1043 4548 seorsum
1061 4501 1366 4559 manerent,
1392 4503 1449 4549 et
1477 4509 1721 4550 seorsum
1749 4495 1825 4549 vi-

1926 4500 2153 4548 naretur
2167 4489 2470 4559 presbyter,
2519 4489 2574 4543 in
2600 4489 2719 4559 ipso
2752 4489 2873 4547 loco
2926 4491 3319 4551 monasterium
3360 4491 3515 4549 insti-

239 4592 458 4649 verent,
486 4582 757 4654 quomodo
785 4593 1030 4652 nossent,
1088 4583 1200 4638 Deo
1228 4585 1497 4652 viverent,
1544 4595 1601 4641 et
1645 4595 1825 4641 tamen
1926 4585 2050 4640 tuit.
2106 4580 2214 4636 Sed
2241 4589 2421 4635 tamen
2450 4578 2575 4650 quia
2600 4581 2819 4635 nomine
2842 4581 3013 4652 ipsius
3033 4581 3268 4640 donatus
3287 4592 3410 4639 erat
3428 4583 3517 4638 lo-

236 4682 377 4731 ate
399 4675 585 4733 oculos
630 4676 807 4751 posui,
856 4682 1117 4746 quantum
1167 4675 1296 4731 mali
1347 4677 1421 4730 sit
1468 4691 1499 4731 a
1552 4677 1827 4747 proposito

240 4765 463 4822 cadere.
506 4764 669 4824 Malui
688 4766 836 4821 enim
862 4767 1065 4822 habere
1087 4776 1262 4822 ctecos
1282 4766 1368 4821 vel
1394 4767 1636 4832 claudos,
1663 4783 1828 4838 quam

239 4855 506 4927 plangere
526 4864 786 4912 mortuos.
848 4856 953 4923 Qui
978 4858 1125 4912 enim
1148 4858 1431 4928 hypocrita
1453 4867 1559 4924 est,
1579 4868 1829 4915 mortuus

238 4955 352 5003 est.
409 4945 690 5013 Quomodo
733 4962 865 5018 ergo
882 4948 1205 5020 quicunque
1243 4949 1502 5008 voluisset
1534 4960 1689 5008 extra
1713 4967 1829 5008 ma-

244 5049 406 5102 nere,
433 5045 490 5092 et
511 5037 580 5094 de
605 5052 705 5099 suo
730 5039 927 5104 vivere,
959 5056 1071 5096 non
1103 5043 1154 5098 ei
1190 5043 1435 5099 tollerem
1465 5045 1780 5102 clericatum
1810 5066 1824 5102 :

246 5126 548 5195 ita-modo,
575 5129 703 5199 quia
745 5128 951 5207 placuit
986 5132 1117 5198 illis,
1170 5133 1281 5188 Deo
1305 5137 1561 5208 propitio,
1614 5138 1830 5206 socialis

246 5221 526 5287 bmcvita,
581 5222 830 5294 quisquis
859 5239 982 5279 cum
1018 5226 1291 5296 hypocrisi
1317 5227 1535 5294 vixerit,
1584 5231 1830 5300 quisquis

247 5314 513 5379 inventus
532 5313 695 5371 foeni
722 5316 928 5372 habens
966 5318 1263 5387 proprium,
1315 5334 1424 5374 non
1452 5321 1528 5375 illi
1550 5322 1828 5391 permitto,

250 5414 317 5465 ut
334 5404 465 5462 inde
488 5403 654 5461 faciat
698 5413 1103 5471 testamentum,
1163 5409 1257 5462 sed
1283 5409 1473 5465 delebo
1499 5425 1624 5465 eum
1655 5412 1723 5465 de
1752 5419 1833 5465 ta-

253 5496 387 5551 bula
404 5495 745 5555 elcricorum.
798 5496 1105 5567 interpellet
1129 5507 1316 5553 contra
1362 5515 1451 5555 me
1478 5500 1626 5557 mille
1651 5503 1834 5556 conci-

1929 4691 2049 4745 cus,
2079 4672 2308 4728 mutavit
2338 4671 2796 4737 instrumenta,ut
2814 4673 3032 4741 nomine
3053 4674 3369 4731 monasterii
3387 4689 3516 4747 pos-

1930 4768 2186 4832 sideatur.
2240 4762 2317 4818 De
2338 4760 2504 4817 fundo
2524 4760 2922 4829 Victorianensi
2951 4779 3051 4837 ego
3081 4780 3235 4838 rogo,
3273 4779 3376 4838 ego
3393 4765 3519 4822 bor-

1933 4868 2040 4924 tor,
2063 4872 2164 4927 ego
2191 4865 2335 4926 peto,
2364 4861 2424 4908 ut
2451 4853 2497 4909 si
2546 4853 2670 4923 quis
2692 4853 2975 4926 religiosus
2994 4865 3098 4924 est,
3142 4857 3249 4914 fide
3284 4867 3431 4930 agat,
3460 4870 3518 4914 et

1935 4949 2190 5006 exhibeat
2242 4944 2486 5002 ecclesiae
2527 4944 2685 5007 istam
2732 4958 2975 5016 operam,
3028 4957 3092 5004 ut
3118 4949 3226 5006 cito
3272 4949 3516 5007 debitum

1935 5041 2179 5107 reddam.
2244 5037 2400 5105 Quod
2447 5036 2492 5090 si
2541 5049 2701 5091 nemo
2733 5038 2799 5092 de
2843 5036 2998 5105 laicis
3038 5039 3205 5096 fuerit
3236 5041 3510 5105 inventus,

1936 5149 2037 5207 ego
2085 5143 2330 5204 propono
2365 5127 2559 5193 alium,
2596 5127 2698 5184 iste
2745 5127 2877 5185 illuc
2908 5142 3017 5186 non
3058 5131 3298 5189 accedet.
3374 5130 3514 5199 Quid

1933 5225 2099 5283 vultis
2122 5217 2403 5291 amplius?
2447 5215 2619 5287 Nonio
2658 5216 2867 5275 laceret
2893 5234 3082 5279 servos
3107 5221 3223 5286 Dei,
3254 5220 3381 5292 quia
3404 5233 3511 5274 non

1931 5306 2547 5388 etpeditlacerastibus.
2603 5305 2787 5366 Servis
2814 5309 2911 5366 Dei
2930 5312 3149 5382 quidem
3176 5323 3387 5367 merces
3410 5304 3513 5360 fal-

1933 5412 2011 5469 sis
2055 5400 2482 5462 demetionibus
2530 5401 2754 5468 crescit,
2780 5403 2881 5461 sed
2912 5403 3117 5458 crescit
3152 5401 3318 5455 etiam
3341 5408 3513 5466 pana

1936 5495 2367 5560 detrahentibus.
2425 5491 2544 5549 Non
2574 5490 2694 5550 sine
2713 5508 2878 5550 causa
2902 5492 3107 5548 dictum
3124 5495 3248 5544 cst:
3275 5483 3513 5542 Gaudete

255 5586 329 5642 lia
346 5623 363 5651 ,
378 5589 594 5660 naviget
612 5597 806 5646 contra
828 5604 916 5644 me
946 5604 1054 5659 quo
1080 5589 1334 5658 voluerit,
1365 5592 1435 5647 sit
1464 5602 1609 5648 certe
1631 5594 1721 5647 ubi
1741 5607 1839 5662 po—
1920 5600 1986 5648 ‘et
2007 5587 2519 5662 meltate,quaiido
2538 5586 2831 5644 detrahunt
2848 5578 3085 5637 dc‘vohis
3096 5575 3341 5632 dicentes
3352 5572 3512 5662 falsa,

258 5679 445 5750 189m:
494 5678 783 5764 Μικνβρῑι
806 5695 892 5743 me
912 5681 1189 5755 Dominus,
1217 5693 1276 5738 ut
1313 5683 1405 5739 ubi
1433 5699 1532 5765 ego
1555 5685 1839 5765 cpiscopus
1908 5683 2067 5743 έπίσ
2086 5696 2285 5738 merces
2305 5661 2474 5737 ecum
2502 5692 2697 5764 magna
2717 5681 2795 5739 est
2810 5665 3019 5735 incolis
3038 5664 3255 5750 ματη.
3288 5664 3368 5767 9,
3406 5661 3516 5719 “by
