3884 6192
452 273 552 332 9H

1473 259 1871 318 AMALARIUS
1907 259 2317 318 PRESBYTER
2353 261 2710 322 METENSIS.

3543 279 3621 333 9i!

454 383 633 436 lumus
670 392 789 435 cum
824 377 1148 433 detrimento
1177 383 1358 430 vestro
1385 372 1636 446 magnam
1655 377 1856 430 habere
1884 391 2033 430 mer—
2061 379 2112 436 Α
2137 371 2352 443 (Matth.
2383 373 2481 446 vn).
2530 349 2706 428 Item:
2755 373 3124 431 Thesaurisate
3170 378 3302 432 vobis
3335 379 3562 437 thesauros
3582 387 3620 439 in

455 472 662 528 cedem.
712 469 886 524 Minus
917 465 992 520 ibi
1023 466 1336 531 habeamus,
1363 473 1417 520 et
1442 475 1626 520 tamen
1655 464 1931 521 vobiscum
1957 465 2031 520 ibi

458 576 764 636 regnemus.
819 559 1010 614 Amen.

1113 647 1363 719 Erplicit.

526 745 657 812 Quia
677 757 804 812 ergo
824 748 1050 804 constat,
1072 746 1315 793 sanctam
1328 735 1624 792 Ecclesiam
1645 736 2026 806 praedictorum

457 839 672 890 Patrum
705 831 950 901 exempla
988 830 1139 898 sequi
1168 829 1387 894 debere,
1410 843 1638 899 quorum
1666 826 1908 882 noscitur
1935 827 2030 880 do-

450 926 721 986 cumentis
735 923 1160 996 postapostolica
1189 923 1436 978 instituta
1462 919 1696 975 ubertim
1714 931 2026 982 coruscare,

451 1022 652 1077 debent
698 1034 804 1074 non
835 1016 1009 1072 solum
1040 1013 1248 1086 praelati
1299 1011 1581 1076 imitando,
1635 1024 1823 1064 verum
1863 1008 2026 1062 etiam

451 1111 650 1166 subditi
684 1105 1045 1178 obsequendo,
1086 1115 1469 1172 usquequaque
1514 1098 1753 1162 studere,
1796 1096 2030 1166 qualiter

447 1221 638 1259 eorum
671 1198 932 1269 exemplis
964 1205 1020 1252 et
1052 1194 1314 1250 doctrinis
1350 1200 1626 1261 parentes,
1657 1189 1724 1244 ad
1753 1187 2028 1244 felicitatis

450 1293 667 1364 gaudia,
701 1303 811 1361 quo
869 1285 948 1342 illi
1001 1289 1416 1353 praecesserunt,
1464 1278 1683 1333 valeant
1719 1277 2023 1347 pervenire.

452 1385 718 1452 Quoniam
763 1381 906 1436 sicut
932 1377 989 1432 hi
1026 1375 1118 1444 qui
1160 1388 1347 1429 eorum
1394 1369 1657 1426 doctrinis
1685 1376 1742 1426 et
1765 1369 2026 1438 exemplis

452 1489 660 1530 summa
689 1470 974 1529 devotione
998 1465 1276 1530 obediunt,
1300 1461 1517 1518 aeternis
1553 1458 1764 1531 gaudiis
1784 1457 2025 1514 inferun-

452 1580 560 1632 tur,
598 1567 672 1620 ita
693 1563 947 1619 nimirum
969 1574 1033 1615 ea
1061 1557 1255 1613 sectari
1281 1554 1523 1609 nolentes
1558 1552 1777 1608 aeternis
1817 1549 2023 1620 suppli-

449 1659 548 1713 ciis
574 1654 968 1724 mancipantur.
1008 1648 1330 1703 Memoratas
1366 1645 1549 1714 itaque
1586 1649 1898 1700 sanctorum
1922 1639 2023 1693 Pa-

450 1762 592 1804 trum
648 1743 975 1806 sententias,
1035 1737 1232 1810 quibus
1269 1735 1539 1792 clericalis
1596 1733 1730 1788 ordo
1778 1732 1846 1785 ad
1883 1731 2023 1785 bene

447 1837 730 1893 vivendum
784 1831 1088 1894 instruitur,
1137 1827 1322 1884 sedule
1349 1827 1593 1896 perlegat
1633 1831 1688 1879 et
1739 1822 2022 1893 diligenter

446 1934 765 1996 pertractet,
802 1923 1048 1995 quisquis
1077 1919 1392 1976 canonicam
1429 1913 1704 1986 professus
1723 1921 1808 1968 est
1833 1914 2017 1966 vitam.

442 2021 590 2089 Quas
633 2034 756 2076 cum
794 2019 933 2074 bene
973 2019 1349 2085 perscrutatus
1388 2008 1594 2076 fuerit,
1638 2013 1886 2076 patenter
1934 2004 2021 2057 iu-

443 2112 641 2175 veniet,
682 2107 826 2179 quod
876 2106 954 2161 illi
989 2119 1096 2160 non
1122 2111 1397 2165 enervate,
1430 2097 1525 2154 sed
1557 2096 1804 2168 religiose
1837 2094 2020 2149 viven-

442 2208 572 2262 dum
608 2202 700 2258 sit.

1004 2287 1231 2346 CAPUT
1263 2283 1453 2342 CXIV.

445 2387 576 2453 Quae
596 2391 856 2457 prwcepta
875 2378 1171 2457 specialiter
1205 2374 1478 2457 monachis
1497 2387 1663 2457 aqua:
1707 2369 2022 2453 generaliter

779 2445 980 2508 caneris
1006 2449 1308 2504 conveniant
1344 2445 1678 2499 Christianis.
1975 2445 1984 2453 '

516 2568 746 2638 Pr0pter
766 2562 1120 2635 quorumdam
1173 2557 1499 2628 simplicium
1531 2556 1718 2619 verba,
1764 2553 1857 2622 qui
1897 2551 2022 2607 reli-

439 2657 610 2728 giosis
640 2665 697 2711 et
720 2653 948 2710 eruditis
971 2652 1104 2708 viris
1133 2665 1253 2706 sese
1295 2646 1711 2704 admonentibus
1747 2660 1812 2700 ac
1836 2644 2021 2699 redar-

441 2746 727 2818 guentibns
774 2743 1090 2815 plerumque
1117 2739 1351 2808 objicere
1399 2736 1598 2802 solent,
1640 2734 1784 2790 solos
1836 2748 2021 2788 mona-

442 2837 575 2891 chos
614 2833 1022 2902 Scripturarum
1070 2837 1380 2884 sanctarum
1420 2831 1690 2897 praecepta
1728 2823 2021 2878 observare

441 2928 660 2991 debere,
685 2938 864 2994 operae
883 2922 1115 2994 pretium
1147 2920 1398 2976 duximus
1417 2917 1664 2987 quaedam
1709 2914 2019 2985 evangelica

442 3026 601 3086 atque
630 3014 926 3086 apostolica
964 3027 1128 3082 quam
1148 3009 1468 3067 brevissime
1495 3009 1562 3063 ad
1591 3008 1828 3062 medium
1850 3007 2018 3062 dedu-

441 3071 883 3178 cei‘epraicepta,
923 3071 1126 3158 ut.h:ec
1150 3099 1520 3171 hujuscemodi
1552 3097 1788 3168 imperiti
1837 3097 2016 3152 homi-
2043 3071 2086 3135 C

441 3214 539 3254 nes
565 3198 866 3262 audientes,
889 3193 1082 3262 hisque
1101 3207 1288 3247 aurem
1319 3191 1499 3247 cordis
1520 3187 2014 3254 accommodantes,

441 3287 743 3358 intelligant
758 3299 878 3356 qua:
902 3284 1027 3349 sibi,
1051 3298 1169 3353 qua:
1191 3282 1474 3338 monachis
1484 3279 1809 3336 conveniant
1831 3280 2018 3335 obser-

443 3391 570 3432 vare
607 3384 892 3446 prmcepta.
968 3371 1068 3439 Qui
1119 3372 1264 3426 enim
1324 3379 1504 3426 mente
1536 3377 1591 3426 et
1620 3383 1846 3439 corpore
1902 3369 2018 3423 vult

441 3475 789 3526 contemnere
811 3461 1088 3528 saeculum,
1117 3470 1175 3517 et
1201 3475 1496 3531 pauperem
1524 3459 1678 3530 sequi
1716 3457 2016 3523 Christum,

441 3556 625 3612 audiat
653 3555 830 3626 ipsum
870 3553 1138 3608 dicentem
1185 3550 1243 3605 in
1285 3548 1612 3620 Evangelio:
1647 3547 1709 3604 Si
1764 3547 1838 3602 vis
1894 3563 2016 3617 per-

411 3647 605 3716 ,fectus
649 3661 778 3711 esse,
822 3643 950 3699 vade
975 3652 1024 3698 ct
1069 3640 1231 3696 vende
1275 3640 1452 3694 omnia
1492 3655 1609 3710 qua:
1640 3637 1821 3704 ltabes,
1871 3647 1921 3692 et
1945 3637 2017 3691 da

410 3738 792 3811 -,pauperibus:
825 3746 873 3790 et
896 3735 1028 3801 veni,
1052 3749 1262 3804 sequere
1305 3748 1406 3786 me.
1447 3730 1514 3784 Et
1553 3731 1790 3786 iterum:
1831 3728 2016 3784 Omnis

420 3829 528 3898 qui
556 3826 818 3896 reliquerit
871 3826 1104 3889 domum,
1155 3832 1246 3876 aut
1289 3822 1497 3892 fratres,
1524 3830 1614 3874 aut
1651 3829 1874 3890 patrem,
1923 3830 2016 3875 aut

425 3926 679 3980 matrem,
709 3924 798 3967 aut
824 3929 978 3983 agros
1001 3921 1212 3982 propter
1241 3928 1342 3976 me,
1363 3909 1662 3980 centuplum
1703 3911 1944 3980 accipiet,
1966 3919 2014 3964 et

426 4009 598 4062 vitam
640 4015 888 4059 aeternam
929 4003 1230 4075 possidebit.
1299 4001 1381 4056 Ad
1441 4001 1733 4072 discipulos
1788 4010 2010 4057 autem:

449 4096 572 4161 Vos,
596 4095 790 4164 inquit,
824 4092 914 4163 qui
947 4091 1229 4162 reliquistis
1251 4091 1450 4154 omnia,
1494 4100 1543 4145 et
1565 4092 1728 4144 secuti
1763 4092 1886 4144 estis
1911 4108 2012 4156 me,

441 4188 682 4244 scdebitis
725 4202 880 4256 super
922 4183 1067 4239 sedes
1092 4183 1386 4250 duodecim,
1411 4182 1712 4253 judicantes
1743 4181 2016 4236 duodecim

441 4278 604 4333 tribus
628 4275 797 4331 Israel
844 4274 1056 4347 (Matth.
1087 4272 1223 4345 ιιι).
1279 4272 1408 4330 Haec
1447 4283 1502 4328 ct
1547 4273 1851 4342 bujusmodi
1879 4288 2017 4342 pree-

439 4381 595 4440 cepta
611 4370 738 4425 solis
753 4366 1058 4438 specialiter
1069 4373 1374 4437 congruunt
1396 4363 1704 4420 monachis:
1736 4371 1790 4419 et
1809 4372 2014 4433 quanto

440 4463 752 4532 singularia,
783 4469 934 4516 tanto
963 4469 1018 4514 et
1036 4459 1324 4529 praecipua.
1385 4457 1526 4512 Dicit
1559 4459 1720 4512 etiam
1744 4458 1885 4511 idem
1901 4456 2016 4512 Sal-

443 4564 595 4608 vator
621 4551 945 4624 generaliter
973 4550 1222 4605 omnibus
1255 4568 1270 4603 :
1317 4548 1500 4604 Omnis
1534 4552 1624 4620 qui
1653 4549 1788 4603 venit
1803 4549 1872 4602 ad
1911 4565 2012 4614 me,

440 4655 488 4698 et
530 4661 633 4696 non
678 4642 784 4696 odit
809 4651 1008 4711 patrem
1054 4657 1226 4704 suum,
1253 4649 1301 4693 et
1332 4649 1570 4704 matrem,
1601 4648 1649 4692 et
1675 4655 1914 4702 uxorem,
1966 4648 2015 4692 et

441 4733 600 4799 filios,
630 4741 677 4785 et
707 4731 918 4798 fratres,
956 4739 1005 4783 et
1048 4745 1273 4794 sorores,
1318 4729 1491 4782 adhuc
1511 4739 1685 4782 autem
1707 4737 1754 4780 et
1783 4728 2014 4781 animant

441 4837 615 4884 suam,
649 4838 750 4875 non
775 4830 944 4891 potest
976 4837 1119 4874 meus
1148 4838 1257 4874 esse
1281 4819 1566 4890 discipulus
1595 4817 1746 4891 (Luc.
1772 4819 1903 4891 XIV).
1949 4821 2016 4875 Et

437 4915 636 4966 iterum
669 4927 680 4961 :
718 4910 820 4974 Qui
849 4920 989 4964 amat
1009 4911 1177 4978 ﬁlium
1195 4921 1284 4964 aut
1307 4911 1477 4979 ﬁliam
1498 4926 1656 4980 super
1691 4927 1792 4977 me,
1819 4927 1922 4965 non
1944 4923 2019 4968 est

447 5017 529 5053 me
553 5000 762 5068 dignus.
809 5001 879 5054 Et
907 5018 920 5054 :
965 5002 1068 5067 Qui
1100 5019 1202 5056 non
1237 5003 1426 5072 accipit
1455 5019 1658 5056 crucem
1678 5019 1851 5069 suam,
1882 5015 2022 5060 etsc-

445 5089 627 5160 guitur
651 5106 750 5155 me,
776 5107 879 5143 non
900 5101 974 5144 est
1000 5108 1079 5146 me
1107 5091 1296 5162 dignus
1322 5091 1539 5162 (Matth.
1564 5092 1642 5166 Χ).
1694 5094 1761 5149 Ει
1783 5095 1977 5150 iterum
2002 5115 2014 5151 :

451 5181 555 5248 Qui
585 5198 688 5235 non
727 5183 1096 5236 renuntiaverit
1120 5184 1357 5238 omnibus
1375 5201 1492 5255 qua:
1514 5186 1762 5257 possidet,
1797 5203 1902 5242 non
1927 5203 2022 5258 po-

447 5282 542 5346 test
585 5289 729 5328 meus
774 5291 883 5328 esse
921 5274 1206 5346 discipulus
1234 5275 1449 5347 (Matth.
1479 5277 1598 5350 Vit).
1666 5278 1735 5334 Et
1768 5280 1967 5335 iterum
2000 5299 2015 5338 :

453 5367 643 5424 Omnia
665 5385 988 5440 quiscunque
1012 5368 1165 5424 vultis
1210 5380 1266 5424 ut
1307 5370 1505 5440 faciant
1524 5372 1663 5428 vobis
1681 5373 1935 5438 homines,
1970 5384 2019 5430 et

450 5477 536 5515 vos
575 5461 732 5530 facite
754 5459 880 5514 illis.
909 5459 978 5514 Et
1006 5460 1199 5515 iterum
1233 5479 1246 5514 :
1280 5460 1544 5516 Attendite
1567 5478 1631 5517 ne
1640 5462 1908 5533 justitiam
1933 5481 2020 5519 ve-

451 5558 615 5603 stram
639 5549 846 5618 faciatis
872 5565 1050 5604 coram
1078 5540 1390 5614 hominibus,
1421 5560 1470 5604 et
1495 5551 1776 5607 videamini
1808 5554 1872 5609 ab
1900 5555 1973 5610 eis
2002 5568 2021 5606 :

455 5637 681 5711 alioquin
707 5642 989 5697 mercedem
1012 5657 1114 5696 non
1140 5640 1386 5696 habebitis
1407 5643 1548 5713 apud
1571 5639 1782 5699 Patrem
1800 5654 2021 5702 vestrum

2134 461 2280 527 ctelo,
2317 463 2403 516 ubi
2432 480 2522 517 nec
2544 481 2742 535 atrugo,
2769 480 2860 518 nec
2883 465 3020 519 tinea
3049 468 3317 521 demolitur
3337 470 3519 540 (Matth.
3546 481 3618 544 Vl).

2131 549 2266 605 Item
2290 569 2303 604 :
2335 551 2596 607 Attendite
2625 555 2786 620 vobis,
2815 571 2876 608 ne
2903 555 3036 624 forte
3055 569 3324 627 graventur
3345 564 3621 620 cordavestra

2129 639 2189 694 in
2213 642 2427 711 crapula
2449 651 2499 697 et
2534 642 2806 708 ebrietate,
2833 655 2880 698 et
2901 648 3041 699 curis
3061 648 3215 718 hujus
3243 651 3350 704 vitae
3374 651 3618 726 (Luam).

2129 729 2262 784 Item
2291 747 2304 783 :
2336 729 2467 784 Dico
2483 741 2657 785 autem
2686 734 2826 788 vobis
2850 747 2870 786 .'
2921 735 3099 792 Nolite
3127 742 3351 795 resistere
3372 746 3526 811 malo;
3549 760 3620 803 et:

2128 819 2346 889 Diligite
2374 821 2612 876 inimicos
2640 834 2836 878 vestros
2863 841 2881 878 :
2913 826 3195 896 benefacite
3218 833 3295 885 his
3317 835 3396 903 qui
3438 854 3511 890 vos
3533 843 3624 893 od:-

2129 919 2271 974 runt,
2311 921 2359 964 et
2384 921 2530 966 orate
2547 928 2642 982 pro
2682 918 3104 986 persequentibus
3160 932 3207 975 et
3251 924 3622 985 calumniantibus

2128 1017 2236 1056 vos.
2279 1000 2416 1056 Item
2449 1021 2462 1056 :
2502 1002 2685 1059 Omnis
2705 1009 2796 1076 qui
2835 1009 3082 1064 irascitur
3111 1013 3264 1081 fratri
3289 1035 3395 1084 suo,
3430 1039 3529 1076 rcus
3548 1029 3622 1080 erit

2117 1089 2350 1160 judicio.
2391 1090 2496 1158 Qui
2527 1104 2701 1149 autem
2729 1097 2920 1152 dixerit
2944 1099 3149 1169 Racha,
3176 1122 3288 1161 reus
3317 1110 3404 1162 erit
3431 1115 3621 1168 concilio.

2272 1180 2465 1236 dixerit
2489 1181 2683 1250 Fatue,
2715 1201 2835 1242 reus
2884 1190 2984 1244 erit
3024 1193 3267 1262 gehennte
3303 1198 3442 1268 ignis.
3482 1201 3620 1257 Item:

2130 1267 2312 1358 {value
2357 1273 2568 1339 jurare,
2617 1290 2781 1346 neque
2801 1294 2894 1347 per
2920 1279 3126 1349 caelum,
3171 1301 3326 1356 neque
3347 1306 3429 1358 per
3454 1301 3620 1347 terram.

2128 1355 2209 1455 Sit
2238 1368 2412 1455 autem
2433 1377 2600 1416 sermo
2633 1375 2815 1432 vester,
2844 1368 2942 1423 Est
2975 1381 3070 1437 est,
3104 1373 3229 1429 Non
3244 1355 3548 1450 non'(IlattIt.
3565 1388 3620 1455 τ).

2126 1445 2258 1502 Item
2287 1466 2301 1501 :
2345 1448 2510 1506 Omne
2535 1454 2743 1510 verbum
2763 1460 2988 1514 otiosum
3018 1464 3168 1533 quod
3194 1465 3344 1521 locuti
3371 1445 3535 1538 fuerint
3549 1445 3621 1526 ho-

2125 1542 2316 1607 mines,
2352 1543 2570 1598 reddent
2589 1547 2653 1602 de
2676 1565 2737 1603 eo
2758 1553 3014 1607 rationem
3040 1555 3095 1610 in
3120 1557 3203 1612 die
3229 1559 3410 1628 judicii
3453 1563 3619 1633 (Matth.

2124 1633 2246 1706 xu).
2311 1634 2442 1690 Item
2467 1654 2480 1690 :
2522 1636 2581 1692 Si
2605 1641 2722 1710 quis
2743 1650 2790 1696 te
2810 1649 3121 1713 percusserit
3143 1649 3197 1702 in
3219 1651 3415 1704 dextera
3436 1656 3618 1720 maxilla,

2050 1713 2096 1772 B
2121 1725 2292 1794 praebe
2323 1727 2406 1782 illi
2428 1739 2477 1783 et
2505 1729 2726 1787 alteram
2782 1733 2934 1806 (Luc.
2967 1737 3068 1810 τι).
3125 1741 3256 1797 Item
3288 1761 3301 1796 τ
3332 1743 3488 1802 Estote

2125 1817 2372 1908 ricordes,
2413 1821 2552 1875 sicut
2594 1831 2643 1876 et
2671 1822 2835 1878 Pater
2861 1838 3030 1884 vester
3047 1832 3334 1889 misericors
3361 1847 3427 1890 est
3459 1838 3618 1908 (κακὴ.

2123 1906 2304 1978 ιιι-ιιι).
2341 1908 2474 1965 Item
2512 1926 2527 1964 :
2567 1909 2628 1967 Si
2655 1919 2938 1985 peccaverit
2981 1920 3041 1974 in
3071 1931 3119 1976 te
3147 1923 3304 1992 frater
3325 1938 3448 1994 tuus,
3466 1906 3621 1984 dimitte

2121 1997 2170 2051 ei
2196 1999 2382 2068 septies
2407 2017 2424 2056 :
2473 2010 2523 2055 et
2545 2019 2652 2057 non
2669 2004 2842 2059 solum
2874 2010 3085 2077 septies,
3118 2013 3207 2066 sed
3227 2031 3379 2084 usque
3395 2020 3618 2088 septuagies

2119 2091 2326 2158 septies.
2377 2091 2510 2148 Item
2540 2110 2556 2148 ε
2589 2093 2652 2150 Si
2677 2113 2780 2150 non
2809 2099 3112 2156 remiseritis
3131 2105 3407 2161 hominibus
3424 2107 3478 2160 de
3493 2109 3618 2161 cordi-

2121 2179 2216 2234 bus
2261 2184 2468 2248 vestris,
2514 2200 2608 2238 nec
2656 2185 2819 2240 Pater
2852 2199 3020 2244 vester
3053 2195 3266 2248 caelestis
3305 2195 3498 2266 dimittet
3517 2197 3618 2251 vobis

2121 2283 2335 2341 peccata
2357 2285 2543 2330 vestra.
2574 2276 2704 2332 Item
2731 2297 2746 2333 :
2778 2280 3014 2346 Quaerite
3033 2287 3258 2356 primum
3284 2304 3472 2358 regnum
3492 2289 3568 2342 Dei
3583 2299 3618 2342 et

2113 2364 2380 2434 justitiam
2401 2367 2515 2436 ejus
2542 2385 2556 2422 :
2581 2378 2628 2422 et
2654 2369 2765 2424 haec
2784 2373 2963 2426 omnia
2981 2374 3295 2444 adjicientur
3313 2379 3436 2432 vobis
3454 2378 3615 2449 (Matth.

2123 2455 2219 2525 Vl).
2267 2456 2336 2510 Et
2361 2458 2574 2514 cuidam
2597 2459 2746 2514 diviti
2777 2478 2790 2513 :
2832 2460 2914 2526 Si,
2953 2463 3154 2534 inquit,
3203 2469 3274 2522 vis
3309 2469 3372 2522 ad
3414 2469 3539 2523 vitam
3557 2471 3617 2522 in-

2119 2547 2287 2615 gredi,
2312 2563 2462 2602 serva
2491 2549 2763 2616 mandata,
2800 2551 2858 2607 id
2881 2559 2988 2616 est,
3025 2570 3130 2609 non
3153 2557 3462 2611 homicidium
3481 2559 3616 2628 facies,

2122 2655 2225 2693 non
2248 2639 2592 2707 adulterabis,
2643 2658 2746 2696 non
2769 2641 2972 2712 furtum
2999 2645 3184 2716 facies,
3213 2665 3310 2703 non
3334 2649 3619 2719 falsumtesti-

2119 2734 2353 2786 monium
2380 2732 2542 2798 dices,
2573 2749 2678 2787 non
2702 2737 3038 2805 concupisces
3083 2755 3187 2792 rem
3217 2742 3422 2811 proximi
3443 2742 3618 2807 tui;lto-

2121 2839 2252 2878 nora
2274 2833 2473 2894 patrem
2502 2834 2650 2878 tuum
2698 2835 2748 2879 et
2781 2837 3006 2882 matrem
3051 2840 3218 2898 tuam,
3239 2843 3286 2886 et
3308 2833 3467 2903 diliges
3486 2832 3617 2901 prori-

2119 2929 2263 2969 mum
2299 2923 2448 2968 tuum
2476 2915 2611 2969 sicut
2644 2917 2867 2986 teipsum
2911 2917 3134 2990 (Matth.
3179 2921 3309 2993 xu).
3372 2924 3430 2977 Et
3458 2923 3615 2977 cuidam

2119 3004 2255 3076 legis
2279 3006 2508 3072 doctori,
2539 3021 2599 3062 se
2629 3006 3010 3079 interroganti,
3059 3014 3200 3081 quod
3225 3023 3358 3069 esset
3376 3013 3616 3069 mandatum

2118 3113 2373 3171 maguum
2403 3100 2459 3154 in
2486 3099 2624 3172 lege,
2672 3102 2748 3156 ait
2771 3117 2786 3156 :
2817 3103 3022 3176 Diliges
3043 3107 3324 3166 Dominum
3342 3108 3484 3163 Deum
3509 3118 3614 3160 tua

2117 3205 2184 3242 ea:
2202 3198 2309 3244 toto
2331 3191 2608 3256 cordetuo,
2633 3200 2680 3247 et
2709 3203 2892 3249 extota
2913 3198 3100 3254 anima
3111 3208 3220 3264 tua,
3233 3210 3280 3254 et
3301 3217 3360 3254 es
3385 3210 3475 3254 tota
3493 3207 3614 3252 mente

2118 3287 2209 3334 tua
2233 3293 2250 3332 :
2277 3281 2375 3334 hoc
2399 3291 2474 3336 est
2501 3284 2787 3339 maximum
2811 3294 2861 3339 et
2883 3287 3118 3355 primum
3141 3291 3439 3345 mandatum.
3470 3289 3614 3344 Secut-

2118 3371 2244 3423 dum
2271 3381 2450 3425 autem
2485 3373 2656 3428 simile
2696 3385 2771 3430 est
2817 3377 2959 3442 huic,
2989 3379 3188 3452 Diliges
3226 3384 3483 3453 proximum
3506 3392 3612 3433 trust

2115 3461 2251 3515 sicut
2277 3462 2520 3532 teipsum.
2571 3463 2635 3519 In
2655 3466 2734 3520 his
2762 3466 2965 3522 duobus
2989 3473 3253 3526 mandatis
3271 3484 3370 3527 tota
3391 3471 3462 3526 lex
3478 3470 3611 3541 pendet

2115 3562 2166 3606 et
2197 3555 2460 3623 prophetat
2487 3552 2700 3626 (Matth.
2728 3558 2886 3629 nn).
2956 3558 3164 3618 Paulus
3187 3578 3382 3632 quoque
3405 3559 3610 3632 apostolus

2117 3644 2286 3700 dicit:
2335 3644 2439 3711 Qui
2481 3645 2652 3717 diligit
2679 3650 3002 3718 proximum,
3033 3652 3194 3724 legem
3238 3654 3454 3724 implevit.
3489 3650 3606 3711 Nam

2117 3733 2243 3788 Non
2271 3735 2615 3804 adulterabis,
2643 3756 2747 3794 non
2774 3741 3004 3808 occides,
3043 3761 3148 3799 non
3173 3746 3426 3814 furaberis,
3449 3738 3608 3808 τιθεῖσι·

2114 3843 2232 3881 sum
2267 3829 2621 3884 testimonium
2645 3830 2807 3896 dices,
2839 3849 2944 3886 non
2984 3837 3310 3906 concupisces
3329 3851 3420 3889 rem
3440 3829 3608 3902 proximi

2115 3917 2214 3981 tui,
2243 3918 2358 3971 etsi
2393 3919 2534 3989 quod
2557 3928 2632 3973 est
2672 3919 2821 3974 aliud
2863 3925 3198 3990 mandaturus,
3230 3928 3284 3980 in
3300 3928 3388 3979 hoc
3417 3923 3533 3978 verba
3552 3921 3609 3970 in-

2113 4016 2388 4062 stauratur
2427 4025 2445 4063 :
2506 4008 2702 4080 Diliges
2741 4014 3043 4081 proximum
3092 4025 3239 4070 tuum
3280 4017 3400 4071 sicut
3445 4013 3606 4080 teipstm

2116 4097 2294 4168 (Rom.
2338 4100 2481 4170 xm).
2534 4101 2668 4157 Item
2698 4104 2840 4159 idem
2865 4122 2878 4156 :
2922 4104 3190 4165 Patsentes
3212 4120 3359 4165 estote
3383 4109 3442 4162 ad
3462 4119 3608 4164 οαιιεεν

2113 4188 2279 4242 videte
2303 4206 2367 4245 ne
2383 4191 2499 4261 quis
2519 4191 2716 4246 malum
2735 4211 2830 4265 pro
2865 4197 3009 4252 malo
3032 4199 3191 4255 alicui
3215 4201 3400 4265 reddat,
3424 4198 3496 4252 sed
3513 4209 3607 4250 sen-

2114 4295 2206 4348 per
2239 4281 2378 4350 quod
2427 4282 2617 4338 bonum
2641 4296 2715 4340 est
2743 4289 3019 4345 sectamini
3068 4292 3279 4348 invicem
3314 4302 3359 4347 et
3392 4294 3440 4345 in
3462 4302 3607 4342 omnes.

2118 4366 2248 4423 Hazc
2296 4373 2430 4426 enim
2467 4383 2543 4427 est
2590 4375 2826 4432 voluntas
2863 4377 2984 4434 Dei.
3045 4381 3233 4437 Omnia
3255 4393 3409 4436 autent
3432 4380 3609 4451 proba".

2117 4460 2256 4529 quod
2286 4460 2477 4514 bonum
2505 4473 2581 4518 est
2601 4473 2784 4532 tenete,
2807 4468 2871 4521 ab
2899 4472 3046 4524 omni
3081 4475 3245 4542 specie
3274 4472 3399 4526 male
3421 4469 3611 4523 abstinete

2121 4566 2208 4604 vos
2232 4549 2282 4621 (1
2313 4550 2491 4607 Thess.
2517 4554 2592 4626 ν).
2647 4555 2778 4612 Item
2802 4558 2985 4614 idem:
3033 4557 3611 4632 Mortiﬁcateutetnbrsw-

2119 4651 2250 4707 stra,
2281 4660 2398 4714 qua:
2419 4655 2540 4699 sunt
2565 4663 2722 4718 super
2747 4659 2942 4704 terram
2972 4666 2990 4703 .'
3022 4653 3417 4722 fornicationem,
3442 4652 3610 4703 iam“

2120 4733 2326 4800 ditium,
2357 4735 2646 4805 libidinem,
2675 4743 3144 4812 concupiscent-iam
3182 4747 3381 4809 malunt,
3413 4753 3456 4797 et
3486 4736 3612 4793 ereti-

2121 4825 2250 4878 tiam
2275 4824 2498 4896 (Coloss.
2533 4827 2638 4900 ιιι).
2691 4831 2826 4888 Item
2853 4834 2994 4888 idem
3021 4853 3034 4887 :
3064 4836 3220 4890 Nunc
3253 4846 3408 4889 autem
3432 4826 3613 4900 deponi“

2123 4927 2172 4970 et
2207 4935 2293 4973 vos
2324 4920 2478 4987 iram,
2496 4922 2926 4993 indignationem,
2944 4929 3218 4996 malitiam,
3233 4923 3610 4998 blasphemiam.“

2123 5010 2289 5079 turpis
2320 5027 2488 5065 sermo
2525 5013 2589 5068 de
2607 5031 2696 5069 ore
2727 5028 2892 5073 vestro
2923 5037 3027 5075 non
3052 5021 3308 5091 procedat.
3344 5019 3457 5072 Item
3475 5012 3608 5066 idem:

2121 5095 2336 5152 Induite
2359 5117 2444 5155 vos
2470 5103 2670 5159 viscera
2699 5107 3092 5174 misericorditz,
3117 5109 3471 5179 benignitatem.
3487 5094 3612 5153 θωπί·

2119 5185 2340 5253 litatem,
2369 5191 2699 5260 modestiam,
2723 5197 3048 5265 patientiam,
3081 5188 3606 5269 supportantesiarictﬂ-

2124 5278 2256 5334 Item
2285 5281 2428 5337 idem
2456 5299 2470 5336 :
2511 5284 2691 5342 Nolite
2719 5289 2926 5342 mentiri
2948 5290 3182 5343 invicem.
3240 5286 3364 5341 Item
3386 5283 3502 5336 ide
3527 5291 3539 5326 :
3569 5269 3610 5322 Si

2126 5373 2526 5429 consurrexistis
2547 5392 2665 5430 cum
2695 5376 2923 5442 Christo,
2947 5395 3063 5448 quia
3085 5393 3284 5433 sursum
3301 5381 3412 5429 sunt
3431 5362 3612 5438 Mm.

2125 5461 2260 5516 Item
2288 5463 2432 5518 idem
2462 5480 2477 5519 :
2502 5465 2685 5523 Estote
2705 5469 2919 5524 invicem
2942 5470 3168 5540 benigni,
3197 5459 3532 5522 misericordes,

2129 5560 2312 5608 nantes
2335 5555 2571 5624 invicem,
2595 5561 2729 5613 sicut
2756 5570 2804 5614 et
2833 5561 2972 5615 Deus
3000 5537 3281 5614 in'Chn'sto
3307 5550 3492 5608 donarit
3511 5537 3613 5597 905‘

2130 5643 2346 5718 (ΕΡῘιεδο
2383 5647 2478 5720 ιν).
2515 5648 2644 5704 Item
2677 5651 2818 5706 idem
2850 5669 2863 5704 :
2897 5650 3084 5709 Omnis,
3099 5645 3396 5706 amaritudo,
3419 5647 3460 5693 et
3481 5632 3614 5690 ira.“
