3884 6192
235 327 328 386 N3

784 322 1062 383 REGULA
1100 321 1591 380 CANONICORUM
1630 321 1719 376 AB
1757 320 2116 378 AMALARIO
2155 321 2533 378 COLLEC'BA.
2576 349 2645 361 —
2681 321 2807 377 LIB.
2849 323 2889 376 l.

3361 325 3465 382 9H

234 441 523 512 indignatio,
555 448 602 492 et
623 440 847 498 clamor,
874 445 920 490 et
960 435 1280 506 blasphemia
1309 433 1527 488 tollatur
1564 451 1596 487 a
1631 434 1789 495 vobis,
1821 433 2028 495 Atiam
2083 442 2428 503 peccatorum
2463 434 2768 489 sordidatur
2819 433 3111 500 illecebris,
3170 441 3466 504 eademque

235 548 337 586 cent
362 529 501 583 omni
549 525 752 580 malitia
783 525 972 596 (lbid.,
1002 543 1048 578 υ.
1077 524 1188 595 3|).
1242 525 1374 578 Item
1423 524 1562 578 idem
1596 540 1610 576 :
1646 521 1790 576 For-

236 623 429 685 nicatio,
457 630 505 674 et
535 621 702 673 omnis
729 619 1084 682 immunditia,
1114 626 1203 669 aut
1234 616 1480 679 avaritia,
1505 631 1597 668 nec
1625 615 1790 667 nomi-

236 724 369 768 netur
397 715 451 766 in
480 713 640 777 vobis,
671 712 804 765 sicut
829 709 971 764 decet
999 719 1228 774 sanctos,
1265 719 1356 762 aut
1387 707 1676 777 turpitudo,
1699 715 1790 760 aut

232 803 610 876 stultiloquium,
641 812 731 857 aut
762 801 1054 856 scurrilitas
1085 799 1301 872 (Ephes.
1337 797 1415 870 v).
1453 799 1585 852 item
1607 798 1785 852 idem:

234 897 304 952 An
330 898 534 961 nescitis
561 897 683 966 quia
707 894 876 964 iniqui
906 908 1122 962 mgnum
1156 891 1250 946 Dei
1280 909 1384 945 non
1411 890 1744 960 possidebunt
1770 889 1792 941 ?

235 987 394 1042 Nolite
419 1003 619 1050 errare,
649 985 785 1038 Deus
820 1000 924 1038 non
949 983 1203 1036 irridetur
1227 998 1247 1036 :
1285 981 1408 1052 quia
1437 997 1598 1050 neque
1625 980 1792 1048 forni-

232 1080 368 1141 carii,
399 1094 559 1148 neque
594 1075 751 1132 idolis
785 1076 1087 1138 servientes,
1131 1090 1294 1144 neque
1333 1071 1581 1134 adulteri,
1631 1087 1792 1140 neque

230 1169 417 1235 :nolles,
444 1184 607 1240 neque
635 1166 991 1222 masculorum
1017 1165 1403 1231 concubitores,
1431 1179 1594 1233 neque
1626 1161 1789 1230 fures,

231 1278 378 1332 neque
401 1261 567 1326 avari,
600 1275 762 1330 neque
789 1259 999 1324 ebriosi,
1033 1274 1195 1328 neque
1220 1256 1480 1317 maledici,
1519 1272 1678 1324 neque
1708 1271 1792 1306 ra-

228 1369 366 1422 paces
393 1367 605 1422 regnum
620 1349 716 1404 Dei
738 1347 1072 1420 possidebunt
1097 1345 1148 1417 (Ι
1165 1344 1287 1400 Cor.
1313 1346 1410 1417 vi).
1459 1346 1590 1402 item
1617 1345 1788 1398 idem:

230 1442 398 1497 Omnis
434 1441 850 1510 fomicator,aut
875 1438 1195 1503 immundus,
1228 1447 1318 1491 aut
1349 1454 1558 1501 avarus,
1577 1454 1678 1490 non
1700 1437 1796 1489 ha-

228 1537 298 1586 bet
322 1533 674 1587 harreditatem
702 1532 759 1584 in
780 1543 936 1600 regno
962 1527 1160 1583 Christi
1187 1538 1236 1582 et
1262 1529 1359 1583 Dei
1388 1529 1546 1600 (Eph.
1563 1529 1638 1598 v).
1664 1529 1794 1582 item

228 1623 355 1678 idem
385 1642 399 1679 :
443 1622 746 1676 lmitatores
780 1621 880 1674 mei
916 1630 1099 1686 estote,
1154 1622 1287 1674 sicut
1316 1629 1364 1673 et
1391 1636 1483 1689 ego
1516 1619 1710 1674 Christi
1742 1617 1794 1687 (1

224 1714 335 1769 Cor.
365 1716 462 1784 tv).
522 1716 654 1770 ltem
703 1714 843 1768 idem
875 1731 888 1766 :
936 1712 1130 1765 Pacem
1159 1712 1435 1782 sequimini
1469 1726 1589 1764 cum
1625 1710 1796 1763 omni-

224 1809 328 1871 bus,
364 1817 412 1860 et
463 1805 883 1867 sanctimoniam,
915 1805 1028 1857 sine
1067 1819 1171 1873 qua
1218 1819 1366 1856 nemo
1395 1801 1582 1856 videbit
1620 1802 1794 1854 Domi-
1823 1811 1869 1870 Β

223 1912 337 1951 num
366 1894 522 1966 (ﬂeb.
549 1893 673 1966 sn).
732 1891 865 1947 Item
894 1893 1035 1946 idem
1074 1893 1142 1947 ad
1169 1891 1508 1946 Timotheum
1538 1909 1553 1947 :
1608 1891 1791 1945 Disce—

219 1986 328 2049 dat,
351 1983 539 2052 inquit,
576 1981 744 2037 omnis
779 1981 844 2036 ab
873 1979 1168 2052 iniquitate,
1205 1981 1293 2050 qui
1333 1981 1565 2034 nominat
1606 1995 1794 2034 nomen

223 2075 422 2128 Domini
453 2071 540 2144 (11
574 2071 709 2126 Tim.
743 2069 829 2143 ιι).
868 2069 1158 2141 Apostolus
1189 2085 1402 2140 quoque
1427 2068 1664 2125 Joannes
1678 2069 1788 2124 ait:

221 2167 391 2221 Nolite
439 2164 654 2234 diligere
697 2163 972 2227 mundum,
1029 2179 1192 2233 neque
1241 2180 1303 2216 ea
1335 2180 1453 2234 quae
1497 2165 1552 2217 in
1595 2165 1792 2218 mundo

217 2266 331 2312 sunt
357 2273 374 2310 :
399 2256 522 2326 quia
552 2255 597 2309 si
625 2255 740 2325 quis
767 2253 936 2324 diligit
963 2253 1238 2318 mundum,
1292 2270 1394 2307 non
1435 2262 1510 2307 est
1557 2254 1792 2307 charitas

220 2349 390 2402 Patris
423 2350 478 2401 in
505 2363 565 2400 eo
608 2346 658 2416 (1
681 2346 843 2400 Joan.
871 2347 951 2415 ιι).
1015 2345 1148 2400 Item
1190 2346 1372 2400 idem:
1414 2345 1518 2410 Qui
1567 2345 1695 2398 dicit
1735 2362 1792 2399 se

214 2441 268 2492 in
292 2437 494 2492 Christo
515 2453 743 2500 manere,
785 2436 931 2490 debet
959 2437 1094 2489 sicut
1135 2435 1222 2489 ille
1248 2435 1533 2489 ambulavit
1583 2445 1634 2489 et
1684 2437 1793 2506 ipse

213 2529 476 2584 ambulare
505 2528 723 2601 (Idem.,
749 2545 795 2583 υ.
830 2527 906 2600 6).
943 2528 1075 2583 Item
1118 2529 1274 2599 ipse:
1313 2526 1497 2582 Omnis
1547 2529 1636 2592 qui
1682 2529 1791 2582 odit

214 2623 426 2690 fratrem
460 2635 636 2684 suum,
663 2617 926 2672 homicida
954 2626 1030 2672 est
1061 2631 1078 2669 :
1108 2628 1156 2672 et
1183 2618 1351 2672 omnis
1397 2617 1660 2671 homicida
1687 2633 1791 2671 non

213 2709 362 2765 habet
399 2709 556 2763 vitam
586 2717 837 2762 wternam
871 2707 928 2761 in
965 2723 1020 2762 se
1060 2716 1352 2762 manentem
1395 2705 1448 2778 (Ι
1485 2705 1647 2760 Joan.
1680 2709 1787 2776 ιιι).

213 2801 443 2857 Jacobus
497 2808 680 2855 autem
728 2798 1002 2870 apostolus
1037 2799 1164 2855 ait:
1215 2798 1523 2870 Quicunque
1566 2798 1791 2853 voluerit

213 2894 408 2946 amicus
446 2908 558 2946 esse
593 2889 776 2945 sa’culi
799 2891 980 2962 hujus,
1028 2890 1272 2944 inimicus
1309 2889 1406 2944 Dei
1452 2890 1792 2944 constituitur

210 2984 347 3055 (Jac.
379 2982 477 3053 ιν.)
530 2980 696 3038 Multa
732 2981 954 3050 quidem
993 2989 1049 3036 et
1084 2981 1366 3037 innumera
1422 2981 1614 3052 legalia
1657 2996 1787 3051 pro-

206 3075 440 3147 phetica,
467 3083 522 3129 et
545 3072 875 3144 evangelica,
904 3079 1065 3140 atque
1079 3071 1370 3142 apostolica
1395 3079 1645 3142 poterant
1662 3085 1789 3140 pro-

1892 533 2114 592 peccata
2170 525 2512 594 baptismatis
2580 525 2864 580 iteratione
2912 537 3252 595 nequaquam
3301 526 3465 581 doleri

1893 628 2157 688 possunt:
2210 635 2431 674 necesse
2480 629 2564 674 est
2610 628 2668 673 ut
2721 621 3052 690 paenitentia:
3109 621 3376 689 lamentis,
3415 633 3470 678 et

1892 711 2357 781 eleemosynarum
2411 711 2806 781 largitionibus,
2845 721 2899 767 et
2940 713 3153 768 cazteris
3202 713 3466 769 bonorum

1892 815 2115 868 Operum
2149 801 2607 865 exsccutionibus,
2632 817 2793 870 quam
2823 801 3104 857 celerrime
3129 802 3295 856 deleri
3338 818 3460 871 pro—

1892 902 2167 948 curentur.
2208 894 2276 948 Et
2296 895 2420 962 quia
2448 911 2585 949 unus
2611 903 2694 950 est
2726 904 2880 965 pater
2904 905 3106 959 noster,
3133 904 3185 949 et
3208 896 3461 963 magister

1891 993 1949 1040 ct
1981 986 2260 1050 Dominus,
2299 1001 2405 1038 una
2442 984 2596 1050 ﬁdes,
2625 1002 2791 1039 unum
2827 986 3112 1056 baptisma,
3151 1000 3256 1038 una
3293 971 3493 1038 mater

1894 1085 2079 1130 sancta
2111 1075 2372 1140 Ecclesia,
2407 1076 2675 1130 instanter
2707 1085 2762 1130 et
2797 1076 3082 1144 vigilanter
3121 1076 3188 1129 ab
3220 1077 3470 1130 munibus

1893 1166 2210 1221 certandum
2269 1175 2392 1230 est,
2446 1181 2754 1235 quanquam
2810 1165 3146 1220 diversorum
3207 1166 3470 1219 donorum

1896 1257 2070 1311 modis
2097 1265 2368 1320 curratur,
2413 1256 2647 1326 qualiter
2672 1272 2779 1309 una
2812 1257 2879 1310 ad
2927 1265 3171 1310 sanctam
3204 1264 3255 1308 ct
3284 1272 3470 1325 supcr—

1895 1365 2021 1402 nam
2057 1347 2358 1403 Jerusalem
2385 1358 2614 1403 matrem
2653 1358 2893 1403 nostram
2919 1349 3226 1413 tendamus,
3261 1363 3366 1417 quo
3401 1348 3472 1402 si-

1897 1456 1965 1494 ne
1988 1440 2094 1494 ﬁne
2117 1455 2241 1494 cum
2263 1439 2494 1494 Domino
2531 1439 2712 1493 vivere
2743 1455 3070 1494 mereamur.
3101 1437 3237 1493 Illud
3258 1454 3474 1508 quoque

1897 1530 2173 1584 sciendum
2196 1529 2322 1598 quia
2348 1536 2549 1598 quanto
2580 1529 2810 1597 quisque
2836 1545 2895 1585 se
2921 1529 2973 1582 in
3000 1529 3254 1598 praesenti
3279 1528 3474 1582 saeculo

1895 1635 1994 1690 pro
2015 1618 2214 1674 Christi
2235 1633 2422 1674 amore
2469 1617 2826 1686 abjectiorem
2883 1619 3089 1683 fecerit,
3121 1627 3273 1674 tanto
3303 1619 3475 1688 magis

1899 1710 1954 1762 in
1990 1707 2172 1763 futuro
2201 1706 2498 1763 feliciorem
2524 1708 3016 1764 remunerationem
3041 1709 3322 1778 percipiet.

2458 1823 2685 1880 CAPUT
2723 1823 2882 1880 CXV.

1897 1915 2051 1982 Quod
2078 1916 2330 1970 canonica
2353 1914 2635 1978 institutio,
2659 1914 2959 1983 evangelica
2980 1924 3028 1966 et
3057 1912 3343 1983 apostolica
3369 1929 3471 1964 au-

1947 1987 2185 2040 ctoritate
2201 1984 2359 2055 fulta,
2374 1985 2575 2038 cwteris
2596 1982 2973 2054 superemineat
2993 1982 3426 2036 institutionibus.

1963 2075 2100 2143 Quia
2125 2075 2359 2131 evidenti
2398 2075 2724 2129 auctoritate
2770 2073 2937 2142 liquet
2975 2073 3288 2128 canonicam
3322 2072 3479 2126 iusti-

1893 2169 2154 2225 tutionem
2197 2167 2406 2222 caeteris
2432 2174 2693 2236 prmstare
2745 2165 3200 2230 institutionibus,
3248 2164 3469 2230 debent,

1893 2275 2114 2315 necesse
2131 2267 2236 2324 est,
2251 2259 2342 2328 qui
2369 2257 2530 2327 hujus
2549 2255 2902 2328 professionis
2923 2263 3214 2312 censentur
3236 2257 3475 2321 nomine,

1889 2367 2206 2421 procurare,
2238 2349 2470 2420 qualiter
2497 2351 2552 2404 in
2579 2349 2884 2420 semetipsis
2909 2349 3156 2404 eamdem
3181 2348 3478 2404 institutio-

1893 2460 2019 2500 nem
2059 2445 2171 2498 vita
2211 2451 2266 2498 et
2309 2443 2554 2498 moribus
2581 2449 2845 2497 exornent
2891 2443 3070 2511 potius
3119 2457 3278 2511 quam
3311 2441 3477 2496 deho-

1891 2542 2120 2590 nestent.
2153 2532 2417 2599 Quoniam
2451 2533 2543 2602 qui
2574 2539 2735 2586 tanta?
2760 2532 3102 2586 auctoritatis
3131 2531 3489 2586 institutione.

1889 2624 2112 2695 pollent,
2143 2633 2199 2680 et
2228 2638 2287 2679 se
2334 2623 2454 2677 aliis
2501 2622 2796 2678 imitabiles
2844 2621 3088 2692 praebere
3117 2621 3336 2686 debent,
3379 2637 3477 2675 ve-

1890 2717 2116 2772 rendum
2144 2723 2315 2770 estne
2353 2715 2398 2769 si
2426 2712 2591 2784 (quod
2621 2712 2786 2784 absit)
2832 2727 2862 2766 a
2889 2711 3167 2782 proposito
3197 2711 3474 2765 exorbita-

1890 2807 2087 2873 verint,
2128 2821 2292 2877 regno
2318 2805 2414 2860 Dei
2445 2804 2650 2875 indigni
2685 2803 2837 2857 ﬁant.
2871 2801 3189 2870 Quanquam
3215 2801 3358 2854 enim
3387 2817 3479 2855 ca-

1889 2896 2124 2961 nonicis,
2151 2895 2277 2966 quia
2327 2896 2380 2949 in
2426 2895 2598 2950 sacris
2637 2893 2937 2950 canonibus
2993 2891 3100 2947 illis
3143 2891 3475 2961 prohibitum

1889 3002 1997 3040 non
2026 2985 2245 3056 legitur,
2286 2985 2448 3040 liceat
2490 2984 2662 3039 linum
2716 2983 2958 3047 induere,
3009 2981 3262 3038 carnibus
3309 2984 3472 3043 vesci,

1889 3079 2018 3134 dare
2047 3087 2102 3135 et
2143 3079 2414 3149 accipere,
2443 3081 2693 3150 proprias
2718 3095 2806 3134 res
2841 3088 2895 3134 et
2924 3077 3170 3133 ecclesia:
3205 3093 3327 3131 cum
3377 3079 3474 3132 hu-

206 3165 335 3220 ferri
371 3164 714 3227 documenta,
746 3162 942 3231 quibus
991 3159 1394 3230 infatigabiliter
1447 3169 1611 3229 atque
1633 3158 1784 3214 inex-

1894 3169 2117 3224 utilitate
2145 3177 2201 3224 et
2224 3170 2433 3240 justitia
2473 3171 2698 3236 habere,
2744 3171 2887 3239 quod
2928 3169 3229 3234 monachis,
3271 3171 3479 3238 quise

205 3254 518 3310 cusabiliter
548 3253 762 3308 devotio
804 3250 1052 3306 famulari
1083 3251 1242 3306 debet
1293 3248 1598 3304 Christiana
1637 3267 1650 3303 :
1689 3249 1786 3304 sed

202 3355 428 3416 propter
477 3359 570 3401 eos
597 3360 731 3415 quos
769 3359 934 3414 supra
969 3343 1410 3408 memoravimus,
1459 3343 1574 3397 haec
1615 3357 1786 3412 pauca

201 3439 445 3494 breviter
466 3450 822 3492 annumerare
860 3435 1188 3499 studuimus,
1211 3434 1304 3503 qui
1346 3433 1664 3502 insipienter
1695 3448 1784 3488 as-

203 3538 397 3587 serunt
421 3530 566 3586 solos
608 3527 903 3584 monachos
933 3534 1140 3582 arctam
1166 3525 1362 3580 sectari
1394 3525 1591 3580 debere
1619 3526 1784 3593 viam,

200 3639 327 3678 cum
359 3623 549 3693 utique
574 3621 834 3677 Dominus
859 3627 1065 3676 arctam
1098 3627 1148 3674 et
1175 3626 1456 3689 angustam
1480 3618 1622 3672 viam
1644 3617 1789 3672 dicat

197 3727 322 3768 esse
356 3725 480 3781 quae
506 3713 654 3767 ducit
677 3712 745 3767 ad
758 3711 942 3777 vitam,
965 3717 1020 3766 et
1038 3723 1200 3764 nemo
1237 3709 1339 3764 nisi
1366 3723 1461 3777 per
1480 3722 1601 3763 eam
1619 3707 1672 3761 in
1708 3707 1789 3761 vi-

195 3814 310 3858 tam
337 3802 546 3874 ingredi
570 3794 742 3873 possit
763 3811 1042 3858 aeternam.
1095 3799 1213 3857 Non
1231 3801 1402 3856 solum
1423 3801 1588 3870 igitur
1601 3815 1788 3854 mona-

191 3894 318 3950 chis
334 3901 395 3949 et
415 3893 647 3958 clericis,
669 3907 856 3948 verum
874 3892 1041 3948 etiam
1066 3891 1332 3947 omnibus
1351 3891 1444 3961 qui
1474 3889 1784 3945 Christiano

190 3987 790 4055 censenturvocabulo,
812 4004 910 4058 per
931 3989 1074 4043 hanc
1091 3996 1295 4043 arctam
1321 3995 1378 4041 et
1399 3993 1680 4056 angustam
1703 3986 1786 4040 in-

190 4083 459 4138 trandum
491 4090 575 4138 est
612 4082 775 4137 viam.
815 4081 952 4148 Quid
973 4095 1102 4151 ergo
1127 4079 1353 4144 arctius,
1377 4093 1540 4148 quam
1565 4076 1618 4132 id
1640 4077 1786 4147 quod

189 4174 778 4246 praecipitur:Diligite
822 4175 1061 4228 inimicos
1095 4183 1310 4238 uestros,
1347 4181 1426 4238 et,
1467 4171 1626 4226 nolite
1661 4171 1788 4226 resi-

184 4275 333 4321 stere
359 4265 528 4331 malo,
541 4273 616 4332 et,
631 4267 717 4338 qui
739 4265 987 4320 irascitur
1009 4265 1165 4336 fratri
1183 4282 1302 4330 suo,
1318 4281 1436 4318 reus
1454 4265 1551 4318 erit
1554 4263 1784 4333 judicio,

183 4367 267 4422 et,
294 4359 395 4430 qui
424 4357 607 4412 uiderit
626 4357 896 4412 mulierem
917 4356 986 4410 ad
1008 4355 1477 4427 concupiscendum
1511 4370 1650 4419 eam,
1664 4354 1784 4423 jam

181 4450 490 4506 machatus
514 4459 588 4506 est
610 4466 725 4506 eam
746 4451 802 4505 in
829 4449 988 4504 corde
1018 4465 1114 4504 suo
1138 4447 1356 4518 (Matth.
1379 4447 1456 4518 v),
1511 4455 1565 4502 et
1588 4456 1784 4502 ctetera

1891 3259 2129 3314 cundum
2169 3259 2471 3329 regularem
2507 3259 2902 3314 institutionem
2951 3259 3241 3313 arctiorem
3273 3259 3490 3313 ducunt.

1887 3349 2077 3414 vitam,
2105 3349 2322 3419 penitus
2349 3347 2638 3403 inhibitum
2686 3356 2790 3413 est,
2835 3363 2942 3402 non
2988 3355 3168 3403 tamen
3197 3349 3249 3402 in
3280 3364 3477 3403 caven-

1888 3439 1971 3495 dis
1995 3439 2142 3494 vitiis
2161 3447 2216 3494 et
2237 3438 2626 3507 amplectendis
2658 3438 2972 3502 virtutibus,
2998 3453 3187 3492 eorum
3219 3453 3249 3492 a
3283 3453 3475 3492 unona-

1888 3530 2117 3584 cborum
2153 3527 2364 3583 distare
2407 3527 2568 3582 debet
2606 3527 2738 3581 vita.
2784 3525 3032 3581 Monachi
3078 3541 3328 3596 namque,
3382 3527 3484 3596 qui

1887 3620 2257 3691 evangelicum
2290 3626 2623 3690 praeceptum
2663 3628 2970 3689 sequentes,
3009 3618 3284 3674 distractis
3313 3626 3475 3688 atque

1887 3714 2213 3770 renuntiatis
2244 3711 2608 3784 patrimoniis,
2651 3726 2748 3766 sua
2776 3710 2994 3765 Christo
3021 3710 3240 3775 dedere,
3277 3710 3474 3765 merito

1888 3803 1956 3858 de
1999 3801 2349 3858 facultatibus
2394 3799 2652 3856 Ecclesia:
2697 3800 3000 3855 subsidium
3039 3800 3311 3869 accipiunt
3342 3811 3476 3855 tem-

1886 3892 2107 3964 porale:
2155 3899 2214 3946 ut
2250 3891 2378 3960 quia
2409 3898 2519 3946 toto
2550 3889 2748 3944 mentis
2793 3889 3062 3944 desnderio
3109 3879 3350 3944 cmlestia
3386 3905 3475 3959 ap-

1885 3991 2096 4053 petunt,
2143 3982 2224 4038 sic
2266 3982 2321 4036 in
2369 3981 2472 4037 hac
2527 3979 2976 4051 peregrinationis
3026 3979 3112 4034 via
3157 3979 3468 4050 sumptibus

1887 4073 2183 4130 Dominicis
2229 4079 2621 4136 sustententur,
2671 4080 2938 4141 quatenus
2972 4071 3039 4126 ad
3085 4086 3149 4126 ea
3186 4087 3306 4140 qum
3347 4086 3474 4124 con-

1886 4173 2223 4236 tempserunt
2246 4162 2467 4219 minime
2495 4163 2673 4217 redire
2708 4161 2947 4230 qualibet
2978 4160 3319 4216 necessitatis
3343 4176 3468 4214 cau-

1886 4271 1947 4310 sa
1973 4253 2386 4323 compellantur.
2435 4252 2504 4306 Et
2549 4250 2671 4319 quia
2708 4250 2844 4304 nihil
2891 4249 2993 4304 sibi
3025 4250 3300 4319 proprium
3347 4243 3472 4302 reli-

1886 4352 2143 4416 querunt,
2173 4340 2516 4396 manifestum
2539 4347 2624 4394 est
2649 4338 2768 4392 illos
2791 4338 3181 4408 copiosioribus
3209 4337 3462 4392 Ecclesia:

1888 4434 2191 4504 sumptibus
2240 4445 2403 4500 quam
2454 4430 2765 4494 canonicos,
2811 4428 2901 4498 qui
2952 4429 3064 4482 suis
3114 4436 3166 4482 ct
3215 4427 3470 4482 Ecclesia:

181 4543 322 4596 una
346 4543 373 4596 γ
429 4543 556 4598 Hm
579 4543 774 4612 quippe
813 4550 960 4598 παις,
985 4509 1262 4606 sum,“
1297 4509 1692 4594 εειιιίέεη-ίιηιιε
1731 4548 1788 4594 οι
1811 4509 1864 4568 Ῑ)
1890 4527 2034 4580 licite
2079 4530 2308 4578 utuntur
2358 4521 2542 4587 rebus,
2576 4521 2837 4591 indigere.
2887 4518 3252 4590 Unusquisque
3301 4520 3465 4581 enim,

177 4643 408 4702 quamn
429 4633 686 4700 arctiora,
704 4642 854 4690 tanto
876 4633 1083 4703 potiora
1107 4639 1161 4686 et
1183 4631 1563 4686 eminentiora.
1618 4630 1788 4701 Opor-

179 4732 264 4778 tet
303 4725 500 4793 itaque
535 4739 723 4779 omnes
759 4723 850 4792 qui
874 4723 1024 4792 juxta
1062 4721 1380 4792 Apostolum
1416 4720 1593 4792 (Rom.
1620 4719 1696 4790 vn)
1729 4720 1784 4774 in

173 4815 423 4870 Christo
460 4813 718 4882 haptiaati
743 4830 950 4874 sumus.
985 4813 1371 4882 Christumque
1396 4810 1689 4874 induimus,
1727 4808 1782 4862 in

171 4906 446 4962 novitate
474 4905 598 4960 vita:
628 4905 927 4968 ambulare,
975 4918 1294 4975 semperque
1319 4912 1446 4958 ante
1479 4902 1666 4958 oculos
1687 4916 1782 4971 po-

170 5013 323 5051 nere
355 5004 582 5064 pactum
607 4996 750 5064 quod
775 5011 898 5050 cum
932 4995 1044 5050 Deo
1078 4995 1129 5049 in
1155 4995 1478 5064 baptismate
1525 4993 1776 5057 fecimus,

165 5087 274 5142 ubi
311 5086 825 5143 abrenuntiavimus
887 5085 1127 5149 Satanae,
1184 5093 1241 5138 et
1269 5085 1520 5140 omnibus
1570 5086 1783 5156 pompis

162 5177 331 5247 ejus,
369 5187 433 5232 et
469 5179 720 5234 omnibus
750 5178 1006 5248 operibus
1059 5178 1195 5248 ejus.
1232 5177 1385 5244 Quod
1407 5186 1621 5248 pactum
1655 5187 1784 5233 tunc

157 5271 419 5324 irritum
444 5269 524 5336 ﬁt,
553 5286 676 5324 cum
703 5270 756 5324 in
781 5271 887 5324 ﬁde
923 5269 1044 5340 quis
1091 5267 1474 5338 permanendo,
1499 5267 1664 5332 vitiis,
1689 5275 1784 5320 aut

154 5375 196 5415 a
233 5360 365 5416 ﬁde
389 5359 772 5424 exorbitando,
799 5358 1063 5414 idolorum
1103 5356 1361 5421 cultibus,
1398 5358 1779 5412 authaaresum

149 5451 487 5507 erroribus
509 5450 835 5520 implicatur.
874 5448 1014 5516 Quia
1044 5463 1196 5520 ergo,
1237 5447 1380 5503 sicut
1409 5446 1670 5517 scriptum
1696 5453 1783 5501 est

149 5542 347 5614 (Sap.
378 5541 488 5613 rx),
520 5555 736 5611 corpus,
769 5541 916 5611 quod
954 5540 1338 5609 corrumpitur,
1363 5546 1623 5609 aggravat
1666 5537 1784 5592 ani-

149 5647 358 5697 mam,
398 5639 458 5686 et
490 5631 744 5701 deprimit
768 5638 984 5686 terrena
1014 5630 1335 5686 inbabitatio
1364 5644 1583 5684 sensum
1610 5627 1779 5684 multa

139 5725 554 5797 cogitantem,
584 5731 639 5779 et
670 5721 934 5795 fragilitas
957 5721 1190 5777 humana
1229 5730 1349 5789 post
1373 5720 1626 5794 baptismi
1661 5736 1780 5784 gra-

1888 4624 1949 4669 ut
2010 4614 2088 4669 ait
2133 4611 2424 4682 Apostolus
2468 4651 2483 4676 ,
2533 4611 2804 4682 proprium
2853 4610 3048 4664 donum
3083 4610 3233 4664 habet
3288 4628 3319 4663 a
3360 4609 3474 4664 Deo

1888 4704 1941 4770 (Ι
1977 4705 2098 4760 Cor.
2145 4704 2266 4775 vn).

2451 4793 2679 4851 CAPUT
2715 4793 2894 4850 CXVI.

2307 4885 2447 4954 Quid
2483 4887 2586 4941 sint
2635 4901 2716 4940 res
2767 4884 3035 4938 Ecclesia’.

1959 4985 2069 5039 Res
2098 4981 2376 5048 Ecclesiae,
2408 4982 2550 5037 sicut
2570 4995 2601 5034 a
2625 4979 2829 5036 sanctis
2851 4978 3104 5033 Patribus
3126 4975 3378 5040 traditur,
3412 4986 3477 5032 et

1890 5076 1944 5131 in
1972 5075 2341 5147 superioribus
2378 5074 2628 5144 capitulis
2650 5074 2986 5136 continetur,
3013 5079 3135 5125 vota
3168 5078 3294 5125 sunt
3343 5069 3466 5122 ﬁde-

1889 5169 2040 5232 lium,
2071 5167 2245 5238 pretia
2281 5175 2655 5237 peccatorum,
2700 5172 2756 5219 et
2793 5163 3119 5235 patrimonia
3146 5175 3462 5232 pauperum.

1888 5259 2099 5312 Fideles
2126 5272 2359 5327 namque
2402 5256 2521 5311 ﬁdei
2572 5254 2766 5310 ardore
2796 5262 2852 5308 et
2894 5251 3094 5308 Christi
3123 5264 3309 5304 amore
3339 5261 3464 5302 sue-

1887 5349 2034 5404 censi
2082 5349 2152 5404 ob
2177 5348 2476 5402 animarum
2515 5360 2735 5400 suarum
2783 5342 3081 5398 remedium
3123 5347 3179 5392 et
3227 5332 3468 5390 cmlestis

1887 5439 2078 5509 patria:
2123 5437 2472 5501 desiderium,
2512 5435 2628 5490 suis
2670 5434 2906 5505 propriis
2945 5427 3290 5486 facultatibus
3333 5438 3462 5478 san-

1889 5541 2032 5587 ctam
2075 5528 2396 5600 locupletem
2426 5525 2672 5582 fecerunt
2699 5522 3016 5584 Ecclesiam,
3058 5525 3118 5571 ut
3143 5515 3229 5570 his
3268 5521 3325 5568 et
3362 5511 3472 5566 mi-‘

1889 5623 2012 5677 lites
2063 5617 2266 5676 Christi
2317 5617 2591 5672 alerentur
2643 5621 2700 5670 et
2759 5608 3002 5668 ecclesia:
3042 5611 3484 5664 exornarentur,.

1891 5727 2152 5782 pauperes
2183 5714 2557 5767 rccrcarentur
2597 5713 2649 5760 ct
2672 5699 2868 5774 captivi
2893 5714 2990 5770 pro
3035 5704 3335 5765 temporum
3365 5707 3464 5763 op:
