3884 6192
465 290 560 365 bis

1485 282 1888 350 AMALARIUS
1925 274 2339 346 PRESBYTER
2378 272 2737 344 πήχεις.
3517 288 3594 354 ςιε

454 419 788 492 'portunitate
838 397 1252 471 redimeientur.
1305 407 1643 479 Quapropter
1685 406 1928 477 vigilanti
1975 418 2039 459 ac
2064 410 2116 467 Α
2140 403 2242 458 ciis
2289 402 2546 458 insistunt
2582 419 2596 455 :
2640 401 2874 456 claustra
2926 403 3314 476 societatemque
3353 419 3596 471 ceteranam

460 513 649 569 solerti
684 523 815 567 cura
842 504 1234 580 providendum
1254 511 1338 560 est
1363 504 1451 559 his
1483 503 1579 574 qui
1604 502 1723 573 ejus
1751 500 2037 555 facultates

459 608 859 670 administrant,
902 617 972 658 ne
997 616 1093 658 eas
1120 601 1177 656 in
1212 615 1340 656 suos
1368 597 1702 654 solummodo
1730 611 1861 650 usus
1902 608 2035 649 con-

458 698 708 763 vertant;
765 696 859 751 sed
914 692 1105 763 magis,
1161 688 1316 761 juxta
1368 687 1805 769 possibilitatem.
1830 699 2033 747 rerum,

457 788 676 844 Christo
701 785 1102 850 famulantium,
1126 783 1236 838 imo
1266 795 1454 837 eorum
1484 779 1539 833 in
1569 778 1765 848 quibus
1789 774 2040 831 Christus

456 879 700 951 pascitur
725 886 780 933 et
807 877 1055 942 vestitur,
1098 876 1289 931 curam
1315 886 1507 944 gerere
1547 871 1762 942 penitus
1803 884 1910 923 non
1940 871 2035 922 nc-

457 971 680 1041 gligant.
714 969 823 1026 Sed
847 976 902 1024 et
925 968 1192 1023 sententia
1232 964 1378 1021 beati
1423 960 1760 1032 Hieronymi,
1808 973 1914 1014 non
1944 973 2038 1013 so-

457 1048 567 1115 lum
588 1059 851 1131 praelatis,
881 1057 978 1114 sed
1005 1056 1171 1112 etiam
1209 1053 1444 1119 caeteris,
1488 1051 1583 1122 qui
1627 1050 1789 1106 rebus
1814 1056 2041 1103 utuntur

456 1151 732 1217 Ecclesiae,
786 1148 1071 1221 vigilanter
1129 1143 1510 1219 perpendenda
1560 1148 1665 1208 est,
1720 1139 1813 1210 qui
1858 1139 1934 1193 ita
1985 1138 2039 1193 in

457 1241 845 1299 Commentario
870 1239 1107 1295 Matthazi
1134 1235 1482 1308 evangelista».
1522 1233 1599 1289 ait
1630 1250 1642 1286 :
1689 1231 1889 1288 Omnes
1935 1230 2037 1300 igi-

460 1346 551 1391 tur
579 1337 671 1406 qui
716 1334 999 1404 stipendiis
1046 1331 1252 1403 templi,
1300 1340 1357 1386 et
1394 1330 1481 1385 his
1530 1332 1650 1398 quae
1684 1324 2041 1382 conferuntur

383 1490 386 1493 ,
457 1429 527 1483 ad
551 1442 685 1483 usus
726 1425 988 1490 ecclesize,
1031 1421 1327 1480 abutuntur
1356 1420 1411 1475 in
1454 1410 1576 1474 aliis
1613 1418 1798 1482 rebus,-
1845 1415 2042 1485 quibus

460 1535 613 1577 suam
643 1519 899 1591 expleant
924 1516 1270 1579 voluntatem,
1326 1511 1532 1569 similes
1570 1519 1697 1565 sunt
1738 1509 2040 1564 scribarum

458 1621 516 1667 et
537 1610 879 1683 sacerdotum
906 1605 1287 1664 redimendum
1311 1602 1658 1683 mendacium
1698 1610 1754 1655 et
1794 1598 2041 1683 Salvatoe

460 1703 538 1758 ris
588 1699 923 1772 sanguinem.
974 1697 1118 1769 Ergo
1167 1706 1255 1751 res
1304 1693 1559 1750 Ecclesia:
1610 1690 1941 1762 pauperibus
1984 1682 2041 1743 et

2141 496 2526 566 rciinquentes,
2588 492 2893 550 eﬁciuntur
2932 497 3051 565 vagi
3098 505 3150 553 et
3196 497 3376 564 lascivi,
3418 503 3525 573 gula.
3563 516 3601 561 et

2138 586 2393 641 ebrietati
2419 596 2475 641 et
2521 587 2734 642 caeteris
2777 586 2891 641 suis
2918 586 3262 657 voluptatibus
3282 590 3453 658 dediti;
3491 596 3600 662 quid-

2139 678 2269 747 quid
2297 677 2400 733 sibi
2429 677 2639 734 libitum
2666 685 2770 741 est,
2803 678 3009 734 licitum
3047 677 3252 735 faciunt.
3276 680 3471 739 Proinde
3506 701 3603 754 pre

2138 769 2330 840 positis
2357 768 2588 824 solerter
2627 769 3019 839 providendum
3045 777 3144 835 est,
3178 778 3233 823 ut
3257 771 3304 825 in
3330 771 3417 827 hoc
3445 775 3605 843 negotia

2139 861 2357 917 modum
2382 860 2725 917 discretionis
2746 867 2983 924 teneant,
3006 861 3202 917 scilicet
3216 870 3372 917 utnec
3391 862 3607 932 plusquam

2137 963 2351 1025 oportet
2375 962 2430 1010 et
2452 954 2782 1025 possibilitas
2810 954 3055 1009 ecclesia:
3081 953 3295 1023 suppetit
3317 954 3364 1008 in
3383 968 3609 1024 congregat;

2141 1045 2342 1100 tionem
2372 1042 2680 1109 admittant,
2703 1047 2804 1101 nec
2829 1048 2929 1098 eus
2946 1056 3083 1114 quos
3103 1042 3448 1098 rationabiliter
3469 1042 3609 1113 guber-

2141 1148 2273 1189 nare
2297 1141 2524 1205 possunt
2548 1148 2712 1189 causa
2737 1133 2984 1188 avaritiae
3008 1130 3266 1200 abjiciant.

2702 1228 2933 1303 CAPUT
2969 1243 3146 1301 CXIX.

2139 1343 2219 1398 De
2242 1342 2322 1398 his
2344 1343 2433 1415 qui
2454 1342 2510 1415 iit
2534 1341 2930 1415 congregatione
2952 1338 3335 1415 sibicommissa
3364 1335 3615 1390 animum

2356 1410 2421 1467 ea:
2446 1410 2651 1482 familia
2678 1410 2911 1465 eécleaiat
2947 1411 3157 1464 clericos
3198 1417 3457 1478 aggregant.

2216 1504 2356 1559 Sunt
2384 1503 2626 1559 nonnulli
2661 1502 2757 1571 qui
2789 1511 2997 1556 tantum
3024 1516 3090 1556 ex
3114 1497 3306 1554 familia
3331 1496 3617 1552 ecclesiastica

2142 1592 2370 1649 clericos
2410 1593 2464 1647 in
2503 1592 2604 1646 sibi
2643 1591 2951 1648 commissis
2988 1597 3304 1660 congregant
3345 1586 3554 1649 ecclesiis,
3579 1588 3617 1637 et

2142 1684 2248 1739 hoc
2275 1684 2398 1739 ideo
2422 1682 2603 1738 facere
2629 1680 2882 1737 videntur
2907 1688 2968 1734 ut
2991 1681 3038 1736 si
3067 1678 3269 1749 quando
3291 1678 3364 1737 eis
3384 1675 3547 1747 aliquid
3561 1675 3618 1729 in-

458 1767 724 1847 militibus
747 1788 950 1846 Christi
976 1767 1342 1859 stipendiaria:
1379 1784 1576 1841 debent
1613 1780 1856 1852 intelligi.
1892 1779 2041 1836 Unde
2068 1777 2115 1836 B
2142 1775 2484 1832 commodum
2522 1773 2772 1837 fecerint,
2818 1780 2911 1828 aut
2937 1772 3201 1843 stipendia
3238 1776 3494 1841 opportuna
3530 1767 3620 1821 sub

458 1883 589 1938 totis
614 1879 823 1936 nisibus
848 1878 1086 1950 praelatis
1110 1875 1463 1947 satagendum
1505 1882 1589 1929 est
1623 1882 1686 1928 ut
1728 1871 2043 1929 sanetoruin

459 1970 681 2027 Patrum
729 1969 889 2026 dictis
936 1977 993 2024 et
1037 1966 1301 2037 exemplis
1341 1965 1719 2034 obsequentes,
1771 1963 1838 2017 de
1882 1961 2044 2016 rebus

459 2062 563 2117 sibi
588 2059 892 2117 commissis
920 2057 1002 2130 (ut
1022 2057 1363 2128 praemissum
1406 2053 1512 2125 est)
1554 2062 1611 2109 et
1658 2051 1906 2109 subditos
1954 2064 2047 2121 gu-

460 2153 708 2217 bernent,
733 2158 789 2205 et
821 2162 1089 2220 pauperes
1110 2147 1347 2213 foveant,
1375 2145 1694 2214 cunctisque
1717 2141 2047 2197 utilitatibus

465 2256 531 2297 ac
572 2239 988 2296 necessitatibus
1036 2230 1293 2294 Ecclesia:
1342 2236 1575 2291 ﬁdeliter
1619 2232 2047 2290 administrando

461 2331 748 2387 consulant
780 2371 797 2396 ,
838 2339 1111 2401 quatenus
1160 2329 1229 2386 de
1269 2329 1415 2386 fideli
1470 2326 1936 2385 administratione
1974 2324 2048 2380 ab

461 2423 599 2491 ipso,
630 2420 785 2493 Cujus
811 2421 1047 2476 ministri
1088 2435 1211 2477 esse
1251 2425 1568 2484 noscuntur,
1599 2416 2050 2473 inelfabiliterre-

461 2513 737 2570 munerari
766 2517 1100 2569 mereantur.

1015 2618 1244 2680 CAPUT
1282 2602 1489 2681 Citvn'.

642 2714 794 2784 Quod
838 2710 1118 2788 diligenter
1161 2694 1448 2788 munienda
1491 2723 1599 2770 sint
1642 2713 1877 2769 claustra

1060 2785 1454 2841 canonicorum.

530 2877 953 2948 Praepositorum
1009 2875 1171 2933 ofﬁcii
1210 2884 1293 2933 est
1335 2881 1396 2932 ut
1444 2874 1783 2931 subditorum
1841 2881 2052 2929 mentes

463 2974 774 3028 sanctarum
822 2967 1231 3040 Scripturarum
1286 2969 1611 3024 lectionibus
1660 2966 1877 3023 assidue
1926 2982 2049 3024 mu-

462 3065 637 3130 niant,
661 3066 730 3120 ne
750 3064 909 3133 lupus
936 3060 1224 3117 invisibilis
1250 3061 1455 3116 aditum
1484 3061 1743 3125 inveniat,
1773 3076 1881 3131 quo
1908 3061 2050 3117 ovile

2148 1867 2435 1933 traxerint,
2466 1866 2601 1921 nihil
2625 1865 2978 1936 querimoniae
3006 1872 3193 1921 cum
3228 1878 3285 1919 se
3303 1861 3502 1931 obiicere
3524 1872 3622 1930 νικά

2145 1965 2393 2024 sumant;
2428 1957 2680 2012 timentes
2715 1955 2942 2022 scilicet,
2987 1971 3061 2012 ne
3085 1963 3178 2010 aut
3204 1952 3514 2010 seicrissimis
3539 1960 3621 2004 ver-

2143 2050 2364 2105 beribus
2431 2048 2756 2113 afficiantur,
2808 2055 2905 2102 aut
2956 2048 3206 2103 humanm
3252 2043 3467 2101 servituti
3500 2042 3625 2097 duiut

2144 2141 2438 2198 crudeliter
2460 2139 2801 2196 addicantur.
2834 2138 2949 2195 Hoc
2999 2147 3179 2195 autem
3216 2153 3318 2192 non
3341 2136 3445 2190 ideo
3464 2133 3621 2193 dicitun

2144 2241 2206 2288 ut
2232 2246 2300 2287 ex
2334 2230 2540 2286 familia
2566 2229 2813 2286 ecclesias
2850 2228 3150 2300 probabilis
3181 2228 3298 2282 vitae
3326 2226 3378 2280 in
3409 2233 3625 2290 congrega—

2148 2325 2295 2379 tione
2339 2332 2451 2378 non
2500 2322 2609 2378 sint
2664 2320 3024 2387 admittendi,
3074 2317 3357 2392 praesrtim
3396 2328 3496 2370 cunt
3528 2309 3627 2379 apud

2146 2416 2316 2472 Deum
2346 2430 2454 2471 non
2502 2414 2576 2470 sit
2601 2426 2957 2485 personarum
2998 2412 3253 2482 acceptio;
3292 2408 3379 2465 sed
3412 2405 3553 2476 potius
3589 2410 3629 2453 ut

2147 2516 2371 2582 propter
2395 2522 2561 2578 quam
2588 2506 2872 2562 intulimus
2894 2507 3257 2570 occasidnem,
3283 2502 3437 2558 nullus
3455 2495 3631 2568 pullato-

2150 2614 2290 2668 rum,
2322 2599 2553 2656 seclusis
2582 2600 2873 2665 nobilibus,
2899 2599 3043 2657 viles
3067 2606 3273 2654 tantum
3292 2597 3341 2650 in
3366 2607 3450 2649 sua
3467 2600 3629 2659 conste-

2149 2693 2367 2763 gatione
2387 2691 2679 2747 admittant
2706 2705 2995 2761 personas.

2718 2801 2949 2859 CAPUT
3007 2801 3169 2862 CXX.

2152 2884 2259 2963 Qui
2299 2895 2488 2978 clerici
2516 2896 3021 2978 incongregatione
3056 2893 3304 2978 canonico
3326 2883 3558 2978 tonftituti,
3581 2880 3635 2931 τέο

2361 2964 2657 3021 clesiastica
2703 2958 2937 3036 decipere
2981 2966 3202 3021 debeant
3239 2958 3481 3032 stipendia.

2221 3059 2359 3129 Quia
2390 3066 2704 3117 saneton
2732 3057 2957 3114 Patrum
3011 3073 3172 3130 supra
3212 3064 3393 3111 notans
3430 3042 3637 3105 sentcan

462 3153 677 3208 Domini
716 3150 929 3223 ingredi
959 3160 1014 3207 et
1054 3150 1289 3222 aliquam
1334 3151 1515 3207 ovium
1543 3128 1824 3221 subripere
1847 3152 2043 3208 valeat.
2076 3128 2121 3192 (ἶ
2153 3128 2367 3215 docent,
2393 3152 2622 3206 clericos
2650 3166 2757 3206 non
2799 3128 3117 3205 divitiarum
3147 3152 3419 3202 sectatores
3436 3150 3546 3197 esse.
3567 3143 3635 3223 hic

461 3242 532 3297 Et
554 3256 863 3314 quanquam
894 3241 962 3297 ab
1008 3242 1094 3297 his
1137 3242 1241 3298 hoc
1292 3242 1685 3299 instantissime
1734 3243 2049 3313 spiritaliter

462 3334 583 3389 ﬁeri
610 3340 878 3404 Oporteat;
938 3346 1165 3388 necesse
1208 3337 1293 3389 est
1342 3341 1547 3401 tamen,
1594 3342 1657 3388 ut
1701 3335 1936 3391 “claustra
1990 3336 2045 3390 in

463 3423 660 3493 quibus
688 3421 837 3478 clero
864 3421 968 3478 sibi
1013 3421 1306 3479 commisso
1335 3425 1596 3479 canonice
1627 3424 1916 3481 vivendum
1943 3433 2043 3489 est,

464 3514 641 3570 ﬁrmis
667 3515 907 3584 undique
926 3513 1227 3570 circumdet
1254 3515 1662 3581 munitionibus,
1692 3518 1754 3571 ut
1779 3515 1912 3571 nulli
1940 3531 2054 3571 om-

461 3608 596 3662 nino
622 3606 859 3662 intrandi
888 3614 983 3660 aut
1011 3606 1264 3671 exeundi,
1306 3606 1410 3661 nisi
1438 3616 1536 3676 per
1582 3615 1816 3677 portam,
1864 3614 2051 3677 pateat

463 3698 666 3754 aditus.
716 3697 841 3752 Sint
885 3699 1052 3753 etiam
1093 3697 1325 3752 interius
1365 3696 1704 3763 dormitoria,
1739 3696 2048 3763 refectoria,

467 3789 709 3855 cellaria,
760 3796 816 3845 et
848 3797 1062 3845 caetera
1089 3788 1476 3853 habitationes,
1519 3788 1708 3844 usibus
1735 3787 1964 3843 fratrum
1996 3789 2049 3843 in

468 3894 576 3936 una
603 3880 865 3935 sOcie‘tate
891 3877 1187 3934 viventium
1216 3879 1556 3933 necessariae.
1606 3877 1708 3946 Qui
1753 3895 1888 3936 vero
1936 3881 2053 3936 haec

468 3985 589 4041 qua:
612 3970 892 4042 praemissa
918 3975 1064 4034 sunt,
1086 3966 1242 4037 juxta
1264 3967 1406 4039 quod
1435 3969 1766 4038 possibilitas
1791 3972 2050 4042 suppetit,

468 4074 632 4132 agere
667 4060 928 4125 renuerit,
961 4059 1137 4129 impar
1165 4060 1451 4130 minusque
1491 4060 1719 4117 idoneus
1761 4063 1830 4118 ad
1857 4072 2052 4118 caetera

468 4153 840 4211 Ecclesiastica
905 4151 1076 4208 cilicia
1133 4152 1439 4224 peragenda
1505 4154 1784 4212 habendus
1829 4163 1931 4212 est.
1987 4156 2056 4211 Et

468 4250 779 4317 quanquam
807 4244 987 4299 divina
1015 4243 1219 4299 ultione
1248 4243 1319 4299 sit
1346 4244 1558 4315 dignus,
1600 4246 1843 4318 synodali
1874 4255 2054 4301 tamen

468 4344 555 4394 est
583 4339 849 4394 sententia
881 4337 1173 4416 feriendus.

1001 4432 1229 4506 CAPUT
1290 4449 1519 4507 cxan

472 4541 542 4597 Ut
588 4545 644 4598 in
683 4540 1061 4615 congregandis
1104 4544 1372 4666 canonidcis
1417 4544 1605 4598 modus
1630 4544 1960 4600 discretionis
1986 4547 2053 4600 sit

1129 4622 1277 4666 (enen
1318 4630 1403 4666 us.
1544 4628 1547 4629 '
2016 4642 2053 4666 .-

1129 4622 1403 4667 tenendus.
1544 4628 1547 4629 ⁷
2016 4642 2057 4673 r

544 4704 853 4759 Cavendum
872 4717 1215 4774 summopere
1238 4703 1542 4774 prmpositis
1563 4702 1918 4759 ecclesiarum
1947 4714 2050 4773 est,

470 4801 534 4847 ut
558 4793 613 4846 in
640 4792 883 4849 ecclesiis
909 4792 1012 4848 sibi
1043 4793 1349 4849 commissis
1384 4808 1492 4848 non
1540 4793 1723 4864 plures
1765 4795 2056 4852 admittant

473 4882 704 4939 clericos
729 4897 893 4953 quam
928 4884 1067 4938 ratio
1096 4884 1227 4938 sinit
1269 4890 1327 4937 et
1377 4882 1609 4938 facultas
1648 4884 1891 4941 ecclesiae
1923 4903 2053 4958 sup-

473 4972 653 5042 petit:
708 4988 777 5028 ne
824 4973 870 5028 si
925 4971 1215 5028 indiscrete
1277 4981 1334 5028 et
1392 4975 1825 5032 extraordinario
1873 4977 2059 5048 plures

474 5064 903 5135 aggregaverint,
935 5077 1036 5119 nec
1079 5064 1224 5134 ipsos
1253 5064 1577 5134 gubernare,
1606 5080 1708 5121 nec
1736 5068 1948 5122 caeteris
1973 5084 2055 5123 ec-

472 5155 655 5213 clesia:
679 5155 1114 5223 necessitatibus,
1151 5162 1213 5210 ut
1241 5163 1477 5227 oportet,
1514 5150 1729 5213 valeant
1759 5158 2054 5214 adminicu-

471 5246 596 5304 lari.
626 5246 765 5304 Sunt
784 5260 1017 5316 namque
1040 5245 1283 5301 nonnulli
1308 5262 1502 5302 vanam
1531 5246 1754 5318 gloriam
1785 5250 1852 5303 ab
1881 5249 2057 5303 homi-

471 5341 634 5398 nibus
662 5347 963 5413 captantes,
992 5339 1086 5410 qui
1130 5354 1474 5396 numerosam
1503 5340 1634 5395 cleri
1679 5343 2053 5414 congregatio-

473 5448 601 5488 nem
624 5433 815 5487 volunt
842 5431 1061 5494 habere,
1084 5431 1174 5487 cui
1202 5445 1303 5485 nec
1329 5431 1541 5498 animae,
1563 5446 1666 5487 nec
1689 5433 1933 5504 corporis
1961 5449 2053 5490 cu.

478 5532 603 5577 rant
629 5523 818 5578 solatia
848 5522 1125 5577 exhibere.
1162 5519 1228 5575 Hi
1268 5536 1502 5593 namque
1532 5523 1713 5581 taliter
1758 5526 2052 5596 aggregati,

471 5612 606 5664 ‘tllilll
633 5628 664 5666 a
698 5612 934 5682 praelatis
957 5610 1223 5681 stipendia
1264 5613 1570 5668 necessaria
1614 5628 1721 5668 non
1761 5613 2052 5683 accipiunt,

478 5705 655 5765 neque
681 5701 1001 5759 canonicum
1041 5709 1260 5760 servant
1289 5703 1556 5773 ordinem,
1602 5719 1700 5760 nec
1728 5703 1922 5761 divinis
1948 5705 2057 5762 oili-

2152 3255 2240 3295 res
2264 3238 2617 3296 ecclesiarum
2643 3237 2937 3294 inoﬂi‘ciose
2961 3240 3219 3308 accipere
3250 3234 3451 3291 debere,
3472 3240 3553 3280 non
3572 3220 3639 3275 alis

2150 3346 2211 3388 rc
2258 3332 2569 3405 putavimus
2613 3329 2868 3386 nonnulla
2915 3330 3157 3403 capitula
3205 3327 3320 3382 libri
3359 3314 3558 3388 Prosperi
3591 3308 3636 3409 ad

2150 3399 2387 3480 medium
2414 3423 2514 3496 (De
2542 3422 2663 3478 Vita
2694 3399 3004 3493 contempl:
3027 3427 3065 3477 t.
3111 3438 3182 3487 il,
3214 3437 3258 3474 ε.
3280 3416 3365 3489 ω)
3408 3419 3454 3469 et
3473 3399 3637 3496 exempli

2149 3532 2314 3572 causa
2336 3493 2625 3582 deducere,
2648 3515 2700 3569 in
2721 3515 2918 3585 quibus
2946 3516 3025 3571 ita
3053 3513 3249 3585 legitur
3274 3528 3287 3563 :
3314 3527 3333 3559 ς
3360 3503 3447 3573 Qui
3463 3493 3635 3556 ωάαίκ

2152 3606 2421 3674 ser‘viunt,
2447 3616 2501 3662 et
2526 3621 2589 3662 ea
2617 3607 2813 3677 quibus
2836 3621 2979 3677 opus
3005 3622 3111 3662 non
3148 3604 3357 3666 habent,
3385 3591 3637 3652 antlibeniﬂ

2153 3700 2446 3769 accipiunt,
2491 3704 2585 3753 aut
2626 3699 2870 3770 exigunt,
2916 3699 3088 3753 nimis
3116 3694 3391 3752 carnaliter
3427 3684 3633 3754 sapiunl.’

2152 3790 2286 3845 item
2315 3789 2428 3846 ibi:
2464 3807 2483 3840 ι
2513 3788 2658 3844 Satis
2693 3791 2891 3861 quippe
2919 3789 3204 3861 indignum
3243 3794 3335 3848 est,
3375 3782 3416 3837 si
3454 3771 3639 3834 fideli"l

2153 3897 2382 3953 operosa
2412 3881 2625 3937 devotio
2652 3880 2979 3937 clericorum
3024 3890 3242 3954 propter
3281 3869 3550 3946 stipendium
3570 3874 3639 3954 at

2156 3951 2338 4028 culare
2361 3972 2586 4043 praemia
2635 3973 2971 4043 sempiterna
3020 3951 3343 4029 eontemnat.
3375 3986 3391 4018 ι
3425 3964 3531 4019 item
3554 3951 3637 4007 illi!

2162 4081 2181 4114 α
2217 4061 2273 4118 Si
2318 4070 2543 4135 propter
2571 4063 2809 4118 bocnon
2852 4063 2974 4119 Vult
3012 4079 3114 4120 sua
3140 4063 3358 4132 quisque
3397 4053 3640 4116 relith

2158 4165 2217 4211 ut
2246 4156 2445 4212 habeat
2472 4155 2613 4212 unde
2652 4157 2833 4211 vivat:
2865 4166 2923 4211 ut
2970 4158 3105 4227 quid
3154 4153 3359 4224 accipit,
3385 4144 3503 4203 unde

2157 4264 2280 4303 nem
2312 4248 2541 4304 reddat?
2566 4249 2781 4318 utquid
2813 4223 3060 4318 peccatis
3108 4223 3297 4302 alienis
3336 4254 3422 4295 sua
3459 4223 3646 4295 mallii‘ll'

2158 4338 2282 4393 cat?
2313 4358 2333 4391 ι
2371 4338 2468 4394 His
2497 4338 2663 4411 igitur
2690 4347 2746 4393 et
2787 4346 3115 4395 exterarum
3158 4341 3446 4393 sanctorum

2160 4431 2319 4487 dictis
2349 4408 2637 4502 diligenter
2660 4431 3080 4496 animadversis,
3108 4429 3353 4485 studeant
3385 4426 3565 4475 necesse
3590 4408 3649 4458 εει

2162 4521 2342 4577 οὶετίοἰ
2369 4521 2425 4575 in
2461 4522 2789 4591 accipiendis
2831 4520 3226 4577 ecclesiasticis
3258 4508 3522 4583 sumptibus
3538 4506 3646 4595 imi"

2161 4612 2335 4667 vitare
2360 4613 2682 4682 periculum.
2722 4613 2958 4667 Proinde
2996 4613 3093 4682 qui
3139 4619 3196 4666 et
3231 4622 3351 4664 suos
3387 4611 3437 4657 et
3474 4591 3649 4652 eodem

2163 4704 2368 4759 habent
2403 4703 2709 4771 facultates,
2750 4714 2809 4760 et
2833 4705 3127 4759 utilitatem
3168 4696 3416 4759 ecclesiis,
3447 4694 3525 4744 ιιιῐ
3552 4682 3646 4736 in”

2163 4795 2296 4859 rius,
2330 4802 2424 4849 aut
2448 4796 2689 4852 exterius
2717 4795 3029 4860 conferunt,
3074 4793 3340 4863 accipiant
3366 4790 3415 4842 in
3434 4778 3650 4848 (κουρεῖς³³

2164 4888 2312 4941 tione
2332 4887 2510 4941 cibum
2541 4895 2597 4941 et
2614 4898 2823 4958 potum,
2853 4897 2909 4943 et
2934 4894 3127 4958 partes
3164 4883 3586 4952 elemosynam,
3611 4866 3647 4915 εί

2163 4980 2248 5033 his
2274 4980 2515 5034 contenti
2541 4981 2671 5046 sint,
2704 4995 2773 5035 ne
2799 4980 2920 5050 plus
2944 4980 3300 5051 accipientes,
3327 4971 3651 5054 ρευρεηεεηζ

2163 5082 2290 5123 vare
2314 5069 2602 5124 videantur
2632 5087 2645 5124 :
2679 5070 3077 5139 perpendentes
3120 5066 3429 5123 sententiam
3467 5056 3649 5119 PW‘

2163 5158 2354 5231 (Ibid.,
2383 5176 2433 5213 ε.
2462 5159 2573 5231 il),
2596 5174 2710 5230 qua
2739 5161 2937 5215 dicitur
2969 5178 2983 5214 :
3017 5179 3038 5211 ε
3218 5171 3312 5211 sua
3341 5148 3584 5224 possident.
3615 5140 3653 5187 εί

2162 5247 2281 5302 dari
2306 5248 2409 5303 sibi
2436 5249 2639 5320 aliquid
2676 5249 2883 5316 volunt,
2933 5249 3057 5304 sine
3099 5246 3288 5319 grandi
3340 5244 3533 5314 pecu“)
3566 5236 3651 5284 500’

2160 5340 2305 5396 unde
2331 5356 2537 5412 pauper
2559 5342 2802 5397 victurus
2821 5348 2958 5404 erat,
2995 5354 3106 5396 non
3136 5339 3412 5408 accipiunt.
3447 5351 3464 5382 ι
3491 5325 3542 5382 lii

2161 5432 2253 5501 qui
2281 5410 2383 5487 nec
2417 5410 2533 5488 suis
2560 5434 2723 5489 rebus
2765 5432 3067 5497 abundant,
3109 5445 3212 5485 nec
3253 5424 3477 5483 ecclesia!
3510 5410 3657 5501 ⁸³³⁵⁸9⁸

2159 5498 2550 5595 possessiones,
2583 5534 2638 5580 et
2666 5540 2917 5596 magnam
2960 5524 3260 5578 utilitatem
3285 5516 3504 5576 ecclesiis
3523 5498 3658 5596 οωίθῗ

2162 5594 2306 5681 runt,
2338 5618 2607 5689 accipiant
2632 5594 2978 5673 in'canonica
3017 5613 3423 5687 congregatione
3444 5594 3657 5689 Vim?“

2162 5682 2519 5776 vestitumget
2544 5706 3013 5781 eleetnosgnarnm
3042 5682 3247 5779 partes,
3287 5700 3404 5770 quia
3429 5695 3487 5751 de
3511 5682 3657 5745 ιιιῦαί
