3890 6180
222 438 311 492 ita
341 435 397 491 in
424 434 563 489 libro
591 431 843 502 Prosperi
881 432 1139 487 scribitur
1177 429 1367 501 (Ιῡὶά.,
1398 447 1443 483 c.
1476 430 1563 500 Η)
1597 447 1610 482 :

231 526 335 581 rici
366 540 502 594 quos
541 522 809 584 voluntas,
839 531 933 576 aut
977 520 1230 576 nativitas
1255 534 1523 590 pauperes
1565 519 1711 586 fecit,
1757 521 1812 575 in

222 613 659 687 congregatione
705 611 968 675 viventes,
1019 610 1322 666 necessaria
1353 611 1478 665 vitae
1524 610 1810 679 accipiant,

224 705 365 775 quia
393 704 463 758 ad
482 718 547 758 ea
576 701 889 772 accipienda
914 716 1019 756 non
1043 715 1138 756 eos
1164 699 1397 756 habendi
1429 700 1577 755 ducit
1610 701 1817 769 cupidi-

230 804 339 859 tas,
376 796 473 850 sed
503 792 649 864 cogit
694 791 907 846 vivendi
962 789 1279 846 necessitas.
1315 808 1334 842 ι
1390 789 1562 844 Porro
1607 790 1651 843 si
1682 788 1816 842 tales

236 887 461 949 fuerint,
487 884 579 955 qui
606 897 708 938 nec
748 897 897 947 suas,
953 896 1053 937 nec
1100 880 1347 937 ecclesiae
1398 880 1566 935 velint
1615 881 1818 934 habere

230 974 628 1047 possessiones,
666 973 860 1027 horum
902 970 1317 1026 necessitatibus
1345 970 1818 1041 providentissima

232 1064 634 1138 gubernatione
668 1062 735 1117 de
758 1061 1105 1117 facultatibus
1133 1058 1378 1117 ecclesim
1401 1061 1599 1117 debent
1624 1060 1820 1116 subve-

238 1157 358 1211 nire
387 1153 617 1225 praelati,
644 1151 984 1207 attendentes
1009 1150 1140 1205 illud
1158 1150 1409 1221 Prosperi
1430 1149 1621 1222 (ΗΜ,
1646 1166 1692 1203 c.
1724 1148 1814 1220 9):

244 1264 265 1298 ι
297 1245 445 1316 quod
478 1243 659 1307 habet,
692 1242 891 1313 inquit,
938 1241 1189 1305 ecclesia,
1225 1255 1347 1295 cum
1385 1240 1638 1295 omnibus
1684 1239 1821 1293 nihil

234 1334 568 1391 habentibus
611 1346 896 1387 commune
922 1331 1104 1386 habet.
1138 1328 1247 1386 Sed
1273 1338 1331 1385 et
1376 1329 1590 1384 illorum
1633 1343 1820 1383 curam

241 1424 594 1481 nihilominus
618 1435 807 1492 gerere
835 1421 995 1477 debet
1018 1435 1152 1490 quos
1191 1428 1283 1475 aut
1310 1418 1599 1474 infirmitas
1620 1428 1713 1473 ant
1737 1433 1825 1473 se-

236 1524 433 1572 nectus
457 1520 732 1586 aggravat,
764 1528 903 1584 quos
927 1513 1093 1568 etiam
1122 1520 1337 1570 constat
1363 1512 1493 1568 olim
1533 1512 1587 1565 in
1613 1509 1821 1565 utilita-

241 1606 388 1662 tibus
414 1604 660 1661 ecclesite
704 1604 1018 1661 desudasse.
1058 1623 1076 1658 ι

810 1714 1037 1773 CAPUT
1074 1714 1258 1772 CXXI.

803 314 1093 379 uncum
1133 302 1625 378 casuutcont'u
1668 323 1754 377 an
1791 316 2147 380 AMALARIO
2178 318 2561 380 coetuum.
2599 355 2672 366 -
2705 321 2832 381 us.
2863 319 2911 381 1'.

3380 331 3483 386 93%

1647 448 1664 480 ι
1701 430 1815 485 Cle-
1843 437 1891 495 Α
1914 432 2033 487 dies
2057 432 2297 502 quinque
2323 431 2491 487 libras
2515 430 2645 500 vini,
2688 434 2734 488 si
2770 442 2951 489 tamen
2981 432 3242 493 sterilitas
3267 437 3493 509 impedi-

1913 531 2101 576 mento
2135 536 2241 576 non
2292 522 2456 576 fuerit
2495 525 2774 592 temporis.
2810 524 2869 580 Si
2898 540 3027 583 vero
3055 526 3285 584 vinifera
3332 530 3495 600 pleno
3534 572 3541 579 ο

1913 630 2019 668 non
2047 613 2226 676 fuerit,
2272 621 2386 667 tres
2430 612 2606 669 libras
2628 616 2738 670 viui
2786 627 2842 671 et
2885 626 2997 672 tres
3038 620 3299 675 cervis-ite.
3348 623 3418 678 Et
3447 620 3493 680 si

1914 705 2129 773 penitus
2157 704 2264 757 vini
2290 702 2447 757 ferax
2475 719 2582 758 non
2629 704 2813 770 fuerit,
2857 708 3127 777 accipiant
3166 710 3360 768 libram
3381 712 3493 769 vini

1915 802 1970 849 et
1989 796 2228 865 quinque
2250 795 2418 851 libras
2444 796 2708 852 cervisiae.
2765 797 2825 852 ln
2846 800 3211 857 mediocribus
3236 803 3383 859 etiim
3411 804 3493 861 lo-

1916 884 2016 948 cis,
2048 883 2191 938 mille
2217 885 2482 939 aut-mille
2510 886 2857 957 quingentos,
2878 889 2965 943 vel
3002 899 3152 946 certe
3179 892 3285 947 duo
3326 893 3491 948 millia

1917 990 2136 1031 mansos
2164 976 2511 1041 habentibus,
2533 977 2578 1032 si
2608 979 2755 1048 regio
2780 980 2864 1051 (ut
2886 981 3228 1050 praemissum
3252 985 3357 1055 est)
3382 985 3501 1040 vini

1912 1066 2069 1121 ferax
2118 1066 2301 1132 fuerit,
2335 1076 2568 1138 quatuor
2600 1069 2768 1126 libras
2807 1071 2951 1139 vini;
2998 1082 3055 1128 et
3099 1075 3145 1129 si
3188 1076 3345 1144 plene
3385 1080 3503 1133 vini

1918 1154 2070 1211 ferax
2098 1172 2206 1212 non
2250 1156 2432 1223 fuerit,
2463 1158 2599 1215 duas
2644 1159 2811 1216 libras
2837 1161 2973 1227 vini,
3006 1171 3061 1218 et
3093 1173 3202 1220 tres
3246 1175 3405 1236 potus
3428 1183 3495 1223 ex

1918 1246 2150 1302 diversis
2176 1248 2418 1303 materiis
2443 1247 2697 1304 confecti.
2730 1249 2886 1316 Quod
2915 1252 2963 1306 si
2992 1253 3160 1308 etiam
3189 1256 3299 1310 vini
3340 1256 3495 1312 ferax

1919 1337 2143 1393 minime
2192 1338 2381 1403 fuerit,
2435 1346 2671 1408 quatuor
2699 1339 2865 1397 libras
2905 1345 3191 1399 memorati
3235 1355 3413 1416 potus,
3444 1356 3513 1404 et"

1921 1428 2113 1483 libram
2136 1428 2245 1482 vini
2273 1429 2562 1498 accrpiant.
2604 1429 2776 1486 Porro
2802 1431 2858 1485 in
2885 1432 3187 1490 minoribus
3218 1435 3374 1501 locis,
3398 1440 3501 1492 du»

1921 1532 2108 1578 ecutos
2148 1534 2240 1578 aut
2280 1531 2551 1579 trecentos
2592 1538 2809 1580 mansos
2852 1526 3195 1591 habentibus,
3232 1529 3502 1599 accipiant

1920 1615 2056 1670 duas
2087 1614 2252 1670 libras
2296 1615 2429 1669 vini.
2482 1613 2636 1680 Quod
2684 1623 2739 1671 et
2769 1616 2817 1670 si
2866 1618 3057 1673 eadem
3089 1620 3251 1691 regio
3274 1618 3356 1692 (ut
3384 1618 3503 1689 jam

1923 1707 2123 1763 dictum
2152 1708 2255 1779 est)
2286 1709 2456 1763 vineis
2479 1708 2733 1775 caruerit,
2760 1709 3069 1765 tribuantur
3097 1712 3178 1766 eis
3209 1720 3321 1767 tres
3348 1712 3500 1767 librat

240 1805 308 1863 (It
338 1808 396 1863 in
420 1806 815 1879 congregatione
854 1806 1110 1879 canonica
1133 1805 1406 1877 mqualit‘er
1431 1806 1575 1861 cibus
1602 1814 1649 1859 et
1669 1815 1820 1875 potus
1849 1786 1895 1845 Β
1922 1799 2184 1864 ΩθΙὟίείίιῖν
2218 1806 2273 1852 θι
2300 1798 2345 1853 εἰ
2399 1797 2629 1854 lbelluas
2675 1800 2931 1870 suppetit.
2979 1799 3116 1855 libra
3159 1802 3291 1855 Vini.
3350 1802 3502 1858 Licet

880 1876 1190 1947 accipiatur.

309 1967 467 2024 Solet
490 1967 546 2022 in
582 1966 857 2037 plerisque
892 1966 1277 2023 cauonicornm
1321 1966 1825 2040 congregationibus

240 2057 690 2119 irrationabiliter
742 2064 904 2128 atque
952 2058 1248 2116 indiscrete
1290 2058 1430 2123 ﬁeri,
1480 2066 1540 2113 ut
1582 2058 1824 2114 nonnulli

236 2151 449 2213 clerici,
480 2149 572 2219 qui
603 2158 657 2204 et
691 2148 894 2205 divitiis
937 2148 1182 2216 aﬂluunt,
1237 2159 1294 2206 et
1346 2156 1440 2205 aut
1468 2164 1677 2220 parum
1730 2157 1826 2203 aut

231 2243 381 2300 nihil
420 2241 671 2298 utilitatis
702 2240 949 2297 ecclesia:
962 2239 1278 2305 conferunt,
1295 2239 1565 2310 majorem
1578 2239 1820 2305 ceteris,

240 2333 486 2392 divinum
533 2338 756 2388 strenue
802 2332 1188 2403 peragentibus
1237 2329 1496 2398 ofﬁcium,
1553 2344 1822 2388 annonam

230 2425 546 2496 accipiant;
576 2438 700 2479 cum
724 2423 829 2477 hec
851 2422 926 2477 ita
956 2421 1072 2478 fieri
1115 2420 1313 2478 debere
1342 2436 1609 2491 nusquam
1639 2434 1741 2477 nec
1767 2421 1823 2475 in

237 2514 566 2571 auctoritate
596 2512 1018 2584 Scripturarum,
1042 2526 1146 2568 nec
1178 2512 1231 2567 in
1274 2511 1656 2568 traditionibus
1697 2526 1823 2567 san-

232 2615 459 2673 ctorum
497 2604 715 2660 Patrum
740 2603 912 2673 possit
948 2616 1166 2673 quoquo
1192 2601 1353 2658 modo
1378 2602 1645 2658 sancitum
1671 2615 1825 2672 repe-

236 2697 361 2753 riri.
396 2694 508 2752 Sed
543 2696 669 2766 quia
696 2693 1068 2763 hujuscemodi
1094 2693 1295 2752 factum
1322 2693 1467 2751 nulla
1504 2695 1825 2751 auctoritate

234 2787 489 2852 fulcitur,
517 2785 614 2841 sed
658 2785 832 2858 magis
859 2784 1017 2856 gulae,
1052 2784 1174 2841 xime
1212 2784 1453 2840 avaritia:
1483 2798 1659 2840 causa
1689 2799 1822 2840 eon-

240 2889 352 2935 atat
380 2893 502 2934 esse
527 2877 795 2945 inclitum,
839 2885 1010 2933 restat
1032 2884 1094 2932 ut
1120 2875 1259 2954 falce
1277 2874 1503 2945 justitire
1529 2883 1819 2941 resecetur,

235 2977 300 3027 et
333 2969 607 3041 aequitatis
643 2985 871 3025 censura
903 2969 972 3024 ab
1006 2967 1216 3024 eisdem
1250 2967 1386 3023 locis
1434 2968 1488 3022 in
1522 2968 1718 3037 quibus
1764 2966 1824 3021 iit

238 3080 470 3137 prorsus
500 3063 797 3119 abdicetur.
822 3062 920 3118 Est
938 3076 1141 3133 nempe
1167 3060 1486 3118 rationabile
1506 3059 1820 3130 justumme

1923 1887 2068 1942 cnim
2099 1888 2150 1941 in
2196 1887 2467 1943 nonnullis
2508 1889 2803 1958 provinciis
2845 1891 3001 1960 copia
3043 1891 3182 1946 desit
3227 1892 3356 1957 vini,
3390 1903 3502 1948 sat-

1922 1976 2187 2048 agendum
2216 1986 2302 2033 est
2325 1986 2506 2034 tamen
2544 1979 2784 2049 praelatis
2812 1988 2871 2035 ut
2896 1995 2962 2036 ex
2991 1979 3500 2050 circumiacentibus

1922 2066 2169 2123 viniferis
2190 2067 2486 2137 provinciis
2522 2069 2709 2124 vinum
2749 2070 3004 2125 habeant.
3035 2069 3300 2137 Quoniam
3328 2087 3500 2141 quau-

1923 2171 2084 2226 quam
2108 2157 2162 2211 in
2188 2157 2460 2227 plerisque
2488 2158 2800 2229 regionibus
2820 2158 2995 2214 vineae
3022 2175 3130 2216 non
3158 2160 3287 2224 sint,
3324 2161 3499 2215 abun-

1923 2248 2014 2301 dat
2041 2254 2220 2302 tamen
2241 2256 2431 2303 sancta
2457 2246 2556 2303 Dei
2598 2248 2862 2314 Ecclesia,
2890 2249 3118 2307 Domino
3146 2251 3522 2316 attn’bucnte,’

1923 2337 2152 2393 aliarum
2181 2353 2363 2394 rerum
2382 2338 2575 2408 copiis,
2597 2353 2630 2394 e
2649 2341 2848 2410 quibus
2868 2340 3136 2396 industria
3152 2341 3497 2411 proslatorum

1922 2442 1989 2483 ex
2017 2428 2140 2484 aliis
2171 2428 2469 2498 provinciis
2505 2429 2690 2484 vinum
2743 2429 2968 2501 adipisci
3010 2431 3220 2501 sibique
3245 2431 3499 2495 subditis,

1915 2518 2071 2588 juxta
2115 2517 2426 2575 facultatem
2454 2519 2643 2590 poeula
2685 2518 2935 2576 conferre
2972 2529 3221 2591 possunt.
3267 2521 3327 2576 In
3366 2521 3502 2577 locis

1923 2610 2087 2681 igitur
2120 2611 2210 2666 ubi
2237 2611 2562 2682 permodicus
2604 2623 2732 2667 sunt
2771 2625 2860 2667 res
2909 2610 3173 2677 ecclesiae,
3224 2618 3319 2665 aut
3360 2609 3504 2666 forte

1923 2701 2283 2771 quorumdam
2332 2702 2609 2757 abstracto
2651 2701 2812 2757 valde
2851 2708 3163 2766 attenuatae,
3206 2701 3366 2772 pauci
3396 2718 3503 2757 nu-

1924 2784 2097 2857 mero,
2129 2791 2313 2862 magni
2362 2798 2541 2846 tamen
2592 2791 3013 2856 constituantur,
3058 2790 3256 2856 oiiicio,
3305 2791 3504 2861 quibus

1924 2881 2114 2937 saltem
2164 2882 2443 2951 prtemissa
2492 2882 2671 2938 minor
2726 2897 2981 2939 mensura
3025 2883 3143 2938 sine
3192 2882 3505 2940 ditiicultate

1925 2974 2041 3027 dari
2067 2974 2258 3044 possit.
2298 2973 2496 3029 Diebus
2522 2988 2654 3029 vero
2701 2972 2871 3038 festis,
2900 2975 3050 3029 sicut
3092 2974 3261 3030 moris
3285 2982 3372 3030 est
3406 2974 3504 3029 Ec.

1926 3062 2122 3128 clesie,
2145 3061 2311 3133 juxta
2327 3063 2472 3133 quod
2492 3062 2687 3119 melius
2719 3062 2927 3133 praelati
2966 3071 3212 3133 possunt,
3240 3061 3503 3130 fratribus

241 3170 429 3212 coram
450 3155 563 3210 Deo
583 3163 639 3212 et
667 3155 992 3221 hominibus,
1022 3162 1084 3209 ut
1117 3154 1171 3208 in
1207 3167 1530 3224 unaquaque
1557 3152 1819 3208 canonica
1847 3157 1891 3218 C
1923 3152 2103 3207 cibum
2126 3161 2432 3224 potumque
2461 3154 2790 3210 ministrent.
2826 3153 2896 3208 ln
2924 3153 3009 3208 bis
3035 3153 3218 3224 itaque
3247 3153 3380 3211 locis
3414 3154 3505 3213 ubi

234 3245 684 3318 congregatione,
714 3260 745 3299 a
765 3245 987 3300 minimo
1000 3260 1172 3315 usque
1201 3248 1269 3299 ad
1290 3244 1609 3309 maximum,
1639 3242 1820 3297 cibum

245 3344 301 3391 et
334 3336 523 3405 potum
569 3349 758 3391 omnes
807 3333 1092 3404 aequaliter
1136 3333 1424 3404 accipiant,
1474 3331 1531 3387 hi
1574 3330 1825 3387 videlicet

239 3425 338 3497 qui
367 3440 590 3497 propter
620 3424 855 3496 aliquam
882 3425 1169 3481 utilitatem
1199 3424 1253 3478 in
1279 3437 1506 3478 numero
1533 3421 1824 3477 canonico-

240 3531 369 3573 tum
396 3516 599 3573 fuerint
619 3517 860 3573 admissi.
891 3516 1205 3586 Quanquam
1249 3516 1392 3571 enim
1422 3515 1662 3585 plerique
1704 3513 1828 3568 sub-

236 3608 485 3662 ditorum
508 3623 537 3661 a
566 3608 820 3677 praelatis,
857 3608 1022 3662 rebus
1049 3606 1376 3677 quibuslibet
1410 3605 1530 3660 aliis
1558 3603 1679 3674 plus
1720 3619 1826 3659 cte-

248 3697 384 3753 teris
410 3696 603 3751 merito
623 3696 831 3752 soleant
876 3697 1166 3762 honorari;
1205 3697 1258 3750 in
1289 3696 1391 3751 hac
1430 3702 1616 3750 tamen
1645 3693 1821 3750 socie-

242 3793 380 3851 tate,
407 3784 611 3840 seclusa
646 3799 997 3855 personarum
1031 3785 1360 3855 acceptione,
1391 3799 1497 3839 una
1531 3784 1692 3840 debet
1714 3783 1822 3839 cibi

236 3886 304 3935 ‘et
343 3884 508 3950 potus
530 3885 808 3949 :equatttas
832 3892 971 3933 esse.

799 3967 1031 4025 CAPUT
1054 3965 1273 4026 ’CXXll.

644 4056 723 4113 De
760 4075 1004 4113 mensura
1043 4059 1143 4113 cibi
1180 4068 1228 4113 et
1265 4071 1437 4129 potus.

317 4149 458 4206 Illud
518 4165 733 4221 quoque
784 4151 1271 4223 congruentissima
1333 4158 1389 4206 et
1434 4148 1828 4207 rationahiiiter

241 4242 541 4297 tenendum
572 4256 693 4297 esse
739 4241 1068 4306 censuimus,
1120 4241 1265 4296 utin
1313 4241 1539 4312 singulis
1592 4242 1727 4298 locis
1770 4242 1825 4296 in

248 4332 450 4401 quibus
474 4330 747 4387 socialiter
770 4330 1032 4385 canonice
1054 4328 1282 4385 Domino
1305 4331 1587 4397 militatur,
1605 4345 1823 4400 panem,

240 4430 304 4477 et
337 4420 692 4491 pulmentum,
736 4428 793 4475 et
831 4419 1289 4491 eleemosynarum
1338 4430 1521 4491 partes
1549 4421 1829 4490 aequaliter

1926 3242 2065 3298 forte
2087 3235 2589 3314 nonnulli'prmlati,
2621 3245 2831 3314 piorum
2858 3244 3203 3313 praelatorum
3227 3243 3504 3298 imitantes

1925 3332 2250 3403 exemplum,
2276 3333 2449 3403 magis
2479 3333 2711 3388 subditis
2736 3334 2865 3388 dare
2905 3333 3048 3388 soliti
3095 3341 3240 3399 sunt,
3272 3333 3503 3388 nullate-

1925 3439 2028 3479 nus
2051 3425 2249 3479 bonum
2276 3424 2420 3493 quod
2447 3425 2651 3478 faciunt
2677 3425 2952 3479 emittant.
2983 3424 3088 3478 Sed
3118 3432 3174 3477 et
3220 3425 3264 3479 si
3307 3424 3392 3478 cui
3435 3424 3517 3477 olr

1922 3524 2185 3571 arternam
2214 3515 2626 3571 retributionem
2642 3516 2821 3586 magis
2847 3516 3078 3571 subditis
3110 3529 3503 3586 supererogare

1926 3606 2163 3673 libuerit,
2193 3604 2441 3660 hilariter
2462 3606 2607 3674 quod
2650 3606 2889 3676 potuerit
2914 3605 3137 3661 tribuat.
3178 3604 3272 3662 Sin
3299 3616 3519 3671 autem,

1924 3697 2231 3752 nullatenus
2256 3711 2565 3752 mensuram
2595 3697 2910 3766 pmdictam
2951 3697 3156 3767 absque
3205 3695 3519 3753 inevitabili'

1925 3803 2089 3843 causa
2126 3787 2210 3843 eis
2253 3788 2556 3843 subtrahat.
2605 3786 2834 3855 Quando
2884 3787 3046 3858 igitur
3092 3796 3302 3857 tempus
3350 3787 3509 3843 steri—

1924 3878 2096 3934 litatis
2130 3878 2243 3932 vini
2281 3877 2580 3942 exstiterit,
2622 3878 2763 3934 sicut
2797 3877 2992 3933 crebro
3027 3876 3267 3947 peccatis
3300 3890 3505 3946 praepe-

1927 3969 2200 4025 dientibus
2236 3969 2456 4024 evenire
2491 3968 2647 4034 solet,
2697 3975 2752 4029 et
2802 3967 3035 4038 praelati,
3087 3977 3347 4038 quantum
3401 3966 3497 4022 dc—

1927 4060 2076 4125 bent,
2117 4059 2249 4116 dare
2294 4059 2480 4114 vinum
2528 4060 2806 4117 canonicis
2854 4060 3216 4129 nequiverint,
3271 4059 3324 4114 id
3362 4059 3509 4128 quod

1926 4149 2194 4215 dederint,
2245 4149 2328 4205 sic
2362 4151 2598 4206 discrete
2642 4158 2699 4206 et
2734 4158 3034 4220 temperate
3072 4149 3407 4207 distribuant
3442 4160 3503 4204 ut

1927 4254 2118 4296 omnes
2184 4240 2544 4295 communiter
2588 4255 2667 4296 eo
2721 4248 2961 4296 etaritur.
3035 4237 3150 4293 Non
3212 4246 3393 4292 autem
3450 4238 3504 4292 id

1927 4337 2357 4394 murmurantes,
2406 4330 2502 4384 sed
2545 4330 2716 4398 magis
2758 4343 2880 4383 cum
2926 4328 3227 4399 gratiarum
3270 4327 3506 4391 actione,

1928 4419 2071 4487 quod
2124 4418 2242 4473 dari
2278 4425 2487 4487 potest,
2535 4420 2820 4489 accipiant,
2867 4427 2924 4474 et
2966 4416 3241 4474 socialiter
3281 4417 3335 4471 in
3382 4432 3508 4473 san-

239 4508 496 4565 canonici
520 4509 803 4580 accipiant.
844 4508 910 4563 Et
931 4525 1240 4580 quanquam
1271 4510 1707 4566 decentissimum
1743 4509 1823 4564 fo—
1848 4503 1900 4562 D
1926 4516 2013 4564 cto
2032 4509 2310 4578 proposito
2333 4517 2700 4578 perseverent,
2722 4510 2922 4565 idcirco
2961 4509 3271 4580 prospicere
3297 4508 3397 4563 sibi
3420 4509 3509 4563 de-

246 4608 333 4655 ret
352 4607 419 4653 ut
441 4600 693 4657 similiter
711 4617 862 4671 aeque
885 4609 1072 4671 potum
1118 4602 1443 4672 acciperent,
1492 4619 1597 4659 non
1644 4611 1825 4658 tamen

234 4691 300 4745 id
330 4689 616 4761 mqualiter
652 4692 709 4746 in
736 4693 987 4748 omnibus
1015 4691 1167 4757 locis,
1211 4707 1313 4747 nec
1355 4692 1707 4748 ecclesiarum
1748 4694 1828 4748 di-

245 4781 577 4836 versissimae
614 4781 919 4848 facultates,
961 4794 1061 4838 nec
1087 4791 1356 4838 terrarum
1385 4782 1695 4853 qualitates,
1726 4798 1851 4838 uec'

240 4880 541 4928 eventuum
575 4875 758 4929 sinunt
784 4875 901 4931 fieri
928 4890 1085 4946 posse
1119 4877 1426 4933 varietates.
1466 4876 1619 4933 Unde
1642 4889 1829 4930 neces-

241 4963 458 5016 sarium
488 4962 739 5020 duximus
766 4972 830 5019 ut
854 4964 910 5020 in
943 4967 1044 5021 hoc
1071 4966 1286 5036 negotio
1310 4966 1529 5022 modum
1556 4965 1832 5021 discretio-

240 5053 333 5108 nis
373 5054 664 5110 tenendum
691 5056 1140 5112 describeremus.
1181 5057 1522 5128 Quapropter
1537 5056 1826 5114 communi

238 5150 393 5206 voto,
427 5146 809 5215 communique
858 5160 1144 5211 consensu,
1190 5162 1348 5204 sacro
1391 5149 1678 5204 conventui
1715 5157 1797 5202 sta

244 5240 405 5288 tuere
434 5233 640 5304 placuit
669 5244 730 5290 ut
761 5236 816 5290 in
846 5237 1099 5293 omnibus
1124 5238 1276 5304 locis,
1301 5237 1598 5307 majoribus
1621 5238 1805 5295 scilice

234 5329 301 5377 et
330 5322 652 5389 minoribus,
686 5326 1169 5399 aceipiantsinguli
1198 5328 1444 5382 canonici
1466 5342 1566 5398 per
1590 5328 1827 5398 singulos

243 5412 366 5467 dies
387 5420 625 5483 quatuor
660 5414 828 5470 libras
856 5414 991 5469 vini.
1022 5416 1080 5470 In
1125 5416 1263 5473 locis
1301 5430 1434 5472 vero
1460 5416 1552 5473 ubi
1597 5414 1827 5484 majores

236 5501 541 5560 facultates
563 5513 691 5561 sunt
710 5504 975 5573 ecclesiae,
998 5507 1152 5563 verbi
1181 5508 1376 5579 gratia,
1420 5509 1527 5563 tria
1566 5516 1661 5563 aut
1697 5522 1831 5578 qua-

242 5598 396 5658 tuor,
428 5600 526 5649 aut
554 5602 701 5651 certe
724 5603 870 5661 octo,
901 5605 957 5653 et
982 5610 1050 5653 eo
1093 5596 1328 5667 amplius
1363 5597 1530 5652 miliia
1561 5597 1754 5665 mansi,
1782 5598 1829 5653 si

242 5684 444 5741 eadem
462 5686 621 5759 regio
636 5687 746 5743 vini
782 5686 934 5744 ferax
960 5686 1145 5758 fuerit,
1181 5690 1566 5763 accipiantper
1590 5688 1830 5762 singulos

1930 4599 2061 4655 bent
2080 4598 2334 4657 canonici
2360 4608 2421 4655 ut
2440 4600 2626 4655 vinum
2652 4608 2748 4654 aut
2798 4599 3097 4669 quemlibet
3118 4599 3281 4655 alium
3320 4607 3506 4671 potum

1930 4691 1986 4744 in
2016 4689 2357 4762 eleemosyna
2400 4692 2510 4747 sibi
2556 4692 2764 4758 datum,
2796 4693 2851 4748 in
2899 4693 3168 4750 communi
3207 4694 3507 4751 recondunt

1933 4781 2172 4847 cellario,
2208 4790 2475 4852 quatenus
2512 4784 2828 4838 imminente
2850 4783 3217 4855 hujuscemodi
3253 4784 3505 4843 sterilita-

1924 4874 2004 4929 tis
2048 4881 2308 4943 tempore,
2339 4874 2453 4929 suis
2497 4874 2587 4929 eo‘
2616 4874 2980 4945 suli‘ragentur
3011 4876 3377 4932 communiter
3412 4890 3506 4930 ne-

1928 4963 2278 5019 cessitatibus
2304 4978 2319 5017 :
2348 4978 2456 5018 non
2494 4971 2675 5018 tamen
2702 4962 2784 5018 eis
2817 4970 3040 5033 propter
3062 4962 3169 5019 hoc
3210 4978 3241 5017 a
3269 4963 3508 5034 prtelatis

1932 5060 2093 5123 potus
2136 5051 2350 5107 debitus
2397 5053 2613 5123 penitus
2639 5054 3012 5119 subtrahatur,
3046 5055 3093 5109 si
3127 5062 3212 5108 est
3243 5054 3384 5109 unde
3413 5053 3506 5109 de-

1930 5153 2040 5198 tur.
2082 5142 2187 5210 Qui
2230 5152 2442 5199 veroet
2475 5144 2590 5199 suis
2639 5152 2697 5201 et
2736 5143 2991 5201 .ecclesite
3016 5144 3296 5203 abundant
3321 5142 3501 5207 rebus.

1933 5237 2171 5290 instante
2229 5235 2533 5292 sterilitatis
2579 5244 2839 5307 tempore,
2890 5236 3008 5303 eis,
3061 5249 3199 5306 quos
3244 5246 3507 5305 pauperes

1928 5326 2107 5396 pascit
2133 5324 2364 5382 ecclesia
2393 5326 2506 5381 suis
2551 5324 2898 5382 facultatibus
2921 5366 2935 5392 ,
2983 5340 3109 5380 cum
3157 5323 3422 5380 charitate
3448 5327 3504 5373 et

1936 5416 2242 5473 humilitate
2289 5416 2573 5487 suﬂ'ragari
2612 5426 2924 5487 procurent,
2956 5423 3047 5481 ut,
3067 5413 3224 5483 juxta
3275 5412 3503 5480 Aposto-

1936 5506 2046 5560 lum
2081 5526 2093 5560 :
2127 5503 2320 5560 Frater
2363 5507 2579 5576 fratrem
2622 5508 2858 5578 adjuvet,
2890 5516 2940 5561 et
2986 5504 3143 5559 ambo
3173 5501 3507 5556 consolentur

1934 5595 2113 5669 (Rom.
2141 5596 2257 5666 xv).
2289 5596 2405 5652 Non
2448 5605 2628 5652 tamen
2665 5598 2737 5653 ob
2760 5597 2812 5651 id
2845 5610 2903 5650 se
2931 5591 3290 5664 superbieudo
3335 5590 3507 5646 extol-

1932 5688 2044 5745 lant
2073 5705 2087 5744 :
2114 5689 2263 5763 quia,
2295 5689 2436 5746 sicut
2468 5690 2523 5747 in
2561 5690 2700 5747 libro
2749 5685 3004 5758 Prosperi
3046 5683 3260 5756 legitur,
3295 5699 3400 5741 non
3444 5698 3514 5737 ac
