3890 6180
480 261 580 320 919

1451 255 1849 315 sumamus
1888 239 2296 312 russeum
2333 253 2690 311 METENSIS.
3541 259 3628 320 no,

478 379 677 434 debent
736 374 1107 446 hujuscemodi
1159 375 1307 431 inani
1351 373 1614 444 jactantia
1669 375 1926 445 praeferre
1958 374 2044 428 his
2071 375 2122 434 Α
2146 370 2490 427 devotissime
2515 369 2785 439 expleant,
2826 367 2993 432 intus,
3025 339 3248 439 forisque
3273 384 3374 425 non
3389 371 3529 427 solum
3548 375 3619 429 ha-

477 482 616 537 quos
641 466 774 522 nihil
818 467 1084 523 habentes
1107 467 1281 538 pascit
1331 482 1398 521 ac
1421 467 1584 522 vestit
1627 465 1881 522 ecclesia.
1911 465 2045 520 Illud

477 558 687 613 interea
727 572 942 628 semper
973 566 1202 614 caveant
1248 557 1478 627 praelati,
1530 572 1599 611 ne
1628 557 1679 610 id
1727 557 1869 625 quod
1916 556 2047 610 dare

477 649 675 703 debent
699 655 794 702 aut
816 657 1065 717 possunt,
1111 647 1351 719 qualibet
1395 646 1823 703 dissimulatione
1851 653 1945 699 aut
1974 654 2049 701 tc-

471 738 715 793 nacitate
741 738 972 795 subditis
999 739 1352 802 subtrahant,
1399 754 1466 794 ne
1513 737 1849 808 paupertatis
1887 750 2046 791 occa-

473 829 630 884 sione
655 828 938 900 compulsi,
967 845 1068 899 per
1115 829 1331 886 diversa
1364 829 1546 900 vagari
1589 845 1652 883 ac
1697 829 1942 898 turpibus
1987 842 2046 883 se

470 916 755 988 implicare
782 920 1014 991 negotiis
1040 927 1334 990 cogantur:
1360 920 1655 990 relictoque
1678 921 2046 977 ecclesiastico

471 1008 672 1076 oilicio,
710 1011 972 1083 incipiant
1008 1012 1408 1085 indisciplinate
1455 1013 1659 1079 vivere,
1704 1023 1760 1068 et
1810 1015 2046 1084 propriis

467 1098 838 1170 voluptatibus
863 1102 1170 1170 deservire;
1200 1111 1256 1158 et
1285 1103 1512 1174 praelati,
1545 1105 1637 1174 qui
1673 1105 1752 1160 eis
1791 1121 2043 1161 necessa-

476 1193 555 1247 ria
581 1192 879 1264 largiendo,
908 1209 938 1248 a
985 1195 1214 1250 Domino
1265 1197 1602 1252 remunerari
1641 1206 1921 1267 poterant,
1965 1200 2046 1254 di-

473 1283 661 1338 stricte
690 1291 747 1337 et
792 1297 981 1340 severe
1023 1286 1356 1356 judicentur.
1409 1287 1552 1342 Dent
1578 1288 1776 1358 quippe
1825 1290 1905 1344 eis
1933 1291 2047 1361 pul-

474 1381 736 1437 mentum,
763 1372 922 1442 juxta
973 1375 1116 1443 quod
1144 1375 1290 1430 vires
1318 1385 1644 1445 suppetunt,
1689 1388 1744 1434 et
1789 1380 1906 1436 loca
1966 1383 2044 1437 eis

471 1473 707 1531 congrua
765 1464 1063 1519 attribuant
1111 1483 1124 1518 :
1175 1466 1231 1520 in
1285 1466 1484 1535 quibus
1521 1471 1816 1524 nutrimina
1878 1471 2042 1537 ﬁant,

467 1551 613 1604 unde
671 1553 978 1606 necessaria
1029 1553 1304 1623 pulmenta
1363 1557 1630 1622 habeant,
1669 1561 1912 1629 exceptis
1958 1562 2045 1617 his

467 1653 589 1706 qua:
619 1640 686 1695 de
708 1641 950 1697 ecclesiae
973 1643 1117 1700 villis
1150 1645 1234 1700 vel
1276 1646 1642 1703 oblationibus
1671 1649 1907 1706 ﬁdelium
1953 1668 2044 1708 ac-

2147 460 2261 515 bitu
2287 469 2343 514 et
2369 467 2514 526 actu,
2535 462 2628 516 sed
2661 459 2818 514 etiam
2844 459 2960 528 ipso
2983 459 3187 514 incessu
3207 460 3617 530 irreprehensibilcs

2147 551 2400 605 existant.
2433 550 2630 606 Utnon
2663 550 2775 604 otio
2797 558 3008 613 vacent,
3041 566 3140 605 non
3177 551 3463 619 vaniloquiis
3489 553 3621 608 inser-

2147 640 2316 705 viant,
2347 657 2452 696 non
2500 640 2927 695 detractionibus
2963 648 3020 694 et
3055 642 3253 696 caneris
3298 644 3513 697 vitiorum
3546 646 3621 700 ille

2147 728 2327 785 cebris
2364 730 2703 795 incumbant,
2733 731 2829 785 sed
2872 731 3053 800 potius
3079 739 3169 785 aut
3211 734 3436 797 orationi,
3460 744 3534 788 aut
3570 736 3621 792 le-

2147 819 2333 886 ctioni,
2367 831 2462 875 aut
2497 819 2825 890 quibuslibet
2851 820 3092 875 ecclesiae
3111 860 3126 885 ,
3171 829 3260 874 aut
3291 830 3420 877 certe
3442 824 3623 894 propriis

2146 912 2468 968 utilitatibus
2491 919 2702 975 vacent,
2734 919 2825 966 aut
2851 911 3017 966 etiam
3058 912 3303 966 doctrinis
3347 914 3472 968 sanis
3494 923 3539 968 et
3565 916 3625 970 di-

2145 1017 2425 1058 versarum
2467 1003 2666 1057 artium
2700 1003 3018 1058 erudiantur
3062 1003 3382 1072 disciplinis:
3412 1005 3474 1059 ita
3512 1007 3625 1063 vide-

2145 1096 2292 1162 licet,
2325 1104 2386 1151 ut
2413 1095 2592 1152 nullus
2623 1096 2677 1150 in
2698 1096 3114 1167 congregatione
3137 1096 3344 1162 inutilis,
3368 1106 3445 1150 aut
3469 1098 3625 1153 otiosus

2145 1189 2414 1253 existens,
2443 1188 2713 1258 stipendia
2754 1187 2996 1242 ecclesia:
3023 1187 3304 1242 inolIiciose
3347 1189 3550 1258 accipiat.
3575 1188 3625 1244 Ut

2145 1279 2388 1350 quotidie
2425 1279 2494 1334 ad
2533 1278 2872 1334 collationem
2898 1278 3140 1343 veniant,
3169 1277 3257 1332 ubi
3297 1287 3348 1333 et
3370 1278 3485 1332 hanc
3511 1278 3624 1332 insti-

2147 1371 2409 1426 tutionem
2434 1379 2490 1425 et
2517 1371 2744 1425 aliarum
2765 1369 3169 1438 Scripturarum
3196 1377 3469 1423 sanctarum
3491 1368 3626 1423 lectio-

2146 1479 2244 1519 nes
2266 1464 2565 1533 perlegant,
2595 1472 2654 1518 et
2692 1478 2791 1533 pro
2820 1463 3071 1518 admissis
3106 1463 3307 1518 veniam
3329 1463 3566 1532 postulent,
3585 1473 3621 1517 el

2144 1555 2469 1608 sententiam
2505 1567 2606 1622 pro
2649 1552 2908 1622 qualitate
2961 1552 3182 1607 admissi
3215 1552 3475 1622 suscipiant
3512 1569 3523 1606 :
3559 1553 3625 1606 ubi

2143 1643 2307 1699 etiam
2361 1645 2429 1698 de
2467 1643 2740 1698 communi
2785 1642 3032 1712 profectu
3083 1651 3138 1698 et
3177 1641 3393 1698 utilitate
3432 1641 3624 1697 Ecclesia:

465 1732 691 1800 cipiunt.
721 1732 967 1790 Habeant
993 1737 1176 1806 itaque
1206 1738 1368 1794 iidem
1415 1742 1662 1796 canonici
1715 1742 1902 1798 hortos
1927 1744 2030 1799 ole-

2141 1743 2496 1804 pertractent.
2527 1735 2599 1790 Ut
2631 1750 2820 1790 omnes
2853 1735 2908 1788 in
2955 1734 3289 1799 dormitorio,
3313 1734 3405 1790 nisi
3427 1750 3556 1804 quem
3574 1735 3625 1789 in-

465 1839 608 1888 rum,
639 1825 782 1880 unde
827 1843 951 1882 cum
991 1830 1203 1884 caeteris
1237 1830 1624 1887 additamentis
1667 1832 1882 1902 aliquod
1922 1835 2038 1904 pul-

464 1926 706 1971 mentum
733 1920 976 1987 quotidie
1012 1921 1064 1975 in
1122 1921 1412 1978 refectorio
1451 1924 1554 1979 sibi
1604 1925 1844 1982 vicissim
1885 1928 2037 1982 mini-

463 2015 654 2062 strent.
684 2008 914 2078 Propter
940 2011 1280 2068 diversitates
1305 2029 1537 2084 namque
1564 2024 1619 2070 et
1645 2015 2037 2086 inaequalitates

463 2113 860 2166 mensurarum,
897 2115 1017 2170 quze
1042 2103 1181 2173 apud
1207 2103 1496 2174 plerosque
1532 2122 1639 2162 non
1671 2121 1825 2176 asque
1851 2122 2038 2162 secun-

459 2187 588 2242 dum
634 2188 848 2244 Domini
891 2190 1098 2262 legem,
1127 2193 1221 2248 sed
1265 2196 1560 2250 secundum
1612 2196 2036 2267 uniuscujusque

459 2278 756 2347 provinciae
785 2295 940 2336 usum
976 2282 1260 2347 habentur,
1294 2301 1604 2342 mensuram
1642 2287 1747 2342 cibi
1796 2299 1851 2344 et
1877 2298 2036 2360 potus

457 2367 716 2437 ponderis
736 2370 945 2424 ratione
973 2374 1245 2430 canonicis
1268 2363 1500 2430 dandam
1536 2391 1658 2432 esse
1698 2379 2032 2445 censuimus,

455 2459 639 2514 ethoc
668 2459 807 2523 ideo,
845 2461 969 2530 quia
992 2477 1116 2516 cum
1157 2462 1525 2534 hujuscemodi
1569 2482 1836 2523 mensurae
1859 2469 2036 2524 diver-

457 2550 688 2607 sissima:
712 2560 769 2606 et
789 2552 1081 2623 intequales
1095 2555 1306 2611 soleant
1321 2559 1531 2622 haberi,
1547 2559 1820 2628 publicum
1854 2573 2032 2616 tamen

462 2642 675 2709 pondus
703 2644 1018 2714 provinciis,
1055 2645 1387 2713 civitatibus,
1416 2650 1756 2720 metallisque
1781 2651 2031 2719 inditum,

455 2731 588 2786 nihil
616 2733 946 2790 diversitatis
973 2745 1066 2791 aut
1103 2738 1483 2810 inmqualitatis
1507 2741 1619 2812 pati
1662 2742 1850 2807 debet,
1900 2758 2034 2813 qua-

371 2814 380 2819 ’
457 2827 618 2874 tenus
633 2821 771 2877 sicut
793 2823 934 2877 idem
956 2826 1163 2894 pondus
1192 2843 1406 2899 aequum
1436 2839 1737 2899 permanet,
1764 2831 1838 2884 ita
1867 2833 2031 2886 etiam

457 2909 650 2964 eadem
665 2926 917 2968 mensura
945 2930 1096 2984 reque
1119 2915 1225 2971 illis
1248 2919 1536 2973 tribuatur.
1565 2919 1826 2974 Noverint
1850 2929 2030 2976 tamen

455 3003 782 3072 generaliter
813 3021 1004 3062 omnes
1026 3009 1216 3063 libram
1249 3025 1356 3065 non
1389 3011 1620 3081 amplius
1640 3027 1801 3081 quam
1837 3013 2031 3069 duode-

454 3093 562 3149 cim
605 3095 781 3150 unciis
805 3105 1054 3154 constare
1101 3099 1316 3155 debere.

989 3207 1218 3267 CAPUT
1256 3211 1484 3268 CXXIII.

451 3289 607 3361 Quod
647 3314 680 3351 a
717 3297 950 3367 pralatis
985 3301 1193 3424 gemiti:
1245 3303 1413 3424 gustia
1450 3305 1518 3357 sit
1568 3304 1788 3359 subditis
1837 3306 2030 3377 impen-

1182 3389 1246 3424 en
1287 3390 1351 3424 α.

1182 3389 1318 3426 emta
1336 3412 1351 3427 ο

523 3455 764 3514 Solerter
792 3461 1029 3531 prailatis
1067 3466 1421 3535 satagendum
1468 3475 1571 3532 est,
1600 3477 1661 3521 ut
1703 3483 1798 3526 eos
1834 3469 2029 3540 quibus

446 3559 704 3619 praesunt,
755 3551 934 3608 verbis
959 3561 1014 3606 et
1047 3554 1308 3624 exemplis
1334 3556 1400 3611 ad
1433 3562 1571 3612 bene
1598 3557 1891 3613 vivendum
1941 3560 2027 3612 in-

446 3641 684 3696 forment
736 3657 751 3694 :
808 3639 1023 3711 ﬁxoque
1075 3643 1237 3699 corde
1286 3647 1578 3701 tenendum
1629 3663 1696 3702 ne
1745 3663 1839 3703 eos
1874 3651 2026 3719 quasi

447 3733 718 3802 proprios,
759 3733 854 3787 sed
901 3741 961 3787 ut
985 3733 1196 3789 Domini
1228 3735 1314 3790 sui
1363 3751 1600 3808 gregem,
1637 3746 1874 3794 tractare
1914 3756 2028 3796 me-

447 3821 722 3887 minerint,
763 3821 923 3888 juxta
957 3823 1088 3878 illud
1110 3825 1254 3894 quod
1288 3825 1454 3882 Petro
1501 3828 1735 3882 dicitur:
1763 3829 1823 3884 Si
1850 3831 2029 3902 diligis

445 3924 550 3975 me,
575 3927 728 3979 pasce
760 3927 875 3966 oues
902 3929 1043 3968 meas
1069 3913 1252 3986 (Joan.
1294 3916 1431 3990 xxI).
1482 3918 1650 3985 Meas,
1682 3921 1877 3992 inquit,
1918 3940 2026 3979 non

446 4010 586 4056 tuas.
618 4001 686 4056 Et
731 4003 834 4057 hoc
863 4003 984 4058 ideo
1014 4005 1264 4072 dicimus,
1311 4008 1438 4078 quia
1487 4017 1614 4064 sunt
1640 4012 1904 4078 nonnulli,
1935 4016 2026 4084 qui

445 4104 575 4144 oves
601 4089 825 4158 Christi,
857 4107 965 4148 non
987 4107 1171 4148 amore
1191 4093 1418 4162 Christi,
1450 4099 1544 4153 sed
1570 4115 1681 4155 suae
1707 4101 1789 4156 vel
1818 4102 2023 4172 gloriae,

445 4181 530 4235 vel
564 4181 966 4250 dominationis,
997 4185 1082 4240 vel
1124 4195 1364 4256 quaestus
1407 4190 1582 4260 gratia
1621 4201 1867 4261 pascunt.
1919 4192 2025 4270 Sed

444 4280 500 4325 et
534 4273 635 4328 hoc
667 4273 952 4344 vigilanter
1001 4279 1332 4346 perpendere
1373 4280 1604 4346 debent,
1639 4284 1784 4352 quod
1831 4285 2022 4339 eadem

442 4364 620 4431 pastio
649 4365 827 4436 gregis
848 4365 1128 4470 Dominici,
1150 4383 1255 4423 non
1287 4368 1562 4470 unii‘ormi,
1588 4373 1684 4428 sed
1705 4374 2020 4430 multimoda
2045 4411 2100 4470 Β

443 4465 530 4509 est
575 4456 938 4512 sollicitudine
975 4461 1208 4529 gerenda
1245 4476 1260 4515 :
1307 4461 1516 4518 scilicet
1563 4465 1689 4533 quia
1719 4474 1776 4520 et
1803 4474 2019 4523 terrena

443 4545 682 4602 subsidia
705 4546 988 4617 diligenter
1011 4547 1118 4604 illis
1148 4551 1414 4619 praebere,
1441 4561 1496 4606 et
1529 4554 1775 4623 exempla
1805 4556 2020 4612 virtutis

443 4636 605 4690 simul
635 4653 760 4692 cum
794 4639 962 4694 verbo
984 4642 1387 4710 praedicationis
1417 4644 1616 4699 debent
1642 4645 1872 4702 sollicite
1917 4649 2020 4703 im-

443 4727 700 4791 pendere.
733 4726 1073 4799 Quapropter
1099 4732 1315 4787 studeat
1337 4735 1712 4805 unusquisque
1738 4738 2015 4806 praelatus,

443 4825 504 4868 ut
531 4816 745 4874 familia:
765 4819 965 4874 Christi
993 4837 1262 4878 annonam
1286 4825 1609 4894 spiritalem,
1638 4829 2018 4902 carnalemque

444 4905 676 4962 ﬁdeliter
715 4907 1120 4977 subministret,
1162 4920 1222 4966 ut
1262 4913 1401 4970 efﬁci
1439 4924 1714 4971 mereatur
1750 4921 2021 4992 evangeli-

443 5011 540 5051 cus
572 5011 797 5063 servus,
833 5001 899 5055 de
940 5018 1047 5072 quo
1086 5004 1286 5060 dicitur
1315 5021 1330 5060 :
1356 5004 1558 5063 Fidelis
1587 5025 1765 5066 servus
1802 5022 1850 5067 et
1895 5031 2020 5084 pru-

441 5089 590 5156 dens,
625 5108 776 5162 quem
805 5097 1073 5150 constituit
1105 5097 1348 5154 dominus
1382 5117 1538 5172 super
1565 5102 1824 5172 familiam
1845 5123 2016 5172 suam,

441 5190 497 5234 ut
520 5181 605 5235 det
626 5180 731 5236 illis
761 5183 816 5236 in
843 5193 1068 5254 tempore
1104 5188 1266 5240 tritici
1290 5205 1586 5245 mensuram
1610 5192 1824 5258 (Matth.
1852 5211 2013 5261 ntv;

440 5271 570 5326 Luc.
599 5272 718 5345 xu).
763 5272 922 5344 Ergo,
971 5276 1112 5332 sicut
1160 5280 1388 5336 subditis
1438 5286 1742 5340 necessaria
1773 5290 2014 5357 corporis

441 5360 706 5428 tribuunt,
739 5362 812 5416 ita
860 5364 1209 5422 nihilominus
1238 5371 1458 5426 studere
1484 5373 1702 5439 debent,
1751 5384 1813 5429 ut
1845 5376 2010 5432 iidem

440 5451 839 5524 religiosissime
862 5457 1105 5513 ordinem
1127 5461 1447 5517 canonicum
1480 5472 1718 5531 servent,
1749 5473 1803 5521 et
1818 5468 2012 5536 praela-

441 5539 510 5591 tis
564 5541 675 5595 suis
721 5558 785 5599 ac
835 5545 1107 5616 magistris
1144 5547 1404 5605 honorem
1450 5551 1691 5607 debitum
1737 5554 2014 5612 humiliter

443 5628 770 5694 impendant.
827 5635 896 5692 Ut
947 5639 1097 5694 horis
1157 5642 1435 5698 canonicis
1481 5644 1723 5701 divinum
1773 5645 2007 5704 ofﬁcium

2141 1825 2370 1881 ﬁrmitas
2415 1834 2511 1880 aut
2567 1835 2818 1880 senectus
2865 1827 2918 1880 id
2968 1825 3151 1883 facere
3195 1829 3509 1899 prohibuerit,
3542 1828 3625 1881 dor-

2138 1915 2345 1969 miant:
2375 1915 2432 1970 in
2463 1913 2754 1970 refectorio
2778 1917 3022 1986 quotidie
3063 1933 3170 1972 una
3215 1918 3493 1974 reﬁciantur
3517 1930 3528 1968 :
3549 1914 3623 1969 nisi

2138 2005 2278 2062 forte
2307 2021 2468 2076 quem
2495 2007 2795 2062 necessitas
2822 2007 3011 2064 abesse
3034 2007 3362 2078 compulerit,
3384 2015 3431 2062 et
3446 2005 3527 2062 hoc
3548 2020 3623 2057 non

2138 2097 2255 2151 sine
2276 2096 2494 2152 licentia
2521 2097 2765 2166 magistri
2793 2096 2904 2153 ﬁat.
2926 2095 3037 2152 Illis
3070 2111 3276 2166 quoque
3305 2093 3626 2152 cnmcdentilms

2137 2195 2194 2241 et
2241 2187 2514 2242 silentium
2561 2187 2811 2258 religiose
2861 2187 3198 2254 tenentibus,
3231 2185 3537 2244 continuatim
3573 2183 3625 2236 le-

2137 2286 2296 2350 gatur
2336 2279 2516 2345 lectio,
2537 2288 2594 2334 et
2619 2281 2688 2335 ab
2730 2279 2816 2336 his
2861 2281 3227 2338 intentissime
3247 2281 3480 2340 audiatur,
3508 2277 3625 2331 vicis~

2137 2373 2240 2427 sim
2274 2372 2328 2426 in
2373 2370 2662 2426 refectorio
2694 2381 2749 2426 et
2772 2372 2982 2428 caeteris
3010 2371 3375 2429 communibus
3403 2369 3625 2425 necessita-

2137 2463 2281 2518 tibus
2329 2463 2431 2517 sibi
2475 2462 2830 2518 fraternitatis
2865 2461 3050 2521 otiicio
3101 2464 3342 2520 serviant.
3395 2459 3452 2516 Ut
3493 2456 3623 2512 nullus

2136 2553 2301 2620 foras,
2331 2553 2434 2608 nisi
2469 2568 2566 2623 per
2587 2552 2862 2608 licentiam
2907 2555 3242 2623 egrediatur,
3283 2566 3497 2625 egressus
3525 2562 3623 2617 quo-

2135 2656 2241 2712 que
2267 2641 2471 2697 nullum
2502 2642 2570 2697 de
2593 2657 2651 2698 se
2674 2643 2993 2698 detractioni
3043 2645 3217 2700 locum
3257 2645 3359 2709 det,
3388 2641 3467 2696 sed
3501 2637 3626 2706 magis

2137 2730 2456 2788 imitabilem
2472 2747 2530 2787 se
2556 2732 2768 2788 cunctis
2794 2734 3080 2790 exhibeat.
3099 2735 3247 2790 Hanc
3263 2735 3407 2804 igitur
3425 2730 3628 2803 geminam

2134 2823 2438 2894 pastionem
2464 2823 2670 2894 praelati
2700 2825 2802 2880 sibi
2838 2826 3157 2882 commissis
3192 2825 3368 2880 ovibus
3391 2819 3624 2892 impendere

2135 2914 2404 2971 instanter
2445 2924 2768 2985 procurent,
2817 2923 3002 2986 utpote
3061 2933 3159 2988 pro
3209 2915 3456 2972 animabus
3489 2921 3625 2965 eorum

2135 3002 2365 3060 Domino
2395 3005 2658 3060 rationem
2688 3004 2951 3060 reddituri
3003 3023 3022 3059 :
3065 3015 3320 3078 quatenus
3343 3003 3543 3058 videlicet
3559 3010 3626 3051 eas

2133 3095 2338 3165 pastori
2365 3096 2606 3152 omnium
2637 3096 2883 3162 Christo,
2916 3113 3143 3155 summo
3167 3097 3403 3170 pontiﬁci,
3428 3107 3567 3150 secum
3587 3091 3625 3145 in

2135 3187 2399 3242 tremendi
2424 3187 2695 3242 examinis
2743 3187 2830 3242 die
2880 3187 3085 3245 illzesas
3134 3193 3508 3260 prazsentantes,
3545 3195 3619 3236 non

2132 3291 2254 3332 cum
2286 3277 2533 3348 reprobis
2555 3286 2613 3333 et
2640 3277 2825 3334 divina
2853 3279 3066 3336 ultione
3087 3280 3330 3336 feriendis
3355 3278 3618 3334 damnentur.

2132 3366 2229 3420 sed
2251 3367 2430 3436 potius
2453 3381 2576 3422 cum
2609 3367 2797 3423 electis
2835 3371 3151 3439 pastoribus
3173 3377 3409 3441 perpetua
3430 3364 3619 3420 felicitate

2130 3475 2160 3514 a
2191 3460 2420 3516 Domino
2449 3471 2885 3518 remunerentur.

2669 3574 2896 3632 CAPUT
2936 3577 3176 3633 CXXIV.

2133 3658 2198 3715 Ut
2227 3665 2488 3734 canonici,
2511 3665 2646 3717 sicut
2692 3665 2746 3718 in
2777 3667 3016 3734 cwteris,
3062 3668 3137 3722 ita
3181 3668 3330 3722 etiam
3367 3668 3414 3720 in
3433 3661 3542 3716 cultu
3563 3671 3618 3710 rc-

2376 3733 2534 3786 stiunt
2585 3735 2801 3788 modum
2843 3745 3060 3792 teneant
3101 3737 3422 3792 discretionis.

2199 3817 2453 3886 Quaerere
2492 3822 2672 3890 potius
2702 3823 2873 3878 Deum
2900 3826 3112 3882 cultum
3158 3827 3327 3882 cordis
3365 3836 3497 3893 quam
3533 3830 3616 3871 cor.

2129 3909 2298 3976 poris,
2341 3911 2685 3967 evidentibus
2722 3913 3024 3983 Scripturae
3063 3926 3262 3972 sanctre
3297 3923 3424 3986 patet
3447 3907 3615 3966 indiciis.

2129 3998 2361 4056 Proinde
2387 4003 2662 4058 canonicis
2689 4005 2816 4059 totis
2841 4006 3053 4062 viribus
3079 4006 3438 4064 elaborandum
3461 4008 3541 4061 est,
3573 4002 3613 4047 ιιι

2127 4101 2182 4147 et
2225 4093 2535 4149 indumenta
2565 4095 2824 4150 virtutum
2852 4097 3097 4154 habeant
3131 4099 3365 4160 interius,
3388 4105 3434 4148 et
3454 4105 3530 4162 per
3545 4089 3617 4141 im-

2127 4185 2464 4240 moderatum
2509 4185 2710 4241 cultum
2757 4198 2992 4244 caveant
3037 4191 3379 4246 dehonestare
3412 4174 3618 4252 religionis

2127 4275 2445 4345 dignitatem
2497 4276 2758 4331 exterius.
2810 4276 3090 4344 Quantum
3149 4280 3304 4334 etiam
3343 4291 3371 4330 a
3416 4265 3619 4340 superﬂuo

2125 4375 2180 4422 et
2227 4367 2580 4424 immoderato
2627 4369 2773 4424 cultu
2818 4371 3052 4426 vestium
3115 4387 3173 4428 se
3216 4377 3513 4440 compescere
3555 4359 3618 4411 dc-

2123 4458 2306 4525 beant,
2333 4460 2517 4516 multis
2555 4469 2863 4517 sanctorum
2894 4460 3120 4518 Patrum
3145 4458 3455 4518 documentis
3474 4448 3618 4547 perde

2123 4552 2237 4606 ceri
2273 4559 2472 4622 potest.
2515 4551 2655 4608 Dicit
2693 4553 2839 4608 enim
2873 4554 3071 4610 beatus
3093 4554 3430 4623 Hieronymus
3454 4547 3498 4601 in

2121 4643 2262 4699 stola
2324 4645 2392 4698 ad
2447 4643 2795 4700 Eustochium
2844 4663 2858 4700 :
2915 4645 3060 4701 Sunt
3115 4647 3327 4716 quidam
3377 4639 3469 4696 mei
3513 4631 3618 4688 ordi-

2121 4736 2208 4790 nis
2260 4737 2457 4807 quibus
2490 4737 2667 4792 omnis
2721 4752 2850 4792 cura
2899 4747 2986 4793 est
3035 4739 3102 4793 de
3143 4738 3394 4796 vestibus,
3440 4729 3478 4783 si
3519 4725 3615 4778 bene

2119 4828 2326 4892 oleant,
2378 4829 2424 4884 si
2473 4844 2568 4900 pes
2611 4829 2734 4884 laxa
2775 4830 2915 4900 pelle
2961 4847 3068 4886 non
3121 4830 3336 4886 folleat:
3379 4825 3526 4882 crines
3555 4827 3618 4868 α·

2122 4923 2351 4976 lamistri
2401 4923 2629 4993 vestigio
2678 4932 2958 4998 rotantur,
3003 4923 3158 4994 digiti
3210 4923 3274 4976 de
3335 4913 3517 5008 annalis
3545 4918 3613 5008 ta-

2120 5013 2290 5075 diant,
2330 5021 2385 5067 et
2435 5028 2502 5068 ne
2531 5013 2742 5083 plantas
2770 5013 3046 5069 humidior
3077 5014 3164 5068 via
3207 5016 3428 5082 spargat,
3451 5004 3522 5093 vis
3544 5004 3612 5093 it!"

2120 5101 2359 5170 primunt
2386 5117 2596 5157 summa
2625 5103 2849 5174 vestigia
2877 5123 2889 5155 :
2923 5103 3079 5168 tales,
3103 5102 3289 5171 inquit,
3319 5111 3426 5152 cum
3450 5090 3610 5144 videris.

2121 5206 2348 5260 sponsos
2389 5193 2562 5262 magis
2593 5194 2879 5259 aestimato,
2910 5209 3072 5263 quam
3115 5193 3353 5249 clericos.
3384 5187 3443 5241 Et

2120 5284 2414 5368 Gregorius
2461 5284 2686 5355 (Homil.
2715 5286 2748 5340 6
2782 5287 2838 5341 in
2887 5286 3118 5357 Evang.)
3157 5299 3172 5337 :
3221 5282 3410 5343 Nemo,
3451 5275 3609 5373 manili

2118 5378 2350 5432 ωειίηιοι
2373 5355 2427 5432 in
2451 5377 2579 5432 luxu
2605 5387 2770 5449 atque
2797 5379 2852 5434 in
2875 5378 3056 5434 studio
3076 5355 3413 5448 pretiosam!!!
3438 5361 3609 5449 πίω

2117 5473 2400 5537 peccatum
2423 5469 2613 5526 deesse
2643 5487 2658 5524 :
2682 5447 2814 5539 quia
2844 5471 2888 5526 si
2915 5470 3021 5526 hoc
3045 5447 3200 5538 culpa
3222 5480 3322 5522 non
3346 5465 3487 5521 ὤθει,

2118 5561 2279 5614 modo
2305 5557 2567 5615 Joannem
2583 5561 2842 5616 Dominus
2872 5561 2937 5616 de
2965 5556 3263 5614 vestimenti
3287 5553 3360 5610 sui
3385 5545 3608 5617 ιδροτίυιε

2119 5648 2406 5705 laudasset.
2462 5650 2520 5705 Si
2569 5650 2749 5706 cultus
2789 5651 3024 5706 vestium
3067 5647 3219 5717 culpa
3248 5660 3345 5701 non
3372 5643 3510 5698 esscl,
3539 5640 3608 5682 ³⁸⁸
