3890 6180
306 311 412 370 921

980 308 1118 367 περ
1128 307 1264 367 ULA
1299 308 1795 370 CANONICORUM
1830 311 1882 367 A'

1988 310 2188 372 LARIO
2224 314 2607 375 COLLECTA.
2643 348 2718 362 -
2746 315 2878 376 LIB.
2912 318 2955 376 Ι.

305 439 585 498 quaquam
612 421 817 480 Paulus
836 424 1114 493 apostolus
1139 438 1238 494 per
1264 423 1550 494 epistolam
1596 423 1829 479 feminas
1852 438 1883 478 a
1910 423 1963 481 A
1986 438 2120 481 usus
2157 426 2303 482 nulla
2331 428 2657 485 auctoritate
2678 430 3025 501 approbatur,
3057 432 3154 489 sed
3178 432 3360 505 potius
3380 435 3455 493 ab
3474 436 3564 494 his

300 517 671 590 pretiosarum
699 515 930 569 vestium
963 515 1202 584 appetitu
1232 522 1622 585 compesceret,
1651 512 1840 569 dicens
1868 530 1881 566 :

301 605 437 665 Non
463 606 522 660 in
546 613 682 659 veste
703 590 939 673 γίνεῑίοω
967 600 1027 675 (1
1054 599 1186 658 Tim.
1231 602 1316 674 ll).
1365 602 1715 659 Pensandum
1730 601 1889 657 nobis

300 710 654 767 summopere
689 704 774 752 est
811 696 879 750 de
911 696 1061 752 cultu
1110 697 1343 752 vestium
1366 734 1383 762 ,
1438 710 1562 767 quae
1596 693 1757 763 culpa
1791 692 1886 758 sit,

302 790 412 842 hoc
447 787 609 842 etiam
634 787 782 841 viros
808 794 1084 856 appetere,
1114 803 1147 842 a
1184 801 1293 856 quo
1332 787 1545 842 curavit
1568 792 1757 855 pastor
1798 798 1888 839 ec-

301 875 485 930 clesia:
513 883 570 930 et
589 872 822 931 feminas
856 875 1167 946 prohibere.
1190 875 1530 947 Quapropter
1555 882 1771 945 oportet
1795 887 1887 929 ea-

301 964 533 1019 nonicos
557 972 870 1020 sanctarum
894 963 1302 1034 Scripturarum
1330 962 1642 1019 auctoritati
1665 977 1885 1033 parere,

301 1061 729 1123 sanctorumque
748 1051 976 1108 Patrum
1000 1054 1323 1109 documenta
1343 1052 1635 1124 vigilanter
1651 1065 1884 1123 perpen-

301 1143 455 1209 dere,
480 1150 547 1198 ut
564 1143 889 1209 humilitate,
930 1159 1095 1214 quam
1130 1143 1295 1199 corde
1332 1152 1572 1215 gestant,
1606 1152 1755 1209 actu,
1782 1143 1885 1197 ha—

302 1233 444 1299 bitu,
493 1232 728 1300 incessu,
762 1232 879 1303 ipsa
901 1233 1068 1289 etiam
1092 1232 1446 1303 equitatione,
1476 1232 1884 1305 religiosissime

304 1324 703 1389 demonstrent,
750 1324 976 1394 plusque
1008 1324 1179 1379 velint
1221 1331 1411 1380 sancta
1449 1325 1881 1391 conversatione,

305 1414 633 1484 eximiisque
671 1415 936 1479 moribus,
965 1430 1130 1485 quam
1153 1423 1351 1471 ornatu
1393 1416 1628 1471 vestium
1656 1414 1879 1487 fulgere.

304 1504 367 1560 Si
396 1505 540 1560 enim
570 1520 725 1560 more
771 1505 1182 1577 conjugatorum
1235 1506 1292 1561 in
1321 1520 1381 1563 se
1422 1506 1759 1571 ordinandis,
1801 1506 1885 1561 ni-

301 1603 424 1650 tore
442 1594 693 1659 vestium,
717 1595 956 1665 phaleris
983 1610 1271 1667 equorum,
1296 1597 1613 1667 ueterisque
1630 1598 1881 1654 humanae

298 1687 560 1743 vanitatis
585 1686 751 1743 rebus
797 1686 952 1743 abusi
981 1686 1213 1754 fuerint,
1253 1689 1462 1746 scilicet
1494 1698 1556 1745 ut
1592 1703 1654 1746 se
1687 1689 1880 1745 simili-

1986 515 2080 586 qui
2120 530 2311 572 sanum
2346 518 2585 589 sapiunt,
2616 521 2816 576 merito
2865 522 3281 592 reprehenditur
3321 533 3379 580 et
3407 540 3566 598 repu-

1985 605 2188 673 diatur,
2225 616 2438 680 oportet
2470 616 2530 664 ut
2575 609 2804 674 abhinc,
2838 625 2908 667 ne
2953 612 3050 667 iiat
3085 614 3325 684 penitus,
3363 616 3565 674 inbibi-

1984 703 2101 753 tum
2128 697 2220 754 sit.

2507 786 2737 845 CAPUT
2786 789 3022 846 CXXVI.

1989 876 2109 945 Qua
2143 878 2466 958 auctoritate
2483 879 2667 958 ,ἠοῖ-ω.
2707 882 2975 937 canonica:
3027 881 3350 958 celebrentur
3367 925 3381 949 ,
3433 903 3568 958 quas

2079 949 2212 1003 scire
2249 965 2312 1003 ac
2347 948 2586 1019 religiose
2615 948 2889 1006 observare
2925 953 3205 1008 canonicos
3242 948 3462 1027 oportet.

2058 1061 2399 1134 (Excerptum
2424 1077 2491 1117 ea:
2518 1062 2653 1117 libro
2680 1060 2980 1134 Oﬁiciorum
3005 1064 3204 1119 Isidori
3221 1105 3238 1131 ,
3273 1064 3311 1118 ι.
3336 1079 3380 1131 t,
3402 1078 3455 1121 c.
3481 1064 3563 1137 9.)

1986 1153 2185 1210 Horam
2218 1154 2461 1221 tertiam,
2508 1161 2742 1222 sextam,
2769 1163 2827 1211 et
2862 1171 3083 1223 nonam,
3132 1157 3321 1212 Daniel
3364 1165 3423 1213 et
3449 1167 3564 1215 tres

1982 1247 2138 1318 pueri
2164 1247 2648 1319 supplicationibus
2666 1247 2998 1304 devovet-unt
3026 1248 3192 1321 (Dan.
3220 1248 3297 1323 vi)
3318 1291 3334 1313 ,
3358 1251 3567 1307 scilicet

1984 1347 2047 1394 ut
2070 1340 2139 1395 ab
2170 1347 2294 1395 ortu
2338 1339 2444 1395 diei
2470 1338 2527 1393 in
2571 1346 2784 1408 tempus
2813 1337 3218 1408 supplicationis
3254 1345 3386 1395 tres‘
3411 1339 3562 1396 hora:

1981 1439 2271 1501 porrectae,
2303 1429 2589 1486 Trinitatis
2612 1428 2769 1484 nobis
2792 1427 3156 1484 reverentiam
3183 1428 3562 1484 declararent:

1985 1520 2297 1590 pariterque
2331 1535 2364 1575 a
2386 1520 2551 1577 tertia
2575 1527 2632 1574 et
2675 1527 2847 1584 sexta,
2877 1533 3052 1589 usque
3092 1519 3220 1574 inde
3246 1518 3314 1573 ad
3341 1533 3562 1585 nonam,

1982 1624 2084 1680 per
2128 1609 2267 1667 lucis
2289 1608 2571 1665 intervalla
2615 1606 2741 1663 latis
2774 1606 3204 1664 dimensionibus
3249 1608 3562 1672 terminata,

1986 1698 2224 1754 Trinitas
2248 1708 2333 1755 ter
2360 1699 2415 1754 in
2449 1698 2538 1754 die
2564 1705 2751 1768 rogata
2779 1696 3067 1753 coleretur.
3097 1698 3229 1752 Illud
3260 1698 3426 1752 etiam
3467 1712 3565 1752 oc-

298 1778 409 1833 hIIB
436 1776 516 1832 illi
570 1777 773 1834 debere
808 1779 1157 1843 contendam.
1190 1781 1245 1835 in
1276 1795 1386 1851 quo
1431 1795 1619 1837 eorum
1656 1795 1882 1837 οοιιτθτ-
1905 1758 1957 1822 Β
1983 1792 2156 1847 currit
2201 1792 2269 1848 ad
2302 1758 2680 1861 probationem
2718 1787 3045 1844 venerabilis
3070 1786 3372 1847 Trinitatis.
3421 1786 3565 1858 quod

296 1867 446 1922 satio
472 1882 504 1921 a
537 1866 798 1923 laicorum
844 1868 1049 1925 distare
1075 1869 1383 1927 videbitur?
1428 1872 1594 1927 Decet
1627 1885 1794 1942 porro
1818 1880 1880 1927 ut

296 1972 493 2013 eorum
517 1957 639 2014 talis
665 1959 740 2014 sit
774 1960 1005 2016 vestium
1032 1960 1232 2028 cultus,
1261 1964 1354 2034 qui
1398 1963 1685 2021 occasione
1727 1963 1882 2020 vani-

297 2049 434 2104 tatis
477 2058 696 2116 carcat,
739 2061 794 2108 et
844 2052 981 2108 nihil
1035 2054 1314 2122 novitatis,
1345 2055 1481 2111 nihil
1534 2053 1880 2127 superﬂuita—

294 2138 372 2193 tis
424 2139 696 2205 redoleat,
750 2140 996 2214 nihilque
1043 2144 1518 2215 reprehensionis,
1561 2153 1658 2201 aut
1699 2145 1881 2201 detra-

292 2229 498 2286 ctionis
522 2230 740 2287 habeat.
789 2230 908 2288 Non
954 2231 1105 2290 enim
1149 2233 1458 2304 specialiter
1499 2234 1751 2305 praesumi
1791 2235 1880 2291 de-

293 2321 395 2376 bet
418 2320 489 2377 ab
516 2320 716 2392 aliquo,
737 2322 883 2392 quod
906 2337 1015 2378 non
1048 2323 1375 2394 generanter
1396 2333 1648 2380 teneatur
1668 2324 1741 2381 ab
1762 2338 1881 2380 om-

294 2411 482 2480 nibus,
514 2412 569 2469 id
594 2421 699 2480 est,
726 2429 835 2471 nec
868 2413 993 2487 plus
1012 2412 1167 2483 justo
1192 2415 1393 2472 cultior
1428 2416 1617 2483 vestis,
1663 2431 1766 2473 nec
1797 2416 1879 2472 in-

295 2501 462 2558 solita
499 2510 664 2575 atque
695 2505 958 2562 deformis
988 2506 1158 2577 :quia
1184 2506 1238 2561 in
1268 2513 1503 2578 utroque
1525 2507 1762 2574 illorum,
1787 2514 1882 2563 aut

294 2593 575 2663 elationis,
595 2605 691 2652 aut
716 2604 869 2654 certe
885 2597 1252 2654 simulationis
1277 2614 1417 2654 noxa
1448 2605 1707 2670 pateseet.
1734 2598 1882 2654 Inter

296 2700 595 2762 utrumque
634 2692 779 2748 enim
818 2693 994 2748 virtus
1051 2692 1398 2750 discretionis
1451 2692 1881 2755 moderatissime

294 2783 533 2838 tenenda
558 2788 662 2838 est.
688 2781 818 2849 Qum
848 2782 1163 2854 plenissime
1189 2783 1245 2839 in
1270 2782 1393 2839 Vita
1418 2783 1559 2840 beati
1592 2781 1879 2855 Augustini

297 2870 467 2943 (Cap.
500 2871 627 2943 2i),
658 2873 714 2927 in
771 2872 986 2929 laudem
1032 2872 1177 2929 illius
1226 2873 1461 2943 prolata,
1505 2873 1581 2929 ita
1628 2872 1875 2945 legitur:

296 2961 482 3019 Vestis
530 2962 647 3033 ejus
697 2970 756 3018 et
800 2962 1189 3028 calceamenta,
1217 2963 1302 3019 vel
1345 2963 1615 3030 lectualia,
1646 2979 1716 3020 ex
1769 2977 1882 3019 mo-

1983 1879 2219 1951 Spiritus
2261 1887 2482 1937 sanctus
2527 1880 2663 1935 hora
2699 1879 2886 1945 tertia,
2914 1879 3021 1934 hoc
3067 1885 3173 1945 est,
3201 1892 3300 1933 suo
3333 1877 3453 1933 loco
3506 1885 3565 1932 et

1980 1988 2207 2030 numero
2229 1980 2285 2029 et
2313 1980 2558 2043 tempore
2585 1970 2867 2028 descendit
2895 1970 2964 2026 ad
3007 1976 3205 2035 terras,
3242 1968 3564 2038 impleturus

1981 2065 2213 2138 gratiam
2245 2078 2408 2134 quam
2432 2060 2685 2119 Christus
2709 2059 2980 2133 promisit.
3006 2058 3145 2115 Nam
3167 2067 3223 2115 et
3246 2065 3398 2114 sexta
3429 2058 3564 2113 hora

1980 2156 2230 2217 Christus
2277 2169 2506 2225 passus,
2563 2153 2621 2208 in
2665 2167 2865 2209 nonam
2909 2150 3138 2224 patibuli
3194 2150 3562 2205 cruciamenta

1978 2246 2243 2320 porrexit.
2279 2245 2395 2301 Tali
2426 2245 2570 2300 enim
2602 2252 2947 2300 sacramento
2967 2242 3225 2312 legitimis
3252 2240 3319 2296 ad
3345 2254 3561 2311 precem

1980 2339 2318 2411 temporibus
2342 2353 2441 2409 per
2484 2345 2668 2393 ternas
2709 2336 2874 2392 horas
2921 2335 3209 2392 Trinitatis
3262 2332 3562 2406 perfectio,

1980 2436 2077 2485 aut
2110 2427 2361 2483 laudatur
2407 2424 2835 2491 celebritatibus,
2886 2431 2981 2479 aut
3013 2424 3268 2495 precibus
3308 2423 3566 2493 impetra-

1981 2527 2091 2575 tur.
2135 2517 2291 2574 Licet
2330 2516 2463 2572 etsi
2502 2506 2846 2584 computetur
2873 2513 3068 2568 diurna
3114 2511 3422 2575 celebritas,
3468 2524 3568 2580 per

1978 2609 2391 2681 quaternarium
2416 2623 2587 2678 usque
2610 2609 2665 2663 in
2693 2605 3062 2678 vespertinum
3089 2596 3463 2668 oiiicium,hoc
3477 2611 3568 2659 est

1980 2713 2176 2777 quater
2198 2703 2369 2760 ternis
2392 2700 2745 2772 significatur,
2788 2698 2914 2767 quia
2953 2697 3187 2752 mundus
3225 2692 3559 2765 quadrifario

1982 2795 2210 2860 divisus,
2238 2794 2294 2849 in
2331 2792 2597 2848 Trinitate
2622 2789 2879 2846 salvatus.
2914 2786 3194 2857 Siquidem
3225 2795 3281 2841 et
3324 2785 3376 2839 in
3404 2793 3564 2839 nocte

1982 2885 2249 2941 stationes
2274 2882 2472 2955 vigiliae
2512 2879 2764 2936 militaris
2795 2878 2849 2934 in
2890 2883 3123 2948 quatuor
3151 2884 3331 2946 partes
3359 2874 3564 2938 divisa‘,

1987 2974 2158 3031 ternis
2202 2974 2462 3029 horarum
2503 2969 2694 3041 spatiis
2724 2974 3106 3029 secernuntur,
3153 2973 3214 3018 ut
3248 2963 3385 3019 etin
3438 2962 3570 3032 ipsis

294 3055 491 3155 demto
522 3065 580 3109 et
624 3055 951 3156 competenti
980 3056 1169 3111 habitu
1209 3065 1405 3122 erant,
1451 3072 1554 3113 nec
1596 3056 1767 3113 nitida
1791 3056 1880 3111 ni-
1911 3098 1957 3161 Ο
1987 3064 2273 3121 nocturnis
2322 3060 2794 3131 mundialibusque
2838 3056 3030 3112 oiliciis
3060 3054 3342 3109 Trinitatis
3372 3060 3561 3124 myste-

293 3143 495 3209 mium,
520 3158 620 3200 nec
654 3142 863 3212 abjeeta
909 3144 1202 3214 plurimum
1258 3162 1274 3199 :
1317 3145 1445 3216 quia
1496 3146 1584 3201 his
1631 3145 1878 3216 plerique

293 3236 387 3291 vel
407 3235 618 3303 jactare
644 3251 766 3292 sese
797 3236 1093 3292 insolenter
1112 3236 1359 3293 homines
1388 3237 1583 3304 solent,
1609 3237 1698 3292 vel
1746 3237 1884 3308 abji-

295 3342 447 3393 cere,
478 3343 544 3382 ex
593 3334 825 3398 utroque
852 3343 959 3383 non
1001 3342 1122 3398 quae
1169 3326 1298 3384 Jesu
1339 3327 1575 3393 Christi,
1623 3329 1719 3384 sed
1762 3343 1884 3398 quae

296 3432 401 3474 sua
427 3424 588 3482 sunt,
620 3425 945 3487 quaerentes.
974 3417 1047 3472 At
1088 3416 1215 3482 iste,
1244 3424 1306 3472 ut
1349 3416 1484 3483 dixi,
1522 3416 1764 3472 medium
1802 3422 1883 3470 te-

294 3512 486 3575 nebat,
511 3523 686 3580 neque
712 3507 781 3563 ad
806 3508 1083 3565 dexteram
1106 3546 1123 3573 ,
1167 3521 1344 3578 neque
1382 3506 1450 3562 ad
1476 3505 1753 3562 sinistram
1789 3504 1879 3560 de-

296 3600 533 3656 clinans.

316 3708 325 3714 -
857 3669 1085 3728 CAPUT
1111 3668 1324 3727 CXXV.

342 3780 418 3837 Ut
464 3781 704 3837 canonici
746 3780 985 3837 cucullos
1031 3780 1408 3836 monachorum
1451 3795 1556 3835 non
1599 3780 1845 3834 induant.

375 3889 874 3960 Reprehensibilem
907 3898 965 3946 et
991 3890 1360 3947 ecclesiastica
1386 3888 1769 3946 emendatione
1792 3888 1881 3944 di-

298 3997 468 4053 gnum
515 3981 654 4052 apud
683 3981 972 4052 plerosque
1016 3981 1313 4038 canonicos
1349 3980 1639 4036 inolevisse
1672 3992 1885 4048 compe-

301 4071 479 4126 rimus
512 4088 693 4136 usum,
722 4087 788 4127 eo
814 4072 958 4142 quod
979 4079 1170 4126 contra
1194 4086 1401 4127 morem
1430 4069 1884 4134 ecclesiasticum,

299 4163 567 4228 cucullas,
601 4164 799 4235 quibus
840 4163 970 4219 solis
1017 4163 1298 4219 monachis
1352 4161 1614 4218 utendum
1669 4169 1777 4228 est,
1805 4161 1892 4217 iu-

300 4250 476 4308 duant
508 4269 523 4305 :
554 4267 676 4307 cum
707 4253 896 4322 utique
923 4251 1136 4307 illorum
1183 4251 1430 4307 habitum
1475 4249 1693 4322 penitus
1724 4266 1889 4306 usur-

296 4361 434 4417 pare
485 4360 592 4400 non
641 4345 913 4410 debeant,
957 4359 989 4399 a
1036 4359 1266 4414 quorum
1321 4343 1602 4414 proposito
1648 4343 1885 4413 quodam

1993 3156 2139 3212 rium
2167 3163 2481 3211 veneretur.

2494 3239 2725 3298 CAPUT
2780 3236 3035 3295 CXXVII.

2548 3332 2626 3386 De
2668 3329 2991 3399 uespertinis.

2055 3422 2433 3495 Vespertinum
2478 3419 2656 3477 diurni
2686 3417 2811 3473 linis
2845 3416 3104 3481 cilicium,
3152 3422 3207 3470 et
3234 3412 3458 3468 alterna;-
3489 3412 3569 3465 lu—

1981 3519 2062 3575 cis
2088 3530 2311 3573 occasus
2331 3522 2436 3579 est,
2452 3510 2606 3580 cujus
2637 3525 2703 3566 ex
2735 3507 2920 3563 Veteri
2944 3507 3292 3562 Testamento
3314 3503 3571 3560 solemnis

1981 3619 2067 3668 est
2089 3607 2404 3667 celebratio.
2439 3603 2596 3677 (Isid.
2628 3602 2848 3668 ibid.,c.
2871 3596 2986 3671 20.)
3019 3597 3262 3666 Denique
3297 3595 3401 3650 hoc
3431 3604 3570 3650 tem-

1978 3714 2114 3774 pore
2157 3706 2401 3754 veterum
2453 3693 2726 3752 sacriﬁcia
2764 3689 2969 3756 offerri,
3015 3687 3334 3756 adoleriquc
3378 3685 3572 3769 altario

1984 3797 2226 3847 aromata
2269 3794 2327 3843 et
2359 3787 2517 3841 thura
2555 3798 2676 3838 mos
2722 3789 2860 3837 erat.
2894 3778 3076 3834 Testis
3102 3784 3189 3832 est
3231 3775 3571 3847 hymnidicus

1984 3882 2095 3947 ille,
2125 3878 2274 3951 regio
2315 3894 2379 3933 ac
2410 3872 2731 3932 sacerdotali
2759 3870 3078 3942 perfunctus
3105 3865 3302 3931 cilicio,
3335 3865 3522 3919 dicens
3552 3879 3568 3918 :

1985 3972 2260 4043 Dirigatur
2282 3968 2452 4023 oratio
2482 3982 2594 4020 mea
2615 3965 2749 4018 sicut
2778 3963 3048 4017 incensum
3067 3959 3123 4012 in
3147 3964 3425 4025 conspectu
3453 3963 3568 4014 tuo;

1985 4063 2201 4120 elevatio
2272 4074 2526 4114 manuum
2574 4070 2811 4110 mearum
2853 4050 3175 4120 sacriﬁcium
3228 4045 3575 4116 vespertinum

1986 4153 2187 4224 (Ea-od.
2221 4168 2321 4217 xx;
2357 4147 2507 4205 Psal.
2535 4146 2680 4217 exc).
2710 4145 2767 4198 in
2799 4140 2950 4196 Novo
2988 4152 3202 4210 quoque
3224 4135 3573 4190 Testamento

1986 4258 2052 4299 eo
2098 4252 2339 4312 tempore
2364 4237 2650 4307 {Dominus
2692 4241 2749 4288 et
2789 4231 3041 4287 Salvator
3094 4233 3308 4303 noster,
3354 4239 3550 4279 cmnan

1987 4335 2133 4390 tibus
2158 4329 2438 4402 apostolis,
2473 4325 2795 4397 mysterium
2824 4322 2907 4378 sui
2937 4319 3185 4389 corporis
3211 4327 3267 4374 et
3295 4315 3574 4386 sanguinis

298 4408 467 4492 modo
513 4436 716 4491 distant
745 4453 758 4488 :
791 4408 918 4505 quia
972 4408 1113 4490 sicut
1154 4408 1442 4490 indecens-
1463 4443 1577 4499 est,
1626 4408 1686 4489 υἱ
1731 4449 1883 4488 arma
1909 4438 1964 4499 Β
1989 4422 2145 4477 initio
2184 4419 2425 4483 tradidit,
2448 4426 2511 4472 ut
2536 4424 2749 4484 tempus
2771 4414 2947 4483 ipsum
2971 4408 3254 4474 sacriﬁcii,
3285 4421 3571 4505 vesperum

298 4525 559 4580 militaria
594 4539 743 4579 more
784 4525 1046 4580 laicorum
1092 4531 1336 4595 gestent,
1367 4523 1443 4577 ita
1497 4523 1754 4578 nimirum
1801 4522 1886 4577 in-

296 4616 591 4671 honestum
617 4623 673 4671 et
698 4614 855 4670 valde
882 4615 1195 4669 indecorum
1225 4621 1330 4679 est,
1374 4621 1437 4667 ut
1488 4612 1712 4668 alterius
1753 4627 1885 4682 pro-

294 4706 466 4776 positi
508 4705 820 4761 iudumcuta
876 4705 980 4760 sibi
1013 4706 1313 4774 imponant.
1365 4701 1600 4757 Habitus
1650 4716 1886 4771 namque

293 4794 638 4866 singulorum
664 4796 915 4851 ordinum
945 4795 1153 4850 idcirco
1189 4794 1244 4848 in
1283 4790 1514 4848 ecclesia
1541 4790 1609 4846 ab
1650 4791 1885 4845 invicem

294 4886 527 4941 discreti
548 4892 696 4953 sunt,
719 4893 782 4941 ut
801 4887 890 4942 his
911 4885 1065 4951 visis,
1080 4883 1233 4953 cujus
1254 4882 1521 4956 propositi
1542 4882 1615 4937 sit
1641 4888 1882 4951 gestans,

294 4976 388 5030 vel
418 4976 473 5031 in
521 4991 629 5047 qua
656 4975 994 5048 professione
1038 4977 1267 5032 Domino
1296 4975 1515 5040 militet,
1549 4972 1758 5044 liquido
1801 4987 1890 5028 eo-

294 5075 615 5139 gnoscatur.
646 5066 781 5122 Nam
810 5073 866 5123 et
889 5066 1099 5122 Domini
1128 5068 1245 5139 lege
1276 5064 1458 5138 (Deut.
1489 5063 1628 5134 xxn)
1656 5063 1743 5120 vir
1768 5078 1887 5118 mu-

294 5161 551 5226 liebrem,
591 5168 646 5215 et
672 5160 870 5216 mulier
910 5159 1122 5215 virilem
1158 5158 1481 5230 prohibetur
1522 5156 1749 5211 induere
1794 5168 1888 5211 ve-

298 5258 481 5314 stem,
525 5250 735 5307 scilicet
780 5259 842 5305 ut
891 5257 1121 5320 uterque
1177 5262 1341 5305 sexus
1392 5245 1498 5302 sibi
1542 5244 1886 5301 convenienti

294 5349 458 5397 veste
480 5341 701 5397 indutus
737 5342 974 5406 incedat.
1007 5339 1160 5396 Sicut
1188 5338 1332 5394 enim
1380 5344 1540 5406 turpe
1571 5342 1657 5390 est
1704 5334 1882 5388 virum

294 5435 514 5487 vestem
540 5430 880 5495 muliebrem,
909 5437 966 5486 et
995 5428 1278 5484 mulierem
1308 5434 1516 5482 vestem
1559 5424 1771 5480 virilem
1803 5424 1885 5479 in-

295 5522 490 5585 dcere,
525 5520 601 5578 ita
629 5521 783 5578 valde
833 5521 1147 5578 indecorum
1198 5527 1284 5574 est
1325 5515 1648 5573 canonicum
1678 5521 1881 5569 vestem

297 5611 659 5668 monasticam
689 5610 933 5677 induere,
978 5610 1084 5666 nisi
1117 5618 1296 5664 tamen
1342 5621 1467 5663 cum
1519 5612 1669 5660 veste
1715 5603 1882 5658 etiam

299 5702 641 5769 propositum
663 5702 892 5758 voluerit
924 5715 1216 5756 assumere.
1250 5700 1314 5754 Et
1336 5697 1464 5766 quia
1512 5695 1881 5761 huiuscemodi
1930 5759 1939 5763 _

1990 4511 2301 4569 ostenderet
2343 4506 2548 4563 saeculi.
2598 4505 2835 4561 Proinde
2877 4503 2930 4558 in
2966 4502 3175 4557 honore
3204 4514 3269 4554 ac
3310 4495 3573 4552 memoria

1993 4612 2263 4660 tantorum
2306 4608 2770 4656 sacramentorum
2797 4638 2812 4662 ,
2862 4597 2950 4651 his
3006 4591 3341 4664 temporibus
3384 4590 3575 4645 adesse

1990 4712 2091 4752 nos
2135 4695 2291 4750 decet
2327 4692 2421 4747 Dei
2472 4689 2878 4760 conspectibus,
2923 4695 2979 4742 et
3006 4698 3305 4755 personare
3352 4681 3405 4736 in
3455 4679 3575 4748 ejus

1990 4786 2244 4850 cultibus,
2285 4783 2595 4838 orationum
2625 4786 2936 4834 nostrarum
2962 4776 3039 4831 illi
3069 4772 3395 4830 sacrificium
3443 4769 3574 4825 oil'e—

1986 4886 2190 4939 rentes,
2227 4882 2386 4945 atque
2425 4873 2481 4928 in
2534 4871 2653 4942 ejus
2696 4868 2947 4924 laudibus
2987 4866 3194 4938 pariter
3216 4862 3569 4920 exsultantes.

1988 4970 2287 5040 Vesperum
2321 4975 2502 5022 autem
2548 4962 2886 5019 nominatum
2913 4975 2945 5015 a
2990 4958 3169 5014 sidere
3195 4956 3339 5026 quod
3367 4953 3574 5023 Vesper

1989 5068 2241 5127 vocatur,
2262 5066 2319 5113 et
2339 5056 2625 5112 decidente
2652 5052 2765 5108 sole
2783 5051 3049 5107 exoritur.
3076 5048 3153 5103 De
3173 5061 3281 5117 quo
3308 5043 3573 5116 propheta

1987 5151 2122 5206 dicit
2170 5167 2184 5204 :
2220 5149 2289 5204 Et
2323 5161 2590 5219 vesperum
2642 5159 2802 5216 super
2857 5141 2999 5213 ﬁlios
3045 5140 3317 5195 hominum
3360 5134 3572 5207 prodire

1991 5241 2124 5311 facis
2153 5238 2294 5309 (Job.
2325 5235 2581 5308 xxxvm).

2490 5325 2719 5382 CAPUT
2768 5321 3026 5380 CXXVIII
3048 5357 3065 5372 .

2056 5419 2214 5492 (Isid.
2240 5417 2392 5482 ibid.,
2414 5434 2461 5471 e.
2481 5416 2545 5471 2|
2557 5415 2596 5488 .)
2611 5416 2688 5471 De
2699 5413 2993 5485 Completis
3009 5418 3190 5465 autem
3207 5400 3567 5479 celebrandis,

1987 5512 2041 5567 id
2063 5511 2227 5567 etiam
2265 5510 2317 5564 in
2340 5508 2562 5564 Patrum
2601 5505 2878 5563 invenitur
2903 5498 3188 5569 exemplis,
3226 5494 3395 5550 David
3438 5507 3563 5562 pro-

1983 5603 2146 5673 pheta
2172 5601 2427 5657 dicente:
2466 5598 2527 5654 St'
2552 5596 2837 5652 escendero
2862 5594 2917 5646 in
2943 5590 3131 5645 lectum
3175 5584 3327 5641 strati
3365 5583 3462 5637 nisi
3521 5581 3569 5636 si

1984 5693 2174 5749 dedero
2199 5706 2434 5747 somnum
2461 5687 2624 5744 oculis
2668 5686 2817 5751 meis,
2847 5689 2894 5736 ct
2917 5678 3176 5749 ραέρςοιινὶδ
3217 5675 3341 5733 meis
3369 5673 3568 5741 dormt}
