3890 6180
1329 290 1735 359 AHALARIUS
1774 289 2004 352 PRESB
2013 284 2192 350 YTER
2229 282 2586 350 ΠΕἸῈΝΞΪΒ.

3456 282 3605 347 9'25

315 434 655 498 mima
922 420 1237 492 temporibus
1261 417 1414 481 meis,
1441 416 1606 470 donec
1632 411 1892 467 inscitiam
1921 408 1972 469 Α
1999 415 2240 477 tempore
2258 406 2578 465 institutum.
2603 405 2916 475 primitusin
2936 402 3214 461 Bethleem
3227 406 3617 467 monasterio,

321 527 497 582 locum
553 521 810 583 Domino,
869 510 1262 570 tabernaculum
1319 509 1432 563 Deo
1486 506 1657 560 Jacob‘
1695 501 1888 575 (Psal.

318 613 531 684 eum).
555 611 686 679 Quis
710 621 814 663 non
839 611 1053 676 stnpeat
1081 609 1287 657 tantam
1315 601 1371 654 in
1399 598 1496 652 Dei
1522 611 1708 651 amore
1726 592 1893 649 animi

325 705 684 763 devotionem,
715 704 775 753 u‘t
815 708 1065 750 somnum
1107 691 1233 756 sibi,
1270 690 1389 745 sine
1420 704 1529 758 quo
1561 686 1745 754 utique
1767 694 1894 737 cor-

326 809 456 864 pora
491 792 725 844 humana
779 784 1056 848 deﬁciunt,
1080 779 1301 851 penitus
1328 775 1687 837 interdiiterit,
1726 775 1895 828 donec

324 884 501 938 locum
532 894 597 934 ac
635 875 892 945 templum
932 871 1162 927 Domino
1191 867 1562 924 fabricandum
1591 865 1646 919 in
1675 872 1896 934 pectore

327 988 425 1027 suo
456 985 550 1026 rex
578 976 635 1025 et
658 966 918 1039 pr0phcta
962 959 1264 1033 reperiret?
1294 957 1425 1025 Quae
1477 970 1565 1010 res
1603 967 1700 1008 nos
1739 952 1899 1008 debet

327 1061 547 1117 fortiter
569 1059 883 1122 admonere,
914 1063 975 1108 ut
996 1052 1043 1106 si
1072 1050 1172 1122 ipsi
1216 1048 1370 1102 locus
1398 1044 1612 1101 Domini
1657 1057 1778 1098 esse
1803 1056 1899 1095 vo-

326 1152 525 1216 lumus,
548 1156 604 1204 et
628 1144 1036 1203 tabernaculum
1070 1140 1189 1209 ejus
1216 1147 1311 1192 aut
1355 1134 1610 1204 templum
1654 1131 1900 1201 cupimus

327 1241 535 1306 haberi,
565 1240 621 1294 in
659 1246 917 1307 quantum
955 1244 1265 1301 possumus,
1297 1223 1544 1294 exempla
1588 1230 1900 1278 sanctorum

328 1333 622 1395 imitemur,
665 1344 736 1384 ne
767 1327 836 1382 de
860 1324 1015 1379 nobis
1050 1322 1263 1375 dicatur
1296 1316 1439 1387 quod
1476 1314 1672 1385 legitur
1710 1330 1723 1365 :
1764 1311 1900 1364 Dor-

321 1425 553 1478 inierunt
579 1434 821 1475 somnum
853 1430 1006 1470 suum
1027 1421 1077 1466 et
1099 1409 1229 1466 nihil
1271 1411 1575 1464 invenerunt
1605 1419 1782 1459 omnes
1808 1399 1903 1457 uiri

321 1514 634 1571 diuitiarum
671 1511 728 1565 in
762 1507 1004 1562 manibus
1025 1500 1136 1560 suis
1160 1501 1330 1575 (Psal.
1354 1498 1543 1570 Lxxv).

854 1634 1082 1694 CAPUT
1129 1633 1367 1691 CXXIX.

1994 497 2086 551 ubi
2116 497 2374 552 Dominus
2401 505 2585 551 noster
2624 495 2783 551 Jesus
2807 496 3057 552 Christus
3084 512 3183 567 pro
3208 498 3605 567 redemptione

1994 586 2245 641 humanm
2290 584 2480 640 salutis
2515 599 2579 640 ex
2613 585 2834 655 Virgine
2872 587 3021 641 nasci
3050 588 3303 657 dignatus
3318 596 3443 642 est:
3476 587 3607 641 sic-

1995 690 2101 745 que
2141 691 2209 731 ex
2232 674 2322 730 illo
2351 690 2449 745 per
2477 676 2796 730 universum
2848 676 3111 730 mundum
3158 677 3402 745 ejusdem
3434 678 3609 731 enic-

1996 766 2261 821 bratiouis
2274 766 2504 821 invaluit
2520 766 2872 821 consuetudo.
2894 767 3139 822 Diluculo
3154 777 3331 822 autem
3349 769 3611 838 proinde

1995 863 2205 920 oratur,
2236 856 2381 926 quod
2418 858 2748 913 resurrectio
2786 856 2991 912 Christi
3036 858 3354 913 celebretur.
3408 858 3609 913 hiatu-

1997 945 2107 998 tina
2135 953 2317 999 autem
2362 944 2488 999 luce
2516 928 2782 1011 iadiante,
2830 945 3092 1001 Dominus
3115 956 3172 1001 et
3192 947 3446 1003 Salvator
3488 965 3609 1002 no-

1996 1043 2112 1088 ster
2135 1034 2201 1087 ab
2217 1033 2410 1089 inferis
2431 1034 2753 1099 resurrexit,
2769 1036 2987 1104 quando
3005 1037 3310 1106 empitoriri
3327 1037 3607 1092 ﬁdelibus

1996 1123 2112 1189 lux,
2141 1139 2262 1193 quae
2300 1124 2566 1179 moriente
2603 1123 2825 1179 Christo
2859 1125 3134 1180 occiderat
3178 1128 3601 1196 peccatoribus.

2000 1211 2277 1283 Siquidem
2328 1216 2597 1270 eteadem
2652 1223 2896 1284 tempore
2940 1217 3153 1270 cunctis
3207 1232 3329 1286 spes
3381 1216 3600 1272 futura

2000 1306 2411 1360 resurrectionis
2463 1306 2726 1371 creditur,
2782 1321 2907 1361 cum
2958 1322 3148 1362 omnes
3168 1308 3299 1378 justi
3346 1307 3423 1361 ab
3469 1309 3605 1362 hac

2004 1397 2281 1467 temporali
2309 1406 2502 1463 morte,
2527 1397 2686 1466 quasi
2714 1412 2741 1451 a
2770 1413 2965 1473 sopgre
2997 1399 3173 1454 somni
3210 1410 3617 1470 resurgentes,-

2001 1485 2362 1557 evigilabunt.

2531 1574 2759 1633 CAPUT
2794 1577 3026 1634 CXXXI.

2076 1670 2339 1727 Studeant
2393 1679 2741 1741 summopere
2778 1672 3027 1728 canonici
3074 1672 3367 1743 praedictas
3410 1672 3613 1729 horas

399 1735 635 1806 Antiqua
672 1739 756 1788 est
785 1729 1090 1803 vigiliarum
1128 1726 1364 1789 devotio,
1407 1722 1673 1778 familiare
1699 1720 1899 1775 bonum
1926 1742 1977 1810 B-

323 1830 584 1889 umnibus
616 1826 816 1883 sanctis
859 1823 1016 1898 (Isid.
1053 1822 1204 1886 ibid.,-
1237 1838 1283 1875 c.
1331 1817 1446 1889 Ξῖ).
1475 1817 1641 1874 Isaias
1667 1817 1901 1886 denique

325 1923 593 1995 propheta
636 1917 905 1975 exclamat
939 1914 1008 1970 ad
1041 1912 1349 1977 Dominum,
1381 1910 1567 1965 dicens
1598 1927 1610 1961 :
1655 1907 1733 1961 De
1757 1915 1903 1961 nocte

324 2014 507 2086 ‘mgilat
520 2012 733 2084 spiritus
758 2026 901 2064 meus
926 2007 995 2061 ad
1011 2017 1078 2073 te,
1094 2004 1258 2070 Deus,-
1271 2004 1397 2075 quia
1419 2001 1512 2055 lux
1532 2008 1788 2072 praecepta
1811 2007 1902 2050 tua

326 2115 454 2161 sunt
478 2121 635 2176 super
659 2106 852 2157 terram
896 2098 1053 2168 (Isai.
1082 2093 1254 2163 xxvi).
1283 2094 1414 2149 Item
1452 2091 1641 2155 David,
1674 2097 1729 2143 et
1754 2088 1904 2158 regio

329 2192 387 2252 et
436 2193 753 2267 prophetico
809 2188 1178 2245 san‘ctilicatus
1235 2189 1548 2256 unguento,
1601 2182 1676 2236 ita
1714 2180 1901 2236 canit:

332 2276 511 2340 Media
539 2293 687 2338 nocte
714 2281 987 2352 surgebam
1029 2278 1098 2333 ad
1132 2267 1481 2345 conﬁtendum
1516 2272 1608 2327 tibi
1642 2288 1797 2342 super
1813 2271 1906 2342 ju-

323 2376 471 2429 ‘dicia
502 2373 726 2444 justitia:
760 2377 865 2424 tua:
891 2367 1062 2439 (Psal.
1106 2365 1316 2437 cxvm).
1361 2364 1476 2419 Hoc
1504 2376 1736 2432 namque
1769 2370 1906 2414 tem-

324 2474 462 2536 pore
485 2472 724 2519 vastator
752 2460 973 2531 angelus
1025 2458 1319 2521 transiens,
1349 2454 1710 2527 primogenita
1737 2451 1908 2524 Egy-

326 2559 566 2630 ptidrum
587 2554 846 2628 perculsit
879 2550 1075 2624 (Εᾰὲοά.
1125 2548 1247 2621 xn).
1282 2548 1435 2605 Unde
1479 2555 1534 2602 et
1564 2561 1662 2600 nos
1684 2544 1907 2614 vigilare

323 2658 579 2721 oportet,
638 2663 706 2703 ne
747 2643 991 2716 periculo
1052 2640 1429 2713 .Egyptiorum
1487 2635 1937 2692 admisceamur.,

328 2742 531 2797 Iisdem
563 2739 728 2795 etiam
768 2736 918 2793 horis
964 2741 1253 2789 venturum
1283 2746 1341 2786 se
1383 2745 1504 2785 esse
1533 2729 1588 2783 in
1618 2724 1908 2797 Evangelia

338 2829 589 2882 Salvator
629 2824 881 2881 asseruit.
940 2822 1094 2878 Unde
1139 2819 1207 2875 ad
1249 2818 1584 2890 vigilandum
1632 2812 1910 2870 auditores

325 2930 465 2977 “suos
508 2917 868 2981 exsuscitans,
902 2913 1075 2969 dicit:
1106 2911 1258 2967 Beati
1304 2910 1440 2966 servi
1489 2908 1589 2973 illi,
1619 2924 1748 2979 quos
1791 2923 1910 2960 cum

334 3010 528 3066 uenerit
556 3008 826 3071 Dominus,
848 3006 1098 3060 invenerit
1125 3003 1414 3072 vigilantes.
1434 3001 1503 3055 Et
1529 3002 1576 3055 si
1600 3001 1906 3067 vespertina,

336 3100 531 3169 inquit,
576 3099 709 3152 hora
762 3095 980 3161 venerit,
1012 3103 1059 3148 et
1090 3095 1135 3147 si
1168 3092 1342 3146 media
1390 3099 1558 3156 nocte,
1605 3099 1652 3143 et
1687 3090 1732 3143 si
1781 3087 1908 3159 galli
1934 3091 1982 3156 ς

325 3200 514 3257 tanta,
539 3188 588 3244 et
618 3188 865 3243 invenerit
882 3202 981 3241 eos
1003 3184 1295 3256 vigilantes,
1318 3172 1452 3236 beati
1481 3190 1601 3234 sunt
1629 3180 1761 3234 servi
1782 3177 1860 3231 illi
1889 3196 1906 3232 :

332 3283 510 3352 itaque
565 3289 614 3334 et
652 3295 741 3333 uos
787 3285 949 3332 e’stote
993 3273 1190 3346 parati,
1225 3273 1350 3344 quia
1394 3271 1602 3325 nescitis
1633 3276 1738 3341 qua
1777 3268 1909 3322 liora

336 3357 389 3425 F
392 3372 516 3425 ilius
551 3369 775 3441 hominis
803 3376 1047 3423 venturus
1072 3364 1395 3438 esthatth.
1424 3378 1578 3428 xxxv;
1611 3361 1738 3414 Luc.
1786 3358 1906 3431 ιλιι).

332 3461 616 3533 Siquidem
641 3476 744 3517 nec
768 3456 950 3515 verbis
973 3456 1144 3513 solum
1167 3454 1349 3511 docuit
1371 3452 1598 3524 vigilias,
1624 3452 1716 3507 sed
1745 3450 1910 3505 etiam

328 3552 677 3610 confirmavit
700 3549 963 3620 exemplo.
986 3548 1122 3604 Nam
1148 3554 1378 3602 testatur
1399 3543 1767 3615 Evangelium,
1783 3540 1909 3613 quia

330 3650 460 3698 erat
502 3638 658 3696 Iesus
693 3648 1018 3711 pernoctans
1061 3638 1117 3692 in
1159 3636 1406 3692 oratione
1454 3633 1549 3689 Dei
1597 3631 1759 3706 (an.
1797 3629 1906 3701 ιη’).

330 3724 539 3790 Paulus
572 3747 784 3802 quoque
812 3738 868 3784 et
917 3727 1058 3785 Silas
1094 3728 1149 3783 in
1200 3726 1443 3783 custodia
1490 3727 1725 3796 publica,
1761 3725 1909 3781 circa

336 3823 579 3879 medium
613 3822 789 3877 noctis
815 3827 1053 3885 orantes,
1083 3820 1342 3891 hymnum
1387 3819 1730 3873 audientibus
1777 3833 1908 3872 cun-

344 3914 447 3968 ctis
473 3912 673 3967 dixisse
714 3916 1104 3974 memorantur,
1135 3910 1227 3964 ubi
1278 3917 1501 3978 repente
1552 3914 1711 3963 terra:
1755 3917 1910 3963 motu

343 4003 509 4067 facto,
538 4008 593 4057 et
616 3999 896 4055 concussis
943 3998 1179 4054 carceris
1226 3997 1615 4064 fundamentis,
1658 4008 1713 4053 et
1731 3996 1912 4067 januae

343 4100 534 4165 sponte
588 4098 824 4162 aperte,
888 4096 945 4143 et
1000 4088 1240 4143 omnium
1296 4087 1512 4144 vincula
1565 4095 1689 4142 sunt
1736 4087 1913 4142 soluta

334 4187 481 4258 (.lct.
513 4182 645 4256 xxv).
679 4181 833 4239 Unde
860 4188 1074 4251 oportet
1111 4178 1198 4235 his
1224 4179 1373 4235 horis
1402 4177 1664 4249 psallendi
1695 4179 1913 4233 orandi-

335 4292 448 4346 que
511 4273 871 4345 frequentiam
924 4288 1023 4328 nos
1067 4272 1121 4327 in
1172 4273 1383 4327 sanctis
1431 4269 1633 4327 habere
1680 4268 1912 4336 officiis,

338 4368 612 4436 ﬁnemque
641 4372 901 4428 nostrum,
918 4363 1000 4419 vel
1028 4365 1074 4420 si
1100 4364 1403 4426 advenerit,
1435 4364 1534 4418 sub
1556 4363 1789 4418 taliactu
1820 4378 1915 4418 ex-

345 4464 591 4525 spectare
612 4454 806 4510 securi.
826 4452 922 4508 Est
942 4461 1121 4508 autem
1145 4453 1413 4524 quoddam
1443 4468 1612 4524 genus
1632 4453 1913 4509 hzeretico-
1936 4430 1993 4493 θ

347 4564 464 4601 rum
490 4544 788 4616 superﬂuas
812 4544 1191 4599 aaslimantium
1229 4559 1414 4598 sacras
1443 4545 1676 4614 vigilias,
1703 4555 1758 4600 ct
1799 4546 1910 4615 spi—

340 4642 488 4695 ritali
525 4641 671 4712 operi
720 4638 1118 4701 infructuosus,
1170 4638 1461 4693 dicentium
1500 4635 1626 4705 jura
1658 4639 1911 4693 temerari

347 4731 549 4795 divina,
573 4730 666 4800 qui
691 4736 903 4783 noctem
931 4726 1057 4782 fecit
1100 4727 1167 4782 ad
1193 4727 1432 4795 requiem
1451 4766 1466 4788 ,
1494 4726 1634 4781 sicut
1661 4728 1799 4782 diem
1845 4728 1914 4782 ad

338 4820 609 4875 ‘luborcm.
663 4817 763 4885 Qui
815 4817 1052 4871 haaretici
1096 4816 1284 4871 Gmeco
1331 4831 1580 4871 sermone
1630 4814 1910 4889 Nyctages,

338 4910 455 4967 hoc
483 4920 587 4975 est,
620 4907 962 4965 somniculosi
989 4914 1268 4961 vocantur.

903 5040 1131 5099 CAPUT
1151 5038 1363 5095 CXXX.

424 5137 606 5210 (Isid.,
628 5134 841 5195 Μαάθ.
867 5132 958 5203 25)
989 5133 1066 5187 De
1098 5131 1491 5186 matutinorum
1517 5130 1839 5201 antiquitate
1866 5137 1923 5184 et

347 5229 677 5289 auctoritate
717 5224 870 5280 testis
891 5232 977 5279 est
1002 5223 1142 5279 idem
1184 5221 1352 5277 David
1375 5223 1661 5293 propheta,
1688 5221 1873 5277 dicens
1904 5240 1918 5275 :

345 5326 420 5380 vin
465 5319 738 5378 matutinis
780 5317 1072 5372 meditabor
1115 5317 1174 5371 in
1217 5324 1288 5379 te,
1341 5317 1467 5386 quia
1513 5316 1662 5386 fuisti
1706 5316 1923 5386 adjutor

342 5428 497 5471 uncus
533 5410 708 5481 (Psal.
741 5409 875 5480 Lxu)
903 5427 915 5464 :
946 5419 1004 5464 et
1040 5406 1167 5463 alibi
1195 5424 1211 5461 :
1248 5402 1618 5460 Prmenerunt
1657 5405 1795 5460 oculi
1820 5406 1924 5459 mei

340 5507 422 5561 ad
442 5517 490 5561 te
508 5503 770 5569 diluculo,
790 5511 848 5555 ut
866 5500 1147 5556 meditarer
1165 5498 1373 5570 eloquia
1391 5508 1485 5553 tua
1508 5496 1682 5568 (Psal.
1708 5495 1920 5567 cxvtn).

338 5598 642 5651 'Cassianus
690 5606 874 5650 autem
921 5590 1055 5648 dicit
1107 5589 1209 5663 (De
1235 5590 1460 5645 institut.
1502 5588 1724 5653 emnob.,
1770 5587 1807 5641 l.
1838 5602 1921 5652 ut,

342 5694 473 5747 ταν.
502 5686 582 5748 ι),
612 5687 889 5742 matutina:
913 5683 1269 5742 solemnitatis
1301 5681 1555 5749 cilicium,
1586 5695 1725 5737 novo
1750 5678 1927 5735 adhuc

2002 1852 2147 1908 cium
2170 1852 2445 1908 humiliter
2467 1867 2533 1907 ac
2558 1851 2755 1907 devote
2789 1851 3118 1921 persolvere.
3167 1851 3285 1907 Mox
3329 1847 3482 1906 enim
3534 1860 3611 1907 ut

2000 1943 2247 1999 auditum
2267 1941 2431 1998 fuerit
2451 1942 2683 2012 signum,
2706 1940 2964 1997 festinato
2983 1956 3171 1997 omnes
3198 1942 3265 1996 ad
3291 1942 3613 1997 ecclesiam

2003 2032 2348 2099 conveniant,
2377 2045 2541 2101 quam
2588 2044 2699 2087 non
2748 2031 3077 2102 pompatiee,
3122 2037 3221 2085 aut
3269 2031 3602 2093 inhoneste,

2002 2125 2089 2178 vel
2128 2123 2506 2194 incomposite,
2536 2123 2632 2178 sed
2676 2137 2802 2178 cum
2831 2122 3137 2178 reverentia
3164 2130 3221 2177 et
3244 2122 3336 2178 Dei
3376 2122 3613 2178 timore

2002 2217 2396 2288 ingrediantur.
2435 2213 2545 2271 Nee
2587 2230 2719 2270 eum
2745 2215 2951 2270 baculis
2996 2215 3054 2270 in
3109 2216 3293 2280 choro,
3330 2216 3615 2284 exceptis

2004 2310 2292 2375 debilibus,
2319 2310 2417 2366 sed
2442 2307 2849 2380 religiosissime
2890 2307 2999 2363 illis
3041 2307 3292 2363 standum
3332 2314 3388 2362 et
3432 2307 3608 2377 psal-

2006 2400 2228 2456 lendum
2246 2407 2349 2456 est.
2378 2399 2519 2455 Sunt
2542 2398 2743 2454 etenim
2771 2398 2993 2468 quidam
3020 2398 3358 2461 clericorum,
3389 2397 3483 2467 qui
3536 2399 3616 2452 in

2004 2488 2355 2547 malaribus
2386 2487 2617 2558 negotiis
2645 2492 2701 2543 et
2727 2486 3211 2558 disceptationibus
3234 2501 3370 2556 pene
3401 2493 3607 2539 totum

2007 2581 2419 2654 infatigabiliter
2472 2581 2745 2636 deducunt
2769 2579 2937 2645 diem,
2965 2587 3022 2635 et
3053 2593 3177 2633 mox
3204 2585 3265 2631 ut
3289 2576 3609 2632 ecclesiam

2008 2673 2078 2729 ad
2134 2671 2373 2728 divinum
2417 2668 2652 2726 cilicium
2702 2668 3068 2740 peragendum
3114 2666 3459 2731 intraverint,
3508 2667 3605 2721 ita

2004 2760 2216 2832 fatigati
2238 2761 2510 2825 videntur,
2535 2768 2595 2815 ut
2614 2768 2715 2815 nec
2736 2759 2970 2815 orationi
2998 2773 3210 2821 vacare,
3241 2772 3338 2813 nec
3357 2757 3430 2810 ad
3445 2758 3617 2827 psalc

2010 2850 2230 2907 lendum
2256 2859 2401 2906 stare
2447 2858 2651 2920 queant
2679 2866 2694 2905 :
2722 2850 2823 2905 sed
2864 2849 3045 2920 potius
3071 2848 3338 2912 sedentes,
3360 2864 3474 2902 non
3504 2849 3600 2903 di-

2011 2940 2173 3006 vinis,
2204 2941 2300 2997 sed
2330 2940 2487 2996 vanis
2532 2940 2709 2995 solent
2734 2940 2939 2995 instare
2984 2938 3236 3008 loquelis,
3266 2953 3330 2993 ac
3356 2938 3598 2993 saecula-

2014 3033 2098 3088 ria
2148 3032 2332 3097 verba,
2388 3040 2446 3087 et
2489 3030 2659 3103 (quod
2693 3031 2839 3086 dictu
2867 3029 3020 3086 nefas
3046 3028 3151 3101 est)
3181 3029 3359 3098 turpia
3401 3038 3463 3084 et
3489 3029 3597 3083 nb-

2012 3136 2175 3178 scena
2212 3121 2447 3177 invicem
2475 3119 2774 3191 proferunt.
2805 3118 3033 3190 Oportet
3065 3119 3246 3188 itaque
3277 3127 3338 3172 ut
3376 3118 3453 3173 ab
3501 3119 3611 3174 his

2012 3215 2104 3285 qui
2143 3213 2384 3278 faciunt,
2411 3220 2468 3269 et
2495 3212 2565 3267 ab
2593 3209 2700 3266 illis
2723 3210 2814 3279 qui
2839 3224 2936 3265 eos
2956 3207 3100 3264 forte
3142 3208 3347 3263 imitari
3366 3208 3601 3272 volunt,

2010 3309 2118 3364 iste
2130 3303 2625 3371 exsecrabilisusus
2654 3302 2912 3358 radicitus
2930 3300 3360 3370 evelleturzquia
3386 3314 3601 3354 εεειιιι-

2010 3400 2140 3455 dttm
2160 3397 2373 3455 Domini
2394 3395 2737 3459 sententiam,
2761 3394 2953 3450 domus
2970 3392 3091 3464 ejus
3114 3392 3304 3448 domus
3322 3391 3603 3445 orationis

2011 3490 2254 3545 Vocontia
2300 3496 2386 3545 est
2414 3487 2629 3559 (Matth.
2678 3485 2785 3557 ιιι).
2838 3480 3043 3541 Omnes
3078 3484 3247 3556 igitur
3278 3483 3348 3538 ab
3396 3484 3595 3540 otiosis

2011 3578 2557 3636 sermocinationibus
2584 3577 2824 3631 auditum
2845 3576 3058 3646 pariter
3078 3575 3369 3643 castigent,
3406 3582 3467 3629 et
3494 3573 3605 3629 lin-

2005 3684 2193 3744 guam,
2220 3671 2349 3725 etin
2374 3669 2603 3725 ecclesia
2628 3682 2749 3723 cum
2768 3667 2965 3722 timore
2990 3674 3045 3720 et
3070 3666 3417 3720 veneratione
3449 3675 3608 3720 stans

2014 3773 2114 3831 tes,
2138 3771 2242 3818 aut
2264 3768 2445 3827 orent,
2479 3768 2575 3816 aut
2600 3767 2838 3826 cantem,
2861 3766 2956 3813 aut
2980 3758 3179 3830 legant,
3216 3765 3313 3811 aut
3340 3756 3589 3810 audiam.

2013 3857 2195 3913 Verba
2231 3870 2362 3911 vero
2393 3852 2591 3924 turpia,
2622 3859 2678 3907 et
2720 3850 2899 3913 livida,
2940 3864 3004 3904 ac
3032 3845 3314 3915 misria
3342 3861 3445 3902 nec
3486 3847 3589 3916 ipsi

2013 3945 2308 4016 proferant.
2339 3958 2439 3999 nec
2464 3942 2600 3997 alios
2626 3940 2873 4011 proferre
2895 3939 3095 3994 sinant.
3119 3937 3378 4005 Quinimo
3405 3937 3591 3993 laudes

2016 4037 2125 4091 Deo
2163 4036 2222 4091 in
2253 4048 2541 4091 commune
2569 4030 2963 4102 persolventes,
2988 4043 3087 4098 pro
3108 4028 3221 4083 suis
3246 4026 3588 4097 populorum

2014 4141 2140 4197 que,
2179 4140 2408 4196 quorum
2431 4120 2796 4179 oblationibus
2824 4120 3034 4186 vivunt,
3064 4118 3277 4174 delictis
3306 4119 3593 4174 Dominum

2014 4224 2260 4272 exorent.
2289 4215 2501 4271 Debent
2523 4229 2736 4286 quoque
2752 4212 2909 4283 juxta
2929 4213 3248 4285 Apostolum
3273 4213 3325 4285 (1
3350 4212 3481 4269 Tim.
3505 4212 3590 4282 ιι),

2015 4308 2194 4379 primo
2222 4306 2463 4362 omnium
2488 4305 2558 4361 ab
2590 4305 2678 4360 his
2704 4304 2823 4359 ﬁeri
2852 4304 3276 4368 obsecrationes,
3298 4304 3595 4368 orationes,

2016 4402 2424 4475 postulationes,
2454 4400 2751 4472 gratiarum
2774 4397 3015 4453 actiones
3044 4412 3143 4468 pro
3186 4397 3445 4451 omnibus
3492 4397 3591 4450 ho-

2018 4495 2273 4558 minibus,
2310 4509 2411 4564 pro
2454 4492 2672 4563 regibus
2691 4498 2749 4545 et
2776 4491 3028 4545 clunibus
3053 4489 3145 4559 qui
3176 4489 3230 4543 in
3262 4488 3590 4543 sublimitate

2015 4595 2143 4644 sunt
2171 4583 2470 4649 constituti,
2518 4590 2580 4637 ut
2626 4582 2866 4652 quietam
2918 4587 2975 4635 et
3022 4579 3375 4649 tranquillam
3426 4580 3591 4633 vitam

2017 4693 2243 4750 agamus
2270 4677 2324 4731 in
2352 4674 2499 4729 omni
2526 4674 2727 4745 pietate
2752 4682 2809 4728 et
2842 4673 3111 4727 castitate.
3145 4669 3263 4724 Hoc
3308 4670 3470 4735 enim,
3508 4670 3581 4723 in-

2017 4768 2137 4840 quit
2150 4764 2457 4838 Apostolus,
2472 4764 2664 4818 bonum
2685 4770 2759 4816 est
2782 4770 2830 4816 et
2852 4768 3118 4831 acceptum
3134 4776 3313 4813 coram
3336 4760 3593 4814 salvatore

2022 4869 2201 4916 nostra
2232 4858 2359 4912 Deo.
2387 4855 2627 4910 Caveant
2652 4854 2836 4916 etiam,
2864 4866 2934 4906 ne
2966 4865 3073 4920 pro
3094 4850 3283 4919 requie
3307 4849 3410 4904 sibi
3444 4849 3499 4902 in
3520 4848 3591 4903 lo~

2016 4950 2103 5005 eis
2124 4948 2306 5003 divino
2332 4944 2499 5001 cultui
2525 4941 2846 5012 mancipatis
2868 4956 3145 5005 concessa,
3166 4941 3281 4995 otio
3305 4949 3587 5010 torpeant:

2021 5039 2117 5094 sed
2143 5036 2313 5107 magis
2338 5035 2391 5093 in
2412 5032 2778 5104 persolvendis
2807 5031 3002 5087 divinis
3027 5030 3276 5085 laudibus
3298 5030 3591 5099 promptio-

2022 5142 2112 5183 res
2150 5141 2217 5181 ac
2261 5124 2575 5181 devotiores
2602 5122 2880 5177 existant:
2907 5129 2969 5175 ut
3016 5136 3113 5191 per
3164 5120 3304 5175 hanc
3358 5120 3591 5189 quietem

2021 5220 2159 5274 bene
2203 5221 2510 5284 operantes,
2540 5212 2608 5267 ad
2634 5226 2753 5267 eam
2792 5224 2912 5279 qua:
2946 5206 3056 5269 line
3096 5216 3269 5273 caret,
3308 5207 3592 5278 pervenire

2023 5309 2257 5364 valeant.
2288 5305 2390 5371 Qui
2415 5318 2546 5360 vero
2580 5304 2678 5358 bas
2708 5303 2872 5357 horas
2914 5302 3283 5372 frequentare,
3306 5308 3365 5355 et
3407 5299 3464 5352 in
3488 5298 3589 5357 his,

2021 5408 2083 5455 ut
2107 5400 2329 5471 dignum
2376 5404 2481 5459 est,
2526 5394 2747 5451 cteleste
2767 5393 3064 5465 neglexerit
3105 5389 3343 5446 oﬂleium
3389 5386 3589 5462 persti-

2021 5503 2169 5556 vere,
2197 5488 2357 5560 digna
2381 5485 2690 5541 invectione
2717 5483 3062 5554 corripiatur,
3089 5492 3147 5535 ut
3175 5487 3234 5536 et
3261 5480 3380 5548 ipse
3413 5492 3589 5542 eum:

2023 5582 2202 5646 detur,
2230 5587 2286 5634 et
2310 5576 2493 5635 caueri
2527 5575 2778 5631 timorem
2806 5573 3067 5630 habentes
3086 5568 3453 5640 hujuscemodi
3491 5580 3585 5622 ne-

2014 5669 2337 5744 gligentiam
2365 5674 2609 5724 caveant.
2640 5665 2745 5722 Sed
2774 5664 3032 5737 quoniam
3078 5661 3227 5719 aliud
3258 5670 3344 5720 est
3367 5675 3434 5717 es
3479 5664 3586 5715 toto
