3890 6180
348 328 455 398 925

911 324 1193 394 naenia
1232 320 1846 394 CANONICORUM‘AB
1883 325 2243 394 nummo
2282 324 2659 395 COLLECTA‘.
2690 370 2764 381 —
2798 341 2927 397 LIB.
2966 340 3011 397 ι.

3486 318 3603 403 seu

340 460 618 523 emittere,
650 457 792 511 aliud
841 456 990 525 pigre
1038 470 1358 519 occurrere;
1397 453 1487 524 qui
1536 453 1775 524 segniter
1823 461 1917 506 aut
2021 460 2107 508 ter
2131 454 2338 510 debitas
2363 453 2590 509 Domino
2637 438 2822 511 Iaudes
2851 430 3190 527 persolvant;
3241 466 3296 515 et
3329 463 3608 520 suavitate‘

343 548 500 605 tarde
543 548 610 602 ad
657 545 1001 609 matutinum,
1034 552 1127 598 aut
1155 544 1299 598 aliud
1357 541 1633 612 quodlibet
1680 541 1921 597 divinum

340 638 662 708 obsequium
687 634 1049 707 peragendum
1080 633 1399 697 occurrerit,
1434 633 1679 704 dignum,
1707 641 1767 687 ut
1812 649 1919 688 non

338 740 467 789 cum
500 727 621 783 aliis
663 728 716 781 in
742 727 933 793 choro,
963 726 1058 781 sed
1099 725 1340 780 omnium
1364 724 1605 787 ultimus,
1635 731 1728 779 aut
1748 733 1916 787 certe,

340 832 404 878 ut
427 822 747 878 erubescere
770 819 963 884 discat,
1002 819 1058 873 in
1086 819 1204 873 loco
1248 816 1615 887 hujuscemodi
1647 815 1918 886 negligen-

337 913 488 971 tibus
513 929 544 968 a
570 912 810 985 praelatis
835 911 1128 965 constituto
1167 917 1272 965 stet
1297 927 1310 963 :
1343 908 1474 963 foris
1503 923 1636 964 vero
1691 907 1918 963 tmllale-

337 1023 447 1062 nus
472 1020 756 1061 remanere
781 1013 1096 1075 prmsumat,
1123 1018 1192 1058 ne
1220 1003 1332 1058 otio
1358 1010 1413 1057 et
1438 1001 1633 1057 fabulis
1658 1010 1831 1066 vacet,
1861 1009 1917 1055 et

337 1114 372 1153 a
417 1097 516 1153 Dei
544 1094 793 1152 laudibus
844 1095 1066 1165 penitus
1116 1094 1325 1149 alienus
1382 1093 1601 1149 existat.
1652 1092 1915 1149 Custodes

334 1198 602 1260 prasterea
636 1186 877 1243 ecclesiae
906 1186 1097 1241 harum
1120 1186 1377 1240 horarum
1408 1182 1782 1241 distinctiones
1821 1184 1915 1239 be-

335 1295 410 1334 ne
435 1278 637 1343 norint,
660 1285 721 1332 ut
745 1276 951 1333 scilicet
972 1277 1124 1350 signa
1145 1276 1310 1332 certis
1324 1276 1653 1346 temporibus
1674 1276 1908 1346 pulsent.

336 1362 651 1424 Luminaria
695 1383 824 1424 vero
849 1383 974 1423 cum
1022 1367 1167 1423 omni
1206 1366 1482 1438 diligentia
1536 1368 1910 1437 concinnanda

332 1459 671 1531 provideant,
715 1458 898 1530 sitque
942 1469 1130 1514 eorum
1178 1459 1362 1525 studii,
1398 1468 1459 1514 ut
1506 1458 1641 1514 nihil
1694 1458 1761 1515 de
1808 1459 1910 1515 sibi

332 1551 645 1608 commissis
681 1549 847 1605 rebus
869 1536 1114 1605 ecclesiae
1142 1557 1348 1620 pereat.

859 1661 1086 1720 CAPUT
1113 1662 1368 1718 CXXXII.

319 1732 489 1821 Quod
526 1751 856 1808 cantantibus
876 1761 924 1808 et
930 1752 1302 1877 dpsallentibus
1327 1752 1577 1821 Domino,
1603 1753 1907 1825 angelorum

896 1841 927 1877 a
967 1832 1035 1877 stt
1057 1834 1355 1877 nrazsentta.

896 1832 1035 1877 adsit
1055 1832 1355 1894 prazsentia.

399 1908 752 1969 Psallentium
781 1913 834 1968 in
864 1913 1093 1970 ecclesia
1119 1915 1346 1989 Domino
1373 1929 1526 1971 mens
1572 1915 1907 1971 concordare

326 2006 487 2060 debet
503 2020 625 2060 cum
647 2020 800 2071 voce,
818 2015 874 2058 ut
890 2003 1106 2075 impleat
1119 2004 1246 2060 illud
1258 2004 1499 2076 Apostoli
1517 2020 1531 2058 ε
1551 2001 1788 2059 Psallam
1800 2003 1907 2074 spi-

327 2096 460 2160 ritu,
482 2094 702 2165 psallam
738 2105 783 2149 et
808 2104 975 2149 mente
995 2093 1047 2167 (1
1075 2093 1200 2150 Cor.
1230 2095 1366 2165 xiv).
1419 2093 1685 2162 Quoniam
1716 2110 1908 2165 quam-

325 2186 414 2239 vis
434 2184 633 2254 ubique
657 2184 942 2240 Dominum
972 2199 1068 2254 per
1092 2185 1386 2255 potentiam
1411 2184 1710 2240 divinitatis
1738 2199 1904 2238 nove~

327 2276 502 2330 rimus
528 2290 670 2339 esse,
700 2276 968 2346 prmcipue
992 2283 1169 2330 tamen
1209 2292 1355 2341 eum,
1385 2291 1507 2331 cum
1549 2275 1731 2329 divino
1771 2274 1905 2329 assi-

324 2366 524 2421 stinms
568 2363 759 2430 oﬂicio,
783 2380 882 2435 per
907 2366 1135 2436 gratiam
1167 2365 1323 2421 nobis
1373 2365 1645 2421 credimus
1690 2364 1900 2421 adesse.

323 2444 408 2512 De
427 2473 531 2527 qua
563 2471 620 2511 re
649 2457 790 2512 Beda
809 2456 1147 2513 Venerabilis
1173 2458 1474 2529 presbyter,
1498 2457 1551 2511 in
1567 2457 1905 2528 expositione

324 2546 603 2618 Evangelii
633 2547 793 2602 Lucae
824 2546 897 2602 ita
927 2549 1056 2604 dicit
1088 2567 1100 2602 :
1127 2548 1244 2604 Non
1276 2548 1409 2603 latet
1445 2548 1665 2618 angelos
1709 2548 1904 2604 crebro

322 2638 516 2693 electis
557 2634 811 2693 invisibili
858 2639 1048 2693 adesse
1077 2638 1385 2709 prmsentia,
1431 2644 1492 2692 ut
1517 2652 1610 2693 eos
1637 2637 1704 2692 ab
1730 2639 1903 2694 hostis

319 2729 506 2786 callidi
534 2730 821 2786 defendant
853 2730 1082 2797 insidiis,
1121 2730 1205 2786 vel
1242 2731 1435 2802 majori
1465 2720 1715 2787 'ccelcstis
1766 2732 1905 2788 desi-

318 2818 489 2885 derii,
512 2822 685 2889 gratia
715 2818 1020 2887 sustollant,
1052 2822 1308 2892 Apostolo
1329 2832 1639 2888 attestante,
1671 2825 1763 2895 qui
1785 2826 1895 2881 ait:

324 2895 523 2965 Nonne
546 2924 723 2964 omnes
742 2921 862 2965 sum
899 2912 1337 2967 administratorii
1369 2915 1601 2984 spiritus,
1648 2916 1703 2969 in
1745 2917 1902 2972 mini-

321 3000 542 3054 sterium
587 3000 735 3054 missi
764 3011 974 3071 propter
1011 3018 1097 3056 eos
1147 3003 1238 3073 qui
1279 3004 1638 3057 [nereditatem
1688 3007 1899 3077 capiunt

316 3087 512 3142 salutis
532 3089 558 3143 ?
580 3090 808 3145 Maxime
831 3094 1007 3146 tamen
1027 3094 1255 3165 angelici
1277 3096 1432 3150 nobis
1455 3097 1678 3167 spiritus
1706 3098 1896 3153 adesse

2021 545 2269 602 lectionis
2290 561 2353 602 ac
2391 547 2633 602 melodi'ae
2657 554 2709 603 et
2734 549 2918 604 doctos
2943 549 3302 616 demulceam,
3333 560 3389 606 et
3414 553 3604 609 minus

2020 634 2206 690 doctos
2227 635 2502 701 erudiant;
2532 638 2755 707 piusque
2774 638 2939 693 Velim
2965 639 3019 693 in
3052 640 3282 695 lectione
3314 642 3400 697 vel
3428 652 3596 698 cantu

2016 726 2193 798 populi
2223 726 2656 793 aediﬁcationem,-
2690 730 3194 805 quampopularem
3239 732 3593 788 vanissimam

2017 820 2402 875 adulationem.
2459 822 2559 887 Qui
2617 826 2748 876 vero
2800 804 2915 877 huic
2970 823 3126 878 docte
3175 836 3439 894 peragere
3491 836 3591 880 ne-

2016 919 2236 981 queunt,
2284 911 2599 966 erudiuntur
2649 912 2799 981 prius
2848 929 2879 966 a
2926 912 3203 982 magistris
3236 931 3248 967 :
3279 922 3336 968 et
3390 909 3593 968 instra;

2014 1000 2110 1065 cti,
2169 1000 2284 1055 haec
2317 1000 2613 1069 adimplere
2654 1000 2926 1068 studeant,
2967 1011 3028 1056 ut
3074 1001 3359 1058 audientes
3416 1002 3590 1058 aedili-3

2010 1100 2155 1147 cent.

2528 1180 2755 1239 CAPUT
2782 1172 3064 1240 CXXXIV.

2401 1259 2506 1337 Qui
2530 1271 2714 1325 modus
2745 1272 2811 1326 sit
2837 1262 3193 1343 correptionis.

2082 1357 2399 1428 Quanquam
2449 1368 2845 1430 contemptores
2875 1364 3255 1418 cauonicarum
3291 1352 3587 1421 institutio“:

2011 1463 2139 1503 num
2167 1449 2457 1520 episcopali
2491 1451 2763 1521 praecipue
2784 1450 2991 1520 judicio
3018 1453 3288 1523 plectendi
3323 1455 3451 1521 sint,
3479 1464 3584 1525 qua

2009 1553 2169 1609 pmna
2199 1538 2281 1612 (ut
2314 1538 2391 1594 alt
2430 1539 2621 1595 beatus
2648 1541 3003 1615 Augustinus)
3050 1545 3102 1598 in
3140 1545 3381 1601 Ecclesia
3435 1546 3591 1600 nulla

2011 1633 2185 1705 major
2210 1646 2331 1689 esse
2357 1634 3048 1704 potest,dcmonstrandum
3073 1643 3254 1691 tamen
3269 1644 3350 1692 est
3370 1637 3586 1707 qualem

2009 1725 2193 1779 caeteri
2216 1714 2446 1796 prmlati,
2485 1726 2577 1796 qui
2601 1726 2708 1781 illis
2736 1714 2996 1797 dignitate
3017 1727 3299 1785 inferiores
3321 1745 3443 1786 esse
3486 1745 3585 1787 ηοι

1934 1815 1982 1875 Β
2009 1823 2256 1883 scuntur,
2279 1817 2334 1871 in
2362 1816 2497 1873 locis
2519 1817 2620 1873 sibi
2652 1818 2977 1885 commissis,
3010 1819 3065 1874 in
3098 1819 3294 1889 quibus
3324 1822 3593 1877 canonice

2005 1907 2224 1974 vivitur,
2261 1922 2391 1977 erga
2434 1907 2705 1979 subjectos
2746 1924 2988 1981 quosque
3011 1909 3410 1981 delinquentes,
3440 1919 3495 1967 et
3521 1921 3584 1966 ea

2006 2014 2124 2068 qua:
2151 1999 2367 2069 proprie
2403 2000 2470 2056 ad
2497 2012 2683 2054 eorum
2705 2000 3041 2070 pmpositum
3066 2001 3356 2071 pertinent,
3396 1996 3584 2057 obsera

2004 2102 2131 2143 vare
2157 2089 2418 2153 nolentes,
2438 2090 2695 2146 adbibere
2721 2090 2950 2146 debeant
2968 2092 3325 2163 correptionis
3341 2092 3578 2148 modum.

2006 2177 2111 2233 Sed
2139 2179 2267 2249 quia
2300 2182 2480 2236 omnis
2523 2188 2672 2244 astas,
2698 2181 2784 2236 vel
2812 2181 3236 2253 uniuscujusque
3281 2183 3581 2255 intelligens

2004 2268 2093 2324 tia:
2130 2271 2422 2341 capacitas,
2457 2272 2702 2341 proprias
2748 2273 2909 2328 debet
2932 2273 3136 2329 habere
3181 2288 3488 2341 mensuras,
3527 2283 3582 2331 et

1996 2358 2151 2428 juxta
2180 2361 2398 2417 modum
2425 2361 2704 2432 culparum
2727 2378 2983 2420 mensura
3002 2365 3339 2422 extendendo
3361 2374 3444 2423 est
3468 2380 3583 2423 cor-

2002 2452 2328 2520 reptionum,
2358 2461 2410 2507 et
2435 2453 2551 2509 haec
2573 2453 2894 2525 omniajure
2946 2455 3002 2510 in
3047 2456 3394 2526 praelatorum
3443 2470 3581 2528 pen-

2001 2541 2371 2611 dentjudicio,
2404 2561 2512 2616 quo
2535 2554 2590 2602 et
2623 2545 3013 2604 discretissime
3038 2554 3385 2620 temperanda
3412 2561 3577 2609 sunt:

2001 2646 2223 2688 necesse
2248 2642 2331 2689 est
2357 2643 2417 2688 ut
2442 2635 2603 2690 iidem
2644 2636 2850 2708 praelati
2877 2638 3024 2694 circa
3067 2640 3441 2710 delinquentes
3466 2657 3583 2698 me-

2001 2723 2107 2779 dici
2130 2724 2440 2795 peritissimi
2474 2725 2760 2782 imitentur
2783 2725 2987 2785 factum
3019 2748 3032 2784 :
3072 2730 3280 2787 scilicet
3313 2740 3374 2786 ut
3420 2731 3579 2790 adhi-

1998 2812 2113 2870 bita
2139 2830 2348 2886 magna:
2369 2815 2713 2873 discretionis
2743 2827 2894 2885 cura,
2928 2821 3059 2890 quid
3078 2821 3274 2892 cuique
3296 2832 3576 2893 congruat,

2000 2906 2197 2974 quidve
2224 2907 2536 2975 conveniat,
2571 2910 2863 2966 adhibeant
2890 2926 2906 2965 :
2936 2912 3039 2968 hoc
3088 2929 3435 2984 summopere
3458 2930 3583 2986 per-

1998 2997 2293 3067 pendentes
2337 3007 2413 3062 ut,
2466 2999 2623 3070 juxta
2678 3002 3039 3071 quantitatem
3084 3003 3389 3069 vulnerum,
3428 3007 3582 3062 exhi-

2000 3087 2164 3142 beant
2190 3089 2425 3144 lomenta
2452 3093 2815 3157 curationum,
2844 3098 3115 3163 quatenus
3137 3110 3238 3150 nec
3260 3095 3412 3151 alteri
3452 3096 3583 3151 dent

315 3180 575 3235 credendi
604 3190 749 3248 sunt,
790 3198 910 3238 cum
937 3172 1132 3239 divinis
1159 3166 1487 3255 specialiter
1522 3188 1895 3259 mancipamur
1922 3166 1965 3229 (ἶ
1997 3180 2141 3250 (ἰυοά
2165 3188 2379 3245 ποθοίη,
2402 3196 2502 3236 nec
2527 3182 2681 3238 alteri
2707 3185 3030 3240 SUbII‘ahant
3051 3187 3192 3256 quod
3211 3186 3384 3257 iuvat.
3408 3186 3583 3243 Omis-

312 3274 618 3343 ohsequiis,
642 3276 694 3331 id
722 3284 826 3342 est,
853 3291 975 3332 cum
1000 3277 1284 3332 ecclesiam
1322 3279 1571 3347 ingressi,
1605 3279 1688 3334 vel
1714 3279 1901 3334 lectio-

313 3364 479 3419 nibus
499 3365 665 3421 sacris
686 3372 869 3420 aurem
915 3368 1407 3433 accommodamus,
1454 3369 1538 3423 vel
1585 3370 1898 3439 psalmodiae

312 3469 542 3525 operam
576 3456 785 3523 damus,
816 3456 899 3513 vel
924 3458 1159 3513 orationi
1198 3459 1585 3525 incumbimus,
1617 3459 1702 3514 vel
1731 3462 1897 3515 etiam

313 3550 607 3605 missarum
630 3551 891 3608 solemnia
919 3542 1274 3608 celebramus.
1304 3551 1456 3608 Unde
1483 3552 1559 3606 ait
1582 3552 1853 3624 Propheta
1880 3559 1892 3607 ':

313 3637 386 3693 In
405 3648 681 3710 conspectu
703 3640 1006 3712 angelorum
1039 3639 1260 3711 psallam
1297 3640 1391 3694 tibi
1423 3634 1594 3710 (Psal.
1633 3643 1893 3714 cxxxvn).

310 3719 429 3784 Nec
473 3730 708 3785 dubitari
735 3730 882 3795 licet,
925 3730 1013 3785 ubi
1048 3730 1291 3800 corporis
1319 3739 1370 3785 et
1402 3730 1678 3799 sanguinis
1714 3730 1897 3786 Domi-

310 3819 425 3874 nici
465 3827 727 3890 geruntur
769 3821 1050 3892 mysteria,
1083 3834 1441 3890 supernorum
1468 3820 1667 3875 civium
1709 3822 1899 3877 adesse

308 3919 633 3967 Conventus.
667 3910 820 3967 Unde
867 3912 1191 3968 studendum
1242 3912 1472 3967 solerter
1515 3919 1620 3975 est,
1668 3920 1732 3966 ut
1772 3928 1894 3967 cum

306 4003 605 4059 ecclesiam
647 4001 733 4060 vel
759 4007 825 4060 ad
850 4005 1046 4081 divjpa‘:
1084 4003 1261 4059 laudis
1289 4004 1469 4060 debita
1500 4005 1775 4072 solvenda,
1812 4007 1895 4063 vel

306 4095 383 4148 ad
426 4094 631 4166 agenda
681 4096 971 4151 missarum
1023 4096 1286 4151 solemnia
1341 4096 1630 4160 intramus,
1682 4111 1897 4167 semper

308 4186 574 4256 angelica:
614 4188 915 4257 prmsentia:
944 4203 1234 4253 memores,
1264 4198 1385 4243 cum
1412 4189 1607 4244 timore
1635 4195 1690 4244 et
1733 4204 1895 4245 vene—

310 4278 527 4333 ratione
572 4266 919 4348 competenti,
948 4278 1168 4334 cmiestc
1211 4279 1576 4349 compieamus
1602 4266 1835 4335 alliciam
1875 4297 1889 4333 :

312 4377 383 4425 ne
417 4370 462 4425 si
494 4368 657 4440 (quod
704 4370 867 4442 absit)
920 4371 973 4425 id
1023 4371 1376 4443 negligenter,
1428 4377 1521 4427 aut
1578 4373 1889 4438 inheneste,

310 4460 400 4515 'vel
446 4460 626 4531 tepide
670 4461 1087 4531 cxpleverimus,
1120 4471 1174 4516 et
1205 4462 1273 4516 ad
1321 4462 1709 4532 perliciendum
1750 4465 1887 4535 pigri

308 4548 717 4613 ‘advenerimus,
745 4549 797 4603 in
822 4548 1145 4604 sententiam
1182 4563 1286 4617 qua
1316 4549 1535 4614 dicitur,
1573 4549 1889 4606 Maledictus

308 4642 468 4694 homo
496 4639 586 4711 qui
612 4656 742 4708 opus
772 4639 864 4693 Dei
910 4639 1089 4709 fecerit
1142 4639 1476 4710 negligenter,
1511 4641 1893 4696 miserabiliter

310 4733 580 4786 labamnr.
620 4732 762 4802 Ergo
791 4732 972 4787 solerti
1006 4732 1273 4785 industria
1301 4733 1457 4787 nobis
1496 4732 1890 4788 observandum

307 4828 418 4885 est,
473 4835 541 4873 ne
577 4819 704 4889 quid
734 4820 785 4873 in
817 4820 1045 4875 ecclesia
1092 4820 1186 4875 Dei
1222 4820 1484 4889 ineptum,
1516 4837 1584 4876 ne
1614 4822 1741 4891 quid
1770 4839 1892 4892 per-

308 4926 547 4976 versum,
576 4926 639 4963 ne
664 4909 795 4980 quid
846 4910 1120 4975 indecens,
1163 4918 1253 4963 aut
1280 4910 1625 4982 cogitatione,
1652 4920 1744 4965 aut
1772 4926 1891 4965 ver-

306 5003 414 5065 bis,
440 5010 534 5055 ant
554 4996 762 5056 actibus
788 5010 1180 5073 perpetremus,
1198 5011 1482 5072 quatenus,
1513 5010 1568 5058 et
1597 5009 1889 5072 conspectu

307 5091 621 5162 angelorum
650 5092 794 5163 digni
827 5090 1148 5153 efficiamur,
1177 5099 1231 5145 et
1274 5091 1533 5148 Dominus
1578 5086 1651 5148 ad‘
1677 5109 1773 5147 nos
1804 5109 1887 5147 vc-

307 5188 488 5249 nicns,
513 5202 618 5241 non
643 5187 785 5255 quod
806 5185 1129 5241 condemnet
1151 5185 1201 5238 in
1228 5186 1406 5252 nobis,
1425 5186 1516 5240 sed
1541 5187 1719 5256 potius
1744 5187 1889 5255 quod

305 5287 638 5343 mutauerat,
664 5279 923 5334 inveniat.

826 5387 1053 5444 CAPUT
1088 5380 1364 5443 CXXXIII.

303 5471 507 5546 Quales
527 5478 597 5533 ad
625 5476 903 5550 legendum
932 5488 981 5533 et
1002 5479 1322 5603 cantantium
1350 5478 1405 5532 in
1441 5476 1662 5532 ecclesia
1689 5481 1886 5534 consti-

919 5557 1005 5602 tue
1082 5565 1099 5601 t
1127 5566 1207 5603 sm
1237 5588 1249 5601 .

919 5557 1099 5603 tuendi
1127 5557 1249 5603 sint.

380 5622 540 5694 Tales
565 5639 628 5693 ad
658 5639 963 5712 legendum,
1005 5639 1331 5695 cantandum
1373 5646 1427 5694 et
1456 5637 1789 5709 psallendum
1830 5638 1884 5694 in

304 5731 538 5788 ecclesia
560 5734 975 5807 constituantur,
1002 5734 1091 5806 qui
1123 5748 1228 5788 non
1262 5732 1506 5806 superbe,
1553 5734 1647 5791 sed
1671 5734 1888 5790 humili-

1999 3270 2075 3326 sis
2113 3271 2278 3342 igitur
2302 3271 2409 3337 bis,
2441 3288 2670 3342 quorum
2707 3277 2854 3331 aetati
2882 3276 3216 3346 delinquenti
3246 3279 3576 3348 parcendum

1999 3372 2107 3418 nun
2138 3369 2241 3428 est,
2277 3363 2371 3419 sed
2415 3364 2615 3433 potius,
2660 3365 2815 3435 juxta
2864 3365 3231 3433 Salomonem,
3262 3384 3451 3423 eorum
3492 3370 3574 3425 la-

2000 3458 2138 3517 tera,
2173 3467 2242 3506 ne
2270 3451 2637 3519 indurescant,
2670 3455 2838 3525 virgis
2860 3456 3076 3512 assidue
3119 3458 3388 3513 tundendo
3416 3468 3575 3527 sunt;

1999 3541 2231 3613 qualiter
2257 3555 2385 3613 erga
2423 3553 2648 3599 eteteros
2697 3533 3106 3615 delinquentes,
3133 3547 3287 3616 juxta
3339 3551 3583 3606 auctori;

2000 3641 2165 3689 tatem
2194 3634 2451 3702 divinam,
2484 3643 2541 3691 et
2566 3647 2875 3693 sanctorum
2909 3638 3131 3693 Patrum
3179 3641 3426 3711 exempla
3467 3651 3577 3698 tra-

1999 3722 2341 3796 ditionesQue
2386 3725 2441 3779 id
2479 3724 2598 3780 ﬁeri
2644 3736 2915 3797 oporteat,
2950 3729 3183 3785 strictim
3231 3731 3579 3803 breviterque

1997 3817 2333 3872 ostendatur.
2367 3814 2424 3870 Si
2453 3817 2575 3887 quis
2595 3816 2765 3873 frater
2785 3818 2838 3872 in
2862 3820 3280 3890 congregatione
3307 3823 3570 3878 canonica

1997 3909 2348 3976 constitutus,
2377 3910 2541 3965 horas
2581 3911 2872 3966 canonicos
2922 3909 3275 3982 frequentare
3321 3916 3576 3984 neglexea-

2000 3999 2092 4065 rit,
2128 3996 2521 4070 ecelesiamque
2566 4009 2677 4057 nun
2721 4003 2994 4072 religiose,
3027 4005 3121 4059 sed
3150 4007 3463 4077 pompatice
3491 4009 3577 4065 vel

1998 4090 2355 4161 incomposite
2378 4091 2685 4158 intraverit,
2708 4102 2913 4164 etopus
2935 4094 3031 4149 Dei
3054 4095 3393 4166 negligenter
3417 4113 3574 4154 esses

1997 4186 2155 4238 cutus
2179 4183 2363 4249 fuerit,
2395 4185 2465 4238 ad
2482 4184 2841 4240 collationem
2876 4186 3064 4240 venire
3118 4186 3411 4253 distulerit,
3444 4188 3574 4245 obc-

1996 4276 2250 4331 dientiam
2281 4292 2311 4329 a
2338 4277 2614 4347 magistris
2643 4276 2744 4331 sibi
2796 4277 3094 4346 injunctam
3140 4292 3302 4349 agere
3357 4296 3577 4335 recusa-

1997 4367 2155 4431 verit,
2181 4368 2232 4421 in
2262 4367 2490 4438 legendo
2518 4366 2604 4421 vel
2644 4369 2936 4433 cantando,
2970 4368 3052 4424 vel
3082 4371 3135 4424 in
3163 4370 3374 4425 caeteris
3401 4369 3576 4427 eccle+

1998 4456 2229 4512 siasticis
2245 4457 2562 4527 disciplinis,
2574 4456 2727 4524 juxta
2749 4457 2892 4513 vires
2916 4460 3152 4513 studium
3177 4475 3283 4514 non
3312 4461 3573 4517 exhibue-

1994 4549 2084 4611 rlt,
2105 4550 2171 4603 ad
2194 4564 2433 4603 mensam
2459 4558 2566 4603 non
2586 4551 2930 4615 necessitate,
2946 4550 3038 4605 sed
3061 4550 3188 4605 vitio
3211 4551 3361 4606 tarde
3387 4566 3579 4607 occur-

1994 4640 2149 4705 rerit,
2175 4655 2203 4693 e
2233 4639 2488 4695 claustris
2518 4640 2634 4694 sine
2681 4640 2899 4695 licentia
2930 4641 3147 4707 exierit,
3173 4656 3273 4710 per
3300 4641 3572 4697 licentiam

1993 4747 2122 4786 vero
2170 4746 2444 4802 egressus,
2498 4738 2690 4786 contra
2736 4731 3092 4786 constitutum
3149 4731 3252 4786 sibi
3306 4731 3568 4801 placitum

1995 4827 2175 4877 morus
2210 4819 2421 4883 fecerit,
2469 4821 2522 4875 in
2570 4820 2780 4890 plateas
2810 4820 2908 4883 ire,
2943 4827 3037 4874 aut
3065 4820 3119 4874 in
3146 4820 3308 4877 biviis
3335 4822 3574 4879 residere

1996 4912 2288 4967 tentaverit
2321 4951 2335 4977 ,
2388 4910 2441 4966 in
2498 4912 2820 4967 dormitorio
2878 4910 3084 4980 aliquid
3137 4910 3423 4979 indecens,
3481 4918 3575 4969 aut

1990 5001 2357 5067 inhenestum,
2386 5002 2569 5057 verbis
2616 5000 2708 5056 aut
2730 5002 2943 5057 actibus
2965 5003 3380 5071 perpetraverit,
3407 5001 3571 5057 aliubi

1990 5095 2095 5150 nisi
2137 5095 2190 5150 in
2222 5095 2540 5150 dormitorio
2564 5108 2687 5148 cum
2714 5093 2927 5150 caeteris
2954 5094 3158 5164 absque
3182 5109 3345 5149 causa
3389 5094 3565 5148 inevi«L

1990 5189 2147 5244 tabili
2210 5188 2449 5243 dormire
2503 5187 2931 5261 praesumpserit,
2979 5185 3239 5242 fratribus
3285 5183 3569 5242 charitatis

1988 5280 2163 5335 cilicio
2224 5281 2538 5335 obclienter
2585 5280 2790 5335 servire
2843 5279 3182 5349 neglexerit,
3241 5275 3564 5333 discordiam

1989 5386 2170 5439 quam,
2216 5371 2429 5424 dicente
2476 5369 2757 5442 Scriptura
2788 5368 2970 5441 (Prov.
2999 5369 3099 5442 vt),
3128 5368 3223 5423 Dei
3251 5369 3431 5421 anima
3475 5365 3568 5421 de-

1987 5470 2234 5526 testatur,
2282 5463 2423 5518 inter
2462 5460 2656 5517 fratres
2696 5461 3064 5524 seminaverit,
3090 5454 3144 5513 el
3176 5458 3301 5513 buic
3346 5457 3563 5512 institu-

1992 5550 2123 5607 tioni
2155 5536 2461 5616 contumax,
2494 5558 2587 5605 aut
2622 5550 2908 5620 superbus,
2936 5563 3030 5603 seu
3067 5560 3426 5610 murmurans,
3470 5554 3567 5601 aut

1988 5644 2043 5698 in
2065 5643 2245 5713 aliquo
2271 5642 2574 5697 contrarius
2597 5640 2884 5705 exstiterit,
2902 5647 2955 5693 et
2975 5645 3170 5693 czetcra
3186 5634 3561 5707 hujuscemodi

1988 5750 2151 5801 agere
2188 5733 2497 5800 tentaverit,
2529 5732 2617 5787 hic
2664 5730 2840 5803 primo
2890 5729 3187 5788 secundum
3239 5729 3332 5786 Dei
3361 5738 3562 5799 prme-
