3890 6180
337 301 447 359 927

1365 296 1766 354 AMALARIUS
1803 297 2216 357 PRESBYTER
2255 303 2618 362 METENSIS.

3498 319 3602 376 99.8

336 429 515 491 ptum,
539 433 648 475 non
680 416 854 474 solum
879 415 1066 482 semel,
1096 423 1152 471 et
1173 412 1412 472 secundo
1438 431 1504 471 ac
1545 417 1728 483 tertio,
1759 417 1919 488 quin-
1945 419 1995 479 Α
2021 425 2127 484 est,
2153 417 2381 490 diligant
2407 421 2552 490 quod
2576 419 2674 477 Dei
2694 422 2936 480 bonitate
2959 436 3211 484 creatum
3227 439 3335 487 est.
3365 432 3604 492 Teneaut

337 514 450 568 imo
501 511 748 567 crebrius
793 507 1148 563 admoneatur
1181 525 1194 562 :
1227 514 1284 562 et
1325 506 1370 562 si
1423 507 1510 564 his
1542 507 1924 563 admonitioni-

339 606 444 662 bus
470 620 578 661 non
605 603 852 667 cesserit,
900 601 1113 671 publica
1154 600 1527 671 objurgatione
1573 599 1920 669 corripiatur.

339 695 495 763 Quou
520 695 562 748 si
599 701 654 747 et
680 692 767 746 his
796 691 1011 745 renisus
1043 690 1226 754 fuerit,
1274 691 1488 747 caeteris
1517 689 1620 744 sibi
1651 689 1922 744 alimentis

340 783 664 849 interdictis,
716 797 858 853 pane
889 789 1100 836 tantum
1145 795 1317 849 usque
1365 781 1432 835 ad
1457 767 1923 850 dignam'satisfa—

339 877 576 946 ctionem
597 880 783 927 utatur
812 880 870 927 et
894 886 1056 942 aqua.
1090 871 1148 926 Si
1193 885 1324 926 vero
1347 885 1447 925 nec
1475 871 1554 924 sic
1575 884 1634 924 se
1665 883 1922 924 correxe-

338 965 431 1026 rit,
493 970 774 1032 separetur
812 979 843 1017 a
868 978 1076 1027 mensa,
1119 969 1174 1016 et
1207 977 1240 1016 a
1278 960 1536 1016 societate
1582 959 1810 1014 fratrum
1863 959 1918 1014 in

335 1056 504 1110 choro
530 1053 874 1124 psallentium
911 1061 1274 1118 removeatur,
1320 1060 1376 1108 et
1401 1066 1667 1117 seorsum,
1694 1053 1750 1106 in
1800 1052 1920 1107 loco

337 1146 710 1217 hujuscemodi
754 1144 1148 1216 negligentibus
1203 1160 1234 1198 a
1295 1142 1534 1214 praelatis
1581 1143 1917 1209 constituto,

339 1245 486 1290 stare
539 1243 806 1306 cogatur,
857 1243 917 1288 ut
975 1234 1167 1290 saltem
1213 1235 1411 1290 rubore
1466 1233 1916 1303 sequestrationis

337 1327 678 1382 emendetur.
711 1326 844 1380 Dein
874 1325 919 1380 si
947 1326 1033 1380 his
1070 1325 1245 1380 modis
1269 1334 1554 1394 correptus
1581 1325 1918 1397 incorrigibi-

340 1416 409 1473 lis
432 1417 722 1480 exstiterit,
746 1424 802 1470 et
830 1423 962 1470 atas
989 1416 1317 1486 permiserit,
1346 1417 1470 1486 quia
1495 1415 1651 1486 juxta
1674 1414 1918 1472 Salomo-

340 1508 424 1562 nis
449 1523 638 1563 vocem
669 1507 852 1577 (Prov.
887 1506 1076 1576 xvui),
1105 1505 1301 1561 stultus
1334 1505 1517 1561 verbis
1552 1521 1659 1560 non
1691 1507 1918 1578 corrigi-

340 1608 448 1661 tur,
502 1611 740 1668 congrua
791 1598 841 1651 ei
891 1596 1178 1651 verberum
1235 1596 1556 1652 adhibeatur
1609 1598 1914 1669 castigatio,

2023 506 2077 561 in
2126 524 2288 564 manu
2336 510 2586 566 baculum
2634 521 2690 569 et
2735 515 2982 587 virgam;
3031 520 3284 578 baculum
3332 524 3603 592 videlicet,

2021 613 2129 668 quo
2155 599 2385 656 aliorum
2408 602 2607 658 virium
2651 605 3046 665 imbecillitates
3080 612 3354 682 apiraliter
3393 627 3605 673 susten-

2023 696 2138 744 tent
2170 708 2182 744 :
2216 691 2425 760 virgam
2474 708 2638 759 vero,
2689 711 2794 766 qua
2841 699 2973 753 vitia
3015 701 3442 773 delinquentium
3493 709 3605 763 zelo

2021 781 2360 837 rectitudinis
2409 782 2627 839 feriant.
2666 787 3116 858 Delinquentibus
3163 796 3369 852 interea
3409 811 3466 854 et
3513 815 3605 857 ex-

2019 875 2429 931 eommunicatis
2475 874 2758 943 fratribus,
2787 897 3130 954 nequaquam
3173 889 3356 943 caeteri
3412 889 3602 951 fratre;

2021 961 2217 1016 debent
2255 962 2463 1030 favere,
2501 975 2595 1021 aut
2624 983 2718 1024 eos
2747 971 2860 1026 suis
2886 973 3286 1033 adulationibus
3321 979 3595 1050 decipere,

2019 1060 2112 1105 aut
2144 1067 2330 1108 eorum
2353 1064 2533 1110 errata
2559 1056 2847 1116 defendere
2867 1103 2882 1127 ,
2911 1064 3005 1118 sed
3033 1067 3214 1134 potius
3242 1083 3401 1139 opem
3431 1070 3591 1140 ferre,

2017 1151 2078 1198 ut
2105 1146 2374 1215 aequitatis
2407 1163 2642 1204 censura
2665 1151 2910 1209 districte
2938 1157 3300 1225 corrigantur.

2556 1301 2784 1360 CAPUT
2821 1304 2959 1362 CXX
2968 1306 3084 1364 XV.

2089 1408 2330 1466 Solerter
2379 1421 2617 1469 rectores
2663 1416 3013 1474 ecclesiarum
3069 1422 3294 1493 vigilare
3339 1438 3550 1497 Oportet
3578 1471 3594 1492 .

2016 1507 2074 1554 ut
2109 1502 2264 1570 pueri
2290 1511 2347 1557 et
2379 1503 2766 1571 adolescentes,
2807 1509 2898 1577 qui
2941 1509 2996 1564 in
3037 1517 3452 1585 congregatione
3497 1519 3598 1574 sibi

2017 1594 2309 1650 commissa
2334 1596 2648 1651 nutriuntur
2687 1597 2772 1654 vel
2799 1600 3140 1668 erudiuntur,
3172 1603 3243 1658 ita
3264 1605 3485 1677 jugibus
3507 1625 3593 1664 ec-

335 1690 530 1758 quibus
564 1697 749 1758 utpote
787 1687 929 1742 filius
959 1687 1292 1754 verberetur,
1321 1697 1588 1760 quatenus
1617 1692 1913 1747 secundum
2017 1685 2335 1742 clesiaslicis
2361 1686 2660 1758 disciplinis
2684 1691 3145 1762 constringantur,
3177 1704 3238 1750 ut
3278 1713 3469 1754 eorum
3493 1700 3600 1757 las-

334 1780 482 1834 beati
517 1776 761 1849 Gregorii
795 1778 1151 1844 sententiam',
1197 1779 1290 1848 qui
1337 1779 1578 1852 iubentis
1612 1782 1776 1837 verba
1803 1797 1911 1836 non
1943 1762 1988 1820 Β
2016 1774 2134 1829 civa
2160 1782 2309 1840 κίεις,
2341 1786 2398 1830 et
2429 1777 2495 1831 ad
2523 1778 2853 1846 peccandum
2887 1780 3043 1836 valde
3074 1783 3352 1852 proclivis,
3395 1789 3595 1845 nullum

339 1869 586 1935 audiunt,
605 1870 920 1925 verberibus
938 1871 1350 1939 admoneantur,
1372 1881 1432 1927 ut
1451 1873 1518 1926 ad
1540 1874 1682 1928 bona
1705 1874 1918 1930 deside-

337 1963 421 2016 ria
463 1976 640 2032 pana
669 1963 891 2018 trahant
916 1978 1051 2034 quos
1076 1964 1297 2034 praemia
1328 1979 1436 2020 non
1460 1964 1712 2020 invitant.
1745 1965 1916 2023 Cate-

333 2070 456 2109 rum
482 2057 528 2112 si
555 2056 679 2111 talis
701 2055 882 2123 fuerit,
913 2072 1074 2126 quem
1100 2066 1192 2111 aut
1216 2064 1366 2122 atas,
1399 2065 1494 2113 aut
1530 2058 1764 2128 qualitas
1792 2075 1918 2129 per-

333 2159 482 2199 sona
519 2146 798 2200 verberari
847 2161 954 2202 non
988 2146 1208 2213 siverit,
1245 2146 1462 2218 publica
1512 2149 1914 2220 objurgatione,

331 2245 389 2290 et
416 2235 746 2306 jejuniorum
769 2238 1023 2292 continua
1045 2235 1350 2305 afﬂictione,
1381 2245 1437 2293 et
1465 2240 1916 2310 sequestrationis

333 2333 532 2388 rubore
556 2331 863 2401 hujusmodi
891 2333 1238 2404 corripiatur,
1270 2348 1441 2402 usque
1459 2334 1586 2388 dum
1610 2333 1772 2404 digna
1792 2347 1914 2404 poe-

332 2423 576 2480 nitentia
611 2423 981 2480 satisfactione
1005 2425 1221 2479 veniam
1259 2431 1644 2495 consequatur.
1692 2423 1751 2480 Si
1783 2440 1914 2480 vero

331 2523 582 2586 uterque,
614 2524 668 2570 et
702 2515 794 2584 qui
823 2513 1143 2586 ﬂagellatur,
1174 2523 1231 2570 et
1254 2529 1418 2585 quem
1451 2513 1711 2586 ﬂagellari
1755 2524 1910 2582 atas,

332 2615 428 2664 aut
453 2608 688 2678 qualitas
711 2621 954 2678 persona
978 2607 1286 2678 prohibent,
1317 2607 1492 2662 adhuc
1517 2607 1914 2679 incorrigibiles

331 2700 645 2757 exstiterint
675 2741 691 2765 ,
739 2699 786 2754 si
832 2698 984 2754 locus
1024 2699 1166 2764 intra
1214 2696 1454 2754 claustra
1500 2700 1910 2766 canonicoruut,

328 2793 474 2848 sicut
509 2791 692 2846 multis
734 2791 790 2846 in
837 2789 971 2846 locis
1011 2789 1255 2845 noscitur
1281 2803 1426 2857 esse,
1458 2804 1566 2860 quo
1594 2789 1662 2845 ad
1701 2798 1914 2862 tempus

331 2886 706 2950 retrudantur,
741 2892 798 2938 et
835 2866 1390 2939 secundum'modum
1435 2880 1606 2952 culpa
1640 2883 1912 2955 castigen-

331 2984 446 3039 tur,
472 2983 532 3028 ut
552 2972 707 3042 juxta
727 2971 1040 3044 Apostolum
1065 2972 1252 3028 traditi
1289 2971 1506 3028 Satana
1547 2973 1602 3028 in
1633 2974 1909 3029 interitum

327 3066 535 3131 carnis,
559 3065 781 3134 spiritus
809 3063 991 3120 salvus
1014 3063 1085 3119 sit
1118 3063 1172 3118 in
1202 3063 1292 3120 die
1322 3065 1535 3120 Domini
1566 3063 1653 3136 (ΙΙ
1679 3063 1804 3118 Cor.
1829 3065 1904 3136 v).

329 3161 484 3228 Quod
530 3161 576 3215 si
609 3159 774 3215 etiam
818 3166 898 3214 tot
942 3157 1315 3215 saluberrimis
1361 3157 1818 3214 admonitionibus
1852 3165 1910 3214 et

327 3250 774 3323 castigationibus
830 3249 1059 3305 necdum
1089 3248 1411 3320 paruerint,
1462 3249 1560 3304 fiat
1602 3263 1702 3320 pro
1729 3249 1811 3305 eis
1839 3249 1908 3305 ab

326 3342 475 3396 omni
499 3340 915 3412 congregatione
943 3340 1249 3396 communis
1277 3340 1476 3406 oratio,
1519 3350 1582 3394 ut
1618 3355 1650 3395 a
1676 3339 1908 3396 Domino

325 3441 604 3491 sanentur.
645 3432 961 3500 Postremo,
1010 3431 1060 3488 si
1108 3446 1333 3502 prorsus
1393 3432 1817 3489 inemendabiles
1851 3440 1910 3489 et

325 3524 718 3594 incorrigibiles
746 3521 1113 3594 apparuerint,
1137 3537 1206 3578 ne
1232 3536 1331 3593 per
1357 3521 1542 3592 plures
1568 3536 1760 3580 eorum
1781 3522 1905 3580 dira

323 3623 547 3685 serpant
567 3615 838 3686 contagia,
867 3628 1090 3670 necesse
1114 3622 1200 3670 est
1229 3621 1290 3668 ut
1318 3629 1350 3668 a
1377 3621 1698 3671 eaterorum
1728 3616 1906 3673 socie-

322 3712 452 3770 tate,
481 3713 667 3775 utpote
692 3720 822 3761 oves
843 3705 1120 3771 morbida,
1147 3705 1366 3771 secreti,
1394 3712 1520 3762 ante
1552 3708 1901 3776 prasentiam

321 3797 659 3850 deducantur
699 3794 962 3864 episcopi,
1000 3801 1062 3849 ut
1085 3794 1154 3849 ab
1177 3809 1244 3850 eo
1275 3794 1537 3850 canonica
1576 3797 1902 3854 auctoritate

326 3885 546 3956 publice
575 3885 922 3939 damnentur.
962 3883 1020 3941 Si
1063 3899 1195 3942 vero
1225 3886 1348 3956 quis
1385 3885 1441 3942 in
1475 3886 1705 3959 collegio
1738 3903 1903 3945 cano-

319 3978 565 4033 nicorum
611 3975 824 4044 culpam
867 3975 1206 4032 criminalem
1244 3978 1546 4043 admiserit,
1595 3981 1722 4036 huic
1751 3983 1902 4038 nulla

317 4075 404 4124 est
429 4064 606 4122 danda
630 4066 816 4122 dilatio
834 4106 851 4133 ,
878 4065 1008 4137 quin
1039 4074 1132 4121 aut
1167 4075 1361 4136 sponte
1388 4069 1769 4138 penitentiam
1799 4088 1899 4142 pro

320 4157 561 4215 admisso
601 4157 831 4213 crimine
856 4164 1029 4227 gerat,
1065 4165 1160 4211 aut
1199 4157 1243 4212 si
1289 4157 1342 4213 id
1371 4173 1532 4230 agere
1561 4159 1896 4228 refutaverit,

315 4264 503 4304 coram
525 4249 779 4320 episcopo
806 4248 1122 4314 deducatur,
1154 4255 1216 4302 ut
1235 4248 1302 4303 ab
1325 4263 1391 4303 eo
1420 4249 1635 4318 publica
1665 4251 1896 4308 mulcte-

316 4348 406 4393 tur
448 4337 788 4409 panitentia.
843 4334 1155 4392 Meminisse
1197 4337 1343 4392 enim
1371 4347 1588 4409 oportet
1631 4351 1896 4410 rectores,

2017 1865 2188 1936 possit
2214 1868 2454 1938 reperire
2495 1868 2692 1936 locum,
2725 1886 2834 1940 quo
2873 1872 2926 1926 in
2968 1877 3177 1944 peccati
3219 1877 3434 1936 facinus
3476 1898 3598 1952 pro-

2019 1969 2159 2014 ruat.
2198 1961 2539 2032 Quapropter
2577 1964 2633 2018 in
2680 1963 3050 2036 hujuscemodi
3093 1970 3505 2040 custodiendis,
3547 1985 3599 2030 et

2017 2049 2291 2120 spiraliter
2317 2054 2627 2110 erudiendis
2645 2095 2661 2121 ,
2695 2055 2822 2112 talis
2861 2073 2892 2112 a
2922 2060 3161 2128 pralatis
3189 2065 3598 2124 constituendus

2016 2153 2101 2198 est
2130 2144 2254 2199 vita
2278 2146 2574 2214 probabilis
2608 2147 2797 2214 frater,
2823 2151 2912 2221 qui
2941 2167 3130 2208 eorum
3173 2170 3362 2213 curam
3390 2176 3595 2216 summa

2015 2242 2168 2304 gerat
2210 2234 2474 2290 industria
2499 2277 2514 2302 ,
2555 2253 2756 2309 eosque
2797 2240 2871 2295 ita
2906 2245 3212 2302 aretissime
3242 2251 3593 2323 constringat,

2016 2324 2247 2394 qualiter
2275 2326 2657 2386 ecclesiasticis
2684 2331 2944 2390 doctrinis
2972 2335 3185 2404 imbuti,
3213 2347 3268 2394 et
3299 2344 3471 2396 armis
3494 2346 3597 2413 spi-

2015 2415 2262 2472 ritalibus
2287 2416 2481 2485 induti,
2510 2428 2565 2474 et
2587 2421 2831 2478 ecclesia
2856 2425 3182 2484 utilitatibus
3207 2431 3466 2488 decenter
3503 2450 3595 2503 pa-

2014 2519 2169 2596 rere,
2199 2515 2253 2561 et
2279 2506 2348 2561 ad
2386 2509 2588 2578 gradus
2624 2512 3025 2571 ecclesiasticos
3070 2522 3399 2592 quandoque
3442 2525 3599 2596 digne

2013 2595 2224 2662 possint
2267 2600 2596 2666 promoveri.
2643 2601 2827 2658 Libuit
2862 2618 3145 2676 praeterea,
3182 2612 3252 2666 ob
3282 2595 3598 2671 aedificatio-

2014 2701 2136 2740 netu
2181 2703 2517 2758 congruam,
2557 2701 2613 2748 et
2671 2695 3086 2757 instructionem
3131 2707 3333 2776 negotii
3381 2707 3451 2762 de
3490 2725 3592 2778 quo

2013 2781 2209 2850 agitur,
2229 2782 2517 2851 quamdam
2547 2795 2858 2844 sanctorum
2879 2791 3101 2848 Patrum
3123 2800 3455 2854 sententiam
3475 2802 3596 2856 huic

2011 2872 2160 2942 operi
2193 2873 2456 2940 inserere,
2491 2889 2610 2944 qua
2643 2877 2719 2932 ita
2746 2894 2804 2935 se
2832 2880 2998 2938 habet
3040 2903 3053 2939 :
3094 2885 3273 2943 Prona
3313 2899 3400 2945 est
3427 2895 3597 2950 omnis

2011 2970 2143 3017 atas
2193 2962 2262 3017 ab
2311 2964 2675 3022 adolescentia
2733 2970 2787 3024 in
2849 2974 3072 3029 malum.
3135 2977 3281 3034 Nihil
3342 2982 3597 3040 incertius

2013 3069 2176 3124 quam
2203 3055 2313 3109 vita
2339 3056 2764 3115 adolescentium
2793 3060 2944 3133 (Gen.
2969 3067 3108 3138 vm).
3147 3069 3229 3125 0b
3251 3071 3360 3127 hoc
3395 3078 3593 3130 consti-

2014 3145 2271 3200 tuendum
2291 3149 2552 3216 oportuit,
2582 3158 2643 3204 ut
2670 3151 2716 3205 si
2761 3154 2884 3222 quis
2923 3156 2975 3210 iu
3007 3157 3152 3213 clero
3188 3143 3328 3230 puer
3362 3173 3472 3230 est,
3509 3177 3598 3221 aut

2008 3236 2376 3295 adolescentes
2422 3240 2684 3309 existunt,
2730 3259 2922 3302 omnes
2959 3248 3015 3303 in
3053 3267 3161 3308 uno
3199 3257 3452 3313 conclavi
3478 3260 3596 3317 atrii

2008 3341 2432 3399 commorentur,
2460 3343 2522 3388 ut
2547 3334 2771 3392 lubrica
2791 3341 2968 3396 aetatis
2996 3356 3187 3411 annos,
3222 3362 3333 3402 non
3358 3353 3417 3408 in
3446 3352 3595 3407 luxu-

2005 3421 2108 3486 ria,
2153 3423 2247 3478 sed
2277 3424 2332 3478 in
2378 3425 2675 3496 disciplinis
2704 3429 3087 3489 ecclesiasticis
3128 3447 3318 3506 agant,
3361 3442 3599 3512 deputati

2004 3515 2388 3584 probatissimo
2433 3520 2660 3586 seniori,
2687 3537 2848 3592 quem
2873 3533 2930 3580 et
2967 3529 3287 3596 magistrum
3314 3534 3593 3604 doctrina,

2001 3614 2060 3660 et
2111 3614 2304 3662 testem
2357 3610 2483 3665 vita
2529 3611 2808 3679 habeant,
2860 3624 2968 3672 etc.
3019 3618 3115 3676 llis
3153 3622 3226 3676 ita
3247 3629 3591 3693 praemissis:

2001 3703 2218 3766 oportet
2245 3707 2307 3752 ut
2331 3701 2721 3768 probatissimo
2747 3706 2950 3761 seniori
2989 3711 3142 3777 pueri
3186 3713 3255 3767 ad
3292 3719 3596 3774 custodien-

2001 3788 2159 3854 dum,
2204 3788 2332 3844 licet
2370 3790 2438 3845 ab
2467 3791 2575 3848 alio
2604 3795 2921 3852 erudiantur
2945 3839 2960 3865 ,
3007 3800 3360 3871 deputentur.
3404 3807 3595 3864 Frater

2001 3895 2152 3945 vero,
2203 3881 2292 3935 cui
2339 3881 2456 3937 hac
2491 3899 2622 3938 cura
2666 3888 3047 3957 committitur,
3087 3892 3134 3946 si
3167 3908 3363 3952 eorum
3405 3915 3590 3955 curam

2000 3972 2420 4042 parvipenderit,
2464 3984 2518 4029 et
2562 3975 2705 4032 aliud
2735 3993 2897 4048 quam
2931 3991 3146 4053 oportet
3185 3985 3460 4053 docuerit,
3495 3999 3590 4044 aut

1999 4063 2163 4120 eisin
2187 4064 2367 4134 aliquo
2399 4065 2688 4134 cujuslibet
2715 4052 2967 4126 Iasionis~
2976 4075 3246 4130 maculam
3270 4077 3580 4149 ingesserit,

2001 4156 2342 4212 severissime
2367 4167 2648 4228 correptus
2674 4160 2742 4215 ab
2784 4162 2964 4218 oﬂicio
2985 4176 3326 4233 amoveatur,
3354 4181 3411 4226 et
3434 4172 3584 4226 fratri

2000 4246 2092 4300 alii
2141 4248 2195 4302 id
2237 4249 2650 4317 committatur,
2705 4252 2798 4322 qui
2849 4267 2943 4310 eos
2993 4265 3050 4311 et
3103 4258 3410 4317 innocentis
3462 4263 3581 4317 vita

1999 4339 2262 4409 exemplis
2299 4339 2584 4406 informet,
2625 4350 2681 4397 et
2722 4345 2788 4398 ad
2825 4359 2960 4414 opus
2991 4348 3190 4404 bonum
3217 4354 3578 4426 peragendum

313 4430 441 4499 quia
467 4428 714 4483 columba
757 4435 842 4482 est
889 4427 944 4482 in
975 4426 1176 4482 divinis
1205 4425 1503 4498 Scripturis
1528 4430 1770 4488 Ecclesia
1802 4449 1894 4504 ap-
1919 4456 1974 4516 D
1998 4429 2216 4484 excitet.

311 4519 530 4591 pellata,
562 4534 684 4590 qua
704 4533 810 4573 non
845 4517 1113 4588 unguibus
1137 4517 1359 4586 lacerat,
1395 4521 1488 4576 sed
1519 4521 1618 4577 alis
1647 4525 1735 4592 pie
1768 4541 1891 4594 per-

311 4610 448 4664 cutit
474 4607 651 4679 (Cant.
687 4607 786 4676 vi).
827 4605 981 4660 Unde
1008 4606 1175 4660 etiam
1206 4606 1310 4661 illis
1337 4623 1682 4676 summopere
1706 4611 1892 4665 obser-

313 4699 546 4752 vandum
575 4705 678 4763 est,
709 4705 769 4750 ut
797 4695 937 4750 sicut
965 4695 1302 4764 praemissum
1334 4703 1435 4759 est,
1471 4693 1628 4763 juxta
1668 4699 1887 4754 modum

311 4787 612 4857 culparum,
658 4795 714 4841 et
763 4799 1119 4855 personarum
1167 4793 1330 4856 atque
1373 4793 1617 4852 atatum,
1668 4790 1891 4846 omnino

2501 4540 2729 4599 CAPUT
2760 4542 2846 4598 CX
2856 4543 3039 4600 XXV].

2065 4675 2325 4747 Expletis,
2387 4675 2795 4747 religiosissime
2845 4677 3104 4747 obsequio
3155 4680 3312 4738 horis
3366 4701 3577 4757 compe-

1993 4766 2253 4832 tentibus,
2276 4767 2486 4823 diurnis
2507 4767 2720 4833 ciliciis,
2755 4768 3095 4844 abpmnibus
3121 4775 3424 4844 canonicis,
3457 4780 3578 4833 dato

311 4841 429 4947 ipsa
474 4841 781 4946 temperata
804 4875 876 4929 sit
910 4875 1204 4945 correptio,
1232 4841 1292 4928 ut
1315 4891 1418 4930 nec
1448 4875 1638 4929 vitium
1671 4875 1890 4934 desidia

2010 4861 2166 4932 signo,
2215 4861 2563 4916 devotissime
2609 4861 2677 4914 ad
2731 4841 3139 4930 completorium
3195 4841 3575 4924 celebrandum

313 4965 604 5031 inolescat,
647 4979 750 5018 nec
775 4965 1046 5034 correptio
1091 4964 1522 5019 mansuetudinis
1554 4964 1772 5019 modum
1801 4983 1891 5022 ex-

1991 4952 2316 5007 veuiendum
2339 4961 2439 5005 est.
2485 4949 2604 5017 Quo
2633 4953 2918 5021 completo,
2950 4962 3163 5022 oportet
3185 4965 3246 5009 ut
3279 4975 3390 5012 non
3409 4960 3575 5030 epulis

309 5057 487 5122 cedat,
518 5069 615 5122 ne,
649 5062 708 5108 ut
736 5054 814 5108 ait
840 5055 1034 5108 beatus
1063 5053 1348 5117 Maximus,
1381 5060 1479 5107 aut
1503 5053 1732 5108 solutior
1757 5054 1892 5110 leni-

2010 5051 2046 5098 2t
2096 5041 2480 5112 potationibus,
2537 5040 2798 5110 vanisque
2844 5041 3139 5096 inserviant
3183 5043 3436 5114 loquelis,
3482 5047 3572 5102 sed

311 5159 396 5204 tas
420 5143 821 5204 conniventiam
848 5142 1086 5212 praebeat
1116 5140 1388 5212 peccanti,
1411 5149 1506 5196 aut
1531 5141 1889 5198 immoderata

309 5237 573 5296 severitas
599 5248 631 5287 a
673 5231 823 5302 lapsu
850 5245 958 5285 non
987 5236 1205 5286 revocet
1231 5229 1653 5299 delinquentem.
1693 5231 1800 5287 Sed
1831 5240 1888 5288 et

310 5330 413 5385 hoc
440 5326 546 5383 illis
604 5322 952 5380 nihilominus
990 5321 1288 5376 cavendum
1331 5330 1437 5386 est,
1481 5338 1548 5377 ne
1577 5332 1759 5377 errata
1795 5323 1888 5379 de-

308 5418 664 5491 linquentium
697 5411 924 5482 alicujus
958 5413 1036 5468 rei
1085 5411 1258 5468 livore
1285 5411 1524 5479 feriant,
1554 5415 1650 5468 sed
1683 5415 1883 5483 potius,

308 5517 368 5562 ut
393 5509 470 5562 ait
489 5507 681 5563 beatus
707 5504 1062 5576 Augustinus,
1098 5503 1208 5558 sint
1247 5503 1535 5558 criminum
1571 5513 1884 5572 persecuto-

310 5615 398 5654 res
421 5607 478 5652 et
505 5599 784 5654 hominum
819 5597 1158 5653 liberatores.
1197 5594 1424 5652 Oderint
1452 5595 1618 5660 vitia,
1656 5595 1885 5666 diligant

312 5689 575 5748 homines.
621 5691 844 5748 Oderint
883 5692 1025 5763 quod
1073 5689 1330 5750 instinctu
1369 5688 1566 5746 diaboli
1611 5687 1881 5765 ingestum

1992 5133 2079 5187 his
2108 5131 2323 5202 penitus
2347 5130 2687 5202 postpositis,
2714 5130 2992 5185 humiliter
3018 5139 3074 5186 et
3103 5133 3334 5190 honeste
3375 5138 3574 5191 donni-

1993 5223 2192 5276 torium
2215 5229 2434 5291 petant:
2466 5228 2524 5275 et
2556 5235 2900 5292 nequaquam
2931 5220 3037 5276 duo
3083 5222 3136 5276 in
3165 5237 3296 5289 uno,
3331 5227 3427 5280 sed
3463 5227 3570 5281 sin-

1993 5313 2102 5383 guli
2132 5315 2185 5369 in
2211 5313 2438 5384 singulis
2461 5313 2616 5368 lectis
2657 5313 2958 5383 quiescant.
3003 5311 3248 5369 Lucerna
3276 5334 3491 5388 quoque
3515 5320 3567 5373 in

1993 5406 2181 5460 eodem
2203 5405 2520 5461 dormitorio
2543 5405 2721 5460 noctis
2745 5402 3206 5475 temporejugiter
3232 5408 3443 5464 ardeat.
3481 5408 3567 5463 Ni-

1993 5499 2070 5554 hil
2098 5500 2329 5570 denique
2353 5498 2720 5561 inhonestum,
2762 5504 2858 5551 aut
2885 5497 3142 5552 indecens
3167 5497 3224 5551 in
3252 5499 3566 5555 dormitorio

1991 5603 2213 5667 geratur
2232 5595 2300 5649 ab
2335 5593 2539 5663 aliquo,
2570 5604 2670 5646 nec
2693 5589 2962 5660 quispiam
3001 5588 3236 5658 aliquem
3266 5590 3562 5661 inquietare

1990 5695 2302 5758 pratsumal,
2332 5700 2432 5740 nec
2467 5686 2534 5743 ad
2580 5683 2743 5738 verba
2789 5681 3000 5741 inutilia
3029 5689 3081 5738 et
3110 5680 3285 5737 otiosa
3314 5696 3556 5756 prorum-
