3890 6180
251 496 262 528 2

247 627 259 670 Ι

320 311 431 367 929

901 313 1179 372 REGULA
1215 317 1708 380 CANONICORUM
1747 323 1834 378 ΑΒ
1871 324 2228 385 AMALARIO
2265 329 2644 392 COLLECTA.
2684 370 2754 382 —-
2789 341 2917 399 LIB.
2958 344 2999 400 I.

3475 349 3582 408 930

317 437 454 492 pere
481 431 658 493 cogat.
692 421 862 491 Ilujus
888 439 1019 481 vero
1056 429 1276 496 capituli
1317 442 1656 504 contemptor
1689 437 1900 505 specia-
1931 441 1980 499 Α
2005 437 2140 493 alios
2162 447 2476 510 praecedunt
2501 450 2833 522 magisterio,
2877 456 2950 510 ita
2993 458 3246 516 nimirum
3280 461 3581 524 innocentis

311 513 452 568 liter
479 529 507 566 a
530 512 767 583 praelatis
789 525 843 568 et
867 520 1140 586 magistris
1169 522 1516 578 severissime
1558 527 1905 596 corripiatur.

852 631 1079 688 CAPUT
1113 633 1418 692 CXXXVII.

392 720 728 775 Studendum
752 737 1094 794 summopere
1122 731 1434 786 cantoribus
1457 740 1558 797 est,
1607 749 1674 788 ne
1704 734 1905 790 donum

311 810 422 864 sibi
451 811 712 866 divinitus
739 811 997 868 collatum
1023 817 1170 872 vitiis
1190 818 1416 886 foedent,
1446 822 1541 876 sed
1561 825 1741 893 potius
1774 825 1904 880 illud

308 902 649 969 humilitate,
697 907 968 972 castitate,
1000 917 1056 964 et
1097 911 1411 979 sobrietate,
1441 923 1495 969 et
1536 917 1749 972 caeteris
1777 932 1904 972 san-

311 1002 529 1048 ctarum
557 995 819 1051 virtutum
844 1004 1179 1056 ornamentis
1206 1014 1510 1060 exornent:
1534 1022 1761 1077 quorum
1787 1024 1902 1064 me-

311 1081 460 1137 lodia
506 1084 719 1141 animos
772 1089 954 1158 populi
1011 1092 1411 1150 circumstantis
1454 1097 1522 1152 ad
1581 1099 1898 1154 memoriam

310 1187 668 1244 amoremque
699 1177 1026 1244 caelestium,
1057 1196 1164 1236 non
1206 1183 1378 1238 solum
1423 1184 1752 1241 sublimitate
1778 1201 1902 1241 ver-

306 1263 533 1327 borum,
553 1264 652 1319 sed
679 1266 848 1320 etiam
889 1267 1155 1324 suavitate
1180 1279 1447 1337 tonorum,
1479 1290 1598 1344 quae
1623 1276 1896 1342 dicuntur,

305 1353 501 1421 erigat.
527 1351 818 1410 Cantorem
845 1366 1046 1423 autem,
1077 1359 1217 1415 sicut
1244 1363 1500 1417 traditum
1531 1373 1616 1419 est
1641 1380 1672 1419 a
1695 1366 1898 1422 sanctis

309 1440 588 1509 Patribus,
620 1451 677 1498 et
716 1460 850 1500 voce
890 1455 950 1502 et
971 1457 1087 1504 arte
1129 1450 1470 1520 praeclarum,
1525 1453 1897 1524 illustremque

307 1549 433 1590 esse
481 1544 717 1605 oportet,
766 1539 841 1593 ita
886 1547 946 1594 ut
998 1556 1097 1610 per
1135 1542 1528 1600 oblectamenta
1571 1546 1893 1615 dulcedinis,

307 1627 525 1681 animos
549 1628 738 1682 incitet
760 1630 1122 1696 audientium,
1155 1639 1261 1688 etc.
1294 1633 1556 1691 Cantores
1577 1637 1759 1707 itaque
1785 1653 1894 1694 non

305 1725 531 1786 propter
552 1719 753 1774 donum
783 1721 884 1775 sibi
915 1721 1167 1777 collatum
1207 1739 1266 1779 se
1292 1727 1504 1782 caeteris
1532 1727 1892 1797 superbiendo

2010 529 2133 584 vita:
2159 531 2452 590 informent
2475 541 2744 608 exemplo,
2770 551 2828 596 ut
2849 543 3004 612 juxta
3031 548 3365 618 Apestolum,
3392 570 3577 611 exem-

2007 616 2096 684 plo
2120 619 2230 673 sint
2253 624 2469 678 caneris
2499 625 2554 679 in
2582 627 2768 694 verbo,
2798 631 2850 684 in
2881 616 3374 701 conversatione,iu
3402 641 3586 698 chari-

2006 713 2138 774 tate,
2172 709 2228 765 iu
2259 711 2383 777 (ide,
2436 715 2490 768 in
2529 719 2797 773 castitate.
2843 721 2945 788 Qui
2987 724 3176 791 etiam,
3214 727 3260 781 si
3310 731 3580 797 prioratus

2003 800 2088 855 sui
2115 817 2279 860 causa
2305 805 2666 865 intumescere
2718 815 3000 883 coeperint,
3044 824 3099 870 et
3136 832 3320 873 curam
3348 820 3580 880 fratrum

2002 892 2157 948 nihili
2197 897 2504 965 penderint,
2542 900 2588 955 si
2634 903 2826 958 crebro
2876 905 3134 961 admoniti
3183 909 3580 981 incorrigibiles

1999 985 2342 1054 exstiterint,
2394 1005 2425 1044 a
2479 992 2781 1048 ministerio
2834 999 3217 1068 pr0pellantur,
3269 1002 3470 1074 aliique
3525 1005 3578 1059 in

1999 1073 2120 1132 loco
2149 1075 2385 1146 illorum,
2413 1083 2505 1151 qui
2551 1083 2606 1140 id
2633 1094 2854 1142 strenue
2895 1105 3153 1161 peragere
3196 1073 3424 1163 possint,
3454 1096 3587 1152 sub-

1998 1165 2312 1226 stituantur.

2523 1262 2750 1321 CAPUT
2776 1267 3061 1326 CXXXIX.

2067 1344 2325 1413 Quamvis
2361 1365 2550 1409 omnes
2576 1357 2684 1436 ’qui
2733 1370 2973 1428 praesunt
3013 1364 3314 1434 praepositis
3344 1365 3448 1423 rite
3490 1367 3575 1422 di-

1995 1447 2210 1507 cantur,
2251 1457 2381 1499 usus
2413 1453 2593 1503 tamen
2623 1450 2856 1506 obtinuit
2882 1468 2976 1509 eos
3002 1457 3189 1511 vocari
3229 1461 3572 1529 praepositos,

1995 1529 2089 1598 qui
2133 1535 2418 1601 quamdam
2470 1538 2746 1606 prioratus
2793 1558 2978 1599 curam
3029 1548 3129 1602 sub
3177 1548 3300 1604 aliis
3344 1552 3575 1620 praelatis

1993 1628 2210 1689 gerunt.
2243 1622 2515 1680 [litamen
2547 1629 2638 1698 qui
2680 1629 2835 1700 juxta
2867 1635 3010 1692 hunc
3056 1655 3260 1695 morem
3305 1645 3574 1713 praepositi

1993 1720 2280 1778 vocantur,
2304 1714 2440 1770 tales
2463 1725 2521 1771 et
2545 1726 2653 1774 tam
2682 1725 2888 1778 strenui
2917 1730 3277 1785 constituendi
3305 1740 3450 1798 sunt,
3483 1735 3574 1802 qui

304 1777 618 1875 pum-ferant,
649 1808 745 1865 sed
769 1809 1044 1865 humiliter
1082 1813 1260 1868 socios
1286 1777 1696 1872 exbibeantht
1717 1819 1875 1887 provi

1993 1810 2048 1856 et
2068 1803 2192 1860 vitae
2220 1805 2516 1874 probabilis
2544 1811 2672 1877 sint,
2699 1821 2754 1868 et
2773 1829 2837 1868 ea
2861 1831 2983 1885 quze
3007 1819 3109 1873 sibi
3142 1819 3384 1890 injuncta
3426 1777 3572 1889 sunt,

300 1900 541 1954 dendum
592 1909 676 1956 est
739 1901 868 1969 illis,
927 1904 1143 1972 quando
1193 1913 1510 1976 temperate,
1568 1911 1890 1980 quandoque

296 1989 574 2046 submiSse
616 1990 858 2046 divinum
907 2001 1096 2062 agatur
1139 1992 1420 2050 ofﬁcium:
1466 1998 1677 2053 scilicet
1709 2007 1770 2053 ut
1801 2015 1889 2056 se-

298 2082 539 2134 cundum
562 2095 848 2138 numerum
888 2083 1226 2150 clericorum,
1272 2096 1328 2142 et
1356 2087 1517 2144 ollicii
1546 2091 1886 2160 qualitatem,

297 2179 354 2223 et
415 2172 676 2241 temporis
731 2172 1115 2242 prolixitatem,
1171 2186 1386 2233 cantum
1434 2183 1781 2250 protendunt,
1831 2193 1888 2240 et

299 2275 439 2316 voce
465 2262 815 2319 moderentur
834 2272 1174 2319 cancrorum.
1209 2265 1413 2323 Senum
1435 2271 1596 2324 etiam
1618 2272 1884 2327 vocalium

296 2351 607 2408 litterarum
636 2354 775 2410 bene
794 2362 956 2425 atque
979 2366 1170 2412 ornate
1195 2367 1558 2430 perstrepant.
1596 2361 1693 2417 llis
1732 2377 1881 2429 vero,

293 2443 391 2512 qui
423 2443 582 2514 hujus
603 2445 738 2501 artis
780 2446 960 2502 minus
986 2463 1215 2519 capaces
1241 2458 1390 2516 sunt,
1423 2450 1596 2507 donec
1627 2454 1884 2509 erudian-

295 2542 404 2597 tur,
455 2533 652 2590 melius
689 2538 944 2592 convenit
968 2547 1028 2592 ut
1064 2539 1282 2606 sileant,
1309 2556 1473 2610 quam
1525 2551 1746 2596 cantare
1787 2559 1883 2599 vo-

294 2625 456 2680 lendo
483 2628 625 2696 quod
661 2629 930 2696 nesciunt,
959 2631 1186 2687 aliorum
1211 2648 1372 2689 voces
1410 2633 1694 2691 dissonare
1731 2651 1882 2692 com-

291 2715 520 2785 pellant.
554 2717 751 2774 Psalmi
799 2737 1035 2792 namque
1073 2725 1128 2778 in
1173 2725 1402 2782 ecclesia
1433 2743 1538 2782 non
1574 2729 1794 2797 cursim,
1823 2741 1877 2786 et

290 2809 526 2866 excelsis
551 2820 714 2881 atque
739 2813 1082 2882 inordinatis,
1111 2833 1204 2874 seu
1234 2820 1605 2891 intemperatis
1630 2825 1875 2891 vocibus,

289 2899 386 2954 sed
420 2900 578 2970 plane
605 2918 670 2958 ac
719 2904 969 2973 dilucide,
1004 2916 1061 2962 et
1090 2924 1210 2962 cum
1259 2913 1672 2980 compunctione
1697 2916 1877 2973 cordis

289 2991 625 3046 recitentur:
651 3000 711 3047 ut
727 3001 785 3048 et
809 2995 1154 3052 recitantium
1177 3014 1328 3054 mens
1353 3001 1567 3057 illorum
1593 3004 1875 3064 dulcedine

285 3090 566 3150 pascatur,
610 3092 666 3140 et
701 3088 1037 3144 audientium
1091 3106 1251 3147 aures
1295 3093 1508 3149 illorum
1552 3101 1870 3166 pronuntia-
1899 3113 1944 3176 ρ

288 3170 437 3227 tione
496 3173 924 3244 demulceantur,
985 3181 1238 3250 quoniam
1289 3186 1537 3252 quamvis
1590 3189 1874 3246 cantilena

287 3279 457 3320 sonus
481 3267 535 3321 in
566 3268 686 3324 aliis
710 3268 902 3327 ciliciis
932 3273 1148 3330 excelsa
1171 3275 1342 3331 soleat
1369 3280 1456 3334 edi
1483 3295 1633 3349 voce,
1659 3282 1714 3338 in
1735 3286 1875 3340 reci-

287 3358 469 3413 tandis
500 3366 681 3416 tamen
728 3364 951 3436 psalmis
993 3366 1300 3437 hujusmodi
1348 3369 1569 3426 vitanda
1615 3383 1700 3429 est
1746 3392 1868 3432 vox.

284 3446 701 3509 Constituantur
731 3455 935 3512 interea
965 3459 1206 3514 seniores
1235 3461 1452 3528 fratres,
1493 3465 1872 3534 probabilioris

283 3539 495 3596 scilicet
517 3543 660 3611 vitae,
686 3546 777 3616 qui
804 3555 1043 3619 tempore
1076 3557 1280 3605 statuto
1316 3553 1554 3610 vicissim
1584 3572 1705 3611 cum
1741 3573 1879 3628 cane

284 3638 468 3687 torum
526 3635 712 3690 schola
759 3638 888 3704 sint,
931 3656 1000 3696 ne
1046 3642 1103 3696 hi
1150 3642 1240 3712 qui
1287 3644 1498 3702 discere
1529 3647 1748 3716 debent,
1776 3659 1871 3704 aut

282 3721 399 3776 otio
440 3734 654 3792 vacent,
697 3735 791 3782 aut
828 3729 1079 3788 inanibus
1112 3740 1167 3787 et
1190 3737 1540 3804 supervacuis
1565 3737 1762 3794 fabulis
1787 3740 1870 3795 in-

282 3819 447 3866 stent.
477 3811 535 3868 Si
567 3830 694 3872 vero
715 3828 964 3875 cantores
995 3822 1211 3890 superbi
1239 3826 1564 3894 exstiterint,
1586 3838 1640 3883 et
1668 3841 1864 3898 artem,

281 3917 445 3970 quam
477 3905 736 3962 divinitus
758 3907 923 3978 adjuti
962 3910 1268 3980 didicerint,
1318 3916 1438 3972 aliis
1466 3917 1744 3976 insinuare
1783 3938 1867 3977 re-

281 3997 521 4062 nuerint,
553 3999 790 4069 graviter
819 4016 884 4058 ac
920 4017 1106 4060 severe
1140 4005 1467 4076 judicentur,
1499 4018 1558 4064 ut
1596 4013 1866 4068 emendati

280 4095 445 4157 atque
477 4093 729 4156 correcti,
780 4093 1041 4150 talentum
1093 4097 1195 4153 sibi
1226 4114 1258 4153 a
1310 4098 1422 4156 Deo
1463 4102 1716 4158 collatum
1746 4104 1865 4161 aliis

279 4193 510 4248 erogare
531 4192 842 4250 procurent.
867 4184 1247 4255 Hujuscemodi
1291 4199 1471 4246 autem
1501 4196 1862 4264 correptionis

277 4271 476 4326 modus
504 4285 631 4345 erga
657 4290 753 4331 eos
777 4276 869 4346 qui
907 4279 1269 4348 quarumlibet
1314 4282 1514 4338 artium
1562 4285 1863 4355 disciplinis

274 4359 480 4414 eruditi
533 4372 677 4428 sunt,
735 4372 792 4419 et
833 4365 899 4420 de
947 4367 1146 4437 talento
1190 4369 1293 4424 sibi
1342 4372 1598 4429 divinitus
1640 4375 1856 4442 collato,

1989 1893 2217 1951 fideliter
2241 1898 2624 1970 humiliterque
2653 1905 2923 1974 expleant,
2953 1917 3008 1962 et
3050 1924 3152 1979 pro
3176 1923 3241 1967 eo
3283 1913 3425 1982 quod
3451 1915 3574 1970 aliis

1985 1985 2195 2054 praelati
2223 1997 2368 2055 sunt,
2399 2005 2744 2062 nequaquam
2770 1999 3163 2067 parvipendant
3186 2003 3446 2058 canonica
3479 2005 3566 2059 in-

1987 2075 2176 2130 stituta
2213 2093 2228 2142 ;
2283 2079 2378 2134 sed
2425 2089 2631 2149 quanto
2675 2083 2798 2152 plus
2842 2085 3189 2156 implicantur
3232 2091 3289 2144 in
3337 2091 3570 2148 fratrum

1986 2165 2154 2231 curis,
2183 2176 2335 2224 tanto
2379 2171 2554 2242 magis
2581 2174 2834 2229 studeant
2858 2177 3170 2235 coelestibus
3196 2179 3572 2252 obtemperare

1984 2258 2224 2314 monitis.
2277 2261 2485 2317 Debent
2533 2264 2698 2334 igitur
2729 2274 2940 2322 cunctae
2977 2270 3383 2340 congregationi
3411 2275 3572 2330 utiles

1983 2362 2124 2414 esse,
2154 2351 2308 2406 etde
2349 2352 2657 2410 ministerio
2694 2357 2797 2412 sibi
2838 2360 3129 2414 commisso
3176 2361 3407 2417 fideliter
3447 2379 3572 2434 pro-

1982 2437 2156 2493 desse.
2187 2440 2261 2494 Ea
2291 2456 2423 2496 vero
2446 2458 2566 2512 quae
2591 2445 2850 2502 fratribus
2886 2449 3015 2503 dare
3053 2450 3268 2516 debent,
3294 2468 3416 2508 cum
3442 2456 3571 2510 cha-

1982 2529 2144 2583 ritate
2189 2539 2431 2601 tempore
2473 2544 2778 2605 opportuno
2831 2538 3213 2596 incunctanter
3259 2545 3559 2613 prtebeant,

1978 2629 2246 2690 quatenus
2271 2639 2300 2677 a
2325 2624 2554 2680 Domino
2579 2627 2646 2682 de
2676 2627 2818 2684 ﬁdeli
2846 2629 3316 2688 administratione
3338 2637 3566 2705 gradum

1977 2711 2180 2767 bonum
2233 2715 2539 2785 acquirant.
2600 2717 2740 2789 Erga
2792 2719 3162 2788 hujuscemodi
3217 2738 3350 2780 vero
3393 2726 3567 2781 delin-

1977 2811 2206 2870 quentes
2235 2812 2289 2858 et
2332 2804 2696 2862 obedientiam
2735 2807 2839 2864 sibi
2886 2811 3230 2866 commissam
3279 2829 3385 2868 non
3426 2816 3564 2871 bene

1975 2895 2442 2965 administrantes,
2484 2901 2677 2956 modus
2719 2903 2970 2973 superius
3013 2907 3437 2975 comprehensus
3480 2917 3563 2964 tc-

1975 2988 2183 3043 nendus
2210 3000 2314 3044 est.

2558 3081 2788 3140 CAPUT
2827 3084 2984 3141 CXL.

2046 3170 2216 3226 Debet
2261 3186 2554 3241 procurare
2600 3176 2878 3244 praelatus,
2928 3188 2987 3233 ut
3028 3176 3292 3237 fratribus
3331 3182 3557 3240 cellaru-

1975 3262 2136 3326 rium,
2165 3278 2271 3319 non
2298 3265 2652 3331 vinolentum,
2684 3283 2790 3323 non
2827 3273 3140 3340 superbum,
3185 3288 3293 3329 non
3322 3277 3557 3344 tardum,

1972 3365 2082 3405 non
2115 3353 2418 3423 prodigum,
2457 3355 2552 3409 sed
2575 3355 2818 3412 moribus
2856 3360 3146 3415 honestum
3173 3377 3238 3417 ac
3279 3363 3448 3420 Deum
3493 3368 3560 3422 ti-

1971 3454 2206 3499 mentem
2229 3448 2546 3513 constituat,
2574 3449 2666 3517 qui
2696 3457 2752 3505 et
2780 3451 3048 3520 stipendia
3071 3452 3298 3509 fratrum
3327 3456 3560 3513 fideliter

1969 3545 2170 3602 servet,
2217 3545 2271 3592 et
2318 3537 2562 3609 diligenti
2609 3554 2740 3595 cura
2771 3541 3201 3600 administrando
3248 3546 3556 3604 nullatenus

1968 3627 2168 3684 fratres
2188 3629 2490 3686 contristet.
2522 3630 2618 3686 Cui
2643 3633 2807 3687 etiam
2836 3633 3122 3703 pistrinum
3149 3633 3376 3691 fratrum
3401 3653 3549 3694 com-

1967 3719 2290 3775 mittendum
2328 3727 2432 3785 est,
2479 3729 2538 3776 ut
2577 3721 2710 3777 illud
2749 3723 2824 3777 ita
2856 3722 3264 3793 vigilantissima
3298 3742 3429 3782 cura
3457 3744 3554 3783 cu-

1966 3809 2188 3877 stodiat,
2221 3825 2289 3866 ne
2324 3811 2562 3867 ministri
2607 3812 2808 3867 ibidem
2849 3814 3114 3883 deputati,
3143 3830 3413 3871 annonam
3445 3817 3556 3873 fra-

1967 3909 2112 3955 trum
2134 3908 2230 3954 aut
2251 3899 2437 3956 furtim
2467 3902 2836 3971 subripiendo,
2871 3911 2964 3957 aut
2986 3904 3091 3959 alio
3122 3905 3360 3976 quolibet
3389 3909 3552 3964 modo

1965 3989 2300 4060 negligenter
2346 3990 2574 4046 vivendo
2615 3992 2898 4062 dissipent.
2951 3992 3014 4047 Hi
3067 4009 3199 4050 vero
3242 3994 3429 4052 famuli
3457 3999 3556 4054 eli-

1963 4090 2158 4152 gantur
2186 4082 2251 4136 de
2281 4079 2589 4137 fidelissima
2613 4083 2855 4138 ecclesiae
2882 4083 3106 4151 familia,
3155 4095 3211 4141 et
3251 4087 3336 4143 his
3361 4087 3552 4146 ciliciis

1963 4169 2247 4239 diligenter
2272 4172 2607 4236 erudiuntur,
2640 4181 2700 4226 ut
2728 4173 2935 4227 scilicet
2961 4182 3016 4227 et
3055 4175 3279 4244 pistoria
3318 4185 3456 4242 arte,
3489 4187 3546 4233 et

1963 4261 2088 4317 fidei
2121 4262 2357 4330 puritate
2384 4262 2799 4316 necessitatibus
2838 4261 3065 4316 fratrum
3093 4267 3548 4332 opportunissime

1961 4351 2177 4406 valeant
2228 4350 2532 4421 sull‘ragari.
2588 4351 2790 4405 Eadem
2836 4367 3050 4422 quoque
3081 4353 3251 4436 forma
3293 4356 3358 4411 de
3399 4361 3546 4414 cocis

273 4449 453 4520 magis
489 4466 548 4506 se
588 4452 708 4508 ams
735 4455 1093 4525 superbiendo
1120 4459 1394 4527 νηί-ειη,
1439 4478 1600 4532 quam
1650 4463 1704 4519 id
1737 4441 1858 4520 cum
1885 4461 1938 4520 Ι)
1964 4443 2225 4532 servanda
2254 4449 2355 4495 est.
2408 4441 2628 4532 Inutiles
2680 4442 2911 4532 denique
2965 4451 3128 4513 atque
3178 4444 3549 4516 inobedienth

268 4543 543 4600 charitate
588 4545 859 4603 insinuare
892 4549 1148 4621 gestiunt,
1199 4566 1229 4604 a
1255 4552 1492 4622 praelatis
1533 4554 1733 4612 obnixe
1779 4566 1859 4612 te-

265 4633 489 4690 nendus
511 4642 614 4690 est.

770 4705 998 4765 CAPUT
1030 4709 1359 4765 CXXXVIII.

339 4795 574 4865 Oportet
617 4796 859 4854 ecclesia:
896 4801 1166 4868 praelatos,
1218 4810 1278 4855 ut
1321 4801 1387 4856 de
1439 4803 1856 4873 congregatione

263 4886 376 4942 sibi
402 4887 695 4943 commissa
723 4889 856 4944 tales
894 4890 1094 4960 eligant
1121 4891 1248 4947 boni
1289 4892 1583 4946 testimonii
1630 4892 1852 4961 fratres,

264 4977 320 5030 in
371 4976 572 5045 quibus
615 4992 781 5033 onera
825 4981 1104 5050 regiminis
1157 4996 1346 5037 secure
1387 4982 1596 5052 possint
1640 4984 1848 5053 partiri.

261 5069 495 5136 Quibus
522 5069 687 5123 etiam
734 5071 893 5125 talem
938 5071 1222 5126 conferant
1262 5081 1605 5142 potestatem,
1651 5082 1712 5129 ut
1737 5076 1855 5131 vice

264 5160 487 5213 illorum
518 5159 820 5230 fungentes,
849 5168 904 5215 et
945 5162 1314 5218 inobedientes
1343 5165 1600 5219 canonica
1621 5181 1850 5221 censura

264 5252 564 5320 corripere,
596 5261 652 5306 et
669 5252 982 5309 obedientes
1011 5254 1278 5309 hortando
1305 5255 1371 5309 ad
1393 5256 1616 5311 meliora
1639 5257 1854 5313 valeant

261 5357 586 5413 provocare.
628 5342 744 5399 Non
765 5344 911 5398 enim
935 5344 1291 5400 constituendi
1321 5354 1446 5400 sunt
1474 5345 1850 5415 personaliter,

265 5443 366 5488 aut
404 5448 472 5488 eo
493 5434 704 5499 ordine,
733 5450 840 5504 quo
869 5435 923 5488 in
948 5434 1172 5504 collegio
1198 5433 1430 5489 fratrum
1458 5436 1678 5491 admissi
1703 5445 1849 5504 sunt,

263 5526 365 5580 sed
397 5525 694 5579 secundum
717 5527 840 5580 vita:
861 5525 1133 5591 meritum,
1162 5533 1217 5580 et
1247 5525 1571 5596 spiritalium
1591 5528 1854 5582 donorum

265 5616 705 5686 pmmgativam,
737 5617 828 5686 qui
864 5623 920 5671 et
958 5615 1014 5670 in
1053 5615 1472 5686 congregatione
1495 5615 1696 5672 assidui
1724 5617 1850 5682 sint,

264 5715 325 5762 et
359 5705 589 5760 fratrum
628 5721 811 5761 curam
846 5705 1092 5778 pervigili
1135 5705 1315 5761 studio
1353 5713 1581 5778 gerant:
1627 5713 1684 5762 et
1711 5705 1855 5765 sicut

1963 4530 2228 4587 cellararii
2253 4530 2546 4584 seetmdum
2588 4530 2834 4599 superius
2856 4533 3301 4603 comprehensam
3327 4544 3544 4592 senten-

1960 4623 2089 4678 tiam
2112 4621 2441 4693 judicentur.

2525 4707 2752 4767 CAPUT
2787 4710 2965 4766 CXLI.

2029 4801 2370 4873 Evangelicis
2415 4809 2578 4870 atque
2625 4801 2936 4871 apostolicis
2985 4802 3310 4860 instruimur
3369 4807 3538 4864 docu-

1958 4893 2175 4957 mentis,
2208 4893 2262 4946 in
2308 4891 2626 4961 colligendis
2675 4892 2978 4961 hospitibus
3024 4900 3150 4949 ante
3184 4894 3364 4951 omnia
3414 4914 3540 4969 ope-

1959 4999 2074 5037 ram
2100 4983 2230 5037 dare
2255 4981 2473 5046 debere,
2504 4989 2564 5034 ut
2605 4982 2800 5037 merito
2824 4983 2890 5038 de
2927 4984 3083 5039 nobis
3123 4985 3334 5042 dicatur
3357 5003 3387 5042 a
3434 4991 3540 5044 Do-

1957 5077 2104 5129 mino
2129 5093 2142 5128 :
2170 5073 2372 5143 Hospes
2400 5073 2500 5142 fui,
2521 5081 2569 5126 et
2594 5071 2869 5142 collegisti:
2896 5091 2978 5128 me
3008 5073 3222 5145 (Matth.
3250 5076 3400 5148 xxv),
3426 5087 3532 5134 etc.

1956 5166 2192 5221 Proinde
2218 5171 2448 5233 Oportet,
2484 5172 2544 5218 ut
2571 5163 2777 5233 praelati
2820 5164 3063 5220 ecclesiae
3109 5167 3532 5236 praecedentium

1954 5255 2177 5311 Patrum
2223 5254 2468 5323 exempla
2508 5263 2805 5320 sectantes,
2850 5255 3067 5326 aliquod
3103 5266 3404 5328 pmparent
3452 5273 3533 5312 re

1952 5343 2312 5416 ceptaculum,
2356 5342 2448 5397 ubi
2493 5357 2758 5413 pauperes
2793 5343 3135 5416 colligantur,
3175 5353 3231 5400 et
3262 5346 3329 5399 de
3367 5346 3531 5400 rebus

1951 5436 2196 5492 ecclesia:
2222 5441 2431 5488 tantum
2459 5433 2656 5489 ibidem
2694 5434 2972 5505 deputent,
2999 5433 3142 5488 unde
3165 5441 3409 5505 sumptus
3434 5449 3530 5490 ne-

1953 5528 2222 5583 cessarios
2240 5527 2395 5598 juxta
2420 5526 2832 5596 possibilitatem
2861 5541 3040 5582 rerum
3067 5525 3267 5579 habere
3291 5524 3524 5592 valeant,

1953 5618 2196 5688 exceptis
2221 5617 2467 5682 decimis,
2492 5630 2614 5685 quae
2635 5615 2702 5671 de
2727 5614 2969 5670 ecclesiae
2994 5611 3134 5666 villis
3174 5611 3373 5666 ibidem
3397 5627 3500 5669 con

1955 5708 2225 5766 feruntur.
2261 5707 2370 5765 Sed
2393 5715 2450 5764 et
2474 5705 2744 5774 canonici,
2785 5713 2897 5760 tam
2939 5703 3008 5759 de
3047 5701 3316 5774 frugibus,
3360 5718 3526 5775 quam
