3890 6180
426 245 535 304 931

430 364 603 419 etiam
631 361 695 416 de
733 359 983 416 omnibus
1025 357 1489 426 eleemosynarum
1533 353 1920 416 oblationibus,
1968 350 2020 402 in

435 471 571 510 usus
591 468 886 524 pauperum
929 450 1168 504 decimas
1195 447 1550 501 libentissime
1588 444 1653 498 ad
1684 444 1857 513 ipsum
1893 457 2022 498 con-

439 545 621 602 ferant
648 541 930 612 hospitale.
975 541 1042 594 Et
1066 539 1191 594 boni
1220 538 1511 593 testimonii
1555 539 1618 590 de
1655 535 1767 605 ipsa
1798 549 2023 602 congre-

437 638 658 706 gatione
690 634 855 687 frater
891 632 1275 695 constituatur,
1303 631 1394 699 qui
1437 629 1677 698 hospites
1702 636 1758 681 et
1786 626 2024 696 peregri—

437 709 543 790 nos
586 725 957 787 adventantes,
991 731 1174 792 utpote
1200 722 1475 776 Christum
1505 720 1557 773 in
1587 717 1846 777 membris
1886 717 2020 780 suis,

439 817 721 886 suscipiat,
750 817 936 884 eisque
961 813 1268 869 necessaria
1311 813 1544 868 libenter
1569 825 1664 879 pro
1693 809 1896 862 viribus
1925 808 2023 864 ad-

441 909 749 972 ministret;
785 906 876 976 qui
902 906 1064 958 etiam
1111 919 1174 963 ea
1203 919 1323 973 quae
1362 903 1416 958 in
1446 917 1575 960 usus
1615 913 1909 970 pauperum
1937 912 2025 955 ce-

440 1002 568 1054 dere
601 999 818 1061 debent,
869 1011 1210 1064 nequaquam
1239 995 1292 1048 in
1323 1008 1451 1048 suos
1492 1008 1623 1046 usus
1656 989 1920 1055 reflectat,
1958 1003 2026 1042 ne

435 1112 564 1150 cum
586 1094 718 1149 Iuda
742 1094 946 1148 loculos
968 1091 1178 1148 Domini
1207 1089 1421 1145 furante
1449 1087 1776 1144 sententiam
1799 1085 2026 1140 damna-

439 1188 603 1244 tionis
625 1187 874 1254 excipiat.
909 1185 1014 1240 Sed
1042 1193 1092 1238 et
1119 1183 1464 1253 prmlatorum
1491 1181 1650 1236 debet
1690 1179 1912 1250 vigilare
1940 1179 2027 1233 in-

441 1277 668 1341 dustria,
699 1292 764 1328 ne
791 1290 914 1329 eum
961 1275 1046 1327 cui
1094 1273 1356 1343 bOSpitale
1401 1287 1700 1342 pauperum
1729 1269 2027 1325 committi-

440 1377 551 1433 tur,
595 1383 680 1423 res
727 1366 1052 1436 pauperibus
1096 1366 1382 1435 deputatas
1439 1363 1493 1418 in
1548 1363 1728 1434 aliquo
1761 1363 2028 1426 minuere,

353 1463 358 1470 '
443 1467 536 1512 aut
566 1459 650 1512 his
676 1457 826 1525 quasi
867 1455 1211 1512 beneficiario
1254 1469 1476 1509 munere
1525 1453 1803 1514 concessis
1843 1453 2029 1510 sinant

441 1550 544 1612 uti,
589 1551 730 1620 quod
763 1565 793 1603 a
825 1550 1060 1617 prtelatis
1104 1549 1450 1618 quibusdam,
1497 1562 1684 1602 curam
1729 1562 2032 1617 pauperum

441 1643 982 1712 parvipcndentibus,
1013 1643 1129 1697 fieri
1153 1643 1541 1712 comperimus.
1570 1639 1767 1696 Clerici
1798 1657 2029 1710 namque

441 1735 490 1790 si
518 1735 638 1788 aliis
665 1736 996 1804 temporibus
1027 1742 1318 1805 nequeunt,
1368 1733 1560 1789 saltem
1602 1734 2030 1804 quadragesima:

445 1833 688 1894 tempore
713 1825 876 1894 pedes
903 1841 1198 1895 pauperum
1227 1826 1281 1880 in
1307 1824 1635 1892 competenti
1657 1824 1838 1878 lavent
1858 1825 2034 1892 hospi-

445 1917 562 1984 tali,
603 1919 755 1988 juxta
803 1917 931 1972 illud
977 1917 1389 1986 evangelicum:
1446 1915 1504 1970 Si
1541 1933 1632 1986 ego
1676 1915 1937 1970 Dominus
1981 1922 2030 1968 et

443 2007 692 2078 magister
721 2007 826 2061 lavi
864 2008 1004 2062 vobis
1042 2007 1217 2078 pedes,
1263 2016 1462 2076 quanto
1506 2008 1674 2076 magis
1719 2023 1804 2060 vos
1839 2005 2032 2060 debetis

443 2098 580 2154 alter
603 2099 820 2154 alterius
856 2100 1032 2154 lavare
1059 2099 1214 2168 pedes
1258 2099 1437 2170 (Joan.
1465 2100 1628 2163 xm)?
1652 2108 1760 2153 etc.
1791 2097 2033 2167 Quapro-

447 2200 572 2260 pter
614 2191 852 2261 expedit,
901 2198 962 2245 ut
1011 2191 1062 2245 in
1111 2191 1438 2261 competenti
1487 2190 1604 2245 loco
1651 2190 1915 2260 hospitale
1963 2190 2035 2250 sit

445 2295 763 2350 pauperum,
796 2281 886 2335 ubi
929 2280 1205 2350 perfacilis
1244 2281 1312 2335 ad
1351 2280 1480 2335 illud
1523 2279 1771 2344 veniendi
1799 2294 2034 2335 conven-

447 2381 536 2428 tus
565 2373 736 2441 possit
772 2372 887 2427 fieri
933 2372 1187 2428 fratrum.
1232 2373 1385 2440 Quod
1429 2373 1474 2427 si
1521 2373 1587 2437 is,
1635 2373 1721 2428 cui
1767 2373 2034 2442 hospitale

445 2462 793 2520 commissum
839 2471 945 2529 est,
984 2479 1170 2518 curam
1215 2479 1514 2533 pauperum
1568 2462 1887 2534 neglexerit,
1939 2479 2034 2519 eo-

444 2569 674 2624 rumque
691 2569 787 2609 res
817 2554 870 2608 in
920 2570 1049 2610 suos
1079 2571 1210 2610 usus
1251 2555 1553 2617 retorsen’t,
1605 2569 1914 2624 quanquam
1947 2554 2032 2609 di-

444 2647 568 2701 vina
595 2647 798 2701 ultione
821 2646 1014 2717 dignus
1044 2647 1138 2710 sit,
1166 2647 1410 2701 severius
1446 2653 1626 2701 tamen
1650 2661 1812 2716 quam
1842 2645 2030 2700 exteri

443 2737 821 2808 delinquentes
844 2752 875 2790 a
899 2737 1206 2807 prmpositis
1228 2735 1574 2805 iudicandus,
1597 2745 1653 2790 et
1678 2751 1707 2789 a
1731 2735 2032 2790 ministerio

446 2827 808 2882 removendus
837 2837 943 2882 est.
975 2826 1086 2882 Nec
1106 2827 1379 2883 immerito
1410 2847 1423 2882 :
1451 2829 1650 2898 quippe
1668 2829 1757 2897 qui
1783 2836 1840 2889 et
1858 2828 2032 2898 pretia

445 2925 818 2985 peccatorum,
853 2925 907 2971 et
957 2917 1212 2972 alimenta
1253 2933 1572 2988 pauperum,
1623 2927 1678 2972 et
1718 2919 2032 2973 thesaurum

447 3005 585 3060 caelo
614 3005 1036 3071 recondendum,
1061 3006 1173 3061 suis
1204 3007 1368 3078 (quod
1407 3007 1490 3062 fas
1525 3022 1630 3062 non
1657 3007 1781 3080 fuit)
1824 3008 2031 3078 aptavit

451 3098 660 3154 usibus.

1011 3166 1239 3225 CAPUT
1275 3167 1478 3225 CXLII.

521 3257 778 3326 Quamvis
833 3261 1110 3316 canonicis
1152 3262 1398 3331 proprias
1454 3261 1663 3316 licitum
1719 3262 1791 3317 sit
1835 3262 2035 3320 habere

449 3351 777 3416 mansiones,
831 3352 990 3407 debet
1041 3360 1221 3408 tamen
1275 3368 1304 3406 a
1361 3353 1584 3424 pra‘lato
1627 3355 1834 3409 mansio
1884 3355 2036 3409 infir—

449 3457 660 3500 morum
689 3450 744 3497 et
777 3457 964 3497 senum
997 3443 1138 3496 intra
1175 3443 1411 3497 claustra
1455 3445 1842 3498 cauonicorum
1872 3444 2030 3510 fieri;

447 3539 508 3586 ut
538 3533 628 3601 qui
656 3548 807 3587 suam
835 3532 974 3587 forte
1005 3549 1112 3588 non
1143 3533 1365 3598 habent,
1391 3535 1444 3589 in
1474 3534 1660 3591 eadem
1690 3551 1842 3590 suam
1869 3536 2036 3606 aptis—

449 3621 585 3676 sime
612 3623 783 3692 possit
806 3623 1040 3678 tolerare
1063 3625 1509 3688 imbecillitatem,
1542 3636 1810 3696 quatenus
1839 3627 2034 3682 ibidem

446 3721 506 3767 et
529 3714 784 3769 subsidiis
813 3715 1196 3771 ecclesiasticis
1217 3717 1413 3787 quibus
1442 3718 1704 3789 indigent,
1733 3728 1788 3772 et
1807 3719 2035 3774 fratrum

451 3802 793 3858 adminiculis
831 3805 1254 3861 misericorditer
1296 3817 1685 3863 sustentcntur.
1732 3810 1870 3880 Erga
1900 3825 2037 3879 quos

450 3899 669 3959 oportet
712 3900 771 3948 ut
809 3892 990 3947 creteri
1020 3892 1220 3950 fratres
1264 3911 1514 3967 magnam
1544 3899 1834 3954 exhibeant
1861 3899 2038 3954 chari—

454 3987 657 4046 tatem;
706 3980 913 4035 scilicet
953 3990 1012 4035 ut
1059 3983 1137 4038 eis
1173 3987 1548 4056 compatiendo
1593 3989 1934 4054 subveniant,
1984 3999 2039 4047 et

451 4067 684 4122 assiduis
708 4069 1131 4137 visitationibus,
1181 4084 1235 4129 et
1271 4074 1676 4145 Scripturarum
1727 4089 2036 4134 sanctarum

451 4158 934 4226 consolationibus,
983 4177 1082 4218 nec
1105 4167 1636 4236 nonetpropriarum
1656 4184 1837 4224 rerum
1869 4169 2040 4228 facul-

451 4246 674 4314 tatibus,
732 4248 1061 4306 adminicula
1118 4253 1430 4308 necessaria
1481 4257 1780 4323 praebeant,
1826 4266 1887 4311 ut
1941 4259 2042 4312 im-

452 4335 666 4416 pleatur
693 4338 744 4392 in
773 4339 854 4393 eis
883 4339 1016 4394 illud
1038 4342 1410 4414 evangelicum
1437 4362 1448 4396 :
1491 4342 1745 4413 Inﬁrmus
1783 4345 1862 4416 fni
1890 4357 1936 4401 et
1965 4348 2039 4405 ri-

437 4411 648 4485 ‘pitastis
678 4445 756 4484 me
791 4427 1006 4502 (Matth.
1037 4411 1188 4504 xxv).

1009 4540 1238 4599 CAPUT
1267 4542 1493 4600 CXLIII.

523 4628 768 4700 Eligatur
813 4647 1038 4689 necesse
1084 4643 1223 4692 esta
1253 4637 1500 4704 prtelato,
1553 4654 1616 4693 ex
1668 4643 2043 4711 congregatio-

454 4733 522 4778 ne
548 4719 651 4776 sibi
686 4723 975 4779 commissa
1021 4722 1192 4782 frater
1231 4729 1528 4800 probabilis
1571 4730 1712 4794 vitae,
1761 4732 1846 4784 cui
1876 4733 2041 4788 ofﬁcii

454 4809 527 4862 sit
554 4819 766 4878 portam
807 4815 1193 4881 cauonicorum
1240 4833 1364 4872 cum
1409 4835 1621 4876 summa
1653 4819 1959 4878 obedientia
1987 4835 2041 4880 et

455 4901 760 4960 humilitate
808 4909 1138 4978 competenti
1188 4918 1432 4980 tempore
1485 4911 1736 4970 claudere
1783 4930 1847 4969 ac
1893 4931 2039 4972 rese-

455 5007 600 5058 rare,
644 5002 706 5047 ut
741 4995 871 5056 nulli
921 5012 1020 5067 per
1064 5013 1186 5054 eam
1240 4999 1344 5054 nisi
1399 5016 1497 5074 per
1532 5001 1808 5058 licentiam
1862 5007 2040 5062 aditus

452 5092 643 5158 pateat
688 5085 924 5142 intrandi
963 5096 1057 5142 aut
1093 5090 1358 5148 exeundi.
1405 5091 1502 5148 Cui
1553 5094 1718 5149 etiam
1746 5094 2039 5151 observan-

455 5176 586 5233 dum
611 5183 720 5240 est,
755 5191 825 5232 ne
858 5178 941 5235 eis
977 5179 1176 5248 quibus
1212 5181 1364 5236 cordi
1397 5191 1484 5238 est
1523 5185 1644 5254 plus
1683 5188 1813 5241 otiis
1843 5205 2040 5246 vacare

455 5283 619 5337 quam
673 5268 874 5328 divinis
918 5271 1196 5341 obsequiis
1247 5273 1531 5342 incubare,
1582 5277 1730 5334 foras
1777 5283 2039 5352 evagandi

457 5361 635 5425 locum
658 5363 916 5432 pratbeat,
945 5374 1002 5420 et
1025 5380 1214 5421 eorum
1247 5383 1542 5439 nugarum,
1566 5372 1711 5440 quod
1748 5373 1902 5429 nefas
1930 5385 2036 5440 est,

456 5454 731 5524 particeps
756 5455 871 5508 fiat.
902 5453 1072 5510 Debet
1111 5465 1371 5524 przeterea
1410 5457 1756 5514 advenientes
1795 5476 2039 5532 quosque

459 5555 584 5596 euut
613 5543 881 5598 cbaritate
907 5543 1206 5614 suscipere,
1239 5553 1297 5600 et
1322 5545 1488 5615 priori
1528 5548 1817 5602 adventum
1847 5565 2035 5606 eorum

457 5644 787 5704 Causautque
810 5639 1078 5702 nuntiare.
1127 5637 1358 5709 Expleta
1385 5653 1621 5703 namque
1653 5642 1956 5720 vespertino
1981 5655 2037 5702 et

1458 232 1874 298 AMALARIUS
1908 231 2046 285 Nili

2053 232 2323 285 SBY'I’ER
2365 230 2724 286 METENSIS.
3536 241 3612 296 9.71

2052 349 2098 408 A
2127 350 2478 419 completorio
2532 351 2713 406 ofﬁcio
2747 392 2762 416 ,
2831 349 3194 422 obseratisque
3238 354 3390 424 portis
3421 395 3435 416 .
3480 357 3612 416 claves

2123 455 2310 494 earum
2349 441 2489 495 idem
2522 443 2796 514 portarius
2832 444 2883 497 ei
2929 444 3022 512 qui
3071 444 3230 498 vicem
3274 447 3454 514 prtelati
3491 456 3614 515 tenet,

2124 531 2285 596 ferat,
2336 540 2396 585 ut
2441 533 2573 585 nulli
2617 533 2767 588 horis
2815 534 3287 603 incompetentibus
3318 537 3517 591 intrandi
3552 549 3618 593 aut

2123 625 2356 678 exeundi
2401 634 2618 678 maneat
2661 625 2927 680 facultas:
2970 643 3102 695 quas
3129 629 3280 682 etiam
3323 631 3384 682 ab
3413 633 3620 688 eodemin

2126 717 2422 770 crastinum
2450 724 2690 786 tempore
2727 719 2957 786 accipiat
3007 721 3304 774 constituto.
3352 720 3402 776 Si
3441 740 3546 778 vero
3565 727 3626 779 in.

2126 807 2385 860 obediens
2413 816 2576 876 atque
2605 819 2889 877 protervus
2936 809 3076 864 idem
3106 823 3338 881 repertus
3370 813 3509 868 fuerit
3537 833 3622 884 por

2129 901 2320 964 tarius,
2345 902 2483 954 sicut
2513 902 2579 955 de
2602 902 2722 955 aliis
2749 902 3017 956 ministris
3043 904 3411 974 negligentibus
3435 909 3628 976 superius

2128 990 2331 1045 dictum
2361 1000 2464 1056 est,
2491 992 2785 1062 judicetur.

2683 1103 2909 1159 CAPUT
2943 1103 3166 1159 CXLIV.

2199 1190 2422 1259 Operlet
2462 1193 2700 1248 claustra
2747 1196 3131 1250 cauonicorum
3174 1195 3242 1249 ita
3284 1197 3532 1266 diligenter
3567 1214 3632 1252 cn-

2130 1282 2362 1346 stodiri,
2426 1291 2484 1337 ut
2541 1299 2671 1355 grex
2722 1285 3035 1342 Dominicus
3085 1287 3314 1342 fraterna
3363 1292 3633 1346 concorditer

2130 1371 2341 1428 fruatur
2369 1389 2502 1443 pace
2527 1393 2540 1428 :
2573 1387 2627 1430 et
2657 1377 2704 1429 si
2733 1377 3027 1445 quemlibet
3054 1379 3320 1446 praelatus,
3350 1390 3432 1434 aut
3457 1384 3531 1450 qui
3549 1383 3635 1450 ejus

2131 1467 2248 1521 vice
2277 1465 2538 1538 fungitur,
2568 1476 2662 1523 aut
2691 1467 2834 1523 forte
2875 1470 3102 1539 quilibet
3129 1471 3277 1525 alius‘
3307 1473 3530 1542 spiritalis
3562 1474 3637 1528 fra-

2135 1565 2240 1622 ter,
2279 1558 2424 1614 intra
2473 1559 2710 1614 claustra
2759 1562 3067 1630 quempiam
3113 1563 3386 1618 inhoneste
3426 1573 3634 1634 agentem,

2127 1661 2228 1708 aut
2260 1661 2416 1707 extra
2463 1653 2518 1706 in
2566 1653 2727 1709 biviis
2753 1662 2809 1708 et
2850 1653 3048 1723 plateis
3091 1655 3205 1709 otio
3250 1657 3481 1725 vanisque
3499 1656 3635 1714 conia

2133 1744 2498 1799 bulationibus
2519 1752 2822 1808 vacantem,
2854 1747 3142 1815 repererit,
3183 1747 3350 1816 primo
3374 1756 3549 1802 secreta
3566 1747 3634 1801 ad-

2131 1836 2432 1892 monitione
2459 1851 2582 1891 eum
2606 1838 2886 1907 corripiat,
2921 1847 2976 1892 et
3009 1847 3153 1909 post,
3198 1839 3242 1893 si
3283 1853 3480 1894 necesse
3501 1837 3635 1899 fuerit,

2129 1943 2318 1984 coram
2352 1927 2614 1983 fratribus
2641 1929 2785 1984 idem
2812 1929 3095 2000 negligens
3121 1931 3296 1986 acrius
3329 1929 3573 1998 iudicetur,
3595 1939 3636 1984 ut

2133 2019 2391 2089 deinceps
2437 2020 2756 2075 emendatus
2801 2020 2858 2075 in
2911 2021 3108 2076 melius
3159 2021 3409 2091 proficiat.
3454 2020 3634 2076 Feminis

2134 2127 2369 2182 namque
2394 2127 2502 2169 non
2543 2110 2716 2167 solum
2756 2113 2810 2167 in
2839 2113 3217 2168 mansionibus
3253 2122 3305 2168 et
3339 2112 3554 2174 claustris
3574 2127 3636 2166 ca-

2133 2206 2455 2261 nonicorum
2476 2204 2849 2274 prandendum
2874 2213 2968 2259 aut
2997 2204 3428 2276 requiesmndum
3453 2220 3539 2260 non
3561 2210 3635 2269 est,

2130 2297 2264 2366 quin
2296 2297 2477 2366 potius
2496 2310 2598 2351 nec
2624 2296 2680 2350 in
2709 2311 2773 2350 ea
2801 2296 3058 2359 intrandi,
3087 2305 3310 2367 excepto
3327 2296 3374 2350 in
3397 2295 3635 2359 ecclesiam,

2136 2387 2240 2442 ulla
2271 2388 2556 2443 tribuenda
2581 2386 2836 2453 facultas,
2863 2389 2987 2457 quia
3014 2389 3176 2455 valde
3207 2391 3304 2445 hoc
3325 2405 3351 2442 a
3382 2387 3547 2443 sanctis
3571 2399 3637 2453 pa-

2135 2479 2309 2540 tribus
2351 2478 2546 2548 legitur
2587 2477 2896 2539 inhibitum.
2927 2478 2983 2538 Si
3010 2479 3148 2548 quid
3172 2495 3297 2535 vero
3325 2473 3636 2534 charitatisof-

2135 2569 2260 2623 ﬁcio
2290 2568 2396 2624 illis
2425 2563 2830 2623 attribuendum
2875 2578 2977 2632 est,
3025 2581 3190 2625 extra
3231 2570 3448 2625 claustra
3485 2564 3635 2621 consti-

2135 2667 2321 2715 tuatur
2345 2658 2518 2725 locus,
2549 2659 2604 2713 in
2627 2675 2736 2729 quo
2758 2660 2812 2715 id
2839 2661 3154 2730 accipiant:
3199 2660 3363 2716 nullus
3396 2668 3542 2714 tamen
3562 2657 3637 2711 fra-

2135 2756 2280 2804 trum
2307 2765 2430 2804 cum
2461 2749 2614 2818 ipsis,
2642 2750 2746 2804 nisi
2772 2758 2937 2806 testes
2979 2766 3171 2806 coram
3198 2751 3401 2818 fuerint,
3432 2750 3634 2818 loquatur.

2134 2840 2238 2907 Qui
2274 2855 2403 2894 vero
2439 2854 2616 2909 secus,
2647 2855 2812 2910 quam
2857 2841 3208 2910 praemissum
3247 2849 3346 2906 est,
3386 2852 3518 2908 agere
3554 2845 3636 2889 ten-

2135 2931 2357 2996 taverit,
2382 2931 2458 2985 ita
2504 2931 2769 2986 severiter
2805 2946 2836 2985 a
2867 2932 3118 3002 praelatis
3159 2941 3212 2988 et
3251 2931 3492 3002 magistris
3517 2926 3635 2982 corri-

2059 3055 2104 3116 C
2135 3029 2314 3093 gatur,
2347 3030 2408 3076 ut
2451 3021 2686 3087 cteteris,
2740 3036 2810 3084 ne
2854 3023 2983 3092 quid
3032 3024 3150 3088 tale
3197 3038 3346 3095 agere
3382 3025 3636 3092 pertentent,

2135 3113 2383 3184 exemplo
2424 3113 2804 3184 correptionis.
2831 3114 2934 3170 sibi
2971 3113 3236 3170 exhibita:
3269 3124 3498 3170 terrorem
3527 3110 3634 3163 inca-

2137 3205 2293 3261 UanL
2983 3242 2990 3249 .

2707 3273 2934 3330 CAPUT
2960 3274 3177 3335 CXLV.

2205 3363 2525 3436 Quanquam
2583 3380 2614 3418 a
2665 3365 2870 3420 sanctis
2920 3365 3188 3423 Patribus
3252 3367 3303 3421 in
3350 3359 3638 3435 superioribus

2135 3456 2298 3526 hujus
2327 3456 2488 3512 libelli
2519 3457 2762 3526 partibus
2805 3457 2939 3512 satis
2978 3457 3050 3512 sit
3089 3459 3437 3522 dilucidatum,
3471 3451 3640 3524 qualiter

2137 3548 2321 3618 clerici
2365 3548 2549 3603 vivere
2602 3548 2852 3612 debeant,
2901 3549 3040 3603 adeo
3101 3560 3161 3606 ut
3208 3551 3295 3622 qui
3325 3551 3561 3614 hzec,qu:£
3580 3556 3640 3595 sn-

2135 3642 2318 3720 perius
2339 3640 2730 3711 comprehensa
2756 3649 2900 3706 sunt,
2943 3642 3141 3700 sedula
3173 3641 3488 3699 meditatione
3523 3631 3641 3707 pede

2136 3731 2293 3802 gerit,
2347 3731 2631 3802 perspicue
2662 3732 2714 3786 in
2759 3733 2845 3787 his
2889 3734 3142 3802 reperire
3178 3735 3342 3789 valeat
3382 3728 3524 3802 qualis
3558 3722 3638 3800 ejus

2137 3819 2331 3874 debeat
2369 3835 2491 3874 esse
2522 3820 2646 3875 fidei
2697 3821 2935 3886 devotio,
2966 3830 3190 3884 actuum
3223 3834 3502 3890 morumque
3527 3827 3638 3869 exor-

2137 3910 2308 3976 natio,
2363 3925 2427 3965 ac
2477 3909 2783 3964 divinorum
2837 3911 3086 3968 cultuum
3143 3912 3437 3970 exsecutio:
3479 3910 3638 3977 propter

2137 4003 2426 4074 plerosque
2456 4012 2635 4058 tamen
2666 4002 2962 4073 simplices,
3013 4006 3301 4074 minusque
3328 4013 3536 4073 capaces,
3559 3994 3640 4048 btc

2138 4094 2370 4157 strictim
2396 4093 2737 4162 breviterque
2770 4093 3087 4164 replicanda
3128 4089 3545 4164 pernecessarium
3568 4081 3639 4135 du-

2137 4182 2352 4237 ximus:
2401 4190 2459 4236 ut
2505 4181 2597 4252 qui
2635 4183 2750 4237 haec
2797 4190 2891 4236 aut
2932 4181 3139 4253 legere,
3183 4193 3274 4238 aut
3302 4182 3428 4237 forte
3466 4177 3519 4232 ab
3556 4167 3644 4224 aliis

2137 4275 2278 4330 lecta
2321 4275 2482 4344 plene
2512 4274 2815 4346 intelligere
2853 4276 3223 4348 nequiverint,
3268 4283 3466 4330 utantur
3485 4271 3564 4326 hac
3579 4263 3645 4316 de”

2064 4364 2518 4459 Dfloratiuncula
2552 4408 2566 4432 ,
2630 4375 2818 4436 utpote
2873 4368 3094 4424 calatho
3149 4369 3462 4422 diversorum

2141 4457 2482 4513 vernantium
2534 4467 2757 4512 nectare
2803 4457 3026 4524 referto,
3084 4469 3137 4514 et
3184 4460 3386 4515 discant
3427 4451 3534 4522 quid
3574 4442 3648 4498 illis

2141 4547 2430 4618 agendum,
2481 4547 2679 4618 quidve
2725 4549 3000 4603 vitandum
3039 4550 3131 4604 sit.
3185 4547 3452 4620 Legalibus
3492 4541 3647 4603 inter“

2140 4638 2402 4692 institutis
2430 4646 2486 4692 et
2511 4639 2837 4709 evangelicis
2867 4639 3240 4702 saluberrimis
3279 4647 3527 4692 monemur
3552 4637 3648 4696 pra“

2139 4730 2332 4799 ceptis,
2359 4737 2420 4784 ut
2442 4729 2732 4785 Dominum
2759 4730 2929 4785 Deum
2969 4741 3216 4787 nostrum
3254 4731 3374 4785 totis
3405 4715 3648 4797 praecordiis

2139 4821 2447 4890 diligamus.
2477 4829 2535 4876 et
2555 4822 2863 4892 proximum
2905 4830 3163 4892 tanquam
3206 4818 3549 4886 nosmetipsos,
3571 4814 3646 4862 ete-

2142 4912 2200 4967 Si
2231 4914 2396 4983 igitur
2426 4913 2495 4968 ab
2539 4912 2794 4968 omnibus
2833 4913 3104 4979 fidelibus,
3149 4913 3234 4968 his
3273 4901 3536 4965 salutiferis
3555 4906 3650 4967 ντε-

2140 5005 2311 5075 ceptis
2343 5005 2469 5059 totis
2511 5004 2721 5058 nisibus
2748 5013 2832 5058 est
2874 5003 3185 5066 favendum,
3217 5010 3409 5071 quanto
3438 4991 3579 5061 magis
3601 4983 3649 5037 ab

2141 5097 2226 5150 his
2251 5095 2344 5164 qui
2369 5094 2568 5154 divinis
2593 5095 2828 5150 cultibus
2855 5096 3145 5164 mancipati
3169 5103 3292 5149 sunt
3312 5100 3364 5146 et
3388 5088 3496 5148 aliis
3517 5092 3649 5133 Men"

2141 5186 2234 5256 plo
2274 5187 2537 5241 virtutum
2591 5187 2998 5242 condimentum
3043 5201 3167 5240 esse
3220 5184 3424 5239 debent.
3473 5167 3650 5230 Proinde

2139 5288 2374 5348 oportet,
2405 5286 2466 5331 ut
2493 5278 2670 5348 primo
2708 5277 2954 5334 omnium
2991 5275 3274 5334 Dominum
3298 5273 3453 5327 Deum
3479 5260 3651 5356 αἱιίρῆ

2138 5387 2206 5427 ex
2236 5380 2352 5426 toto
2375 5372 2560 5434 corde,
2585 5386 2656 5426 ex
2680 5380 2791 5426 tota
2823 5371 3026 5436 anima,
3058 5378 3173 5424 tota
3213 5369 3420 5426 virtute,
3441 5368 3491 5415 et
3515 5363 3652 5425 lim"

2137 5477 2258 5518 mos
2282 5471 2542 5530 tanquam
2575 5462 2820 5530 seipsos:
2858 5470 2916 5516 et
2959 5474 3118 5516 nosse
3151 5458 3276 5528 quia
3305 5457 3356 5512 in
3389 5453 3464 5507 bis
3495 5441 3652 5500 duchlis

2136 5553 2422 5624 Primer
2445 5561 2557 5608 ιοιθ
2587 5553 2670 5608 lex
2699 5555 2898 5623 pendet
2917 5561 2974 5608 et
2992 5552 3280 5625 prophetae.
3311 5546 3418 5601 Non
3437 5534 3652 5622 occidimf

2138 5661 2314 5727 neque
2347 5646 2574 5710 fratrem
2626 5647 2860 5717 oderint,
2891 5648 3016 5726 quia
3054 5645 3136 5718 (ut
3175 5646 3249 5700 ait
3282 5627 3554 5719 Αρθειολυε)
3585 5630 3650 5702 9’"
