3890 6180
280 302 396 360 933
847 297 1124 355 REGULA
1168 293 1664 355 CANONICORUM
1701 296 1791 351 AB
1827 293 2182 354 AMALARIO
2218 296 2599 357 COLLECTA.
2640 330 2712 340 —
2738 299 2869 355 LIB.
2907 299 2949 355 l.
3441 298 3548 359 9δὰ

288 420 514 491 fratrem
540 430 696 473 suum
730 412 860 479 odit,
896 414 1164 469 homicida
1206 423 1282 468 est
1333 412 1385 484 (I
1421 413 1583 468 Joan.
1615 411 1724 483 tu).
1760 410 1876 466 Non
1905 414 1955 472 A
1980 419 2147 476 stent,
2196 411 2518 481 vaniloquiis
2558 428 2899 483 nequaquam
2944 414 3235 482 insistant,
3287 420 3382 475 sed
3430 435 3556 476 cum

286 509 623 571 adulterent,
669 520 779 560 non
825 505 1031 561 furtum
1078 505 1304 571 faciant,
1351 519 1458 559 non
1497 504 1881 574 concupiscant
1982 502 2128 556 omni
2192 502 2476 560 devotione
2519 511 2575 560 et
2623 504 2974 559 veneratione
3020 505 3216 561 divinae
3281 509 3561 567 servitutis

282 615 411 655 rem
456 596 710 659 alienam,
763 609 876 650 non
917 594 1111 651 falsum
1158 595 1529 651 testimonium
1574 592 1779 657 dicant,
1824 600 1883 651 et
1978 613 2117 667 opus
2167 605 2461 668 peragant,
2520 598 2756 654 scientes
2828 600 3143 668 angelorum
3212 605 3562 673 prmsentiam

280 689 441 760 quod
487 686 590 743 sibi
624 686 818 740 nolunt
850 684 990 750 ﬁeri,
1044 684 1199 741 alteri
1234 700 1301 740 ne
1335 683 1558 738 faciant.
1601 681 1720 737 Non
1773 684 1882 737 sint
1981 701 2198 758 semper
2226 688 2338 744 illic
2377 689 2588 745 adesse.
2638 689 2682 743 E
2709 689 2962 746 claustris
2995 706 3101 745 non
3133 692 3237 746 nisi
3265 708 3363 763 per
3395 694 3565 753 licen-

280 777 551 851 superbia
594 776 807 842 tumidi,
857 790 966 830 non
1022 774 1448 830 detractionibus
1494 772 1723 838 assueti,
1774 788 1881 828 non

285 869 550 930 ebrietati
574 868 893 934 servientes,
932 882 1040 920 non
1083 867 1298 922 luxuria
1327 866 1593 931 enervati,
1636 882 1744 921 non
1775 866 1884 920 ira-

289 963 495 1020 cundia
531 959 755 1025 turbidi,
784 975 890 1013 non
921 957 1252 1028 quibuslibet
1278 958 1399 1013 aliis
1427 959 1574 1014 vitiis
1603 958 1881 1023 substrati,

286 1069 405 1111 non
429 1050 725 1121 vaniloqui,
750 1065 855 1105 non
879 1048 1067 1115 invidi,
1096 1064 1202 1104 non
1222 1048 1565 1113 somnolenti,
1593 1063 1698 1103 non
1722 1049 1879 1119 pigri,

292 1160 409 1199 non
435 1148 888 1205 murmuratores,
934 1154 1042 1195 non
1074 1155 1417 1205 susurrones,
1464 1155 1570 1193 non
1598 1140 1883 1205 vinolenti,

293 1250 408 1290 non
438 1233 667 1289 multum
691 1231 905 1287 edaces.
944 1229 1187 1287 Fraudes
1213 1240 1267 1286 et
1294 1231 1606 1287 dolositates
1634 1236 1882 1296 caveant,

295 1328 483 1385 usuris
518 1338 857 1395 nequaquam
894 1324 1213 1390 inserviant,
1257 1338 1364 1378 non
1406 1322 1607 1392 iurent,
1637 1336 1707 1376 ne
1744 1321 1887 1375 forte

300 1414 612 1487 periment,
636 1414 839 1469 malum
863 1427 965 1483 pro
992 1413 1136 1470 malo
1167 1428 1277 1470 non
1304 1412 1552 1468 reddant.
1581 1411 1717 1471 Cum
1743 1411 1799 1467 in
1824 1425 1887 1471 se

300 1507 506 1577 aliquid
540 1506 669 1561 boni
702 1505 960 1569 viderint,
988 1504 1138 1571 Deo;
1171 1513 1226 1560 et
1250 1504 1450 1559 malum
1479 1518 1604 1558 eum
1629 1502 1884 1569 viderint,

299 1596 409 1653 sibi
434 1597 714 1675 deputent.
759 1594 1093 1651 Discordiam
1134 1594 1360 1665 fugiant,
1411 1601 1467 1647 et
1510 1608 1647 1664 quos
1683 1593 1889 1648 discor-

298 1687 500 1743 dantes
541 1686 867 1754 invenerint,
913 1686 980 1741 ad
1021 1686 1303 1741 charitatis
1350 1684 1697 1742 concordiam
1732 1696 1888 1737 revo-

1983 780 2111 835 tiam
2142 781 2489 851 egrediantur
2529 800 2542 835 :
2592 783 2835 852 egressi,
2892 784 3443 852 irreprehensibiliter
3482 788 3564 843 vi;

1989 872 2142 934 vant,
2169 877 2230 923 ut
2259 871 2327 925 ab
2362 870 2449 925 his
2481 871 2572 940 qui
2611 870 2745 926 foris
2775 880 2924 939 sunt,
2963 875 3163 931 bonum
3196 876 3562 932 testimonium

1984 961 2241 1024 habeant,
2274 967 2329 1015 et
2353 960 2670 1031 religionem
2702 978 2765 1017 ac
2807 965 3143 1033 propositum
3170 982 3327 1020 suum
3352 968 3565 1023 actibus

1983 1052 2186 1107 illicitis
2236 1067 2580 1122 nequaquam
2627 1055 2938 1121 maculent,
2988 1057 3083 1111 sed
3128 1058 3310 1127 potius
3376 1074 3566 1115 omnes

1984 1143 2183 1211 quibus
2227 1157 2289 1197 se
2323 1142 2735 1212 coniunxerint,
2772 1145 2886 1199 sale
2916 1147 3196 1216 sapientiae
3220 1157 3273 1206 et
3299 1150 3565 1207 bonorum

1986 1248 2211 1303 operum
2244 1233 2508 1307 exemplis
2552 1235 2826 1289 condiant.
2852 1236 3214 1294 Contubernia
3244 1240 3564 1297 feminarum

1986 1322 2290 1378 nullatenus
2315 1332 2591 1394 appetant,
2627 1340 2732 1380 non
2758 1327 2914 1381 vanis
2938 1329 3111 1383 oculis
3137 1370 3153 1395 ,
3188 1339 3282 1384 aut
3302 1333 3564 1401 petulanti

1986 1414 2301 1483 tumidoque
2339 1422 2495 1484 gestu
2518 1454 2538 1480 ,
2581 1430 2648 1470 ac
2694 1416 2972 1473 dissolutis
3003 1420 3222 1476 renibus
3266 1421 3560 1483 incedant:
3612 1452 3617 1457 -

1987 1517 2095 1558 non
2122 1504 2449 1572 spectaculis
2473 1543 2489 1569 ,
2525 1520 2632 1559 non
2659 1507 2871 1575 pompis
2898 1508 3245 1565 szeoularibus
3292 1511 3567 1578 intersint,

1987 1609 2097 1649 non
2143 1594 2275 1650 alea:
2303 1636 2319 1661 ,
2380 1610 2487 1650 non
2530 1597 2862 1666 quibuslibet
2894 1602 3271 1659 venationibus
3309 1606 3565 1661 serviant.

1988 1685 2229 1756 Apostoli
2278 1701 2513 1757 namque
2569 1688 2820 1744 instructi
2880 1691 3204 1751 documento
3229 1736 3245 1761 ,
3294 1711 3402 1764 quo
3443 1696 3568 1751 ait:

298 1786 453 1843 cent,
489 1785 546 1833 et
569 1778 731 1853 iuxta
759 1791 948 1832 vocem
979 1776 1280 1833 Psalmistae
1325 1774 1500 1847 (Psal.
1525 1772 1747 1846 xxxnt),
1793 1773 1888 1830 des
1913 1770 1962 1830 B
1991 1775 2116 1831 Non
2146 1778 2202 1831 in
2230 1786 2366 1832 veste
2394 1778 2626 1847 pretiosa
2649 1777 2702 1851 (Ι
2731 1778 2866 1833 Tim.
2898 1782 3041 1847 vm),
3067 1798 3410 1853 nequaquam
3437 1800 3567 1854 pre-

298 1876 515 1933 elinent
532 1886 564 1924 a
591 1869 733 1925 malo
776 1878 835 1925 et
866 1868 1067 1925 faciant
1094 1870 1315 1927 bonum.
1343 1868 1639 1925 Attendant
1656 1874 1716 1925 et
1740 1867 1886 1938 Apo-

303 1965 513 2026 stolum
555 1959 973 2032 prohibentem:
1026 1959 1173 2026 Non,
1221 1959 1416 2030 inquit,
1456 1958 1514 2014 in
1549 1958 1889 2017 comessatio-

302 2055 463 2113 nibus
491 2060 541 2107 et
559 2049 916 2115 ebrietatibus,
941 2064 1047 2104 non
1071 2048 1128 2102 in
1154 2046 1414 2103 cubilibus
1432 2054 1484 2100 et
1523 2045 1887 2116 inpudicitiis,

304 2163 417 2203 non
441 2146 498 2199 in
518 2143 844 2198 contentione
874 2150 924 2197 et
948 2139 1304 2207 mulatione,
1346 2140 1437 2195 sed
1478 2139 1757 2195 induimini
1781 2137 1892 2192 Do-

306 2237 515 2296 minam
535 2233 718 2288 leam
743 2229 1026 2286 Christum.
1060 2228 1510 2291 Animadvertant
1533 2229 1723 2294 etiam,
1747 2226 1894 2297 quod

305 2327 382 2383 ab
410 2326 498 2382 his
522 2323 671 2386 vitiis
690 2323 761 2378 ab
779 2320 1036 2391 Apostolo
1058 2320 1346 2392 prohibitis
1363 2319 1605 2375 omnium
1633 2318 1891 2379 vitiorum

305 2432 472 2490 seges
510 2422 788 2486 emergat:
828 2422 885 2475 et
933 2412 1077 2484 quod
1120 2412 1315 2467 horum
1362 2411 1675 2467 morborum
1719 2416 1896 2469 mater

306 2510 565 2581 superbia
590 2508 680 2563 sit.
711 2506 935 2577 Oportet
963 2513 1024 2559 ut
1044 2503 1280 2560 animam
1303 2518 1605 2574 corpusque
1642 2517 1800 2557 suum
1827 2502 1894 2556 ab

307 2600 462 2656 omni
486 2598 897 2667 inquinamento
930 2594 1116 2655 carnis
1150 2601 1207 2648 et
1235 2594 1462 2664 spiritus
1478 2593 1812 2656 custodiant,
1833 2600 1895 2647 ut

304 2691 470 2761 iuxta
505 2685 838 2759 Apostolum,
868 2685 1077 2757 integer
1115 2684 1336 2755 spiritus
1378 2697 1567 2739 eorum
1612 2690 1668 2738 et
1716 2682 1895 2743 anima

317 2788 379 2836 et
424 2793 638 2848 corpus,
666 2777 784 2832 sine
823 2776 1041 2849 querela
1090 2775 1144 2830 in
1199 2775 1434 2830 adventu
1472 2775 1688 2833 Domini
1723 2773 1896 2829 nostri

312 2871 447 2927 Jesu
492 2868 693 2925 Christi
730 2875 996 2923 servetur.
1042 2865 1257 2932 Sobrie,
1297 2865 1445 2937 iuste
1491 2874 1547 2923 et
1573 2866 1663 2938 pie
1689 2867 1896 2932 vivant,

315 2965 599 3023 saecularia
652 2963 868 3034 negotia
916 2976 1141 3037 prorsus
1205 2959 1461 3029 abiiciant
1492 3000 1510 3025 ,
1560 2960 1711 3029 quia'
1742 2958 1898 3028 iuxta

314 3056 566 3112 eumdem
605 3052 939 3124 Apostolum,
989 3051 1160 3106 Nemo
1204 3050 1438 3107 militans
1483 3050 1611 3114 Deo,
1663 3050 1898 3120 implicat

1988 1865 2142 1921 tiosis
2186 1866 2525 1922 delectentur
2571 1868 2830 1924 vestibus.
2887 1868 3130 1925 Caveant
3183 1888 3524 1944 summopere
3550 1916 3567 1940 ,

1986 1971 2056 2012 ne
2077 1964 2231 2011 extra
2256 1955 2494 2013 claustra
2527 1972 2708 2012 moras
2732 1958 2933 2014 faciant
2959 1999 2973 2024 ,
3025 1961 3127 2016 nisi
3171 1970 3332 2032 prout
3385 1964 3489 2018 sibi
3538 1981 3570 2019 a

1986 2050 2169 2121 priore
2214 2050 2564 2112 constitutum
2594 2049 2787 2117 fuerit,
2821 2059 2876 2107 et
2904 2055 3279 2124 opportunitas
3314 2057 3575 2127 temporis

1990 2140 2294 2197 dictaverit.
2346 2141 2491 2196 intra
2525 2140 2761 2201 claustra
2806 2143 2989 2214 positi,
3039 2159 3148 2200 non
3193 2145 3306 2201 otio
3329 2155 3521 2203 vacent
3553 2186 3574 2212 ι

1991 2232 2088 2289 sed
2129 2241 2224 2286 aut
2251 2232 2450 2288 divinis
2484 2232 2678 2289 ciliciis
2707 2274 2723 2299 ,
2776 2244 2871 2289 aut
2917 2236 3153 2306 propriis
3196 2238 3524 2294 utilitatibus
3553 2278 3569 2303 ,

1992 2334 2086 2382 aut
2112 2333 2260 2384 certe
2284 2326 2670 2399 magistrorum
2700 2325 3036 2397 iussionibus
3068 2339 3297 2399 pareant
3325 2349 3337 2385 :
3362 2346 3430 2386 ne
3459 2332 3580 2386 otio

1992 2423 2273 2486 torpentes
2296 2456 2311 2481 ,
2342 2417 2411 2472 ab
2435 2417 2693 2488 Apostolo
2720 2419 2939 2479 audiant
2966 2437 2979 2473 :
3025 2419 3129 2485 Qui
3175 2437 3279 2477 non
3306 2420 3437 2475 vult-
3454 2437 3579 2493 ope-

1993 2509 2128 2575 rari,
2158 2526 2251 2565 nec
2275 2509 2554 2566 manducet
2588 2509 2672 2583 (11
2704 2509 2855 2566 Thes.
2888 2509 2993 2581 tu).
3027 2510 3280 2568 Senieres
3312 2513 3573 2584 spiritali-

1994 2607 2081 2654 ter
2099 2598 2341 2668 iuniores
2366 2600 2593 2671 diligant
2617 2617 2629 2654 :
2653 2600 2899 2669 iuniores
2922 2602 3225 2658 senioribus
3254 2604 3576 2673 obsequium

1996 2689 2218 2760 dignum
2245 2690 2561 2746 exhibeant.
2602 2690 2888 2747 Doctiores
2930 2692 3112 2748 minus
3155 2692 3329 2757 doctis
3373 2708 3578 2764 nequa-

1997 2794 2159 2849 quam
2206 2795 2266 2835 se
2304 2779 2615 2849 praeferant,
2671 2782 2764 2836 sed
2806 2784 2981 2854 magis
3020 2797 3115 2838 eos
3157 2798 3279 2841 cum
3313 2785 3582 2843 charitate

1995 2867 2265 2924 aediﬁcent
2290 2886 2307 2924 :
2338 2883 2514 2940 neque
2543 2870 2600 2925 bi
2627 2871 2718 2940 qui
2753 2869 3037 2927 nobilitate
3077 2874 3309 2944 generis,
3342 2882 3436 2930 aut
3461 2875 3579 2930 virs

1999 2965 2175 3013 tutum
2198 2959 2356 3015 donis
2398 2960 2603 3038 pollent
2630 3000 2646 3025 ,
2673 2961 2888 3017 ceteris
2920 2975 2980 3017 se
3015 2961 3203 3019 timide
3242 2964 3581 3040 superextol.

1999 3047 2136 3104 lant.
2174 3048 2375 3106 Omnes
2404 3050 2460 3105 in
2506 3051 2924 3125 congregatione
2968 3053 3210 3117 vicissim
3243 3048 3345 3110 sibi
3401 3055 3582 3117 chari-

315 3162 375 3199 se
398 3143 626 3214 negotiis
651 3141 1015 3206 iacularibus,
1038 3149 1094 3194 ut
1134 3139 1182 3194 ei
1205 3138 1408 3210 placeat
1436 3142 1520 3194 cui
1555 3155 1611 3194 sc
1644 3139 1898 3210 probavit.
1929 3131 1973 3193 C
2006 3140 2133 3195 tatis
2178 3138 2354 3196 cilicio
2408 3142 2651 3203 serviant
2681 3184 2697 3209 ,
2741 3143 2940 3213 quibus
2982 3144 3149 3198 etiam
3180 3143 3236 3197 in
3291 3143 3589 3207 refectorie

317 3234 595 3305 ieiunium
644 3238 846 3298 ament,
890 3231 1133 3302 hospites
1186 3229 1463 3301 colligant,
1500 3244 1764 3301 pauperes
1817 3244 1903 3286 res

320 3332 531 3392 creent,
552 3324 725 3379 nudos
744 3323 997 3389 vestiant,
1027 3321 1271 3377 inﬁrmos
1284 3322 1523 3387 visitent,
1546 3329 1789 3381 mortuos
1813 3334 1902 3393 se:

323 3416 555 3489 peliant,
575 3415 631 3470 in
653 3414 1003 3471 tribulatione
1022 3413 1221 3486 positis
1240 3428 1397 3484 opem
1433 3412 1632 3479 ferant,
1661 3411 1904 3468 dolentes

321 3505 691 3565 ωηωῑωιω.
722 3505 907 3562 Amori
937 3505 1139 3562 Christi
1159 3504 1295 3560 nihil
1319 3512 1654 3574 praeportant,
1675 3502 1906 3559 charito-

323 3607 439 3656 tem
471 3612 580 3653 non
608 3597 984 3667 derelinquant
1022 3612 1038 3652 :
1067 3611 1280 3668 pacem,
1327 3596 1372 3652 si
1410 3594 1527 3651 fieri
1553 3603 1749 3666 potest,
1778 3610 1903 3653 cum

325 3688 582 3747 omnibus
623 3688 932 3745 hominibus
965 3686 1203 3743 habeant
1232 3705 1246 3741 :
1279 3688 1419 3744 diem
1447 3686 1636 3757 iudicii
1658 3686 1900 3751 timeant,

324 3781 497 3836 vitam
519 3788 774 3836 aiternam
796 3779 1110 3852 spiritaliter
1132 3781 1533 3852 concupiscant.
1558 3780 1720 3851 Spem
1751 3795 1904 3835 suam

327 3870 446 3928 Deo
475 3870 847 3936 committant,
879 3870 1100 3940 proprio
1136 3870 1388 3941 episcopo
1424 3869 1480 3924 in
1524 3868 1775 3926 omnibus
1821 3883 1909 3925 sc-

328 3959 570 4018 entulum
606 3959 922 4018 canonicam
938 3959 1335 4015 institutionem
1355 3959 1763 4035 obtemperent,
1793 3973 1907 4017 ma»

330 4056 533 4126 gistros
556 4066 684 4107 suos
711 4066 819 4106 non
848 4060 1055 4109 temere
1087 4048 1507 4121 reprehendant.
1537 4049 1819 4104 Postremo
1852 4048 1906 4103 in

332 4139 601 4199 doctrinis
648 4139 980 4209 spiritalibus
1022 4153 1245 4209 operam
1307 4138 1455 4193 dent.
1513 4135 1857 4195 Lectionibus
1890 4176 1906 4202 ,

329 4231 579 4306 psalmis,
627 4230 860 4302 hymnis,
892 4230 1123 4289 canticis
1146 4270 1162 4293 ,
1190 4237 1248 4283 et
1283 4236 1600 4283 caeterorum
1645 4227 1906 4282 bonorum

331 4337 560 4394 operum
588 4322 864 4381 exercitiis
886 4321 1089 4394 iugiter
1118 4320 1452 4377 incumbant.
1478 4320 1536 4377 ln
1567 4319 1908 4387 dormitorio,

336 4414 440 4471 nisi
471 4428 634 4483 quem
668 4412 963 4469 inﬁrmitas
1004 4413 1333 4477 detinuerit,
1371 4427 1560 4469 omnes
1598 4411 1904 4468 dormiant;

2003 3228 2411 3291 comedentibus
2438 3272 2454 3296 ,
2501 3239 2558 3286 ct
2604 3232 2858 3303 religiose
2910 3232 3185 3291 silentium
3233 3233 3576 3299 tenentibus,

2002 3319 2356 3383 continuarint
2390 3320 2607 3392 legatur
2624 3322 2813 3382 lectio.
2840 3321 3226 3392 Deliaqaentes
3258 3323 3376 3379 zelo
3418 3325 3579 3387 recti—

2002 3410 2204 3464 tudinis
2232 3411 2440 3481 pariter
2464 3419 2697 3481 arguant
2719 3421 2776 3469 et
2808 3412 3095 3480 castigent,
3139 3426 3336 3481 pueros
3365 3420 3420 3466 et
3444 3413 3581 3468 ado-

2000 3499 2271 3556 lescentes
2316 3501 2650 3573 negligentes
2703 3504 2998 3559 verborum
3051 3502 3353 3572 diseipliris
3410 3503 3582 3559 corri—.

2002 3591 2175 3669 piant.
2208 3590 2417 3661 Singuli
2455 3593 2613 3664 iuxta
2651 3593 3007 3664 capacitatem
3052 3608 3205 3648 suam
3246 3593 3585 3651 diversarum

2003 3682 2200 3739 artium
2231 3679 2551 3738 erudiantur
2583 3681 2881 3754 disciplinis
2904 3723 2921 3749 ,
2957 3689 3017 3736 ut
3050 3672 3229 3736 nullus
3257 3680 3313 3737 in
3353 3681 3589 3753 collegio

2004 3772 2266 3829 canonico
2293 3772 2501 3830 inutilis
2524 3781 2802 3847 appareat,
2835 3788 2937 3828 nec
2960 3781 3086 3829 vota
3114 3772 3351 3835 ﬁdelium
3378 3773 3589 3832 otiosus

2004 3867 2274 3922 comedat.
2320 3865 2478 3925 Tales
2501 3868 2701 3942 quippe
2724 3882 2850 3923 esse
2870 3907 2888 3933 ,
2924 3866 3034 3922 imo
3063 3873 3120 3922 et
3153 3866 3338 3922 taliter
3362 3880 3587 3921 conver-

2005 3957 2117 4012 sari
2137 3959 2291 4015 decet
2315 3972 2527 4023 omnes,
2543 3959 2638 4028 qui
2667 3957 2868 4014 divinis
2885 3956 3078 4013 ciliciis
3099 3971 3163 4012 se
3185 3957 3585 4027 manciparant.

2005 4046 2344 4120 Quapropter
2386 4049 2641 4109 studeant
2683 4048 2800 4103 haec
2851 4047 3090 4103 breviter
3125 4046 3350 4102 collecta
3398 4046 3589 4107 sedula

2005 4140 2354 4201 meditatione
2392 4138 2689 4210 perlegere.
2726 4146 2782 4196 et
2834 4137 3110 4200 memoriae
3158 4136 3545 4195 commendare
3564 4175 3588 4205 ,

2004 4241 2061 4288 et
2091 4232 2273 4288 divina
2301 4231 2589 4301 adiuvante
2625 4231 2801 4300 gratia
2833 4268 2849 4294 ,
2873 4227 3030 4296 iuxta
3064 4228 3212 4282 vires
3239 4225 3575 4295 adimplere;

2006 4336 2114 4392 quo
2160 4319 2374 4375 facilius
2416 4327 2473 4375 et
2503 4318 2728 4372 liberius
2766 4317 2972 4388 maiora
3012 4330 3044 4370 a
3085 4315 3289 4374 sanctis
3333 4313 3586 4375 Patribus

2007 4410 2151 4465 edita
2193 4409 2418 4478 exsequi
2470 4406 2709 4463 valeant.
2737 4405 3032 4461 Vocatione
3074 4418 3205 4475 ergo
3252 4419 3358 4473 qua
3407 4404 3586 4463 vocati

335 4506 395 4563 in
436 4482 730 4561 refectorio
761 4506 967 4575 pariter
1005 4504 1351 4571 reﬁciantur,
1383 4505 1623 4575 quotidie
1646 4504 1714 4559 ad
1752 4503 1910 4559 colla-
1932 4482 1986 4543 D
2011 4506 2174 4564 sunt;
2206 4513 2306 4553 nec
2336 4498 2405 4552 ad
2443 4496 2751 4563 dexteram,
2772 4510 2876 4553 nec
2895 4496 2979 4565 ad
3008 4495 3290 4551 sinistram
3319 4494 3600 4553 declinans

335 4595 542 4652 tionem
580 4596 844 4663 veniant;
872 4611 1000 4655 mox
1025 4604 1087 4650 ut
1128 4595 1344 4665 signum
1372 4595 1554 4650 datum
1588 4594 1753 4651 fuerit
1775 4634 1791 4661 ,
1840 4595 1910 4651 ad

320 4682 622 4740 ecclesiam
656 4699 848 4743 omnes
893 4684 1147 4743 festinato
1178 4684 1437 4750 veniant,
1465 4692 1522 4739 et
1550 4685 1713 4741 horas
1748 4698 1911 4740 cano-

325 4771 490 4831 nicas
514 4786 623 4829 non
654 4773 1010 4845 negligenter,
1059 4774 1156 4830 sed
1205 4788 1328 4831 cum
1366 4774 1513 4828 omni
1538 4773 1794 4845 religione
1818 4788 1914 4843 pa-

332 4866 473 4923 riter
529 4866 823 4924 celebrent.
876 4868 1176 4927 Ecclesiam
1221 4883 1329 4924 non
1351 4865 1674 4941 pompatice,
1705 4866 1800 4922 sed
1828 4880 1913 4922 re-

335 4964 593 5016 verenter
633 4957 1028 5032 ingrediantur.
1065 4960 1120 5015 in
1154 4958 1324 5019 choro
1367 4973 1475 5016 non
1531 4971 1655 5012 cum
1704 4954 1913 5017 baculis

2010 4595 2112 4651 tes,
2139 4586 2415 4647 ambulent
2443 4605 2456 4640 :
2483 4594 2754 4657 quatenus
2796 4584 2993 4641 divinis
3015 4583 3353 4654 iussionibus
3371 4585 3555 4643 obnata

2010 4684 2287 4748 perantes,
2324 4676 2392 4731 ad
2425 4676 2700 4735 Christum
2719 4716 2734 4742 ,
2761 4675 2819 4732 in
2843 4674 2996 4747 cuius
3030 4681 3176 4730 sorte
3200 4687 3322 4730 esse
3353 4687 3585 4737 noscam

2016 4777 2124 4836 tur,
2149 4768 2238 4841 qui
2261 4768 2371 4836 via,
2403 4769 2610 4827 veritas
2628 4776 2684 4824 et
2705 4767 2816 4825 vita
2836 4774 2943 4837 est,
2965 4781 3035 4824 eo
3049 4764 3371 4840 opitulante,
3397 4777 3587 4840 partes

2015 4859 2135 4915 nire
2170 4865 2499 4917 mereantur.
