3890 6180
373 317 481 376 935

1605 429 2034 444 ﬂ

1394 313 1798 370 AMALARIUS
1831 311 2246 370 PRESBYTER
2285 311 2643 371 METENSIS.

3511 308 3614 364 9'56

1533 555 1833 632 LIBER
1905 551 2467 631 SECUNDUS.

1156 702 1275 774 QUI
1306 705 1438 762 EST
1478 704 1566 760 DE
1599 699 2087 760 INSTITUTIONE
2123 694 2759 756 SANCTIMONIALIUM
2777 708 2825 751 ι.

442 904 594 962 Hanc
619 907 1057 964 constitutionem
1087 924 1243 965 sacer
1263 918 1559 966 conventus
1587 924 1729 964 anno
1758 913 1941 964 incar-
1966 914 2018 973 Α
2043 903 2224 962 divina
2247 899 2545 970 inspirante
2567 894 2741 968 gratia
2767 900 2822 950 et
2845 899 3154 948 sanctorum
3190 889 3413 946 Patrum
3433 900 3616 949 aucto-

371 995 609 1051 nationis
648 997 861 1053 Domini
897 999 1023 1065 8-l6,
1058 1000 1349 1056 indictione
1382 1001 1470 1067 10,
1510 1016 1652 1056 anno
1673 1001 1940 1071 siquidem

372 1085 745 1156 gloriosissimi
771 1087 1028 1144 Ludovici
1071 1090 1412 1160 imperatoris
1439 1091 1620 1157 tertio,
1657 1091 1710 1145 in
1739 1090 1939 1159 Aquis-

371 1175 526 1244 grani
556 1177 755 1245 palatio
778 1219 794 1243 ,
825 1179 1013 1233 eodem
1057 1189 1310 1235 monente
1355 1181 1618 1250 principe,
1647 1180 1716 1235 ob
1742 1180 1946 1234 anima-

371 1278 494 1317 rum
527 1266 1014 1322 sanctimonialium
1049 1269 1309 1326 canonice
1335 1269 1646 1341 degentium
1690 1269 1942 1336 salutem,

453 1407 487 1466 ei
505 1395 675 1466 Hujus
697 1396 816 1452 libri
843 1401 1014 1453 codex
1053 1416 1156 1455 ms.
1202 1416 1346 1456 nunc
1391 1409 1476 1457 est
1517 1402 1573 1454 in
1619 1400 1945 1457 bibliotheca

378 1464 638 1527 Colbert.,
667 1467 796 1520 olim
829 1468 882 1521 in
920 1469 1162 1524 Thnana.
1192 1471 1366 1524 Hum.
1392 1501 1460 1512 —
1486 1471 1812 1526 Posterioris
1846 1471 1948 1525 hu-

371 1533 459 1602 jus
488 1533 702 1604 Regulae
727 1538 941 1592 unicum
983 1541 1138 1595 nobis
1177 1541 1362 1596 videre
1407 1541 1647 1596 codicem
1675 1541 1827 1596 licuit
1854 1540 1948 1596 Ni-

2045 994 2324 1058 ritatibus,
2378 989 2528 1044 velut
2573 1001 2642 1041 ex
2693 985 2865 1056 pratis
2919 983 3269 1040 vernantibus
3295 1022 3313 1050 ,
3357 985 3618 1054 quosdam

2046 1087 2300 1145 ﬂosculos
2341 1083 2558 1153 collegit
2586 1090 2644 1136 et
2672 1081 2729 1135 in
2749 1094 2916 1134 unum
2939 1077 3214 1150 congessit
3238 1118 3254 1143 ,
3281 1084 3446 1148 atque
3473 1093 3618 1133 com-

2046 1180 2196 1235 muni
2218 1185 2364 1242 voto,
2388 1173 2766 1242 communique
2785 1185 3051 1226 consensu
3077 1210 3094 1236 ,
3123 1169 3618 1226 sanetimonialibus

2048 1268 2338 1325 tenendam
2366 1263 2864 1332 observandamque
2900 1260 3230 1332 percensuit.

2044 1399 2181 1455 colai
2199 1397 2384 1462 Fabri,
2407 1396 2500 1465 qui
2525 1409 2672 1449 nunc
2693 1393 3005 1465 habetur-in
3027 1391 3353 1465 bibliotheca
3371 1394 3613 1465 Thurina,

2046 1469 2146 1526 sed
2187 1462 2443 1522 alterum'
2466 1471 2682 1520 exstare
2727 1463 2889 1518 audio
2928 1463 2984 1517 in
3039 1462 3268 1518 ecclesia
3287 1463 3618 1519 Autissiodu-

2045 1539 2217 1594 rensi.
2243 1535 2360 1592 Jac.
2395 1535 2551 1591 Sum.

1466 1802 1722 1864 INDEX
1765 1797 2123 1862 CAPITUM
2164 1796 2382 1862 LIBRI
2424 1795 2507 1858 Il.

434 2025 480 2094 ξ-
499 2025 797 2094 Escerptum
819 2042 901 2094 ex_
912 2029 1114 2094 epistola
1137 2029 1427 2094 Hieronymi
1452 2031 1510 2080 ad
1535 2032 1870 2083 Eustochium.

433 2086 504 2154 ll;
529 2086 755 2154 Eiusdem
782 2091 839 2154 ad
874 2086 1239 2154 Demetriadem
1266 2086 1572 2154 excerptum.

437 2148 520 2212 lli.
551 2149 672 2212 [rem
699 2151 917 2211 ejusdem
939 2166 1000 2202 ex
1031 2151 1238 2212 epistola
1263 2152 1322 2200 ad
1345 2148 1559 2203 Fui-iam.

374 2208 520 2319 uuln}?
549 2208 850 2274 Excerptum
889 2227 952 2262 ex
995 2208 1202 2276 epistola
1241 2213 1460 2276 Cypriani
1494 2215 1559 2264 de
1596 2214 1766 2264 habitu
1788 2213 1944 2274 virgi-

374 2329 592 2442 dirrclgx
617 2345 850 2384 sermone
867 2335 1023 2385 sancti
1043 2333 1245 2386 (lassarit
1265 2337 1480 2399 episcOpi
1500 2333 1945 2386 sanctimonialihus

442 2452 523 2517 yjl.
545 2455 703 2517 sancti
726 2456 971 2506 Athanasii
999 2456 1057 2506 ad
1079 2469 1279 2517 sponsas
1301 2457 1499 2509 Christi.

375 2513 754 2626 Μὲέέῷρυιιοε
770 2519 820 2567 in
839 2513 1144 2569 monasteriis
1165 2517 1462 2582 puellaribus
1479 2519 1696 2569 debeant
1718 2529 1832 2568 esse
1855 2517 1943 2567 ab-

2103 2026 2207 2078 XV.
2233 2027 2299 2078 Ut
2341 2027 2402 2077 ad
2441 2026 2584 2076 horas
2615 2027 2873 2077 canonicas
2911 2025 3233 2078 celebrandas
3279 2026 3620 2079 incunctanter

2042 2091 2339 2142 conveniant
2362 2088 2773 2138 sanctimoniales.

2105 2149 2232 2199 XVI.
2254 2149 2331 2198 De
2356 2151 2579 2198 instantia
2604 2150 2857 2198 orationis.

2045 2211 2259 2324 britni'tli.
2291 2210 2352 2261 Ut
2393 2210 2766 2274 completoriuui
2809 2211 2992 2272 pariter
3045 2208 3444 2261 saoaimoaiales
3484 2208 3620 2260 cele-

2082 2279 2210 2323 rent.

2108 2331 2284 2384 XVlIl.
2312 2331 2405 2392 Qui
2437 2331 2611 2381 modus
2632 2332 2955 2394 correptionis
2977 2342 3097 2394 erga
3119 2331 3516 2384 sanctimoniales
3532 2333 3620 2383 de-

2046 2397 2332 2446 linquentes
2352 2394 2656 2443 adhibendus
2675 2396 2760 2442 sit.

2113 2420 2116 2444 ι
2153 2409 2332 2445 nentes
2352 2409 2656 2443 aamuenuus
2675 2409 2760 2442 sit.

2113 2409 2238 2506 ὶΙΧ.
2267 2454 2330 2505 Ut
2355 2457 2610 2505 abbatissae
2635 2455 2845 2503 virorum
2869 2451 3174 2515 irequentias
3196 2454 3372 2515 vitent.

2109 2517 2212 2567 XX.
2249 2516 2310 2566 Ut
2334 2516 2726 2566 sanctimoniales
2748 2512 3184 2576 virorum'caveant
3205 2512 3527 2576 frequentias.

2113 2577 2237 2629 XXI.
2277 2577 2343 2628 Ut
2381 2577 2774 2626 sanctimoniales
2816 2587 2934 2636 erga
2965 2575 3168 2625 famulas
3210 2576 3307 2625 sibi
3340 2580 3625 2628 servientes

439 2635 580 2707 {illi
598 2637 1048 2707 Decangregandis
1075 2642 1123 2690 in
1147 2641 1458 2707 monasteriis
1474 2639 1940 2707 sanctimonialibus.
1972 2649 2018 2707 Β
2045 2639 2338 2707 pervigilem
2361 2635 2933 2707 adhibeantcustodiam.

437 2697 534 2765 lX._
543 2701 764 2765 Qualiter
788 2697 1014 2764 hisfqum
1036 2705 1384 2754 monasterium
1419 2709 1681 2765 expetunt,
1703 2701 1766 2751 de
1791 2704 1943 2751 rebus

497 2762 582 2809 riis
605 2765 849 2813 nitendum
875 2762 958 2813 sit.

387 2822 759 2930 l“gmgjiialiter
784 2825 832 2873 in
857 2826 1152 2876 monasterio
1173 2823 1623 2876 sanctimonialibus
1646 2835 1943 2874 conversan-

372 2893 484 2928 unm
509 2893 590 2930 Slt'.

437 2940 521 2991 XI.
549 2942 619 3008 Ut
633 2947 928 3008 monasteria
969 2945 1240 3007 puellarum
1284 2947 1501 3007 undique
1533 2947 1844 3008 muniuntur,
1891 2950 1944 2996 et

377 3006 668 3069 necessaria:
704 3006 1026 3069 habitationes
1059 3009 1264 3056 interius
1288 3006 1640 3069 praeparentur.

396 3125 420 3133 ,ν
441 3063 636 3133 ΧΙΙ.“Ι.ῖι
659 3067 1049 3133 sanctimoniales
1071 3069 1117 3133 in
1144 3081 1239 3118 una
1262 3063 1502 3118 societate
1532 3073 1755 3119 viventes
1773 3081 1944 3130 aequa-

373 3122 670 3190 titgreibum
692 3135 745 3190 et
768 3137 931 3190 potum
955 3131 1204 3190 accipiant.

439 3183 570 3238 Xlll.
607 3183 825 3247 Qualiter
867 3183 1259 3243 sauctiniouiales
1298 3191 1544 3253 stipendia
1592 3190 1820 3253 accipere
1852 3191 1945 3242 de-

375 3246 525 3298 beant
544 3246 836 3299 necessaria.

440 3306 566 3376 xiv.
589 3311 726 3370 Quod
749 3311 944 3376 gemina
960 3312 1220 3364 abbatissia
1260 3313 1711 3365 sanctimonialibus
1755 3315 1948 3376 impen-

376 3368 533 3419 denda
555 3368 620 3422 sit
640 3368 813 3434 pastio.
1687 3427 1692 3430 ,

2107 2697 2270 2773 ξὲςῐι.Δ
2286 2699 2348 2750 Ut
2371 2711 2490 2773 erga
2516 2698 2703 2773 puellas
2726 2700 2774 2748 in
2798 2697 3107 2748 moaasteriis
3125 2697 3430 2747 erudiendas
3447 2710 3616 2759 magna

2045 2763 2338 2812 adhibeatur
2361 2760 2634 2823 diligentia.

2111 2822 2282 2892 XXIII.
2311 2821 2375 2892 Ut
2409 2822 2457 2870 in
2505 2821 2817 2892 monasteriis
2862 2819 3164 2884 puellaribus
3205 2818 3383 2870 domus
3424 2828 3622 2884 propter

2045 2897 2168 2934 anus
2192 2891 2243 2933 et
2266 2883 2478 2933 inﬁrmas
2495 2883 2577 2932 ait.
2865 2883 2876 2884 “

2108 2944 2274 3013 gilii].
2289 2943 2483 3013 Quales
2502 2944 2601 2992 sint
2611 2944 2892 3013 praeposita}
2909 2940 3286 3013 constituendae.

2111 3006 2254 3056 XXV.
2283 3005 2446 3064 Qualia
2468 3003 2807 3055 constituenda
2828 3007 2891 3054 sit
2915 3003 3192 3053 cellararia.

2109 3066 2279 3116 XXVI.
2305 3068 2377 3114 De
2405 3067 2618 3127 portaria
2638 3066 2919 3115 monasterii
2944 3066 3298 3114 constituenda.

2115 3128 2308 3200 mi".-
2330 3127 2398 3202 βε
2419 3139 2514 3202 ηοξ·
2537 3128 2634 3202 eisi
2657 3133 3101 3202 sumsimus
3122 3123 3406 3202 Ρτεξξξξεθῐί
3431 3135 3620 3174 mm-

2049 3190 2713 3259 quenrnin‘istrihmonasteria
2738 3184 3012 3248 puellarum
3035 3184 3394 3259 ingrediantur:
3455 3245 3466 3256 ⁸

2053 3248 2333 3375 Exim.
2363 3249 2427 3301 Ut
2445 3248 2685 3312 hospitale
2709 3261 2980 3312 pauperum
3024 3257 3167 3298 extra
3201 3248 3624 3297 monasteriumsﬂ

2405 3067 2618 3127 portaria
2638 3066 2919 3115 monasterii
2944 3062 3298 3127 constituenda.

392 3497 3606 3532 ω

944 3618 1157 3675 MANSI
1195 3619 1264 3675 IN
1305 3605 1730 3687 SEQUENTEM
1771 3614 1948 3674 MONL

2061 3615 2160 3672 UH
2197 3615 2334 3674 REG
2343 3616 2534 3674 ULAM
2572 3615 3042 3674 ΡΒᾹΞΜΟΝΙΤΙΟ.

451 3726 676 3800 Concilii
723 3725 1176 3800 Aquisgranensis
1216 3728 1420 3800 Regula

1499 3743 1564 3782 ro
1595 3725 2100 3782 sanctimonialibus
2131 3732 2310 3781 exstat
2355 3726 2408 3780 in
2460 3727 2826 3783 vetustissimo
2851 3726 3040 3782 codice
3071 3727 3494 3782 membranaceo
3533 3739 3626 3780 sm.

374 3795 495 3866 culo
519 3811 612 3866 jx,
647 3794 834 3866 eodem
867 3794 1076 3852 scilicet
1098 3814 1205 3866 quo
1226 3808 1280 3852 et
1299 3794 1594 3852 'conciiium
1619 3805 1704 3851 est
1723 3796 1967 3866 habitum
1993 3795 2220 3866 scripto,
2251 3796 2342 3866 qui
2372 3811 2502 3850 sane
2531 3795 2714 3852 Codex
2737 3807 2984 3851 servatur
3012 3795 3199 3851 Roma:
3225 3795 3278 3850 in
3305 3794 3623 3866 bibliotheca

375 3864 483 3918 PP.
505 3864 943 3918 Cisterciensinm
975 3864 1288 3921 monasterii
1308 3867 1521 3921 Sanctae
1543 3866 1732 3920 Crucis
1756 3866 1810 3919 in
1835 3864 2194 3920 Hierusalem.
2218 3864 2283 3919 In
2297 3879 2363 3921 eo
2385 3881 2516 3921 vero
2536 3869 2716 3920 omnia
2737 3882 2860 3921 cum
2881 3865 3043 3920 editis
3062 3866 3405 3920 concordare
3426 3865 3624 3919 monuit

375 3949 462 3988 me
484 3948 580 4002 per
601 3933 814 4003 litteras
839 3934 900 4003 Ρ.
931 3935 996 3988 D.
1029 3937 1222 3990 Darius
1251 3935 1513 3991 Marinoui
1544 3933 1786 4002 ejusdem
1814 3935 2022 3989 ordinis
2058 3935 2358 3990 monachus
2384 3936 2628 3992 eruditus
2655 3945 2713 3991 et
2734 3935 2973 4003 ejusdem
3001 3936 3323 3990 monasterii
3351 3933 3628 3989 bibliothe-

375 4002 576 4076 earius,
608 4001 711 4076 nisi
737 4002 879 4071 quod
899 4005 1323 4076 anteexordium
1344 4005 1540 4073 capitis
1561 4004 1724 4076 primi
1743 4005 1997 4076 prannitti
2031 4003 2415 4076 animadvertit
2455 4001 3075 4076 sermonem'quemdam
3103 4005 3163 4058 S.
3191 4004 3514 4076 Augustino
3537 4004 3624 4057 tri-

373 4072 587 4146 butum,
610 4069 1162 4146 eujusiapographnm
1179 4076 1250 4146 ad
1278 4091 1363 4146 me
1391 4069 1778 4146 humanissime
1809 4075 2021 4146 transit.
2054 4073 2209 4130 Hunc
2237 4074 2402 4146 igitur
2429 4090 2736 4133 sermonem
2772 4069 2838 4130 ex
2865 4073 3082 4132 Codicis
3111 4069 3627 4146 hujus'auctoritate

376 4141 592 4212 Regula:
621 4141 1122 4201 sanctimonialibus
1161 4144 1300 4200 datae
1330 4145 1418 4200 hic
1441 4159 1539 4215 ego
1568 4144 1775 4213 primus
1802 4144 2095 4212 prae-mitto.

518 4412 751 4470 SEBMO
789 4413 847 4469 S.
889 4413 1262 4472 AUGUSTINI
1299 4417 1392 4471 AD
1431 4418 1774 4477 VIRGINES.

445 4501 616 4572 Dilige
656 4503 940 4559 Dominum
973 4545 987 4569 ,
1045 4513 1102 4560 et
1150 4508 1353 4562 amabit
1403 4518 1488 4576 te;
1548 4512 1690 4566 servi
1735 4511 1852 4576 illi,
1895 4519 1951 4566 et

376 4592 700 4648 illuminabit
733 4609 832 4650 cor
865 4603 1036 4650 tuum.
1075 4595 1287 4652 Honora
1315 4607 1542 4654 matrem
1586 4611 1756 4667 tuam,
1808 4603 1951 4658 sicut

379 4683 605 4739 Matrem
632 4685 856 4751 Christi,
887 4695 942 4742 et
968 4703 1035 4742 ne
1056 4688 1368 4758 despexeris
1389 4691 1639 4747 canitiem
1669 4691 1810 4761 ejus,
1832 4708 1952 4762 quae

376 4775 587 4844 peperit
617 4784 688 4831 te.
726 4777 896 4848 Dilige
931 4793 1147 4834 sorores
1193 4788 1335 4847 tuas,
1388 4781 1529 4836 sicut
1577 4782 1714 4838 ﬁlias
1757 4785 1951 4840 matris

379 4871 507 4929 tum,
530 4873 587 4918 et
609 4881 716 4920 non
747 4867 1088 4937 derelinquas
1113 4871 1230 4926 vias
1252 4871 1419 4940 pacis.
1449 4871 1643 4928 Oriens
1664 4873 1744 4928 sol
1771 4875 1953 4930 videat

379 4953 620 5009 codicem
657 4955 710 5008 in
746 4971 906 5009 manu
936 4964 1046 5022 tua,
1071 4968 1126 5013 et
1149 4967 1272 5028 post
1292 4959 1584 5015 secundam
1608 4962 1796 5017 horam
1823 4979 1953 5035 ope-

384 5056 506 5098 rare
535 5057 671 5113 opus
701 5050 870 5097 tuum.
927 5043 1034 5099 Ora
1077 5047 1193 5102 sine
1241 5047 1642 5103 intermissione
1668 5089 1683 5114 ,
1733 5059 1791 5105 et
1839 5067 1954 5106 me-

381 5143 565 5192 mento
593 5135 819 5203 Christi,
864 5138 956 5208 qui
1001 5139 1190 5209 genuit
1229 5147 1301 5194 te.
1354 5137 1662 5197 Conventus
1711 5142 1952 5198 virorum

379 5228 581 5294 devita,
611 5235 672 5282 ut
699 5244 806 5284 non
832 5229 927 5284 ﬁat
952 5231 1151 5286 idolum
1175 5231 1228 5285 in
1260 5238 1352 5285 tua
1378 5231 1558 5286 anima
1583 5273 1600 5299 ,
1640 5240 1695 5288 et
1721 5236 1828 5289 erit
1856 5234 1952 5288 tibi

379 5318 760 5375 offendiculum
800 5322 853 5375 in
886 5331 1126 5391 tempore
1162 5322 1442 5378 orationis.
1481 5322 1756 5380 Christum
1785 5326 1954 5384 habes

382 5410 635 5466 dilectum
664 5429 678 5477 ;
715 5411 918 5483 projice
943 5413 1091 5466 viros
1118 5427 1328 5479 omnes,
1356 5422 1413 5470 et
1444 5431 1550 5470 non
1577 5415 1726 5472 vives
1755 5431 1955 5487 exproo

382 5499 645 5556 brabilem
671 5502 861 5556 vitam.
886 5501 1296 5560 Animositatem
1327 5505 1491 5560 etiam
1522 5506 1680 5578 longe
1718 5506 1881 5564 facito
1924 5525 1954 5564 a

385 5598 458 5652 te,
489 5599 542 5644 et
563 5594 828 5648 memoria
857 5594 1073 5650 malitiae
1113 5610 1219 5652 non
1245 5597 1557 5654 demoretur
1588 5599 1731 5670 apud
1773 5607 1846 5656 te.
1879 5600 1957 5655 Ne

388 5678 537 5736 dieas
566 5683 724 5737 hodie
747 5683 999 5760 Comedo,
1023 5696 1077 5745 et
1096 5703 1218 5746 eras
1242 5706 1348 5747 non
1375 5689 1674 5758 comedam,
1697 5693 1954 5760 quoniam

1973 4339 2016 4401 (ζ
2049 4346 2154 4386 non
2183 4331 2238 4384 in
2262 4326 2531 4399 sapientia
2572 4325 2708 4380 facis
2749 4323 2883 4388 hoc;
2928 4322 3035 4377 erit
3077 4321 3224 4377 enim
3266 4320 3477 4378 nouella
3513 4334 3629 4375 cor-

2050 4421 2170 4491 pori
2200 4429 2315 4486 tuo,
2345 4426 2402 4474 et
2428 4416 2700 4471 cruciatus
2730 4413 3011 4469 stomacho
3044 4419 3156 4466 tuo.
3191 4410 3371 4466 Edere
3414 4423 3626 4465 carnem

2050 4528 2158 4569 non
2185 4519 2269 4567 est
2295 4511 2500 4566 bonum
2525 4549 2541 4574 ,
2577 4515 2633 4562 et
2656 4506 2843 4562 bibere
2867 4505 3053 4559 vinum
3084 4517 3192 4558 non
3223 4510 3308 4558 est
3333 4502 3620 4573 optimum;

2048 4602 2230 4659 oﬂ‘erri
2278 4606 2458 4654 autem
2505 4603 2718 4668 Oportet
2765 4592 3181 4649 infirmantibus.
3225 4590 3393 4663 Virgo
3445 4591 3625 4644 turbu-

2049 4694 2193 4749 lenta
2245 4705 2353 4746 non
2405 4688 2701 4744 salvabitur
2727 4727 2743 4750 ,
2783 4693 2841 4740 et
2889 4699 3009 4755 qua:
3053 4684 3106 4738 in
3151 4683 3366 4738 deliciis
3413 4690 3494 4736 est
3523 4695 3623 4735 non

2049 4784 2255 4841 videbit
2294 4794 2550 4852 sponsum
2592 4793 2768 4834 suum.
2829 4773 2909 4830 Ne
2943 4774 3111 4834 dicas,
3146 4771 3506 4828 Contristavit
3543 4783 3626 4824 me

2050 4875 2272 4940 famula,
2307 4882 2363 4930 et
2396 4871 2694 4928 retribuam
2736 4869 2810 4924 illi
2857 4875 3080 4939 propter
3101 4865 3248 4935 quod
3278 4880 3390 4918 non
3421 4871 3503 4919 est
3521 4876 3628 4916 ser-

2049 4967 2194 5022 vitus
2235 4965 2292 5020 in
2333 4964 2546 5018 ﬁliabus
2573 4962 2692 5016 Dei.
2720 4959 2837 5016 Non
2870 4959 2967 5014 des
2994 4957 3235 5012 auditum
3261 4963 3420 5010 tuum
3458 4951 3631 5010 verbis

2052 5061 2228 5126 vanis,
2261 5067 2317 5115 et
2355 5059 2700 5113 narrationes
2728 5054 2993 5110 malorum
3020 5052 3165 5124 fuge.
3189 5049 3631 5107 Circumveniem

2052 5155 2186 5210 tium
2212 5152 2379 5208 ferias
2407 5151 2652 5206 ebriosas
2688 5147 2812 5218 fuge
2839 5187 2854 5212 ,
2896 5154 2951 5202 et
2995 5145 3063 5199 ad
3098 5143 3315 5214 nuptias
3341 5142 3545 5198 alienas
3568 5153 3636 5194 ne

2052 5245 2216 5310 ieris;
2250 5242 2526 5299 immunda
2557 5239 2702 5295 enim
2748 5239 2902 5309 virgo
2933 5235 3140 5291 iaciens
3181 5235 3318 5289 hac.
3374 5232 3537 5304 Aperi
3573 5245 3637 5284 os

2056 5343 2208 5391 tuum
2252 5333 2418 5388 verbo
2448 5331 2563 5396 Dei,
2597 5338 2652 5386 et
2679 5328 2872 5384 cohibe
2924 5343 2955 5382 a
3007 5325 3348 5395 multiloquio
3401 5325 3634 5394 linguam

2054 5433 2223 5479 tuam.
2253 5421 2449 5479 Coram
2470 5419 2698 5475 Domino
2721 5416 2944 5472 humilia
2972 5425 3025 5470 te
3049 5415 3223 5485 ipsam
3243 5455 3260 5479 ,
3289 5422 3347 5468 et
3376 5409 3636 5468 exaltabit

2057 5523 2112 5569 te
2149 5517 2215 5569 de
2257 5523 2402 5567 terra
2443 5511 2582 5580 ejus.
2631 5508 2711 5564 Ne
2742 5507 3010 5563 avertaris
3058 5519 3088 5559 a
3131 5518 3372 5574 paupere
3403 5504 3458 5558 in
3504 5510 3637 5555 tem-

2059 5618 2190 5674 pore
2225 5600 2590 5658 tribulationis
2619 5641 2634 5666 ,
2684 5607 2740 5655 et
2777 5613 2883 5654 non
2924 5596 3139 5653 deﬁciet
3170 5594 3351 5650 oleum
3402 5589 3633 5661 lampadi

2060 5702 2186 5749 tute.
2219 5692 2411 5751 Omnia
2441 5691 2524 5748 iac
2553 5698 2777 5762 propter
2816 5687 3136 5752 Dominum,
3166 5693 3220 5742 et
3255 5683 3368 5741 noli
3393 5691 3634 5752 quant-ie
