3890 6180
274 153 382 209 937

787 126 1065 201 REGULA
1106 140 1736 197 SANCTIMONIALIUM
1770 139 1859 194 AB
1900 135 2256 194 AMALABIO
2294 136 2672 192 COLLECTA.
2698 135 2915 189 -—LlB.
2959 133 3020 189 ll.

3430 136 3534 195 933

271 266 346 320 ah
380 262 692 318 hominibus
750 259 976 332 gloriam
1014 298 1030 323 ,
1083 256 1337 326 quoniam
1400 255 1572 326 gloria
1625 255 1859 310 hominis
1890 258 1937 317 Α
1963 262 2112 308 retur
2132 252 2439 308 videntibus
2459 253 2629 307 oculis
2652 252 2791 314 suis,
2825 262 2879 306 et
2900 253 3304 307 tabescentibus
3327 254 3541 308 casibus

268 355 421 410 sicut
463 349 565 405 ﬂos
594 350 736 414 feni;
769 347 938 418 gloria
969 356 1151 403 autem
1181 346 1394 401 Domini
1420 352 1604 399 manet
1626 345 1677 398 in
1704 352 1864 399 33le-

270 456 449 506 num;
491 438 755 509 virginem
805 444 1145 491 mansuetam
1186 433 1359 505 diligit
1397 434 1678 500 Dominus,
1710 434 1863 503 virgo

269 540 461 587 autem
489 529 752 585 iracunda
783 527 998 606 odibilis
1042 527 1178 592 erit;
1221 525 1479 580 obediens
1509 526 1660 595 virgo
1704 526 1863 580 mise-

271 624 572 680 ricordiam
621 628 1017 691 consequetur,
1067 619 1446 675 contradicens
1480 626 1659 672 autem
1710 617 1864 672 valde

271 716 546 787 insipiens
588 722 692 769 est.
756 712 1229 767 Murmuratricem
1277 711 1544 780 virginem
1602 711 1864 780 disperdit

269 808 570 872 Dominus,
601 805 894 877 gratiosam
918 811 1101 859 autem
1122 802 1317 857 liberat
1354 817 1385 855 a
1422 809 1639 865 morte;
1692 802 1864 871 turpis

274 904 525 969 risus,et
545 896 940 969 exprobrabilis
964 895 1340 966 impudentia;
1377 895 1555 949 omnis
1597 896 1741 950 enim
1787 896 1866 949 in-

273 994 488 1064 sipiens
550 990 750 1047 talibus
785 987 1190 1058 implicabitur;
1249 1001 1370 1054 quae
1421 993 1653 1041 exornat
1701 985 1865 1040 vesti-

272 1092 465 1140 menta
490 1097 608 1148 sua,
624 1089 679 1136 et
702 1079 954 1135 castitate
972 1077 1317 1133 extrinsecus
1340 1076 1461 1131 erit.
1479 1074 1595 1130 Non
1622 1090 1865 1133 commo-

283 1175 432 1231 reris
470 1171 821 1229 secularibus
848 1209 863 1234 ,
888 1177 946 1223 et
969 1174 1218 1222 avertent
1254 1174 1404 1221 tuum
1456 1179 1551 1219 cor
1575 1205 1589 1230 ,
1615 1173 1672 1219 et
1710 1164 1863 1219 irrita

276 1263 486 1321 facient
518 1260 746 1318 consilia
787 1256 937 1326 justa
966 1274 981 1323 ;
1024 1255 1281 1326 lacrymis
1325 1256 1379 1309 in
1418 1262 1576 1310 nocte
1604 1271 1735 1325 roga
1763 1256 1867 1311 Do-

278 1356 525 1417 minum,
561 1360 619 1407 et
654 1365 815 1405 nemo
840 1349 1043 1405 sentiat
1070 1355 1351 1418 rogantem
1391 1355 1442 1400 te
1463 1387 1479 1410 ,
1520 1354 1577 1400 et
1621 1346 1865 1402 invenies

246 1422 541 1518 ‘gratiam.
593 1438 1105 1509 Concupiscentiam
1136 1436 1627 1491 deambulationum
1662 1437 1865 1492 aliena-

279 1551 409 1591 rum
437 1550 505 1589 ne
527 1533 790 1596 imiteris;
817 1532 1039 1594 donum,
1081 1537 1138 1585 et
1174 1528 1505 1583 desiderium
1533 1530 1732 1583 avertit
1759 1537 1867 1584 sta-

1966 343 2098 407 suis;
2117 357 2278 410 super
2298 341 2785 411 impossibilitatem
2798 343 2962 396 animi
2987 341 3167 412 gravis
3188 341 3539 407 abstinentia,

1964 442 2020 487 et
2084 434 2172 488 vix
2218 432 2505 503 dirigibilis
2558 435 2804 486 castitas.
2842 431 3000 488 Nihil
3062 432 3271 487 dulcius
3329 431 3541 488 cmlesti

1966 522 2213 594 Sponso;
2273 524 2466 578 anima:
2510 522 2775 593 virginum
2830 521 3296 586 illuminabuntur,
3349 523 3543 578 anima:

1965 624 2147 670 autem
2177 614 2580 669 immundorum
2622 608 2881 669 videbunt
2921 614 3191 668 tenebras.
3240 613 3358 667 Vidi
3402 614 3544 667 viros

1964 717 2375 777 corrumpentes
2421 707 2657 776 virgines
2701 706 2754 759 in
2786 705 3045 761 doctrinis
3081 706 3213 770 suis,
3254 713 3308 758 et
3347 719 3541 759 vanam
3625 709 3635 720 ‘

1962 798 2230 854 facientes
2282 799 2651 868 virginitatem
2698 813 2908 853 earum.
2945 799 3023 852 Tu
3068 811 3245 852 autem
3282 799 3406 853 audi
3434 838 3448 862 ,
3483 799 3544 852 li-

1963 891 2056 953 lia,
2088 892 2367 947 doctrinas
2398 890 2651 945 Ecclesia:
2682 890 2814 955 Dei,
2840 898 2895 945 et
2915 905 3072 946 nemo
3097 890 3304 945 alienus
3328 906 3548 960 persua-

1964 980 2090 1035 deat
2120 980 2236 1035 tibi.
2266 980 2408 1034 Deus
2432 977 2678 1033 fundavit
2706 978 2901 1034 cmlum
2926 990 2980 1034 et
3001 989 3224 1046 terram,
3250 990 3305 1036 et
3334 982 3539 1037 laetatur

1963 1072 2019 1126 in
2045 1071 2145 1126 eis.
2185 1070 2302 1126 Non
2329 1079 2416 1125 est
2453 1069 2675 1139 angelus
2712 1086 2820 1124 non
2868 1085 3039 1139 capax
3080 1072 3299 1126 malitiae
3327 1084 3351 1112 α
3378 1113 3393 1135 ,
3437 1088 3542 1127 non

1962 1173 2047 1219 est
2090 1165 2300 1221 daemon
2355 1160 2549 1218 natura
2603 1164 2795 1219 malus.
2852 1163 3153 1233 Utrumque
3198 1164 3341 1219 enim
3392 1163 3573 1219 liberi~

1964 1258 2180 1313 arbitrii
2226 1258 2368 1312 sicut
2412 1258 2617 1315 homo.
2672 1265 2728 1311 et
2779 1272 3009 1326 corpore
3061 1256 3399 1325 corruptibili
3429 1297 3443 1320 ,
3493 1266 3550 1310 et

1965 1350 2144 1403 anima
2199 1349 2442 1403 substitit
2486 1348 2771 1413 rationali;
2823 1348 2902 1402 sic
2949 1355 3006 1401 et
3060 1345 3320 1401 Dominus
3364 1356 3550 1402 noster

1964 1448 2126 1493 natus
2147 1447 2230 1493 est
2250 1439 2369 1493 sine
2392 1447 2615 1508 peccato
2637 1455 2651 1504 ;
2678 1437 3028 1492 manducavit
3054 1445 3110 1490 et
3129 1436 3424 1492 cruciﬁxus
3442 1447 3546 1498 est.

1965 1537 2020 1585 et
2059 1545 2168 1585 non
2210 1536 2328 1585 erat
2352 1529 2490 1583 visio
2515 1528 2640 1583 ficta
2680 1528 2733 1583 in
2779 1527 2955 1583 oculis
2993 1528 3312 1583 hominum:
3344 1527 3421 1583 sic
3444 1530 3552 1582 erit

280 1635 401 1681 tum
430 1623 618 1688 animi,
642 1631 697 1677 et
722 1620 1022 1690 corrumpit
1042 1627 1346 1689 promptam
1367 1618 1697 1673 voluntatem
1727 1617 1863 1688 ejus.
1895 1606 1942 1666 Β
1970 1622 2298 1676 resurrectio
2328 1616 2688 1677 mortuorum.
2736 1619 2966 1675 Mundus
2990 1621 3188 1675 transit
3214 1621 3338 1686 iste,
3368 1629 3423 1675 et
3448 1636 3549 1675 nos

281 1713 493 1770 Fidelis
532 1712 688 1784 virgo
728 1726 835 1766 non
878 1708 1228 1774 formidabit,
1277 1724 1398 1778 quae
1427 1716 1606 1762 autem
1637 1708 1867 1764 infidelis

279 1812 395 1868 est,
432 1802 602 1874 fugiet
641 1800 806 1856 etiam
850 1799 1099 1854 umbram
1140 1813 1312 1854 suam.
1360 1797 1563 1852 invidia
1599 1799 1868 1853 consumit

281 1895 549 1960 animam,
572 1896 626 1949 et
648 1892 786 1948 livor
806 1888 1033 1947 devorat
1070 1904 1213 1945 eam.
1263 1889 1394 1957 Quae
1445 1890 1749 1944 contemnit
1776 1906 1866 1944 so-

283 2001 466 2041 rorem
510 1983 816 2047 infirmam,
864 1998 896 2037 a
947 1981 1165 2038 Christo
1223 1981 1379 2052 longe
1423 1982 1558 2047 erit;
1608 1996 1676 2037 ne
1720 1984 1868 2039 dicas

284 2091 469 2132 meum
511 2083 597 2132 est
637 2075 760 2139 hoc,
785 2084 839 2149 et
877 2073 1007 2129 illud
1048 2083 1130 2128 est
1172 2082 1349 2136 tuum;
1388 2074 1443 2128 in
1469 2074 1689 2130 Christo
1722 2078 1867 2130 enim

279 2168 418 2223 Jesu
440 2167 623 2223 omnia
644 2166 949 2222 communia
979 2173 1124 2221 sunt.
1150 2165 1267 2220 Non
1309 2167 1553 2235 inquiras
1581 2168 1748 2221 vitam
1788 2169 1867 2222 al-

284 2259 495 2323 terius,
535 2266 591 2314 et
619 2257 672 2312 in
696 2257 854 2312 ruina
881 2256 1085 2312 sororis
1121 2264 1226 2311 tua:
1256 2271 1323 2310 ne
1346 2257 1703 2327 congaudeas.
1734 2258 1871 2312 Sub-

286 2350 543 2404 ministra
570 2356 750 2404 autem
786 2345 1131 2417 diligentibus
1156 2346 1488 2417 virginibus,
1542 2355 1599 2401 et
1638 2346 1692 2400 iu
1724 2348 1873 2403 nobi-

286 2442 446 2497 litate
485 2454 575 2497 tua
624 2456 694 2497 ne
750 2440 1073 2506 extollaris;
1123 2456 1229 2496 non
1259 2439 1508 2510 proferas
1534 2442 1760 2495 verbum
1805 2441 1873 2495 de

283 2549 389 2589 ore
414 2541 507 2589 tuo
534 2534 590 2588 in
614 2532 845 2589 ecclesia
893 2531 1130 2598 Domini,
1181 2540 1238 2587 et
1284 2547 1391 2587 non
1418 2532 1648 2589 extollas
1685 2530 1871 2587 oculos

287 2634 449 2689 tuos;
476 2623 735 2679 Dominus
761 2622 909 2679 enim
947 2623 1226 2695 cognoscit
1265 2632 1415 2678 tuum
1456 2640 1553 2679 cor
1577 2633 1637 2679 et
1680 2639 1872 2681 omnes

288 2714 650 2784 cogitationes
678 2722 801 2768 tuas
827 2713 1043 2782 inspicit
1071 2729 1086 2779 ;
1116 2729 1330 2770 omnem
1370 2715 1567 2770 malam
1618 2716 1876 2786 concupi-

288 2802 559 2858 scentiam
588 2803 785 2874 repelle
815 2819 847 2858 a
876 2812 957 2868 te,
1002 2812 1059 2860 et
1100 2819 1207 2858 non
1247 2806 1648 2862 contristabunt
1683 2818 1735 2863 te
1766 2807 1875 2863 ini-

291 2892 427 2948 mici
466 2893 564 2948 tui.
612 2892 786 2948 Psalle
807 2894 874 2949 de
901 2896 1065 2950 corde
1107 2909 1262 2966 puro,
1303 2904 1359 2951 et
1383 2912 1490 2952 non
1521 2905 1727 2953 tantum
1756 2915 1874 2955 mo-

1966 1714 2138 1783 spolia
2169 1714 2520 1784 accipiemus.
2566 1712 2805 1783 Corpora
2843 1710 3114 1779 justorum
3155 1711 3550 1767 hmreditabunt

1966 1803 2182 1866 lumen,
2208 1803 2363 1874 impii
2388 1811 2570 1858 autem
2605 1802 2925 1857 habitabant
2962 1801 3014 1857 in
3066 1802 3325 1857 tenebris.
3372 1800 3548 1870 Virgi-

1967 1894 2052 1949 nis
2075 1894 2223 1949 oculi
2244 1895 2505 1951 videbunt
2551 1894 2835 1949 Dominum
2862 1935 2877 1959 ,
2910 1903 2967 1949 et
2993 1908 3153 1949 aures
3193 1893 3418 1965 virginis
3453 1910 3549 1948 au-

1968 1984 2117 2040 dient
2148 1991 2316 2039 recte.
2341 1983 2535 2038 Amen.

2454 2074 2682 2132 CAPUT
2731 2075 3022 2133 PRIMUM.

2040 2164 2381 2235 (Excerptum
2435 2181 2501 2220 ea:
2551 2168 2701 2237 epist.
2762 2166 2824 2221 2i
2862 2166 3175 2240 Hieronymi
3227 2171 3298 2224 ad
3348 2170 3547 2226 Eusto-

1969 2255 2190 2327 chium.)
2230 2256 2393 2323 Audi,
2433 2256 2574 2326 ﬁlia,
2603 2268 2653 2312 et
2678 2259 2816 2326 vide,
2843 2269 2893 2314 et
2939 2261 3141 2316 inclina
3165 2278 3349 2317 aurem
3378 2272 3548 2327 tuam,

1967 2357 2019 2404 et
2056 2346 2625 2419 obliviscerepopulum
2655 2359 2826 2413 tuum,
2868 2360 2916 2405 et
2953 2351 3166 2405 domum
3191 2353 3358 2421 patrie
3379 2354 3478 2418 tui,
3501 2363 3552 2407 et

1970 2439 2303 2508 concupiscet
2353 2455 2446 2493 rea:
2496 2439 2736 2493 decerem
2801 2449 2974 2505 tuum,
3018 2440 3073 2495 in
3137 2440 3552 2511 quadragesimo

1970 2537 2166 2598 quarto
2191 2527 2402 2600 psalmo
2428 2528 2572 2585 Deus
2602 2531 2669 2585 ad
2699 2532 2939 2586 animam
2964 2531 3205 2601 loquitur
3232 2532 3548 2597 humanam,

1971 2630 2032 2674 ut
2055 2619 2354 2676 secundum
2405 2620 2711 2691 exemplum
2760 2620 2994 2678 Abrahae
3041 2622 3231 2677 exiens
3286 2621 3353 2677 de
3404 2629 3549 2676 terra

1971 2728 2070 2768 sua
2107 2713 2256 2769 etde
2284 2712 2605 2783 cognatione
2661 2727 2784 2779 sua,
2831 2712 3099 2781 relinquat
3124 2710 3425 2777 Chaldaeos,
3457 2711 3551 2781 qui

1973 2803 2129 2873 quasi
2159 2802 2425 2859 daemonia
2450 2803 2898 2871 interpretantur,
2930 2811 2987 2856 et
3011 2800 3216 2857 habitet
3246 2801 3301 2855 in
3332 2802 3553 2872 regione

1976 2895 2296 2961 viventium,
2336 2910 2501 2966 quam
2553 2893 2679 2949 alibi
2708 2893 2980 2965 Propheta
3030 2892 3270 2963 suspirat
3319 2892 3503 2948 dicens
3538 2910 3550 2944 :

291 2997 426 3038 veas
461 2983 700 3054 linguam
750 2984 804 3039 in
842 3000 938 3041 ore
974 2964 1119 3051 tuo;v
1147 2986 1411 3057 insipiens
1460 2988 1624 3059 Virgo
1673 2990 1877 3045 amavit
1901 2964 1946 3025 (ἶ
1977 2984 2146 3041 Credo
2170 2964 2505 3040 videreﬁbona
2544 2985 2757 3039 Domini
2803 2986 2858 3039 in
2886 2994 3026 3038 terra
3073 2983 3353 3037 viventium
3378 2978 3551 3051 (Paul.

290 3082 599 3145 argentum,
636 3076 872 3145 prudens
912 3085 1091 3130 autem
1127 3078 1347 3147 apponit
1373 3088 1427 3133 et
1448 3094 1645 3149 panem
1673 3096 1870 3147 suum;

289 3166 436 3220 sicut
460 3166 694 3236 impetus
736 3167 827 3237 gni
861 3166 1076 3223 difﬁcile
1106 3171 1470 3239 compescitur
1495 3212 1509 3236 ,
1541 3172 1621 3226 sic
1660 3188 1874 3227 annona

287 3257 521 3326 virginis
561 3257 652 3311 vix
693 3257 995 3324 sanabilis;
1049 3274 1118 3315 ne
1150 3261 1364 3316 dederis
1402 3263 1638 3317 animam
1672 3263 1876 3335 cogita-

288 3348 535 3403 tionibus
562 3347 718 3402 malis
742 3387 759 3414 ,
799 3357 862 3403 ut
913 3365 1021 3405 non
1073 3352 1317 3421 polluant
1344 3362 1492 3407 tuum
1522 3370 1638 3419 cor,
1684 3364 1739 3409 et
1776 3357 1877 3409 im-

290 3440 553 3495 mundam
604 3440 907 3497 orationem
948 3442 1106 3516 longe
1155 3443 1318 3499 facito
1354 3461 1385 3499 a
1429 3455 1501 3500 te.
1551 3445 1744 3503 Gravis
1786 3448 1878 3501 tri-

288 3532 442 3585 stitia
470 3570 486 3595 ,
530 3538 585 3586 et
625 3531 978 3588 intolerabilis
1024 3535 1254 3601 accidia,
1304 3535 1556 3607 lacrymae
1609 3546 1789 3592 autem
1843 3554 1874 3591 a

291 3621 527 3677 Domino
586 3623 875 3679 validiores
925 3636 1191 3696 utroque;
1244 3626 1414 3683 fames
1461 3637 1517 3683 et
1559 3630 1678 3685 sitis
1727 3646 1874 3685 mar-

289 3726 515 3766 cescere
558 3711 691 3768 facit
730 3714 1194 3783 concupiscentias
1236 3718 1426 3780 malas,
1472 3719 1653 3790 vigilia
1692 3731 1873 3777 autem

294 3800 440 3854 bona
492 3803 741 3870 purilicat
783 3818 1022 3859 sensum.
1072 3807 1211 3860 iram
1261 3802 1314 3861 et
1346 3809 1743 3866 animositatem
1768 3828 1879 3866 ma-

292 3892 428 3946 litim
478 3893 817 3950 confundunt
870 3912 1134 3962 munera;
1201 3915 1324 3969 qua:
1381 3901 1618 3955 detrahit
1665 3904 1876 3959 occulte

290 3983 469 4038 sorori
493 3998 620 4050 suae,
650 3985 780 4041 foris
805 3985 971 4042 stabit
994 4005 1021 4042 a
1048 3988 1283 4044 thalamo
1311 3988 1527 4059 Sponsi,
1548 3999 1602 4045 et
1624 3992 1877 4048 clamabit

292 4074 364 4128 ad
397 4071 597 4141 januas
641 4074 789 4144 ejus,
835 4086 890 4131 et
934 4093 1042 4133 non
1085 4080 1437 4147 exaudietur;
1491 4082 1717 4152 virginis
1777 4083 1876 4137 im-

292 4162 669 4219 misericordis
709 4166 1085 4238 exstinguetur
1127 4169 1376 4239 lampada
1407 4211 1422 4236 ,
1454 4181 1510 4226 et
1536 4188 1641 4229 non
1674 4173 1879 4229 videbit

291 4255 674 4311 advenientem
705 4273 961 4327 sponsum
1011 4276 1201 4327 suum;
1251 4262 1448 4317 vitrum
1501 4265 1704 4321 cadens
1745 4282 1877 4321 saxo

288 4347 685 4402 comminuitur
709 4388 723 4413 ,
763 4358 821 4404 et
854 4351 1007 4421 virgo
1035 4352 1284 4422 adjuncta
1314 4354 1432 4409 viro
1466 4355 1727 4411 innocens
1767 4373 1874 4413 non

287 4437 419 4492 erit.
474 4435 662 4491 Melior
697 4439 892 4494 mulier
918 4450 1222 4507 mansueta,
1253 4458 1415 4511 quam
1448 4445 1599 4516 virgo
1633 4448 1879 4502 animosa

287 4537 344 4582 et
401 4527 685 4583 iracunda.
738 4530 867 4596 Quae
923 4533 1149 4586 attrahit
1192 4533 1244 4587 in
1298 4534 1409 4588 risit
1452 4549 1731 4591 sermones
1778 4539 1878 4594 viri

286 4619 491 4674 similis
538 4630 622 4675 est
662 4622 1107 4679 circummittcnti
1165 4625 1417 4696 laqueum
1458 4626 1512 4681 in
1551 4628 1688 4682 collo
1735 4644 1876 4695 suo;

287 4712 437 4764 sicut
468 4711 762 4780 margarita
821 4713 873 4767 in
914 4711 1191 4769 fundibnlo
1222 4730 1386 4772 aureo
1411 4756 1427 4781 ,
1465 4718 1544 4771 sic
1592 4719 1880 4791 virginitas

286 4807 554 4870 cooperta
616 4802 940 4856 reverentia.
1001 4802 1221 4860 Cantica
1275 4804 1578 4860 daemonum
1636 4818 1693 4863 et
1732 4807 1879 4863 tibiae

242 4968 249 4971 _
289 4891 580 4946 resolvunt
626 4892 861 4946 animam
904 4902 959 4949 et
993 4894 1308 4963 dispertiunt
1338 4896 1708 4954 l‘ort'tudinem
1736 4900 1879 4970 ejus,

288 4996 460 5050 quam
488 4980 702 5036 custodi
723 4997 822 5053 per
845 4983 1051 5048 omnia,
1093 4991 1153 5038 ut
1190 5001 1296 5041 non
1324 4988 1717 5057 exprobrabilis
1744 4991 1876 5056 llas;

288 5086 402 5128 non
435 5069 723 5126 delecteris
748 5071 802 5126 in
831 5071 942 5129 risu
968 5113 983 5139 ,
1017 5074 1147 5130 etin
1171 5076 1601 5147 vimper-antibus
1640 5095 1749 5135 non
1790 5078 1881 5135 lte-

290 5160 465 5224 teris,
512 5160 769 5229 quoniam
816 5158 1076 5219 Dominus
1108 5152 1431 5235 derelinquit
1474 5181 1585 5223 eas.
1625 5168 1747 5224 Non
1790 5183 1884 5224 ex-

288 5247 588 5318 probrabis
633 5263 876 5306 sororem
906 5260 1054 5308 tuam
1084 5255 1332 5310 edentem
1352 5295 1367 5320 ,
1393 5264 1447 5311 et
1472 5256 1527 5309 in
1555 5256 1884 5314 abstinentia

1974 3076 2147 3148 xxvi).
2185 3075 2382 3132 Verum
2439 3091 2547 3131 non
2577 3073 2775 3131 suilicit
2820 3074 2914 3129 tibi
2945 3074 3095 3130 exire
3127 3073 3193 3127 de
3231 3072 3404 3142 patria
3438 3082 3552 3138 tua,

1975 3167 2078 3221 nisi
2107 3174 2162 3221 et
2191 3166 2533 3222 obliviscaris
2579 3164 2762 3235 populi
2794 3174 2849 3219 et
2874 3168 3067 3219 domus
3094 3163 3265 3233 patris
3293 3162 3389 3217 tui.
3418 3163 3549 3217 lrsu

1975 3270 2067 3307 ιω.
2131 3253 2244 3309 Non
2299 3255 2539 3323 expedit,
2605 3253 2945 3322 apprehenso
3002 3263 3208 3317 aratro,
3272 3253 3550 3321 respicere

1975 3353 2095 3413 post
2132 3352 2367 3413 tergum,
2398 3359 2497 3398 nec
2527 3344 2594 3399 de
2623 3358 2755 3412 agro
2783 3344 2980 3398 reverti
3018 3345 3272 3409 domum;
3298 3358 3398 3398 nec
3429 3352 3553 3413 post

1974 3435 2177 3491 Christi
2232 3434 2471 3488 tunicam
2507 3434 2576 3487 ad
2627 3433 2919 3489 tollendum
2974 3433 3119 3488 aliud
3168 3433 3550 3488 vestimentum

1977 3533 2117 3580 tecta
2150 3524 2501 3580 descendere.
2531 3522 2749 3578 Grande
2805 3522 3145 3578 miraculum.
3176 3522 3338 3581 Pater
3386 3522 3553 3579 tiliam

1976 3617 2313 3679 cohortatur,
2339 3631 2408 3669 ne
2432 3615 2742 3672 meminerit
2766 3615 2959 3686 patris.
3031 3614 3135 3670 Vos
3162 3617 3226 3671 de
3252 3626 3405 3686 patre
3430 3618 3552 3670 dia-

1977 3707 2093 3762 bolo
2144 3710 2285 3770 estfs,
2340 3718 2388 3761 et
2437 3692 2700 3762 desideria
2749 3708 2917 3778 patris
2963 3708 3121 3762 vestri
3170 3706 3329 3762 cultis
3380 3708 3559 3777 facere

1978 3797 2159 3869 (Joan.
2184 3796 2331 3868 Vill),
2361 3797 2560 3861 dicitur
2612 3797 2680 3853 ad
2707 3795 2924 3853 Iudaeos
2958 3816 2970 3851 :
3004 3807 3059 3853 et
3086 3798 3212 3853 alibi
3246 3818 3258 3852 :
3294 3797 3398 3864 Qui
3427 3798 3554 3869 facit

1975 3897 2265 3958 peccatum,
2290 3904 2354 3943 ea:
2378 3887 2586 3942 diabolo
2613 3897 2691 3943 est
2741 3887 2793 3961 (Ι
2822 3888 2984 3942 Joan.
3030 3888 3136 3961 ut).
3169 3888 3287 3942 Tali
3314 3889 3547 3957 primum

1975 3987 2200 4048 parente
2225 3979 2467 4050 generati
2498 3979 2636 4050 nigri
2667 3995 2876 4042 sumus,
2905 3989 2962 4034 et
3008 3989 3131 4049 post
3179 3979 3550 4048 pmnitentiam

1977 4083 2078 4121 nec
2107 4069 2232 4122 dum
2266 4068 2501 4123 culmine
2531 4070 2750 4125 virtutis
2798 4086 3027 4126 ascenso
3078 4069 3311 4125 dicimus
3339 4088 3351 4122 :
3386 4070 3555 4140 Nigra

1976 4175 2115 4223 sum,
2141 4158 2232 4212 sed
2254 4168 2302 4212 et
2335 4159 2589 4227 formosa,
2639 4159 2766 4227 ﬁliae
2788 4159 3085 4214 Jerusalem
3135 4158 3316 4231 (Cant.
3344 4162 3407 4232 I).
3451 4162 3556 4216 Ex-

1982 4249 2051 4303 ivi
2080 4249 2146 4303 de
2174 4249 2335 4303 domo
2363 4248 2603 4304 infantia:
2659 4264 2814 4315 mete,
2844 4250 3043 4305 oblitus
3088 4266 3208 4306 smn
3246 4252 3442 4320 patris,
3467 4267 3554 4306 re-

1980 4354 2177 4393 nascor
2203 4338 2256 4392 in
2289 4336 2524 4392 Christo.
2554 4337 2690 4405 Quid
2718 4355 2817 4409 pro
2846 4341 2948 4395 hoc
2993 4342 3262 4398 mercedis
3295 4342 3506 4412 accipio
3532 4343 3555 4395 2

1980 4427 2236 4498 Sequitur
2271 4446 2283 4481 :
2331 4426 2401 4481 Et
2427 4428 2753 4498 concupiscet
2797 4446 2889 4484 rex
2934 4431 3171 4485 decorem
3199 4443 3346 4486 tuum
3375 4432 3549 4503 (Paul.

1980 4525 2149 4598 XLIV).
2208 4525 2322 4581 lloc
2371 4541 2500 4595 ergo
2550 4526 2677 4582 illud
2714 4544 2965 4601 magnum
3003 4538 3087 4586 est
3124 4544 3548 4588 sacramentum.

1980 4616 2204 4686 Pr0pter
2232 4616 2334 4673 hoc
2364 4616 2633 4686 relinquet
2677 4618 2839 4673 homo
2893 4630 3101 4690 patrem
3121 4629 3177 4675 et
3214 4629 3467 4687 matrem,
3498 4632 3554 4678 ct

1983 4709 2282 4764 adhaerebit
2330 4709 2482 4764 uxori
2530 4723 2660 4774 suae,
2691 4717 2748 4764 et
2774 4718 2933 4765 erunt
2966 4711 3147 4776 ambo,
3188 4709 3302 4781 jam
3333 4726 3461 4779 non,
3494 4723 3556 4768 ut

1986 4801 2080 4866 ibi,
2140 4802 2194 4855 in
2248 4817 2354 4856 una
2407 4814 2591 4865 carne,
2649 4801 2744 4855 sed
2794 4801 2849 4856 in
2897 4816 3006 4857 uno
3042 4801 3255 4873 spiritu.
3326 4802 3440 4860 Non
3473 4813 3555 4861 est

1987 4907 2218 4962 sponsus
2241 4899 2365 4947 tuus
2411 4905 2802 4960 arrogans,non
2854 4890 3138 4961 superbus,
3165 4891 3552 4962 Ethiopissam

1986 4984 2140 5040 duxit
2165 4998 2409 5038 uxorem.
2465 4981 2658 5037 Statim
2689 4989 2750 5036 ut
2793 4983 3027 5039 volueris
3076 4984 3398 5053 sapientiam
3439 4984 3555 5041 veri

1988 5072 2176 5128 audire
2206 5070 2532 5136 Salomonis,
2565 5079 2620 5126 et
2672 5071 2740 5127 ad
2770 5087 2895 5127 eum
2924 5073 3157 5138 veneris,
3211 5073 3557 5129 conﬁtebitur

1990 5162 2084 5218 tibi
2115 5171 2310 5218 cuncta
2340 5177 2461 5232 quae
2488 5164 2675 5231 novit;
2705 5172 2761 5219 et
2786 5163 3005 5221 inducet
3049 5174 3101 5220 te
3128 5179 3219 5219 rex
3251 5164 3304 5219 in
3335 5163 3555 5219 cubicuo

1985 5249 2096 5307 lum
2125 5265 2321 5306 suum:
2353 5259 2408 5306 et
2442 5251 2640 5306 mirum
2682 5252 2737 5307 in
2796 5253 3037 5319 modum,
3092 5251 3276 5308 colore
3324 5256 3554 5313 mutato,

289 5347 389 5393 tua
444 5353 516 5395 ue
558 5338 852 5406 exalteris;
893 5357 999 5398 non
1026 5343 1170 5398 enim
1212 5345 1320 5399 scis
1344 5345 1473 5415 quid
1498 5347 1760 5417 cogitabit
1789 5348 1890 5403 Do-
1988 5357 2166 5399 sermo
2191 5342 2286 5398 tibi
2320 5342 2406 5398 ille
2431 5338 2756 5399 conveniet:
2792 5343 2926 5410 Qua
2965 5353 3039 5399 est
3085 5344 3187 5397 ista
3223 5357 3341 5413 quia
3370 5354 3556 5395 ascen-

290 5430 501 5495 niinus,
534 5440 629 5487 aut
648 5433 773 5504 quis
793 5434 958 5491 stabit
984 5436 1036 5491 in
1068 5445 1356 5507 conspectu
1382 5436 1517 5509 ejus.
1552 5438 1680 5507 Quae
1725 5440 1886 5496 mise-
1989 5433 2064 5490 dit
2087 5433 2377 5491 dealbata.’
2414 5433 2545 5488 imi
2585 5449 2680 5490 un.
2724 5430 2857 5488 Nolo
2909 5432 3004 5488 tibi
3035 5432 3220 5488 venire
3246 5430 3553 5501 superbiam

371 5556 394 5584 -
426 5540 546 5609 Quo
574 5550 817 5615 tempore
841 5546 1047 5601 scilicet
1077 5555 1293 5603 creatus
1324 5546 1444 5602 fuit.

704 5638 981 5703 PArnOL.
1020 5638 1144 5700 CV.

3092 5643 3168 5703 3O
