3890 6180
468 317 578 374 ’959

1463 298 1866 359 AMALARIUS
1897 291 2313 353 PRESBYTER
2351 289 2710 346 METENSIS.

3557 288 3640 343 950

480 431 544 483 de
568 422 862 497 proposito,
924 419 1016 475 sed
1073 419 1342 474 timorem.
1397 414 1602 470 Onusta
1660 409 1866 466 incedis
1893 420 2046 472 auro,
2079 408 2128 467 Α
2154 404 2208 456 in
2242 411 2404 465 terra,
2435 419 2539 457 non
2561 411 2634 456 est
2665 402 2884 455 thronus
2909 400 3036 470 ﬁlia:
3063 398 3414 456 Chaldaeorum
3440 414 3454 450 :
3482 417 3564 455 non
3583 421 3647 456 ro.

479 495 618 570 latro
647 513 894 568 vitandus
921 517 1023 564 est.
1081 505 1324 560 Stadium
1355 511 1438 557 est
1482 503 1599 557 hac
1643 500 1755 555 vita
1805 495 2048 552 mortali-

479 610 618 672 bus;
647 606 736 660 hic
786 598 1181 662 contendimus,
1213 605 1274 651 ut
1322 595 1448 650 alibi
1492 605 1833 649 coronemur.
1879 586 2051 642 Nemo

479 699 622 752 inter
667 699 944 763 serpentes
982 697 1038 744 et
1083 686 1397 757 scorpiones
1453 697 1679 738 securus
1729 677 2048 750 ingreditur.

478 785 548 841 Et
577 783 860 838 inebriatus
883 789 980 844 est,
1030 777 1204 847 inquit
1236 774 1518 836 Dominus,
1568 769 1779 840 gladius
1826 781 1973 819 mens
1998 764 2053 816 in

480 870 608 927 calo
640 869 776 943 (Isa.
817 867 1045 937 xxxiv);
1073 874 1129 922 ct
1159 875 1216 919 tu
1261 876 1451 933 pacem
1491 857 1774 914 arbitraris
1795 855 1850 909 in
1885 864 2053 916 terra,

473 975 600 1032 quae
629 959 855 1021 tribulos
897 964 1118 1028 generat
1143 963 1200 1010 et
1244 953 1450 1024 spinas,
1506 963 1668 1020 quam
1721 956 2059 1015 serpensco-

480 1049 649 1104 medit
670 1049 694 1104 ’ἶ
717 1047 834 1103 Non
857 1054 944 1102 est
991 1046 1146 1101 nobis
1174 1041 1483 1098 colluctatio
1519 1038 1780 1094 adversus
1809 1046 2056 1095 carnem,

477 1148 540 1195 et
563 1139 903 1209 sanguinem,
936 1135 1032 1192 sed
1060 1135 1320 1190 adversus
1344 1131 1706 1202 principatus,
1737 1135 1792 1181 et
1818 1131 2058 1195 potesta-

405 1272 408 1274 η
484 1240 568 1285 res
596 1227 756 1298 hujus
809 1225 1018 1290 mundi,
1051 1233 1107 1279 ct
1156 1230 1400 1278 rectores
1455 1219 1802 1275 tenebrarum
1838 1216 2084 1276 harum,-

478 1321 744 1376 adversus
796 1315 1057 1389 spiritalia
1095 1312 1352 1382 nequitize
1400 1311 1455 1365 in
1483 1307 1814 1364 caelestibus.
1854 1304 2062 1374 Magnis

483 1410 828 1467 inimicorum
854 1406 1253 1462 circumdamur
1280 1402 1582 1473 agminibus
1608 1418 1620 1452 :
1647 1398 1880 1453 hostium
1901 1394 2060 1464 plena

485 1507 612 1555 sunt
638 1496 842 1554 omnia.
873 1494 1013 1551 Caro
1061 1492 1288 1564 fragilis,
1322 1498 1376 1545 et
1403 1490 1540 1543 cinis
1593 1486 1770 1542 futura
1796 1493 1918 1555 post
1951 1496 2064 1536 mo-

487 1590 715 1653 dicum;
765 1594 971 1658 pugnat
1030 1584 1146 1640 sola
1203 1597 1328 1638 cum
1385 1580 1668 1651 pluribus:
1703 1593 1826 1632 cum
1879 1583 2061 1629 autem

489 1678 656 1734 fuerit
686 1675 966 1741 dissoluta,
995 1682 1052 1730 et
1098 1672 1308 1729 venerit
1335 1672 1588 1742 princeps
1645 1668 1831 1722 mundi
1881 1665 2059 1726 istius,

2153 492 2355 545 caberis
2380 491 2521 545 ultra
2551 491 2723 545 mollis
2762 501 2809 546 et
2837 490 3065 546 delicata
3118 491 3246 564 (Isa.
3269 491 3444 562 vau).
3475 493 3649 548 Rectius

2153 580 2334 634 fuerat
2389 579 2617 635 subiisse
2661 580 2986 652 conjugium,
3047 580 3338 634 ambulasse
3397 595 3483 648 per
3507 580 3649 650 plana,

2152 683 2315 742 quam
2347 671 2414 724 ad
2444 669 2636 724 altiora
2662 671 2969 725 tendentem
3001 670 3054 724 in
3079 667 3387 740 profundum
3407 669 3572 722 inferni
3591 687 3655 723 ra~

2161 758 2312 815 dere.
2355 759 2487 814 l'rsu
2524 774 2656 814 pos'r
2686 774 2873 815 ηυρλ.
2915 759 3030 814 Non
3081 759 3314 813 solvatur
3338 757 3488 814 fascia
3513 770 3657 828 pecto-

2157 847 2314 916 ralis,
2353 849 2448 904 sed
2501 850 2683 904 statim
2733 857 2794 904 ut
2822 849 2990 904 libido
3044 848 3342 904 titillaverit
3393 864 3598 912 sensum,
3621 860 3660 902 et

2155 941 2417 998 blandum
2448 942 2744 1012 voluptatis
2778 941 3086 996 incendium
3116 941 3254 995 dulci
3285 955 3375 996 nos
3393 941 3549 995 calore
3569 956 3660 1009 per-

2158 1031 2379 1098 fuderit,
2408 1046 2756 1101 erumpamus
2798 1032 2850 1085 in
2885 1046 3073 1086 vocem
3105 1049 3118 1084 :
3155 1031 3401 1084 Dominus
3433 1030 3663 1083 auxiliator

2160 1134 2333 1186 meus,
2363 1134 2469 1174 non
2497 1119 2699 1174 timebo
2755 1119 2883 1190 quid
2907 1119 3072 1175 faciat
3119 1120 3252 1174 mihi
3282 1133 3420 1173 caro.
3469 1118 3525 1172 Et
3571 1133 3661 1172 cum

2159 1210 2433 1282 paululum
2488 1211 2716 1266 interior
2774 1211 2936 1265 homo
2965 1211 3104 1266 inter
3137 1210 3266 1264 vitia
3320 1219 3464 1279 atque
3486 1209 3665 1263 virtutes

2163 1303 2397 1372 coeperit
2443 1301 2728 1367 fluctuare,
2777 1302 2986 1357 dicito:
3025 1301 3204 1368 Quare
3239 1300 3400 1355 tristis
3425 1315 3493 1363 es,
3524 1299 3664 1353 anima

2163 1405 2307 1454 mea,
2356 1399 2412 1445 et
2434 1406 2606 1460 quare
2639 1393 2932 1446 conturbas
2979 1391 3108 1445 me?
3164 1390 3329 1460 Spera
3357 1390 3408 1443 in
3434 1390 3548 1453 Deo,
3569 1389 3664 1458 quia

2162 1481 2464 1536 confitebor
2501 1481 2577 1536 illi
2622 1481 2860 1535 salutare
2892 1481 3074 1535 vultus
3127 1479 3235 1534 mei
3264 1487 3318 1534 et
3367 1479 3492 1532 Deus
3531 1492 3664 1531 meus.

2163 1575 2298 1631 Nolo
2327 1575 2475 1630 sinas
2512 1575 2891 1646 cogitationem
2922 1589 3172 1630 crescere
3197 1593 3210 1627 :
3242 1573 3372 1627 nihil
3399 1573 3447 1626 in
3470 1580 3514 1626 te
3538 1571 3667 1641 Baby-

2165 1665 2387 1727 lonium,
2438 1663 2575 1718 nihil
2632 1663 2963 1719 confusionis
3016 1664 3306 1719 adolescat.
3344 1660 3468 1716 Dum
3516 1675 3669 1730 parvus

488 1779 546 1828 et
571 1769 838 1826 invenerit
885 1769 940 1823 in
975 1780 1040 1822 ea
1098 1764 1256 1830 nihil,
1302 1773 1430 1819 tunc
1486 1777 1676 1818 secura
1741 1760 1925 1815 audiet
1966 1777 2062 1831 per
2092 1769 2137 1828 Β
2164 1761 2248 1808 est
2277 1753 2469 1818 hostis,
2501 1751 2784 1808 interfice:
2824 1751 3088 1822 nequitia,
3117 1767 3187 1807 ne
3234 1752 3432 1806 zizania
3454 1756 3666 1809 crescant,

487 1859 811 1930 Propheta!!!
844 1875 858 1912 :
892 1856 1014 1912 Non
1037 1854 1241 1911 timebis
1271 1871 1303 1908 a
1334 1862 1518 1906 timore
1541 1860 1820 1915 nocturno,
1850 1859 1900 1904 et
1925 1867 1955 1903 a
1979 1868 2066 1904 sa-

487 1953 616 2024 gitta
645 1951 848 2008 volante
881 1967 973 2020 per
999 1950 1158 2014 diem,
1195 1957 1245 2003 et
1271 1965 1303 2002 a
1329 1947 1534 2018 negotio
1581 1944 1982 2016 perambulante
2011 1945 2065 1998 in

491 2041 737 2108 tenebris,
769 2041 833 2095 ab
867 2041 1082 2094 incursu
1109 2047 1158 2092 et
1199 2037 1460 2092 daemonio
1497 2034 1810 2090 meridiano.
1864 2031 2068 2088 Cadent

497 2149 530 2186 a
557 2130 720 2186 latere
740 2140 828 2185 tuo
853 2127 1017 2195 mille,
1041 2137 1089 2182 et
1133 2127 1310 2182 decem
1340 2123 1509 2180 millia
1538 2141 1572 2178 a
1613 2124 1812 2178 dextris
1843 2123 1968 2188 tuis,
2000 2123 2069 2176 ad

501 2234 552 2279 te
585 2232 758 2278 autem
799 2238 905 2278 non
951 2217 1436 2292 appropinquabant
1495 2201 1668 2288 (Ps‘al.
1737 2214 1848 2286 xc).
1917 2213 2071 2279 Quod

504 2314 552 2369 si
575 2329 762 2370 eorum
791 2321 847 2370 te
876 2312 1162 2368 multitudo
1193 2308 1515 2374 turbaverit,
1563 2315 1618 2363 et
1643 2307 1711 2362 ad
1743 2305 1955 2377 singula
1991 2305 2072 2359 in-

498 2403 789 2461 citamenta
815 2404 1070 2459 vitiorum
1097 2400 1326 2471 creperis
1360 2407 1612 2463 aestuare,
1663 2404 1718 2452 et
1743 2396 1946 2451 dixerit
1973 2395 2073 2450 tibi

498 2496 754 2568 cogitatio
780 2503 892 2562 tua,
919 2492 1059 2562 Quid
1092 2490 1392 2546 faciemus?
1441 2488 1789 2559 respondebit
1833 2486 1930 2541 tibi
1966 2485 2074 2542 Eli-

496 2607 638 2650 sazus
666 2606 680 2644 :
715 2585 843 2642 Noli
891 2585 1091 2648 tintere,
1125 2581 1374 2653 quoniam
1412 2577 1588 2650 plures
1638 2578 1905 2632 nobiscum
1931 2584 2072 2642 sunt,

493 2699 654 2756 quam
702 2695 822 2735 cum
875 2676 982 2732 illis
1035 2673 1141 2748 (IV
1169 2672 1322 2744 Reg.~
1347 2671 1445 2743 vi).
1488 2671 1762 2734 Seom'rua
1790 2686 1842 2725 IN
1874 2683 2071 2723 EAM-II.

495 2770 746 2841 Quandiu
775 2768 879 2823 hoc
905 2763 1082 2836 fragili
1110 2761 1431 2833 corpusculo
1459 2761 1780 2823 detinemur,
1834 2759 2076 2829 quandiu

498 2861 761 2919 habemus
810 2858 1124 2914 thesaurum
1186 2854 1350 2909 istum
1403 2853 1458 2908 in
1517 2853 1662 2908 vasis
1717 2851 1990 2917 fictilibus,
2023 2859 2076 2906 et

497 2947 829 3020 concupiscit
879 2945 1101 3018 spiritus
1129 2943 1387 2998 adversus
1443 2957 1688 3008 carnem,
1722 2951 1780 2996 et
1821 2957 1950 2998 caro
1981 2942 2077 2996 ad-

501 3053 695 3096 versus
724 3036 996 3107 spiritum,
1027 3033 1173 3088 nulla
1201 3041 1284 3088 est
1321 3041 1474 3088 certa
1525 3032 1774 3088 victoria.
1806 3031 2075 3088 Adversa-

2165 1846 2400 1901 elidatur
2429 1847 2484 1900 in
2527 1847 2755 1914 semine.
2808 1847 2948 1901 Audi
2986 1845 3329 1902 Psalmistam
3381 1847 3665 1915 loquentem:

2169 1936 2316 1992 Filia
2348 1937 2633 2009 Babylonis
2683 1939 2897 2001 misera,
2939 1939 3121 1992 beatus
3172 1939 3260 2008 qui
3282 1939 3503 1992 retribuet
3525 1936 3595 1988 tibi
3616 1951 3669 1988 rt-

2169 2025 2506 2080 tributionem
2536 2035 2706 2093 tuam,
2728 2044 2885 2098 quam
2914 2029 3205 2083 retribuisti
3234 2028 3405 2083 nobis!
3430 2027 3590 2081 Beatus
3608 2026 3668 2095 qui

2171 2117 2359 2173 tenebit
2389 2127 2439 2172 et
2498 2117 2677 2173 allidet
2731 2117 2978 2189 parvulos
3027 2131 3150 2174 tuos
3215 2120 3283 2174 ad
3314 2129 3492 2190 petram
3542 2116 3666 2188 (Psal.

2171 2209 2394 2282 cxxxvr)
2422 2210 2434 2263 ε
2467 2209 2602 2277 Quia
2650 2209 2795 2264 enim
2829 2209 3166 2280 impossibile
3193 2218 3278 2265 est
3326 2209 3377 2264 in
3401 2222 3582 2262 sensum
3605 2207 3669 2258 ho-

2172 2299 2335 2354 minis
2381 2315 2486 2354 non
2515 2299 2722 2354 irrucre
2769 2300 3015 2354 innatum
3065 2300 3416 2356 medullarum
3467 2297 3668 2358 calorem,

2178 2390 2269 2445 ille
2307 2390 2579 2456 laudatur,
2605 2390 2696 2445 ille
2721 2391 3046 2461 przedicatur
3101 2392 3311 2456 beatus,
3362 2391 3442 2460 qui
3465 2390 3608 2443 statim
3632 2395 3671 2439 ut

2171 2479 2397 2549 coeperit
2421 2481 2661 2548 cogitare
2681 2480 2898 2534 sordida
2921 2521 2936 2545 ,
2963 2480 3151 2535 statim
3184 2480 3426 2536 interﬁcit
3447 2478 3668 2548 cogitatus.

2173 2579 2230 2626 et
2253 2571 2408 2626 elidit
2454 2586 2548 2626 eos
2579 2572 2647 2626 ad
2699 2579 2910 2642 petram
2946 2590 2959 2625 :
2999 2580 3161 2640 petra
3200 2581 3369 2627 autem
3418 2581 3518 2625 erat
3559 2565 3670 2620 Chri-

2175 2669 2310 2717 stus.
2342 2661 2475 2718 lrsn
2506 2679 2600 2718 un.
2627 2661 2684 2718 Si
2711 2672 2891 2717 autem
2913 2663 3030 2719 bazc
3054 2665 3325 2720 sustinent
3350 2663 3438 2729 illi,
3460 2661 3534 2732 qui
3555 2670 3671 2711 exeso

2175 2766 2401 2822 corpore
2439 2753 2568 2809 solis
2597 2752 3018 2825 cogitationibus
3051 2763 3441 2826 oppugnantur,
3485 2749 3586 2820 quid
3604 2761 3670 2816 pa-

2178 2845 2311 2899 titur
2337 2843 2535 2915 puella,
2577 2859 2698 2914 quae
2731 2843 2938 2899 deliciis
2969 2844 3220 2900 fruitur?
3249 2845 3436 2915 Nempe
3458 2840 3561 2896 illud
3581 2852 3672 2908 apo

2177 2936 2302 2992 stoli
2331 2953 2345 2992 :
2392 2935 2570 2990 Vivens
2590 2945 2797 2990 mortua
2823 2945 2900 2990 est
2950 2937 3003 3008 (Ι
3033 2935 3179 2992 Tim.
3208 2937 3283 3009 v).
3313 2936 3367 2991 Si
3407 2933 3516 3004 quid
3540 2933 3671 2999 itaque

2179 3027 2232 3080 in
2266 3041 2353 3081 me
2377 3033 2556 3096 potest
2582 3039 2706 3081 esse
2733 3025 2965 3090 consilii,
2998 3025 3042 3080 si
3073 3035 3306 3097 experto
3333 3024 3539 3080 creditur
3562 3035 3574 3083 ;
3597 3019 3670 3072 hoc

501 3129 621 3184 rius
650 3135 836 3182 noster
879 3123 1146 3190 diabolus,
1175 3133 1438 3194 tanquam
1461 3121 1547 3178 leo
1575 3122 1813 3194 rugiens,
1839 3122 2073 3193 aliquem
2101 3112 2147 3176 C
2179 3116 2413 3185 primum
2439 3131 2657 3182 moneo,
2683 3117 2784 3172 hoc
2819 3117 3084 3181 obtestor,
3139 3126 3199 3172 ut
3229 3131 3412 3188 sponsa
3435 3111 3595 3168 Christi
3615 3107 3672 3160 vi-

501 3219 762 3273 devorare
811 3228 1058 3284 quaerens
1083 3213 1296 3269 circuit.
1336 3209 1455 3267 Non
1485 3212 1680 3282 quaerit
1707 3211 1952 3266 diabolus
1981 3212 2076 3267 ho-

501 3309 676 3363 mines
717 3304 982 3372 inlideles,
1025 3319 1134 3361 non
1159 3319 1256 3360 eos
1282 3304 1373 3374 qui
1432 3302 1566 3359 foris
1593 3311 1736 3367 sunt,
1767 3310 1823 3358 et
1847 3317 2078 3374 quorum

500 3412 696 3453 carnes
723 3412 817 3451 rex
845 3396 1098 3468 Assyrius
1126 3395 1181 3450 in
1209 3395 1318 3450 olla
1339 3393 1654 3460 succendit;
1684 3393 1777 3448 sed
1800 3393 1868 3448 de
1895 3393 2082 3449 Eccle-

502 3490 581 3544 sia
611 3487 811 3544 Christi
838 3501 1030 3558 rapere
1072 3485 1311 3541 festinat.
1365 3483 1482 3541 Non
1529 3485 1678 3540 venit
1707 3483 1961 3540 Salvator
1985 3499 2080 3555 pa-

504 3596 624 3636 cem
654 3580 870 3636 mittere
896 3593 1056 3649 super
1085 3586 1310 3645 terram,
1345 3579 1439 3634 sed
1493 3577 1750 3649 gladium.
1782 3579 1917 3633 1τει
1950 3593 2079 3634 rosr

507 3687 700 3728 rauca.
739 3671 795 3727 Si
821 3677 944 3743 post
990 3670 1311 3736 nuditatem,
1357 3668 1582 3740 jejunia,
1623 3669 1842 3736 famem,
1896 3685 2081 3725 carce-

509 3779 650 3828 rem,
680 3761 910 3833 flagella,
941 3760 1222 3832 supplicia,
1255 3761 1307 3814 in
1336 3768 1510 3816 semet
1549 3775 1798 3816 reversus
1851 3761 2082 3831 Aposto-

503 3853 591 3906 lus
623 3851 932 3906 exclamat:
966 3850 1164 3919 lnfelia:
1213 3868 1304 3922 ego
1344 3852 1522 3916 homo,
1568 3853 1686 3923 quis
1731 3867 1812 3906 me
1841 3850 2082 3907 liberabit

505 3945 569 3996 de
593 3959 807 4014 corpore
830 3942 1013 3997 mortis
1040 3943 1198 4011 hujus
1251 3941 1428 4014 (Rom.
1453 3942 1558 4015 vn)
1593 3944 1617 3998 ἲ
1643 3953 1700 3999 ιιι
1727 3953 1780 4000 te
1812 3952 1971 4015 putas
1997 3960 2084 4001 se-

509 4046 696 4085 curam
723 4043 844 4086 esse
876 4031 1118 4085 debere?
1145 4029 1308 4098 Cave,
1367 4047 1570 4101 quaeso,
1599 4048 1668 4089 ne
1690 4035 1905 4105 quando
1932 4036 1998 4090 de
2029 4042 2084 4091 te

507 4123 653 4178 dicat
674 4121 856 4177 Deus:
898 4120 1053 4192 Virgo
1076 4121 1246 4177 Israel
1265 4123 1470 4190 cecidit,
1496 4135 1545 4179 et
1587 4142 1691 4180 non
1715 4135 1789 4180 est
1835 4127 1924 4196 qui
1966 4143 2084 4182 sus-

504 4212 624 4266 citet
653 4228 770 4266 eam
811 4211 1011 4284 (Amos.
1045 4209 1120 4282 v).
1176 4210 1451 4268 Audenter
1475 4213 1687 4283 loquar.
1738 4214 1873 4269 Cum
1900 4215 2081 4270 omnia

502 4304 676 4373 possit
704 4302 864 4368 Deus,
890 4303 1150 4360 suscitare
1179 4305 1445 4376 virginem
1480 4321 1589 4362 non
1621 4314 1798 4377 potest
1825 4314 1947 4377 post
1972 4309 2082 4363 rui-

505 4409 653 4448 nam.
685 4391 842 4449 Valet
879 4393 1092 4462 quidem
1121 4394 1352 4450 liberare
1381 4397 1448 4451 de
1499 4411 1682 4467 poena,
1714 4398 1809 4454 sed
1835 4413 1941 4454 non
1967 4398 2081 4454 vult

505 4497 765 4537 coronare
790 4491 1120 4552 corruptam.
1157 4483 1467 4540 Timeamus
1518 4487 1664 4542 illam
1717 4489 2075 4560 prOpbetiam,
2105 4462 2158 4521 Β

505 4586 574 4625 ne
604 4572 657 4626 in
687 4573 844 4629 nobis
865 4571 1031 4626 etiam
1062 4574 1398 4643 compleatur
1425 4589 1438 4627 :
1479 4575 1719 4646 Virgines
1764 4578 1914 4632 bona:
1948 4579 2083 4648 deﬁ-

506 4665 661 4718 cient.
699 4663 938 4722 Observa
990 4665 1120 4734 quid
1165 4666 1349 4719 dicat:
1383 4664 1622 4736 Virgines
1664 4667 1811 4721 bona:
1841 4669 2084 4738 deﬁcient

508 4755 670 4823 (Ibid.
703 4757 845 4829 vm),
870 4757 996 4826 quia
1028 4766 1152 4811 sunt
1187 4765 1243 4812 et
1264 4758 1502 4827 virgines
1533 4759 1707 4813 malae.
1745 4759 1848 4824 Qui
1877 4762 2080 4823 viderit,

508 4845 705 4912 inquit,
747 4844 1016 4899 mulierem
1054 4845 1124 4898 ad
1155 4845 1627 4916 concupiscendum
1651 4863 1791 4911 eam,
1823 4849 1938 4918 jam
1966 4868 2087 4906 mte-

509 4933 693 4988 chattts
715 4943 789 4988 est
825 4951 941 4987 eant
988 4936 1039 4988 in
1071 4935 1226 4988 corde
1282 4951 1377 5005 suo
1403 4932 1620 5006 (Matth.
1648 4935 1724 5006 v).
1777 4936 1923 4992 Perit
1952 4954 2079 5010 ergo

506 5031 566 5079 et
603 5033 780 5081 mente
807 5025 1114 5104 virginitas.
1159 5025 1280 5080 Istae
1323 5034 1452 5081 sunt
1481 5027 1720 5098 virgines
1767 5029 1941 5095 malae,
1975 5033 2081 5084 vir-

506 5113 660 5187 gines
714 5130 901 5177 carne,
966 5130 1072 5169 non
1139 5115 1351 5185 spiritu,
1427 5117 1666 5189 virgines
1718 5119 1912 5185 stultae,
1961 5136 2081 5190 qua:

506 5203 687 5261 oleum
702 5220 808 5260 non
829 5205 1090 5261 habentes
1113 5206 1473 5263 excluduntur
1501 5227 1531 5264 a
1561 5225 1782 5280 sponso.
1809 5210 1866 5266 Si
1897 5220 2078 5268 autem

507 5305 566 5359 et
592 5295 721 5360 ille,
753 5311 874 5366 qua:
925 5297 1165 5368 virgines
1202 5307 1346 5364 sunt,
1384 5301 1454 5355 ob
1505 5300 1642 5355 alias
1680 5308 1862 5356 tamen
1894 5303 2082 5373 culpas

510 5385 818 5458 virginitate
863 5399 1153 5455 corporum
1183 5402 1288 5442 non
1332 5388 1633 5454 salvantur,
1663 5390 1790 5459 quid
1842 5391 1933 5445 ﬁet
1954 5393 2078 5459 illis,

507 5491 628 5546 qua:
669 5475 1062 5547 prostituerunt
1093 5476 1333 5531 membra
1389 5475 1617 5542 Christi,
1656 5487 1710 5533 et
1742 5487 2084 5536 mutaverunt

511 5566 769 5636 templum
799 5563 972 5621 sancti
1003 5563 1238 5636 Spiritus
1257 5565 1313 5620 in
1343 5565 1617 5637 lupanar?
1645 5567 1793 5623 illico
1821 5569 2078 5626 audient:

511 5655 793 5722 Descende,
817 5656 937 5712 sedc
965 5656 1018 5710 in
1040 5665 1204 5722 terra,
1240 5656 1381 5728 virgo
1428 5656 1546 5727 ﬁlia
1602 5655 1886 5730 Babylonis
1913 5674 1931 5709 .’
1963 5663 2082 5718 sede

2183 3221 2312 3262 num
2350 3205 2520 3278 fugiat
2551 3221 2650 3277 pro
2692 3221 2919 3262 veneno.
2959 3206 3090 3262 Haec
3157 3209 3405 3264 adversus
3439 3202 3674 3259 adolescat:

2181 3296 2315 3351 tiam
2340 3297 2518 3368 prima
2541 3311 2694 3351 arma
2725 3305 2852 3351 sunt
2888 3297 3225 3354 daemonum.
3262 3299 3368 3353 Nec
3397 3297 3466 3351 sic
3507 3289 3672 3347 avaritia

2179 3389 2380 3458 quatit,
2405 3387 2555 3444 inﬂat
2577 3389 2850 3459 superbia,
2874 3389 3125 3446 delectat
3149 3391 3384 3447 ambitio.
3425 3384 3572 3443 Facile
3587 3382 3674 3436 aliis

2181 3494 2430 3535 caremus
2451 3479 2618 3545 vitiis,
2652 3479 2742 3535 hic
2787 3481 2962 3536 hostis
3008 3481 3168 3539 intus
3209 3482 3432 3538 inclusus
3453 3488 3522 3534 est
3546 3491 3558 3530 :
3583 3488 3675 3544 quo-

2181 3584 2392 3639 cunque
2446 3569 2742 3641 pergimus,
2792 3569 3076 3625 nobiscum
3148 3581 3417 3642 portamus
3447 3566 3672 3623 inimicum.

2185 3663 2380 3718 Vinum
2422 3670 2478 3716 et
2511 3660 2897 3726 adolescentia,
2935 3659 3145 3732 duplex
3182 3662 3464 3719 incendium
3499 3657 3676 3725 volupta—

2184 3753 2279 3809 tis.
2326 3751 2466 3819 Quid
2500 3753 2711 3808 ardenti
2733 3751 3050 3822 corpusculo
3081 3752 3333 3809 .fomenta
3374 3751 3545 3823 ignium
3566 3743 3677 3799 mini-

2182 3851 2419 3899 stramus
2443 3843 2466 3896 ?
2497 3841 2698 3898 Paulus
2725 3844 2796 3897 ad
2823 3843 3186 3899 Timotheum
3217 3863 3230 3899 :
3263 3843 3381 3898 Iam
3408 3841 3518 3907 noli,
3537 3834 3674 3906 inquit.

2181 3952 2371 4007 aquam
2425 3935 2614 4000 bibere,
2644 3936 2736 3990 sed
2775 3937 2894 3990 vino
2944 3937 3160 3993 modico
3209 3948 3366 4002 utere,
3416 3942 3588 4006 propter
3603 3940 3675 3983 sto:

2182 4028 2425 4084 machum
2475 4038 2523 4082 et
2579 4029 2870 4100 frequentes
2917 4040 3040 4085 tuas
3110 4031 3434 4102 inﬁrmitates
3474 4019 3672 4099 (Ibidem).

2183 4120 2318 4176 Vide
2338 4121 2533 4190 quibus
2558 4121 2737 4176 causis
2773 4121 2881 4176 vini
2903 4123 3055 4191 potio
3087 4121 3411 4180 concedatur
3436 4138 3446 4173 :
3469 4126 3520 4173 ut
3537 4132 3588 4170 ex
3607 4113 3676 4165 hoc

2183 4211 2448 4267 stomachi
2475 4210 2648 4277 dolor,
2673 4219 2729 4266 et
2754 4210 3009 4281 frequens
3032 4214 3319 4270 medeatur
3347 4208 3602 4268 inﬁrmitas.
3631 4199 3677 4254 Ει

2182 4318 2253 4358 ne
2299 4301 2456 4358 nobis
2510 4300 2736 4356 forsitan
2791 4301 2856 4356 de
2889 4305 3335 4373 aegrotationibus
3368 4298 3677 4356 blandiremur.

2184 4393 2456 4460 modicum
2485 4392 2742 4462 praecepit
2786 4406 2906 4447 esse
2954 4395 3312 4458 sumendum,
3349 4387 3519 4447 medici
3549 4381 3679 4455 petitis

2183 4485 2431 4551 consilio,
2445 4500 2604 4555 quam
2620 4485 2882 4555 Apostoli.
2901 4485 3157 4557 Alioquin
3175 4489 3314 4543 idem
3326 4483 3574 4555 Apostolus
3591 4473 3680 4528 aliizi

2181 4591 2240 4630 sc
2261 4575 2464 4630 dixisse
2485 4576 2809 4631 meminerat
2836 4594 2849 4630 :
2878 4576 2945 4630 Et
2981 4579 3162 4632 uinum
3193 4579 3248 4633 in
3293 4594 3389 4650 quo
3418 4583 3486 4630 est
3522 4565 3678 4624 luxuria

2183 4665 2400 4737 (Ep/tes.
2428 4664 2480 4737 ν)
2509 4683 2521 4718 :
2548 4675 2622 4733 et,
2661 4665 2868 4720 Bonum
2896 4676 2971 4721 est
2999 4668 3205 4722 homini
3241 4670 3410 4722 vinum
3431 4681 3519 4719 non
3540 4659 3677 4712 bibere.

2181 4765 2227 4808 et
2250 4771 2461 4809 carnem
2507 4772 2612 4810 non
2657 4756 2979 4811 manducare
3029 4756 3205 4829 (Rom.
3254 4755 3382 4828 xlv).
3411 4753 3508 4808 Noe
3546 4747 3677 4802 vinum

2186 4847 2324 4902 bibit
2361 4855 2415 4900 et
2441 4847 2743 4902 inebriatus
2781 4855 2868 4902 est
2917 4845 3072 4916 (lien.
3120 4848 3198 4920 Ix)
3244 4866 3258 4902 :
3292 4847 3407 4902 rudi
3446 4843 3593 4898 adhuc
3616 4848 3680 4887 ατο

2183 4935 2328 5000 culo,
2360 4943 2488 4990 tunc
2522 4937 2701 5005 primo
2737 4937 2977 5005 plantata
3022 4938 3200 5000 vinea,
3251 4936 3500 4992 inebriare
3544 4929 3676 4982 viuum

2182 5023 2411 5080 forsitan
2464 5029 2766 5084 nesciebat.
2824 5030 2893 5084 Et
2932 5037 2992 5083 ut
3048 5030 3317 5101 intelligas
3367 5028 3617 5095 Scriptura:
3645 5016 3678 5065 in

2183 5117 2435 5173 omnibus
2459 5127 2858 5174 sacramentum
2886 5120 3262 5191 (margaritum
3289 5119 3473 5190 quippe
3519 5119 3680 5166 ests”-

2183 5223 2272 5265 mo
2312 5210 2427 5276 Dei,
2465 5218 2522 5265 et
2544 5225 2610 5266 ex
2643 5212 2793 5266 omni
2816 5220 2969 5283 parte
3000 5213 3165 5267 forari
3190 5211 3383 5281 potest)
3415 5214 3522 5278 post
3554 5198 3682 5255 ebrie-

2187 5307 2352 5354 tatem
2388 5301 2612 5356 nudatio
2631 5299 2896 5356 femorum
2922 5302 3212 5357 subsecuta
3233 5308 3330 5361 est,
3364 5295 3513 5351 libido
3541 5290 3680 5358 jttncul

2184 5386 2411 5448 luxuria:
2443 5406 2455 5442 :
2493 5390 2643 5460 prius
2674 5390 2820 5444 enim
2859 5398 3046 5444 venter
3095 5388 3418 5449 extenditur,
3461 5391 3507 5439 et
3527 5379 3590 5435 sic
3609 5387 3682 5428 cm-

2185 5494 2300 5538 tera
2332 5484 2570 5538 membra
2595 5484 2957 5538 concitantur.
2984 5480 3321 5536 Manducavit
3341 5477 3471 5533 enim
3491 5466 3679 5544 populus

2184 5581 2239 5629 et
2275 5572 2428 5636 bibit,
2457 5580 2512 5628 et
2541 5581 2897 5628 surrexerunt
2933 5572 3118 5627 ludere
3147 5569 3343 5642 (Exod.
3381 5564 3549 5630 xxxii).
3580 5553 3681 5613 Lolli

2186 5663 2393 5718 amicus
2414 5661 2509 5718 Dei
2533 5663 2587 5719 in
2614 5671 2798 5721 monte
2819 5663 3075 5731 salvatus,
3101 5671 3157 5718 et
3193 5662 3257 5718 de
3288 5670 3361 5717 tot
3393 5656 3678 5716 millibnspo'
