3890 6180
216 273 320 335 ςιι

724 267 1003 326 REGULA
1044 268 1677 326 SANCTIMONIALIUM
1716 269 1805 324 AB
1842 268 2198 327 AMALARIO
2234 269 2610 341 COLLECTA.
2646 302 2713 314 —
2752 273 2878 329 LIB.
2923 274 2985 329 ll.

3377 279 3483 336 95%

211 386 334 457 puli
374 386 525 440 solus
564 383 748 454 justus
815 385 1090 447 inventus,
1158 383 1459 436 inebriatur
1507 396 1537 435 a
1589 381 1803 435 liliahus
1832 388 1877 453 Α
1906 381 2215 452 gitaverint,
2252 384 2502 438 ebrietati
2551 385 2892 456 sacrilegium
2925 388 3254 458 copulantes.
3284 394 3479 449 aiunt:

212 477 337 533 suis
371 474 582 547 (Cenes.
629 473 767 545 XIX).
809 474 1026 529 Etlicet
1070 473 1172 528 illa:
1204 481 1459 543 putarent
1487 487 1657 543 genus
1709 472 1808 526 hu—

218 582 445 627 manum
468 566 757 631 defecisse,
782 574 839 621 et
872 567 977 621 hoc
1006 565 1253 620 facerent
1304 566 1602 619 liberorum
1634 563 1808 633 magis

215 660 497 718 desiderio
524 673 686 728 quam
711 657 975 723 libidinis,
1034 664 1212 712 tamen
1248 658 1495 712 sciebant
1523 656 1699 710 virum
1718 654 1807 724 ju—

215 764 368 811 stum
404 754 510 808 hoc
544 751 649 806 nisi
676 750 890 806 ebrium
914 764 1022 804 non
1053 765 1174 805 esse
1220 749 1513 806 facturum.
1564 748 1805 817 Denique

216 846 353 917 quid
376 844 569 901 fecerit
601 842 887 914 ignoravit.
940 842 1008 897 Et
1049 857 1362 913 quanquam
1396 840 1652 895 voluntas
1696 854 1805 893 non

140 989 157 995 _
216 937 294 993 sit
320 938 372 990 in
397 934 647 999 crimine,
687 948 845 988 error
885 933 940 987 in
990 933 1146 1002 culpa
1202 939 1306 987 est.
1340 931 1473 986 lrsu
1504 945 1559 984 ιιι
1602 943 1802 984 ειυειι.

215 1024 642 1083 innumerabilia
686 1032 814 1079 sunt
856 1023 926 1079 de
956 1024 1243 1094 scripturis
1297 1038 1556 1093 responsa
1596 1022 1801 1087 divina,

218 1134 346 1188 qua:
379 1117 560 1189 gulam
605 1115 886 1180 damnent,
912 1125 969 1171 et
1015 1115 1289 1186 simplices
1320 1115 1471 1170 cibos
1506 1115 1800 1185 praebeant.

218 1210 425 1264 Verum
459 1208 587 1278 quia
630 1222 776 1263 nunc
815 1222 924 1263 non
971 1216 1057 1262 est
1111 1207 1447 1277 propositum
1486 1207 1552 1261 de
1577 1204 1803 1275 jejuniis

216 1298 518 1367 disputare,
543 1304 601 1351 et
628 1296 881 1352 universa
930 1296 1151 1366 exsequi
1177 1296 1260 1351 sui
1294 1302 1377 1350 est
1406 1294 1546 1351 tituli
1574 1302 1629 1348 et
1650 1293 1803 1348 volu-

216 1386 410 1451 minis,
464 1386 582 1440 haec
633 1383 907 1441 sullieiant
943 1399 1115 1455 pauca
1155 1384 1222 1440 de
1251 1383 1515 1455 pluribus.
1548 1381 1800 1452 Alioquin

226 1476 298 1531 ad
319 1476 623 1547 exemplum
657 1475 852 1530 horum
879 1475 1084 1545 poteris
1108 1475 1201 1530 tibi
1232 1475 1350 1546 ipsa
1371 1473 1642 1544 colligere,
1668 1488 1800 1544 quo-

220 1567 394 1622 modo
423 1576 479 1622 et
518 1568 729 1638 primus
771 1566 838 1622 de
868 1567 1123 1637 paradiso
1180 1568 1363 1633 homo,
1416 1566 1595 1622 ventri
1628 1568 1801 1635 magis

218 1653 489 1711 obediens
541 1672 704 1727 quam
760 1653 895 1721 Deo,
953 1655 1008 1710 in
1066 1656 1206 1711 hanc
1244 1655 1607 1728 lacrymarum
1655 1658 1802 1729 deje—

1904 472 2060 527 Absit
2107 482 2166 528 ut
2194 488 2293 544 ego
2322 490 2351 527 a
2375 473 2575 529 Christi
2624 476 2885 545 sanguine
2913 492 2998 531 me
3028 477 3350 536 abstineam.
3384 483 3479 540 Ha:

1905 569 2050 625 sunt,
2074 578 2194 632 qua:
2217 579 2315 633 per
2349 564 2621 635 publicum
2650 565 2958 621 notabiliter
2986 566 3259 638 incedunt,
3291 582 3347 628 et
3363 575 3483 633 fur-

1907 651 2030 705 tivis
2058 652 2334 708 oculorum
2390 655 2610 709 nutibus
2666 655 3090 713 adolescentium
3137 675 3332 730 greges
3358 675 3483 735 pcst

1904 756 1962 796 se
1991 744 2249 798 trahunt:
2301 761 2421 815 qua:
2451 761 2668 817 semper
2724 746 2950 802 audiunt
2995 765 3093 820 per
3113 753 3428 821 prophetam
3459 774 3475 810 :

1906 831 2093 888 Facies
2117 838 2402 892 meretricis
2424 838 2568 907 facta
2589 848 2662 893 est
2691 839 2784 893 tibi
2811 838 2946 912 (Jer.
2976 842 3082 913 ιιι).
3114 842 3248 900 Nolo
3277 845 3482 903 habeas

1903 926 2235 980 consortium
2266 937 2674 997 matronarum;
2711 929 2837 985 nolo
2883 931 2952 985 ad
2990 932 3248 989 nobilium
3288 936 3479 1002 domos

1903 1015 2167 1103 accedas;
2198 1017 2322 1072 nolo
2353 1026 2405 1074 te
2424 1018 2738 1089 frequenter
2753 1022 3113 1093 videre,quod
3126 1010 3483 1103 contemnenti

1900 1102 2055 1208 virgo
2082 1106 2460 1208 essevoluisti.
2492 1107 2678 1179 Neque
2702 1125 2829 1166 vero
2855 1127 3044 1197 earum
3070 1123 3123 1170 te
3150 1127 3369 1187 tantum
3382 1106 3483 1208 cui

1901 1194 1991 1265 pio
2022 1196 2293 1253 declinare
2328 1214 2683 1271 congressus,
2733 1216 2852 1271 qua:
2872 1190 3207 1282 maritarum
3222 1190 3479 1282 inflantur

1900 1285 2239 1355 honoribus;
2292 1305 2429 1361 quas
2456 1293 2828 1349 cunuchorum
2859 1311 3049 1369 greges
3079 1274 3407 1386 sepiuntget:
3428 1274 3482 1373 ξίέ

1900 1384 2130 1444 quarum
2180 1360 2422 1435 vestibus
2448 1388 2727 1438 attenuata
2754 1381 2807 1438 in
2837 1360 2985 1440 illum
3013 1360 3379 1453 aurivfmetallaa

1900 1473 2105 1521 xuntur
2136 1485 2149 1521 :
2184 1469 2278 1523 sed
2306 1470 2469 1525 etiam
2507 1486 2603 1526 eas
2623 1469 2768 1543 fuge,
2799 1468 2936 1543 quas
2963 1473 3156 1547 viduas
3184 1452 3482 1549 necessita;

1900 1553 2047 1611 fecit.
2083 1555 2204 1613 Sint
2228 1559 2325 1614 tibi
2354 1561 2536 1628 sociae,
2572 1576 2708 1631 quas
2750 1560 2956 1632 ji‘junia
3012 1543 3254 1632 tenuant,
3284 1543 3485 1646 quibus

1899 1646 2072 1716 pallor
2112 1648 2165 1702 in
2208 1648 2348 1706 facie
2395 1658 2500 1718 est,
2555 1667 2694 1723 quas
2734 1652 2983 1723 probavit
3033 1660 3091 1710 et
3142 1656 3294 1724 vita;
3360 1677 3481 1731 quae

219 1757 349 1802 etus
383 1754 470 1803 est
510 1746 700 1801 vallem
727 1763 740 1799 :
765 1754 821 1800 et
856 1746 1030 1816 ipsum
1062 1746 1350 1801 Dominum
1394 1746 1626 1803 Satanas
1657 1747 1799 1804 fame
1826 1735 1874 1796 Β
1902 1738 2142 1809 quotidie
2172 1739 2230 1795 in
2283 1742 2539 1799 cordibus
2567 1744 2680 1798 Silis
2730 1751 2936 1800 canunt
2966 1761 2982 1802 :
3020 1744 3119 1803 Ubi
3153 1750 3355 1819 pascis,
3387 1753 3479 1808 ubi

217 1837 516 1892 tcntaverit
540 1837 595 1891 in
632 1836 887 1901 deserto;
923 1842 979 1891 et
1012 1834 1304 1905 Apostolus
1348 1835 1591 1892 clamitet
1617 1855 1631 1891 :
1656 1836 1797 1893 Esca

213 1931 407 1991 ventri,
438 1937 487 1982 et
516 1936 692 1997 venter
714 1926 845 1982 escis
872 1939 890 1977 :
920 1924 1060 1980 Deus
1086 1935 1262 1980 autem
1299 1934 1348 1980 et
1379 1926 1539 1992 hunc,
1586 1937 1634 1981 et
1674 1926 1798 1981 illas

215 2020 454 2073 destruet
499 2017 553 2088 (I
576 2017 698 2072 Cor.
746 2016 870 2088 vi);
916 2024 973 2072 et
1015 2016 1083 2071 de
1143 2015 1438 2072 luxuriosis
1485 2033 1498 2070 :
1556 2014 1797 2082 Quorum

211 2111 365 2166 Deus
386 2120 560 2165 venter
577 2119 651 2164 est
679 2107 932 2185 (Philipp.
962 2107 1067 2179 ιιι).
1093 2107 1149 2162 ld
1185 2107 1331 2163 enim
1360 2107 1489 2163 colit
1510 2107 1799 2177 unusquis-

211 2216 327 2268 que
364 2200 505 2270 quod
533 2184 724 2270 diligit.
778 2184 859 2252 Ex
888 2213 995 2268 quo
1025 2196 1253 2252 sollicite
1276 2195 1665 2267 providendum
1691 2204 1794 2261 est,

210 2299 280 2344 ut
316 2303 455 2359 quos
490 2272 747 2343 saturitas
782 2286 850 2341 de
881 2284 1134 2358 paradiso
1163 2284 1386 2354 expulit,
1420 2285 1641 2339 reducat
1672 2298 1798 2339 esu-

208 2381 350 2436 ries.
389 2378 542 2447 Quod
582 2380 628 2434 si
660 2377 896 2434 volueris
948 2378 1296 2449 reSpondere,
1333 2384 1389 2432 te
1424 2376 1590 2432 nobili
1626 2377 1797 2447 stirpe

208 2478 557 2543 generatam,
596 2484 811 2539 semper
844 2469 899 2524 in
953 2467 1181 2533 deliciis,
1226 2481 1441 2538 semper
1473 2468 1530 2522 in
1572 2466 1794 2538 plumis,

208 2578 328 2617 non
362 2576 523 2632 posse
559 2576 591 2616 a
624 2561 751 2616 vino
777 2569 832 2617 et
854 2559 1306 2617 esculentioribus
1338 2560 1476 2616 cibis
1496 2560 1794 2626 abstinere,

208 2668 319 2708 nec
340 2653 427 2708 his
454 2652 662 2724 legibus
683 2653 870 2708 vivere
891 2651 1193 2716 districtus,
1242 2650 1583 2722 respondebo
1611 2667 1625 2704 :
1661 2649 1795 2706 Vive

208 2759 347 2814 ergo
381 2743 496 2815 lege
526 2754 635 2811 tua,
665 2760 783 2816 qua:
812 2745 908 2800 Dei
956 2760 1064 2800 non
1088 2752 1264 2815 potes.
1314 2742 1433 2799 Non
1469 2742 1613 2814 quod
1648 2742 1795 2798 Deus

208 2834 592 2891 universitatis
638 2844 853 2891 creator
882 2844 937 2890 et
980 2834 1256 2898 Dominus,
1287 2835 1667 2889 intestinorum
1693 2850 1794 2890 no-

209 2932 457 2980 strorum
489 2925 692 2998 rugitu,
729 2935 784 2983 et
810 2926 1073 2982 inanitate
1111 2926 1337 2991 ventris,
1370 2926 1795 2996 pulmonumque

1900 1830 2067 1894 cubas
2118 1828 2173 1887 in
2228 1832 2501 1889 meridie?
2534 1848 2655 1905 quae
2681 1849 2749 1891 ex
2800 1835 2997 1892 affectu
3036 1839 3264 1895 dicunt:
3307 1842 3479 1912 Cupio

1898 1918 2118 1975 dissolvi
2147 1929 2202 1978 et
2229 1935 2350 1977 esse
2380 1938 2504 1979 cum
2547 1922 2783 1980 Christo.
2817 1923 2902 1982 Sit
2948 1927 3131 1998 itaque
3160 1930 3255 1987 tibi
3284 1937 3473 1991 mode-

1897 2018 2050 2066 ratus
2095 2011 2275 2076 cibus,
2327 2022 2383 2069 et
2433 2029 2711 2085 nunquam
2762 2024 2957 2072 venter
2989 2017 3255 2089 expletus.
3287 2020 3477 2080 Plures

1896 2100 2096 2172 quippe
2147 2110 2294 2169 sunt,
2350 2118 2471 2173 quae
2496 2119 2620 2160 cum
2668 2106 2796 2162 vino
2825 2106 2936 2163 sint
2983 2108 3201 2177 sobriae,
3230 2110 3475 2169 ciborum

1897 2188 2145 2261 largitate
2168 2199 2296 2247 sunt
2321 2193 2506 2249 ebrize.
2555 2193 2637 2250 Ad
2663 2196 2965 2253 orationem
2996 2196 3095 2255 tibi
3146 2208 3306 2259 nocte
3355 2218 3476 2260 sur-

1896 2280 2041 2351 genti
2095 2296 2203 2338 non
2237 2283 2526 2355 indigestio
2552 2292 2766 2340 ructum
2820 2285 3006 2355 faciat,
3061 2289 3157 2345 sed
3211 2291 3469 2350 inanitas.

1895 2370 2154 2429 Crebrius
2177 2373 2319 2445 lege,
2344 2375 2493 2432 disce
2521 2376 2939 2448 quamplurima.
2973 2378 3202 2437 Tenenti
3226 2382 3473 2441 codicem

1896 2476 2120 2519 somnus
2154 2462 2399 2535 obrepat,
2426 2474 2481 2521 et
2513 2467 2795 2523 cadentem
2824 2465 3018 2525 faciem
3044 2471 3240 2544 pagina
3279 2484 3469 2531 sancta

1895 2550 2173 2622 suscipiat.
2233 2550 2357 2609 Sint
2383 2554 2482 2610 tibi
2535 2554 2850 2625 quotidiana
2893 2554 3125 2628 jejunia,
3155 2567 3211 2614 et
3245 2556 3471 2618 refectio

1895 2642 2204 2700 satietatem
2230 2642 2464 2716 fugiens.
2496 2643 2641 2701 Nihil
2691 2647 2913 2718 prodest
2938 2649 3123 2716 biduo,
3177 2650 3472 2722 triduoque

1896 2733 2216 2789 transmisso
2266 2749 2498 2791 vacuum
2555 2745 2777 2808 portare
2828 2747 3110 2808 ventrem,
3174 2741 3221 2797 si
3264 2742 3474 2815 pariter

1892 2823 2172 2903 obruatur,
2202 2824 2247 2880 si
2273 2835 2653 2898 compensetur
2697 2827 2983 2885 saturitate
3000 2828 3291 2903 jejunium.
3322 2832 3472 2890 illico

1893 2932 2048 2972 mens
2070 2916 2273 2989 repleta
2302 2920 2586 2989 torpescit,
2635 2929 2691 2977 et
2718 2905 2942 2991 irrigata
2972 2922 3171 2979 humus
3199 2925 3383 2996 spinas
3407 2926 3474 2983 li-

208 3015 521 3071 delectetur
575 3017 807 3074 ardore:
833 3018 929 3073 sed
969 3017 1112 3088 quod
1166 3017 1324 3072 aliter
1363 3017 1626 3087 pudicitia
1676 3025 1791 3073 tuta
1832 3085 1860 3088 _
1892 3009 2138 3065 bidinum
2186 3011 2477 3081 germinat.
2512 3009 2572 3068 Si
2599 3012 2818 3083 quando
2848 3013 3089 3071 senseris
3137 3015 3470 3072 exterioqu

204 3120 335 3160 esse
363 3121 475 3160 non
498 3107 688 3175 possit.
712 3106 812 3163 Job
836 3109 949 3166 Deo
971 3085 1188 3175 charos,
1217 3116 1270 3163 et
1290 3085 1599 3164 testimonio
1619 3108 1792 3179 ipsius
1819 3085 1864 3147 (ἶ
1895 3098 2171 3156 hominem
2200 3099 2389 3157 ﬂorem
2435 3102 2816 3160 adolescentia:
2845 3105 3141 3176 suspirare,
3168 3114 3224 3162 et
3248 3118 3474 3179 accepto

205 3195 593 3251 immaculatus
617 3209 672 3253 et
704 3199 956 3270 simplex,
983 3199 1108 3254 audi
1160 3199 1292 3270 quid
1336 3198 1403 3254 de
1444 3197 1661 3254 diabolo
1699 3213 1788 3253 su-

204 3286 458 3355 spicetur
482 3305 496 3341 :
532 3286 713 3344 Virtus
734 3290 851 3361 ejus
877 3292 932 3345 in
958 3291 1173 3357 lumbis,
1198 3299 1247 3345 et
1278 3299 1506 3362 potestas
1536 3290 1593 3345 in
1620 3289 1790 3343 umbi-

202 3377 315 3431 lico
369 3379 516 3452 (Job.
547 3382 660 3448 ιι).
689 3378 878 3436 Omnis
920 3380 1085 3450 igitur
1117 3380 1379 3435 adversus
1413 3380 1561 3435 viros
1587 3378 1786 3435 diaboli

201 3476 385 3528 virtus
405 3473 461 3527 in
493 3471 690 3526 lumbis
716 3480 799 3526 est
828 3489 842 3524 :
876 3472 1052 3527 omnis
1098 3471 1154 3525 in
1185 3472 1441 3528 umbilico
1489 3479 1677 3527 contra
1710 3471 1787 3526 fe—

200 3569 388 3621 minas
427 3563 706 3620 fortitudo.
738 3562 828 3618 Vis
855 3563 996 3619 scire
1018 3564 1091 3618 ita
1122 3579 1245 3619 esse
1272 3572 1333 3619 ut
1374 3564 1647 3620 dicimus?
1678 3562 1786 3618 Ar-

200 3662 325 3731 ripe
362 3657 632 3726 exempla.
661 3657 891 3712 Samson
918 3656 1073 3711 leone
1099 3656 1312 3722 fortior,
1345 3664 1401 3711 et
1422 3671 1555 3712 saxo
1576 3655 1784 3722 durior,

199 3757 260 3803 et
298 3748 394 3819 qui
427 3762 565 3802 unus
586 3755 641 3802 et
667 3746 844 3802 nudus
871 3746 1018 3801 mille
1059 3755 1380 3816 persecutus
1413 3754 1500 3801 est
1522 3754 1782 3811 armatos,

199 3844 257 3897 in
289 3839 480 3894 Dalilae
512 3838 782 3894 mollescit
810 3838 1147 3909 amplexibus
1175 3836 1377 3909 (ludio.
1421 3837 1557 3907 xvn).
1589 3835 1783 3900 διερω-

201 3947 317 3987 τυιι
361 3945 493 3984 rosr
538 3946 728 3985 rauca.
788 3928 943 4000 Piget
977 3928 1160 3984 dicere
1187 3937 1320 3998 quot
1345 3928 1588 3998 quotidie
1619 3927 1786 3997 virgi-

199 4036 306 4074 nes
330 4026 512 4083 ruant,
543 4027 774 4088 quantas
798 4018 866 4072 de
906 4033 1005 4073 suo
1033 4018 1241 4089 gremio
1269 4026 1442 4071 mater
1468 4017 1659 4087 perdat
1680 4015 1784 4071 Ec-

201 4107 399 4170 clesia,
425 4122 589 4176 super
618 4115 751 4177 quot
799 4107 978 4161 sidera
1026 4107 1292 4177 superbus
1335 4107 1591 4162 inimicus
1620 4115 1787 4176 ponat

202 4199 467 4251 thronum
500 4212 679 4262 suum,
706 4205 836 4266 quot
861 4205 1048 4267 petras
1092 4206 1338 4262 excavet,
1376 4209 1431 4254 et
1462 4200 1671 4255 habitet
1694 4215 1787 4255 co.

196 4286 364 4340 luber
404 4285 460 4340 in
493 4284 853 4341 foraminibus
896 4302 1103 4341 earum.
1143 4288 1338 4343 Videas
1372 4288 1661 4360 plerasque
1704 4291 1786 4344 vi-

1888 3188 2034 3256 cibo,
2061 3205 2186 3245 cum
2208 3198 2262 3246 te
2284 3191 2340 3246 in
2366 3191 2566 3248 lectulo
2598 3195 2954 3264 compositam
2983 3195 3157 3253 dulcis
3186 3197 3470 3256 libidinum

1887 3297 2083 3352 pompa
2103 3284 2458 3351 concusserit,
2482 3285 2662 3355 arripe
2683 3295 2894 3341 scutum
2912 3285 3054 3353 ﬁdei,
3080 3289 3136 3343 in
3161 3304 3268 3359 quo
3289 3290 3472 3362 ignitae

1887 3372 2086 3427 diaboli
2115 3374 2533 3445 exstinguuntur
2559 3376 2789 3446 sagittae.
2822 3376 3023 3434 Omnes
3072 3379 3466 3447 adulterantes,

1886 3462 2042 3531 quasi
2094 3462 2342 3519 clibanus
2395 3465 2561 3521 corda
2614 3482 2827 3523 eorum.
2861 3466 3136 3533 Ssomwn
3166 3488 3219 3528 ill
3264 3491 3466 3533 BADEI.

1886 3554 2110 3611 Dillicile
2136 3564 2219 3611 est
2244 3556 2540 3614 humanam
2569 3559 2806 3616 animam
2849 3560 3052 3632 aliquid
3104 3578 3211 3619 non
3242 3580 3466 3636 amare;

1886 3654 1941 3702 et
1966 3660 2187 3701 necesse
2212 3655 2299 3703 est
2321 3656 2383 3703 ut
2411 3648 2465 3703 in
2501 3664 2853 3722 quoscunque
2884 3668 3036 3708 mens
3071 3662 3257 3714 nostra
3287 3657 3466 3713 traha-

1852 3780 1855 3781 ν
1888 3744 1978 3791 tur
2007 3733 2252 3803 allectus,
2283 3740 2466 3795 carnis
2488 3755 2643 3796 amor
2694 3742 2914 3812 spiritus
2944 3758 3131 3800 amore
3153 3756 3463 3815 superetur.

1887 3827 2225 3885 Desiderium
2273 3830 2546 3887 desiderio
2597 3833 2970 3903 restinguitur,
3027 3837 3288 3906 quidquid
3344 3838 3468 3896 inde

1886 3920 2169 3987 minuitur,
2194 3922 2281 3976 hic
2303 3923 2519 3978 crescit.
2545 3922 2685 3991 Quin
2710 3925 2891 3996 potius
2913 3941 3129 3998 semper
3151 3928 3424 4001 ingemina
3450 3949 3464 3983 :

1887 4013 2062 4086 Super
2080 4015 2330 4070 lectulum
2347 4033 2516 4072 meum
2545 4018 2600 4073 in
2625 4019 2862 4074 noctibus
2874 4021 3090 4092 quwsiai
3113 4037 3268 4091 quem
3282 4022 3468 4078 dilexit

1887 4105 2068 4160 anima
2092 4123 2209 4160 mea
2267 4106 2447 4179 (Cant.
2483 4107 2590 4181 ιιι).
2628 4108 2948 4179 Mortiﬁcate
2995 4110 3179 4180 igitur,
3227 4112 3302 4166 ait
3324 4113 3468 4182 Apo-

1885 4196 2081 4264 stolus,
2102 4198 2335 4252 membra
2364 4209 2531 4255 vestra
2559 4216 2676 4270 qua:
2696 4208 2820 4254 sunt
2843 4216 3002 4270 super
3022 4209 3216 4255 terram
3238 4199 3463 4274 (Coloss.

1887 4292 1972 4360 ιιι)
1999 4306 2014 4356 ;
2046 4290 2190 4345 unde
2226 4299 2283 4345 et
2326 4290 2440 4358 ipse
2468 4290 2807 4345 confidenter
2849 4287 3069 4345 aiebat:
3116 4288 3237 4345 Vivo
3266 4301 3463 4358 autem,

197 4379 365 4443 duas,
434 4384 721 4446 antequam
786 4386 999 4448 nuptas,
1057 4377 1328 4433 infelicem
1393 4381 1781 4435 conscientiam
1811 4438 1854 4454 ﬁ
1878 4380 1997 4449 jam
2025 4395 2129 4433 non
2168 4394 2283 4448 ego,
2335 4378 2458 4431 vivit
2500 4394 2618 4432 vero
2658 4379 2713 4431 in
2740 4394 2822 4433 me
2847 4376 3089 4434 Christus
3135 4378 3337 4451 (Calat.
3378 4383 3460 4454 ιι).

192 4468 437 4523 mentita
476 4477 686 4523 tantum
712 4478 862 4523 veste
912 4479 1215 4539 protegere,
1258 4485 1392 4539 quas
1445 4472 1547 4526 nisi
1603 4481 1783 4525 tumor

192 4560 367 4627 uteri,
410 4570 465 4615 et
488 4560 753 4615 infantum
782 4561 1080 4631 prodiderit
1108 4563 1342 4631 vagitus,
1382 4572 1597 4617 sanctas
1619 4573 1674 4618 et
1696 4579 1780 4617 ca-

196 4660 321 4705 stas
346 4665 407 4704 se
443 4665 564 4705 esse
596 4650 920 4720 gloriantur,
946 4661 1001 4705 et
1024 4661 1207 4706 erecta
1230 4652 1462 4718 cervice,
1509 4661 1562 4705 et
1595 4652 1782 4707 luden-

193 4740 352 4794 tibus
381 4740 611 4808 pedibus
657 4741 931 4795 incedunt.
957 4742 1090 4795 Alia?
1119 4757 1248 4795 vero
1278 4742 1617 4795 sterilitatem
1647 4757 1781 4812 prce-

190 4832 418 4895 bibunt,
451 4840 507 4885 et
542 4831 773 4886 necdum
801 4832 903 4886 sati
927 4832 1161 4887 hominis
1182 4833 1529 4888 homicidium
1554 4831 1777 4887 faciunt.

186 4922 489 4978 Nonnulla:
520 4940 643 4978 cum
678 4938 738 4979 se
773 4925 1042 4979 senserint
1083 4927 1397 4995 concepisse
1447 4926 1514 4980 de
1555 4925 1777 4989 scelere,

188 5016 406 5070 abortii
459 5031 667 5071 venena
731 5016 1077 5081 meditantur,
1139 5027 1194 5070 et
1244 5017 1561 5087 frequenter
1618 5020 1783 5073 etiam

185 5106 337 5178 ipsa:
393 5115 746 5161 commortuae
801 5107 964 5161 trium
1012 5107 1297 5162 criminum
1346 5123 1454 5163 rea:
1489 5109 1554 5162 ad
1583 5108 1784 5163 inferos

181 5195 601 5268 perducuntur,
642 5197 927 5257 homicidae
976 5198 1084 5263 sui,
1119 5197 1318 5253 Christi
1371 5197 1650 5263 adulterm,
1686 5212 1787 5252 nec

180 5288 332 5342 dum
356 5288 469 5342 nati
491 5289 586 5343 lilii
611 5288 913 5360 parricidae.
937 5287 1056 5343 Ista:
1074 5296 1341 5358 suntquae
1366 5289 1541 5343 solent
1565 5288 1744 5343 dicere
1768 5305 1780 5341 :

181 5377 398 5433 Omnia
424 5378 624 5433 munda
647 5378 884 5444 mundis,
906 5377 1102 5433 suilicit
1124 5378 1254 5432 mihi
1282 5376 1615 5433 conscientia
1642 5392 1782 5431 mea.

179 5466 311 5522 Cor
339 5467 601 5521 mundum
633 5467 903 5523 desiderat
937 5469 1122 5523 Deus:
1177 5483 1276 5522 cur
1305 5483 1392 5521 me
1422 5466 1722 5522 abstineam
1756 5481 1786 5519 a

180 5555 362 5618 cibis,
391 5569 530 5625 quos
572 5556 777 5611 creavit
805 5558 945 5613 Deus
977 5558 1043 5613 ad
1067 5557 1366 5612 utendum?
1403 5556 1471 5611 Et
1498 5555 1543 5610 si
1570 5556 1786 5626 quando

179 5645 383 5714 lepide
418 5654 474 5700 et
501 5645 697 5701 festive
746 5645 930 5703 volunt
958 5648 1156 5715 vivere,
1206 5647 1296 5702 ubi
1335 5663 1392 5702 se
1423 5662 1571 5703 mero
1597 5647 1783 5716 ingur-

1886 4470 2016 4548 βειο
2039 4469 2225 4523 cicada
2283 4468 2543 4523 noctium.
2594 4469 2736 4524 Lava
2764 4485 2861 4540 per
2893 4470 3135 4542 singulas
3168 4480 3356 4527 noctes
3390 4473 3464 4529 le-

1889 4571 2037 4615 ctum
2068 4569 2240 4625 tuum,
2277 4559 2534 4632 lacrymis
2575 4570 2806 4616 stratum
2835 4570 2986 4615 tuum
3014 4562 3147 4632 riga.
3186 4560 3382 4635 Vigila,
3409 4574 3467 4620 ct

1890 4651 1990 4706 fias
2012 4652 2152 4706 sicut
2182 4667 2373 4723 passer
2408 4653 2461 4707 in
2509 4652 2816 4708 solitudine.
2856 4652 3028 4709 Psalle
3057 4655 3273 4725 spiritu,
3299 4656 3466 4727 psalle

1887 4749 1942 4794 et
1964 4757 2146 4795 sensu.
2176 4740 2431 4808 Benedic,
2466 4742 2669 4809 anima,
2703 4740 2932 4797 Domino
2963 4755 3057 4808 ;et
3085 4759 3152 4798 nc
3178 4743 3465 4801 oblivisca-

1888 4832 1965 4887 ris
1999 4848 2189 4887 omues
2239 4834 2623 4889 retributiones
2673 4835 2791 4904 ejus
2835 4834 2927 4905 qui
2964 4835 3293 4904 propitiatur
3328 4852 3463 4892 cun-

1886 4924 1991 4978 ctis
2021 4923 2396 4994 iniquitatibus
2443 4923 2567 4988 tuis,
2606 4924 2698 4993 qui
2749 4932 2909 4978 sanat
2941 4939 3130 4979 omnes
3181 4924 3465 4981 infirmita-

1885 5023 1969 5069 tes
2021 5023 2160 5078 tuas,
2208 5023 2265 5069 et
2308 5013 2527 5069 redimit
2560 5030 2624 5068 ex
2682 5016 3033 5085 corruptione
3086 5016 3250 5072 vitam
3289 5027 3459 5074 tuam.

1887 5104 2019 5159 Illud
2070 5119 2286 5175 quoque
2342 5105 2438 5159 tibi
2491 5106 2771 5160 vitandum
2818 5114 2903 5162 est
2935 5109 3171 5173 cautius,
3205 5123 3274 5163 ne
3309 5124 3461 5163 vanae

1887 5195 2071 5265 gloriae
2093 5196 2287 5250 ardore
2314 5195 2566 5266 capiaris.
2617 5196 2915 5262 Quomodo,
2969 5197 3143 5269 inquit
3171 5195 3350 5264 Jcsus,
3373 5215 3465 5268 po-

1891 5270 2035 5339 testis
2096 5285 2306 5339 credere
2383 5285 2607 5356 gloriam
2671 5286 2736 5340 ab
2796 5287 3093 5342 hominibus
3152 5273 3498 5357 accipientes

1890 5377 2075 5449 (Joan.
2105 5377 2159 5451 v)
2189 5379 2212 5431 ?
2251 5378 2384 5433 Vide
2404 5378 2564 5448 quale
2607 5378 2808 5434 malum
2836 5379 2930 5447 sit,
2965 5379 3108 5449 quod
3135 5378 3226 5446 qui
3262 5377 3465 5432 babae.

1890 5470 1988 5534 rit,
2011 5484 2115 5524 non
2144 5478 2322 5539 potest
2380 5470 2622 5525 credere.
2670 5469 2777 5525 Nos
2826 5484 2957 5524 vero
2990 5468 3273 5523 dicamus:
3314 5465 3463 5532 Quo-

1888 5559 2031 5612 niam
2059 5559 2304 5631 gloriatio
2351 5578 2465 5616 mea
2496 5571 2552 5615 tu
2585 5579 2637 5618 es
2662 5559 2836 5632 (Psal.
2865 5558 2946 5631 ιιι)
2972 5575 2987 5624 ;
3012 5567 3088 5623 et,
3126 5557 3231 5623 Qui
3261 5557 3461 5630 gloria-

1889 5659 1999 5722 tur,
2030 5651 2081 5706 in
2104 5652 2325 5709 Domino
2348 5652 2704 5728 glorietur(!l
2725 5651 2845 5708 Cor.
2867 5649 2956 5723 x);
2985 5659 3062 5713 et.
3093 5647 3151 5706 Si
3174 5650 3346 5708 adhuc
3366 5653 3467 5707 ho-
