3890 6180
494 373 602 429 943
1481 343 1881 406 AMALARIUS
1919 332 2332 396 PRESBYTER
2371 325 2729 386 METENSIS.
3054 352 3070 363 κ
3589 321 3660 374 9H

501 486 726 542 min-ibus
754 482 1032 553 placerem,
1076 470 1270 526 Christi
1314 481 1500 550 servus
1531 479 1656 516 non
1680 474 1842 515 essem
1873 451 2073 527 (Galat.
2106 452 2157 512 Α
2181 445 2416 503 Christi?
2449 443 2531 498 An
2570 437 2883 498 tribulatio?
2915 451 2982 491 an
3012 434 3285 507 angustia?
3315 448 3378 489 an
3405 437 3670 504 persecutio?

1699 552 1702 553 ,
1979 544 2012 553 ..
2277 536 2301 553 ιι
2459 536 2482 553 n
2517 549 2572 553 __.
2608 530 2865 553 ___.):...-0
2907 544 2971 553 -.ι
3023 526 3345 553 ..Λ-ΞΑ.-Ι...κθ
3390 541 3446 553 Α..
3489 527 3670 553 ,ιλ-,εἴακε

503 526 726 542 ....,..ν..,.
754 526 1032 553 ,._--.-_--,
1885 526 1891 527 ί

502 584 544 654 I.)
578 601 590 634 :
625 588 700 641 et,
740 572 868 628 Mihi
899 577 1072 622 autem
1103 562 1236 617 absit
1265 544 1506 632 gloriari,
1538 555 1638 608 nisi
1688 552 1743 604 in
1793 561 1946 602 cruce
1975 544 2078 597 Do-
2177 554 2244 595 an
2275 536 2482 591 fames?
2510 549 2577 588 an
2608 530 2865 588 nuditas?
2907 544 2974 582 an
3023 526 3345 597 periculum?
3388 541 3450 580 au
3488 527 3672 596 gladius?

1863 639 1874 654 υ
2010 653 2016 654 γ
2180 629 2240 654 π·
2302 629 2496 654 ειη-...ης
2529 638 2542 653 .
2572 622 2762 654 rma...
2799 635 2917 654 mm
2959 619 3080 654 m,;.,
3117 633 3284 654 mm“,
3337 633 3467 654 mn"
3549 632 3672 654 mm

503 619 639 728 n’u'm‘
674 664 833 721 nostri
863 659 990 714 Jesu
1019 655 1234 718 Christi,
1261 668 1352 722 per
1375 664 1525 720 quem
1559 645 1685 700 milii
1713 639 1938 695 mundus
1962 653 2081 690 cru-
2180 629 2248 683 Et
2302 629 2497 681 iterum
2529 638 2542 677 :
2572 622 2766 678 Certus
2799 635 2918 674 sum
2959 619 3082 688 quia
3117 633 3285 686 neque.
3337 633 3469 672 mors
3489 657 3502 683 ,
3549 632 3678 686 neque

505 761 694 820 ciﬁxus
740 764 835 816 est,
865 761 913 804 et
951 765 1043 818 eqo
1094 710 1291 799 mundo
1351 710 1552 812 (Calat.
1585 734 1662 804 Vl)
1700 749 1713 796 ;
1748 739 1802 784 et
1833 729 1981 792 illud,
2016 724 2083 778 In
2180 721 2310 784 vita,
2350 731 2525 786 neque
2551 713 2794 784 angelus,
2831 727 3004 781 neque
3047 710 3390 779 principatus,
3419 723 3568 777 neque
3605 724 3678 778 po-

508 799 694 820 ..,.......,
740 799 835 816 η..
867 799 908 804 --
1358 799 1369 812 δ
1645 799 1653 804 1

508 861 557 904 te
587 845 922 901 laudabimur
949 848 1055 891 tota
1086 836 1216 899 die;
1251 832 1318 886 In
1351 829 1578 884 Domino
1611 821 1920 877 laudabitur
1967 816 2085 869 ani-
2185 820 2422 872 testates,
2454 819 2631 876 neque
2653 804 2931 866 instantia,
2961 817 3134 870 neque
3165 801 3359 864 futura,
3390 816 3542 869 neque
3567 799 3682 854 forti-

507 957 594 993 ma
627 951 742 988 mea
774 928 946 1001 (Psal.
973 925 1152 994 mu).
1187 921 1319 977 Cum
1345 918 1478 972 facis
1503 916 1920 982 eleemosynam,
1944 907 2086 959 Deus
2185 899 2332 964 tudo,
2361 913 2532 967 neque
2559 895 2857 956 excelsum,
2884 907 3060 960 neque
3086 890 3419 962 profundum,
3448 906 3593 960 neque
3611 891 3684 944 alia

1908 998 1949 1001 __
2043 995 2053 1001 .
2322 998 2328 1001 .
2555 995 2564 1001 .
2640 986 2672 1001 ο.
2753 999 2794 1001 ,μ
2839 997 3082 1001 ,A.__s_a__-
3116 997 3133 1001 _
3181 981 3426 1001 -I_-_!._--
3455 980 3532 1001 “-2
3606 996 3684 1001 _--_.

629 980 740 988 ..-η
776 980 819 1001 κ-
1114 980 1126 994 I
1744 980 1752 982 Ὺ

510 1026 656 1082 solus
677 1023 876 1084 videat,
915 1031 1037 1072 cum
1066 1012 1280 1084 jejunas
1304 1010 1427 1063 laeta
1480 1007 1552 1061 sit
1577 1003 1742 1057 facies
1766 1009 1876 1053 tua.
1908 995 2088 1049 Vestis
2186 998 2434 1046 creatura
2480 986 2680 1056 poterit
2704 999 2804 1038 nos
2831 997 3088 1052 separare
3113 997 3142 1034 a
3173 981 3430 1035 charitate
3455 980 3567 1044 Dei,
3601 996 3688 1049 quae

510 1132 612 1171 nec
661 1113 794 1169 satis
845 1106 1065 1169 munda,
1126 1117 1226 1157 nec
1271 1097 1506 1154 sordida.
1553 1095 1631 1148 Er
1686 1106 1814 1145 mox.
1857 1087 1967 1140 Nec
2003 1100 2088 1139 sa-
2187 1091 2272 1138 est
2308 1083 2360 1136 in
2383 1081 2605 1134 Christo
2628 1078 2754 1133 Jesu
2788 1078 3016 1131 Domino
3036 1083 3244 1130 nostro.
3269 1075 3462 1130 llabeto
3484 1077 3528 1129 in
3554 1083 3687 1128 mente

512 1208 584 1262 tis
625 1203 878 1273 religiosa
913 1197 1046 1250 velis
1088 1192 1278 1254 videri,
1331 1204 1430 1243 nec
1471 1186 1590 1257 plus
1648 1179 1870 1237 humilis
1927 1191 2090 1246 quam
2190 1171 2460 1244 quomodo
2493 1170 2543 1224 in
2595 1167 2913 1238 Apocalypsi
2944 1167 2997 1220 in
3040 1165 3350 1240 virginitate
3389 1175 3691 1235 permanentes

517 1315 740 1358 necesse
792 1303 910 1358 est,
965 1307 1033 1346 ne
1082 1286 1306 1357 gloriam
1362 1278 1616 1350 fugiendo
1671 1287 1903 1345 quaeras.
1964 1268 2090 1323 Plu-
2192 1263 2499 1317 laudantur.
2541 1257 2806 1329 Virgines,
2850 1258 3027 1328 inquit
3056 1255 3314 1321 Joannes,
3349 1267 3689 1327 permanserunt.

516 1407 604 1448 res
641 1388 788 1444 enim
838 1378 1194 1454 paupertatis,
1239 1369 1627 1429 misericordia:
1683 1373 1846 1435 atque
1898 1356 2091 1428 jejunii
2194 1350 2267 1405 Hi
2297 1360 2418 1404 sunt
2445 1351 2533 1421 qui
2558 1358 2844 1420 sequuntur
2870 1364 3061 1417 agnum
3083 1364 3384 1418 quocunque
3406 1347 3528 1400 cadit
3549 1347 3687 1418 (Apoc.

518 1481 754 1536 arbitros
792 1473 1147 1532 declinantes,
1213 1465 1319 1520 hoc
1369 1463 1488 1530 ipso
1553 1457 1780 1526 cupiunt
1853 1451 2090 1521 placere,
2195 1441 2290 1514 tv).
2319 1441 2754 1508 Quotiescunque
2792 1446 2843 1493 te
2870 1453 3005 1491 vana
3051 1437 3236 1492 sreculi
3275 1437 3582 1492 delectaverit
3605 1452 3691 1490 am-

518 1569 662 1642 quod
685 1568 902 1639 placere
925 1562 1297 1620 contemnunt,
1345 1560 1398 1606 et
1427 1549 1624 1605 mirum
1655 1547 1710 1600 in
1733 1543 1951 1599 modum
1977 1540 2096 1593 laus
2194 1532 2350 1597 bitio,
2383 1530 2598 1601 quoties
2627 1531 2681 1584 in
2718 1529 2920 1583 mundo
2965 1527 3168 1596 aliquid
3197 1528 3391 1583 videris
3438 1527 3694 1597 gloriosum.

1482 1640 1490 1642 _
1813 1632 1843 1642 .-
1988 1637 1998 1642 -
2206 1640 2219 1642 μ
2243 1623 2264 1642 J
2288 1639 2409 1642 ‘___
2431 1622 2594 1642 j!,-___..
2627 1628 2807 1642 -..Α..ι-
2850 1619 3229 1642 ι---,.-..Α.³Α..-
3283 1619 3406 1642 Β---
3434 1619 3578 1642 ε-,ε--
3600 1629 3694 1642 -..με

519 1632 648 1717 dum
675 1632 876 1713 vitatur
895 1649 1186 1720 appetitur.
1234 1643 1375 1698 Sunt
1406 1640 1602 1710 quippe
1626 1632 1894 1691 nonnullae
1915 1637 2096 1684 exter-

523 1751 794 1807 minantes
819 1742 986 1798 facies
1009 1751 1157 1802 suas,
1181 1742 1240 1790 ut
1261 1737 1493 1804 pareant
1516 1725 1823 1782 hominibus
1844 1718 2097 1790 jejunan-

2199 1623 2267 1678 ad
2287 1622 2598 1693 paradisum
2627 1628 2810 1676 mente
2850 1619 3250 1688 transgredere.
3283 1619 3408 1674 Esse
3433 1619 3580 1687 incipe
3597 1629 3697 1687 quoc

2200 1713 2382 1770 futura
2409 1730 2490 1778 es,
2513 1722 2568 1768 et
2603 1713 2791 1768 audies
2845 1728 2873 1767 a
2919 1727 3120 1782 sponso
3173 1718 3298 1766 tuo:
3327 1710 3462 1765 Pone
3503 1727 3568 1764 me
3606 1710 3697 1763 sicut

524 1849 624 1904 tes,
650 1849 771 1907 qua).
793 1830 975 1888 statim
997 1835 1058 1882 ut
1079 1825 1314 1894 aliquem
1335 1819 1591 1881 viderint,
1613 1812 1997 1884 ingemiscunt,
2020 1807 2108 1861 de-
2133 1795 2182 1855 B
2210 1801 2573 1858 umbraculum
2593 1802 2649 1855 in
2678 1800 2836 1854 corde
2862 1809 2950 1853 tuo
2972 1842 2986 1866 ,
3026 1802 3165 1853 sicut
3207 1799 3512 1869 signaculum
3550 1799 3593 1851 in
3614 1799 3698 1850 bra-

2255 1893 2302 1907 ι·
2370 1902 2382 1907 -
2541 1898 2553 1907 ι
2666 1905 2732 1907 ην
2765 1890 2966 1907 ηπομνᾼ
3051 1905 3102 1907 __
3170 1889 3514 1907 _‘W___H__2h
3563 1885 3676 1907 "nu

526 1904 749 1986 mittunt
783 1919 1154 1992 supercilium,
1191 1921 1244 1968 et
1263 1918 1450 1983 operta
1493 1906 1652 1971 facie,
1676 1904 1768 1957 vix
1788 1914 1955 1956 unum
1978 1912 2109 1952 ocu-

522 2022 635 2078 lum
655 1990 888 2073 liberant
904 2011 971 2066 ad
990 2005 1310 2064 videndum:
1333 2001 1500 2057 vestis
1519 1996 1681 2068 pulla,
1706 1990 1974 2063 cingulum
1991 2001 2106 2042 sac-

525 2126 686 2169 ceum
700 2119 756 2165 et
784 2103 1016 2163 sordidis
1042 2099 1293 2155 manibus
1324 2094 1676 2165 pedibusque,
1715 2095 1906 2141 venter
1938 2082 2106 2148 solus,

531 2201 659 2275 quia
683 2198 855 2255 videri
871 2211 976 2252 non
992 2200 1185 2264 potest,
1210 2194 1402 2245 aestuat
1423 2186 1564 2240 cibo.
1594 2181 1688 2236 His
1700 2177 1937 2249 quotidie
1963 2173 2106 2246 psal-

526 2269 652 2351 mus
689 2290 777 2346 ille
802 2287 1056 2344 canitur:
1093 2281 1344 2336 Dominus
1383 2275 1656 2345 dissipabit
1685 2288 1805 2326 ossa
1841 2269 2110 2323 hominum

531 2383 631 2439 sibi
679 2377 996 2448 placentium
1040 2370 1232 2446 (Psal.
1296 2366 1430 2441 ut).
1480 2365 1614 2420 Irim
1670 2378 1762 2417 lBt.
1818 2359 1951 2414 Post
1995 2357 2115 2412 bzec

529 2483 840 2544 quanquam
891 2461 1183 2536 Apostolus
1225 2473 1440 2528 semper
1470 2469 1630 2512 orare
1667 2467 1767 2507 nos
1786 2450 2006 2522 jubeat,
2061 2455 2116 2502 et

533 2539 740 2621 sanctis
763 2559 930 2616 etiam
958 2555 1074 2626 ipse
1095 2566 1318 2609 somnus
1342 2547 1520 2603 oratio
1549 2545 1642 2610 sit,
1669 2550 1847 2597 tamen
1877 2539 2118 2612 diversas

537 2652 730 2710 orandi
781 2650 942 2704 horas
970 2645 1230 2700 debemus
1268 2639 1468 2694 habere
1495 2677 1509 2701 ,
1564 2641 1623 2688 ut
1652 2633 1696 2687 si
1752 2631 1892 2685 forte
1941 2628 2120 2697 aliquo

536 2743 800 2800 fuerimus
827 2751 991 2807 opere
1017 2730 1246 2795 detenti,
1277 2729 1450 2799 ipsum
1476 2738 1578 2779 nos
1607 2722 1673 2777 ad
1718 2719 1951 2775 cilicium
1979 2727 2120 2771 tem-

542 2850 645 2907 pus
681 2831 987 2887 admoneat.
1032 2824 1235 2879 Horam
1285 2820 1500 2875 tertiam
1528 2857 1541 2880 ,
1599 2820 1828 2876 sextam,
1887 2823 2122 2872 nonam,

540 2899 834 2979 diluculum
871 2927 1085 2985 quoque
1109 2922 1165 2966 et
1201 2923 1507 2980 vesperam,
1540 2918 1699 2960 nemo
1721 2911 1805 2958 est
1831 2933 1848 2960 ,
1900 2899 1993 2969 qui
2030 2912 2126 2953 ne-

543 3013 702 3068 sciat.
733 3007 846 3064 Nec
869 3005 977 3062 cibi
1019 3010 1302 3059 sumantur
1323 3041 1338 3066 ,
1392 2997 1495 3052 nisi
1524 2995 1769 3050 oratione
1799 2989 2078 3061 praemissa
2109 3005 2122 3041 :

544 3119 647 3160 nec
671 3099 958 3170 recedatur
986 3111 1016 3149 a
1055 3108 1260 3155 mensa,
1295 3089 1398 3145 nisi
1435 3087 1703 3142 referatur
1726 3079 1970 3138 Creatori
2006 3093 2129 3150 gra-

2219 1893 2334 1947 chio
2363 1902 2476 1958 tuo,
2506 1898 2560 1946 et
2583 1905 2744 1961 opere
2763 1890 2969 1959 pariter
2987 1930 3002 1955 ,
3043 1905 3108 1944 ac
3137 1897 3313 1944 mente
3335 1889 3536 1948 munita,
3557 1885 3697 1941 clama-

2208 1983 2296 2040 bis
2317 1989 2372 2038 et
2408 1982 2556 2037 dices
2583 1999 2595 2036 :
2627 1981 2791 2052 Aqua:
2817 1979 2994 2035 multa:
3017 1996 3125 2033 non
3156 1989 3425 2049 potuerunt
3453 1979 3699 2046 exstinguere

2212 2077 2540 2142 charitatem,
2565 2084 2612 2140 et
2633 2076 2856 2146 ﬂumina
2886 2090 2990 2127 non
3019 2075 3258 2144 operiant
3285 2072 3422 2126 illam
3443 2068 3587 2144 (Cant.
3608 2067 3697 2132 rm).

2833 2165 3060 2221 CAPUT
3101 2165 3165 2220 ll.

2287 2259 2579 2330 (Ejusdem
2647 2257 2956 2328 Hieronymi
3001 2258 3071 2312 ad
3124 2256 3536 2327 Demetriadem.)
3579 2245 3698 2309 Unuin

2217 2349 2346 2407 illud
2376 2350 2493 2416 tibi,
2521 2358 2645 2405 nata
2677 2350 2808 2415 Deo,
2843 2363 3060 2418 praeque
3099 2350 3349 2404 omnibus
3384 2363 3527 2402 unum
3568 2343 3700 2414 pradi-

2217 2457 2358 2506 cam,
2387 2450 2440 2495 et
2465 2449 2713 2512 repetens
2745 2441 3049 2510 iterumque
3068 2482 3085 2505 ,
3143 2441 3434 2510 iterumque
3459 2438 3649 2499 monebo,
3667 2442 3705 2486 ut

2219 2532 2459 2586 animum
2481 2539 2633 2586 tuum
2663 2545 2828 2586 sacra:
2843 2529 3102 2585 lectionis
3127 2545 3309 2586 amore
3331 2543 3549 2597 occupes,
3583 2539 3653 2578 nec
3669 2524 3702 2574 in

2219 2624 2358 2679 bona
2384 2632 2525 2678 terra
2552 2623 2788 2693 pectoris
2814 2624 2886 2677 tul
2921 2635 3227 2678 sementem
3250 2622 3376 2687 lolii,
3401 2627 3705 2683 avenarumque

2223 2717 2504 2785 suscipias,
2519 2731 2588 2771 ne
2609 2715 2912 2770 dormiente
2944 2714 3357 2784 patrefamilias,
3374 2713 3582 2768 inimicus
3597 2708 3704 2762 humo

2225 2807 2430 2862 zizania
2444 2805 2863 2874 superseminet;
2888 2804 2982 2859 sed
3008 2803 3233 2875 semper
3248 2796 3466 2872 loquaris
3487 2819 3498 2853 :
3522 2800 3567 2853 ln
3587 2795 3703 2850 nocti-

2225 2900 2328 2956 bus
2344 2898 2564 2968 quzesivi
2587 2913 2746 2967 quem
2772 2896 2944 2966 diligit
2968 2897 3158 2951 anima
3187 2912 3332 2962 mea;
3363 2890 3706 2958 et,adh:esitpost

2227 2995 2283 3043 te
2305 2987 2486 3042 anima
2514 3001 2652 3048 mea.
2675 3000 2760 3040 me
2787 2985 3024 3055 suscepit
3055 2985 3284 3041 dextera
3310 2993 3411 3038 tua.
3435 2980 3611 3048 Quando
3627 2989 3706 3030 eras

2232 3080 2285 3134 in
2304 3079 2520 3143 saeculo,
2537 3094 2599 3134 ea
2615 3094 2736 3149 qum
2757 3087 2913 3132 erant
2933 3078 3120 3132 saeculi
3146 3077 3390 3148 diligebas
3413 3094 3424 3131 :
3451 3089 3564 3128 nunc
3583 3079 3705 3124 autem

547 3196 640 3250 tia.
666 3190 926 3247 Noctibus
951 3186 1035 3241 bis
1057 3196 1243 3254 terque
1268 3178 1594 3250 surgendum
1613 3216 1628 3242 ,
1659 3171 1979 3229 revolvenda
2009 3149 2129 3240 quae
2155 3149 2199 3211 ί]
2231 3169 2354 3238 quia
2377 3168 2628 3222 saeculum
2650 3168 2932 3238 reliquisti,
2969 3175 3026 3222 et
3051 3167 3294 3224 secundo
3326 3177 3433 3238 post
3473 3165 3707 3232 baptismum

463 3275 466 3278 ’
549 3285 617 3340 de
679 3277 976 3351 Scripturis
1036 3272 1350 3330 memoriter
1405 3268 1720 3324 retinemus.
1766 3263 1848 3318 Ad
1911 3275 2128 3317 omnem

551 3385 752 3438 actum,
777 3371 846 3426 ad
870 3382 1086 3424 omnem
1132 3365 1402 3419 incessum
1435 3373 1628 3414 manus
1676 3357 1864 3426 pingat
1889 3361 2126 3407 crucem.

548 3466 692 3523 Nulli
721 3462 994 3525 detrahas,
1017 3472 1118 3514 nec
1141 3456 1400 3510 adversus
1425 3451 1594 3505 tilium
1622 3446 1814 3502 matris
1841 3453 1945 3499 tua:
1962 3455 2133 3512 ponas

552 3554 888 3614 scandalum.
921 3550 1032 3605 Nec
1058 3548 1102 3604 si
1131 3545 1294 3602 biduo
1338 3538 1701 3613 jejunaveris,
1756 3544 1912 3607 putes
1943 3542 1995 3587 te
2027 3546 2134 3586 non

547 3645 918 3720 jejunantibus
946 3655 1069 3696 esse
1095 3637 1391 3694 meliorem.
1421 3631 1499 3686 Tu
1518 3629 1732 3701 jejunus
1766 3638 1821 3682 et
1845 3623 2095 3680 irasceris
2119 3637 2132 3674 :

557 3715 649 3795 ille
687 3734 960 3798 comedit,
1008 3739 1063 3787 et
1107 3728 1285 3783 fronte
1331 3722 1623 3780 blanditur.
1673 3719 1751 3773 Tu
1796 3715 2139 3772 vexationem

558 3831 780 3895 mentis,
812 3835 867 3882 et
889 3824 1096 3880 ventris
1121 3821 1354 3877 esuriem
1378 3815 1604 3870 rixando
1627 3811 1826 3882 digeris
1857 3828 1869 3862 :
1909 3807 1998 3862 ille
2021 3821 2138 3860 mo-

561 3919 803 3976 deratius
831 3912 1012 3977 alitur,
1052 3919 1108 3966 et
1150 3911 1260 3964 Deo
1287 3905 1489 3978 gratias
1535 3903 1663 3974 agit.
1711 3899 1865 3955 Unde
1903 3896 2143 3968 quotidie

562 4012 765 4068 clamat
784 4003 954 4062 Isaias
981 4020 994 4056 :
1031 4000 1155 4056 Non
1179 3999 1283 4053 tale
1303 3996 1569 4068 jejunium
1594 3991 1768 4062 elegit,
1796 3989 1928 4045 dicit
1961 3986 2146 4043 Domi-

568 4118 690 4165 nus.
721 4099 787 4154 In
827 4095 1008 4156 diebus
1021 4091 1350 4165 jejuniorum
1380 4095 1668 4142 vestrorum
1699 4081 2032 4136 inveniuntur
2055 4094 2146 4132 vo—

566 4198 794 4252 luntates
825 4198 1010 4246 vestra:
1042 4184 1176 4259 Usa.
1206 4180 1379 4254 ιγιιι).
1404 4178 1751 4234 Νεοίηιιιύῐη
1782 4173 1878 4229 tibi
1902 4170 2146 4241 exempla

563 4297 857 4358 proponas,
883 4293 1002 4350 qua:
1027 4276 1210 4333 carnis
1231 4288 1418 4329 curam
1449 4264 2147 4336 facientes,possessionum

569 4379 776 4433 reditus
808 4382 863 4430 et
885 4369 1226 4442 quotidianus
1274 4366 1464 4442 domus
1521 4363 1794 4432 impensas
1836 4362 2144 4428 supputant.

567 4467 677 4524 Nec
700 4468 868 4522 dicas.
893 4437 986 4516 illa
1010 4468 1062 4515 et
1085 4459 1174 4514 illa
1201 4457 1312 4513 suis
1334 4437 1497 4512 rebus
1520 4452 1740 4517 fruitur,
1765 4451 2064 4506 honoratur
2083 4446 2150 4502 ab

571 4557 910 4621 hominibus;
943 4553 1138 4607 fratres
1165 4550 1231 4604 ad
1257 4564 1376 4604 eam
1412 4545 1759 4606 conveniunt,
1789 4550 1845 4596 et
1888 4553 2104 4596 sorores
2129 4555 2141 4590 :

570 4649 818 4721 nunquid
871 4645 992 4700 ideo
1046 4643 1197 4712 virgo
1238 4655 1358 4696 esse
1402 4637 1598 4693 desiit?
1635 4635 1877 4690 Primum
1930 4630 2147 4686 dubium

573 4749 657 4796 est
702 4719 771 4792 an
822 4735 975 4805 virgo
1021 4733 1090 4788 sit
1143 4730 1309 4785 talis:
1344 4743 1450 4783 non
1495 4726 1639 4780 enim
1678 4720 1947 4792 quomodo
2005 4719 2152 4775 videt

574 4832 759 4892 homo,
790 4825 938 4881 videt
967 4824 1146 4879 Deus:
1187 4821 1347 4875 homo
1387 4816 1532 4870 videt
1562 4815 1615 4868 in
1664 4810 1834 4875 facie;
1884 4810 2024 4865 Deus
2058 4824 2154 4863 au-

577 4929 684 4974 tem
720 4919 775 4972 in
804 4917 987 4971 corde.
1020 4911 1223 4967 Dehinc
1249 4907 1459 4964 etiamsi
1487 4917 1710 4973 corpore
1739 4901 1887 4971 virgo
1912 4908 1994 4955 est
2023 4940 2038 4964 ,
2085 4915 2154 4954 an

577 5009 773 5080 spiritu
819 5006 970 5076 virgo
996 5003 1068 5058 sit
1111 5000 1313 5056 nescio.
1345 4994 1634 5066 Apostolus
1676 4999 1855 5047 autem
1888 4991 1962 5044 ita
1990 4989 2156 5060 virgi-

576 5114 699 5154 nem
725 5095 990 5159 deﬁnivit,
1017 5101 1073 5147 ut
1101 5093 1166 5146 sit
1201 5098 1383 5144 sancta
1424 5081 1640 5155 carpare
1666 5093 1712 5139 et
1742 5084 1926 5155 spiritu
1956 5081 2006 5153 (1
2031 5081 2152 5136 Cor.

579 5187 695 5260 vn).
725 5185 854 5242 Haec
878 5182 1080 5248 omnia,
1105 5195 1224 5252 quae
1261 5177 1584 5249 digessimus
1605 5217 1620 5241 ,
1670 5175 1804 5231 dura
1832 5173 2158 5228 videbuntur

580 5281 651 5344 ei,
683 5291 803 5349 qua:
831 5289 940 5331 non
971 5280 1117 5327 amat
1148 5269 1442 5325 Christum.
1473 5265 1574 5335 Qui
1604 5274 1782 5321 autem
1814 5278 2030 5320 omnem
2059 5280 2159 5319 sre-

580 5371 682 5427 culi
712 5379 967 5442 pompam
1009 5378 1109 5434 pro
1135 5368 1490 5432 purgamento
1517 5357 1789 5423 habuerit,
1819 5365 1872 5411 et
1902 5371 2038 5410 vana
2066 5354 2158 5410 du-

583 5461 720 5517 xerit
745 5458 999 5514 uuiversa
1028 5454 1128 5510 sub
1161 5450 1295 5516 sole,
1328 5457 1388 5504 ut
1409 5445 1685 5503 Christum
1713 5445 2039 5509 lucrifaciat,
2065 5445 2158 5516 qui

582 5558 950 5611 commortuus
1004 5555 1090 5604 est
1126 5543 1356 5601 Domino
1384 5555 1482 5600 suo
1505 5582 1520 5606 ,
1566 5548 1622 5596 et
1671 5537 2051 5605 consurrexit,
2105 5544 2162 5594 et

581 5641 852 5699 cruciﬁxit
905 5651 1124 5696 carnem
1167 5649 1291 5691 cum
1334 5631 1513 5697 vitiis,
1564 5637 1618 5686 et
1674 5628 2156 5700 comupiscentiis,

496 5693 1176 5798 mbroclamabit:
1209 5723 1340 5794 Quis
1369 5737 1467 5780 nos
1501 5693 1798 5794 separabit
1827 5693 1865 5775 ἆ
1893 5693 2159 5778 charitate

2232 3259 2399 3328 gradu
2439 3258 2582 3313 inisti
2609 3266 2824 3326 pactum
2859 3274 2984 3314 cum
3027 3260 3342 3316 adversario
3371 3268 3477 3320 tuo,
3499 3256 3636 3309 dicens
3658 3249 3704 3308 ei.

2234 3348 2507 3403 Renuntio
2537 3349 2650 3411 tibi,
2672 3349 2902 3414 diabole,
2922 3357 2977 3404 et
3005 3352 3212 3408 saeculo
3239 3360 3344 3416 tuo,
3372 3358 3418 3404 et
3443 3361 3605 3418 pompze
3624 3352 3703 3400 tua.

2235 3443 2554 3512 etoperibus
2583 3442 2687 3496 tuis
2715 3459 2728 3495 :
2759 3457 2916 3500 serva
2943 3441 3131 3500 foedus
3156 3445 3296 3516 quod
3334 3441 3708 3514 pepigisti,etesto

2237 3533 2596 3598 consentiens,
2630 3541 2958 3604 pactumque
2997 3537 3318 3590 custodiens
3347 3550 3456 3589 cum
3491 3523 3709 3583 adversario

2240 3632 2351 3689 tuo,
2382 3624 2508 3678 dum
2533 3638 2594 3678 es
2624 3624 2675 3678 in
2711 3624 2792 3678 via
2844 3625 3003 3694 hujus
3038 3626 3251 3691 sazculi,
3281 3640 3346 3679 ne
3391 3622 3508 3677 forte
3539 3614 3709 3671 tradam

2232 3711 2422 3780 judici,
2479 3713 2824 3783 tra'darisque
2872 3714 3168 3779 ministro;
3227 3725 3279 3771 et
3325 3730 3421 3769 non
3452 3710 3548 3764 inde
3579 3716 3706 3759 exeas.

2241 3805 2345 3860 nisi
2374 3805 2552 3860 solvas
2581 3807 2935 3861 novissimum
2959 3805 3402 3876 quadrantem,id
3423 3811 3492 3858 est
3514 3797 3706 3854 minimum

2243 3897 2490 3968 quodque
2518 3895 2810 3952 delictum:
2843 3897 2968 3966 quia
3007 3906 3065 3952 et
3095 3914 3195 3969 pro
3235 3899 3398 3952 otioso
3441 3892 3574 3947 verbo
3596 3882 3709 3939 relli-

2245 3987 2350 4042 turi
2383 4000 2567 4042 sumus
2597 3985 2861 4040 rationem
2896 3987 2949 4040 in
2979 3987 3070 4042 die
3103 3987 3312 4056 judicii.
3347 3984 3457 4040 ηερε
3497 3981 3606 4035 dicta
3645 3971 3710 4024 sint

2246 4093 2352 4133 non
2385 4075 2618 4131 infausto
2649 4084 2837 4131 contra
2865 4086 2918 4131 te
2941 4078 3222 4142 vaticinio,
3247 4077 3335 4132 sed
3362 4063 3711 4146 pavidicautitlne

2248 4170 2531 4225 monitoris
2560 4167 2755 4233 oﬂicio,
2786 4185 2849 4224 ea
2878 4185 3099 4240 quoque
3146 4172 3199 4225 in
3232 4177 3310 4235 te,
3357 4181 3461 4237 quae
3485 4168 3574 4232 tuta
3609 4158 3709 4208 sunt.

2248 4259 2603 4315 formidantis.
2635 4259 2690 4315 Si
2731 4261 2953 4330 spiritus
2978 4301 2992 4326 ,
3051 4262 3244 4332 inquit,
3278 4265 3556 4332 potestatem
3582 4246 3714 4303 haben-

2249 4355 2321 4408 tis
2349 4353 2653 4408 ascenderit
2703 4369 2864 4422 super
2889 4361 2939 4407 te
2966 4393 2980 4417 ,
3026 4353 3205 4409 locum
3237 4361 3375 4406 tuum
3423 4361 3481 4402 ne
3508 4332 3712 4396 dimiseris-

2253 4446 2380 4501 Vult
2411 4460 2509 4499 nos
2532 4445 2650 4501 loco
2680 4460 2898 4499 movere
2924 4444 3118 4510 hostis,
3152 4453 3205 4499 et
3234 4444 3298 4498 de
3327 4439 3475 4510 gradu
3498 4427 3714 4488 excedere:

2253 4537 2347 4591 sed
2382 4535 2659 4590 solidanda
2702 4543 2826 4590 sunt
2860 4535 3118 4605 vestigia,
3170 4543 3226 4589 et
3273 4510 3719 4587 dicendum;Statuit

2254 4645 2415 4700 supra
2445 4637 2655 4697 petram
2703 4627 2868 4697 pedes
2905 4642 3091 4691 meos,
3133 4635 3237 4681 etc.
3280 4624 3333 4679 Si
3369 4623 3416 4676 in
3461 4608 3719 4686 cogitationes

2257 4727 2376 4774 tuas
2413 4718 2632 4774 coluber
2672 4718 3004 4780 ascenderit,
3059 4733 3213 4772 serva
3243 4731 3335 4770 cor
3365 4723 3528 4768 tuum,
3567 4708 3608 4753 et
3641 4705 3716 4748 cum

2259 4813 2427 4868 David
2473 4813 2652 4867 canito
2681 4829 2692 4864 :
2727 4812 2800 4865 Ab
2835 4809 3050 4865 occultis
3085 4812 3213 4864 meis
3266 4806 3448 4861 munda
3477 4818 3575 4860 mr,
3613 4800 3646 4844 τί
3680 4781 3717 4834 σθ

2257 4904 2443 4958 alienis
2492 4919 2647 4975 parce
2675 4918 2821 4959 serva
2863 4910 2972 4959 tuo.
3010 4900 3209 4960 Claude
3242 4897 3521 4959 cubiculum
3543 4873 3717 4963 ρρςὶυῖίεν

2259 5004 2314 5048 et
2339 4997 2532 5051 crebro
2558 4996 2833 5066 signaculo
2855 4998 3032 5052 crucis
3060 4996 3271 5051 munias
3294 4993 3502 5049 frontem
3526 4994 3657 5038 tuam.
3679 4981 3720 5021 ηε

2262 5086 2655 5142 exterminator
2679 5085 2898 5159 {Egypti
2927 5089 2978 5141 in
3010 5097 3056 5142 te
3100 5087 3275 5142 locum
3307 5081 3533 5153 reperiat.
3555 5073 3648 5126 Post
3668 5074 3723 5112 cn-

2262 5177 2584 5248 gitationum
2612 5176 3077 5248 diligentissimam
3119 5178 3410 5232 cautionem
3435 5213 3450 5237 ,
3486 5159 3725 5248 jejuniontm

2265 5269 2360 5325 tibi
2397 5281 2546 5323 arma
2583 5268 2842 5323 sumenda
2870 5278 3014 5333 sunt,
3047 5276 3099 5321 et
3125 5265 3413 5321 canendum
3455 5269 3556 5312 cum
3579 5238 3724 5303 Dalii;

2266 5358 2555 5414 Humiliavi
2584 5360 2638 5413 in
2666 5359 2876 5429 jejunio
2903 5359 3133 5414 animum
3160 5371 3344 5417 meam,
3369 5360 3413 5406 et
3447 5349 3624 5402 cinerem
3646 5341 3727 5383 ωηο

2264 5467 2420 5522 quam
2464 5466 2650 5520 panem
2702 5423 3013 5509 manducavi
3046 5460 3067 5498 .'
3113 5457 3204 5513 et,
3245 5441 3368 5499 Cum
3418 5432 3584 5490 molesti
3612 5423 3726 5510 mil“

2464 5501 2645 5520 (νην-κ
2705 5501 2726 5502 η
3191 5501 3204 5513 1

2216 5572 2223 5577 -
2267 5539 2414 5605 ntilti,
2444 5535 2699 5592 induebar
2723 5537 2896 5592 cilicio
2921 5535 3088 5611 (Psal.
3119 5533 3319 5606 xxxrv).
3349 5528 3561 5586 Salvator
3578 5501 3730 5611 δεηθῇς

2383 5592 2414 5605 ⁷⁷
2923 5592 2938 5611 \
2999 5592 3008 5593 ί
3281 5592 3294 5606 1
3701 5592 3707 5599 .

2267 5628 2507 5691 humani,
2539 5629 2633 5699 qui
2668 5628 2931 5684 virtutum
2977 5639 3032 5685 et
3076 5618 3478 5682 conversationis
3515 5621 3602 5668 sum
3624 5594 3729 5691 00b."

2263 5723 2482 5792 reliquit
2507 5722 2832 5794 exemplum,
2862 5730 2985 5793 post
3028 5719 3340 5788 baptismum
3366 5709 3526 5770 statim
3559 5700 3728 5754 assum“
