3890 6180
254 321 368 376 9ιό

767 320 1047 376 llLuULA
1089 320 1730 381 SANCTIMONIALIUM
1768 325 1858 378 AB
1891 324 2248 384 AMALARIO
2287 329 2667 388 COLLECTA.
2707 367 2776 377 —
2813 338 2940 395 LIB.
2981 342 3042 397 ll.

3435 354 3542 410 οη

258 443 351 491 tur
378 453 408 490 a
440 438 652 507 spiritu,
679 444 737 489 ut
758 445 958 506 pugnet
983 445 1172 492 contra
1204 437 1509 503 diabolum;
1543 448 1598 493 et
1623 455 1843 510 oppres—
1871 439 1919 499 A
1947 444 2264 512 pretiosius,
2293 447 2396 501 nisi
2428 451 2572 518 quod
2606 453 2855 511 manibus
2885 457 2991 512 tuis
3039 459 3150 528 ipsa
3204 465 3538 534 confeceris,

254 545 383 585 sum
411 545 536 584 eum
573 538 738 598 atque
761 530 1054 583 contritum
1086 530 1605 604 tradiditdiscipulis
1635 532 1852 586 concul-

252 622 514 678 candum.
568 620 722 677 Unde
765 629 821 676 et
850 621 1141 692 Apostolus
1187 623 1462 692 loquitur:
1510 623 1645 677 Deus
1675 634 1848 679 autem

253 723 488 769 conteret
513 711 772 768 Satanam
802 714 895 768 sub
922 714 1138 784 pedibus
1167 716 1344 769 vestris
1391 715 1632 770 velociter
1665 715 1842 786 (Rom.

253 805 394 875 xu).
430 805 496 859 Et
545 813 725 860 tamen
781 803 954 860 bustis
1009 805 1265 875 antiquus
1319 815 1442 876 post
1491 807 1845 878 quadraginta

247 895 466 950 dierum
489 895 779 966 jejunium,
806 912 903 965 per
923 895 1104 950 cibum
1132 897 1352 951 molitur
1402 897 1647 962 insidias,
1680 908 1735 953 et
1763 900 1844 953 di-

246 988 326 1042 cit
355 1008 367 1041 2
400 987 461 1043 Si
492 986 670 1042 Filius
700 988 799 1042 Dei
837 1006 889 1042 es
917 1029 930 1052 ,
962 989 1047 1042 die
1075 999 1129 1042 ut
1156 988 1356 1057 lapides
1387 990 1474 1043 isti
1523 1008 1683 1060 panes
1710 993 1842 1059 ﬁant

249 1079 472 1146 (Matth.
510 1079 606 1148 tv).
634 1080 690 1133 In
717 1078 816 1135 Job
845 1081 1106 1150 scriptum
1144 1081 1318 1135 estde
1353 1081 1624 1136 dracone:
1665 1082 1842 1138 l’irtus

247 1171 367 1238 ejus
387 1171 440 1223 in
469 1170 658 1226 lumbis
683 1172 798 1240 ejus
819 1211 834 1236 ,
888 1181 937 1224 et
976 1172 1231 1240 fortitudo
1267 1171 1409 1226 illius
1452 1189 1608 1242 super
1634 1173 1842 1226 tittibili-

247 1276 371 1312 cum
417 1261 607 1313 ventris
662 1261 774 1329 ejus
823 1260 944 1331 (Job
1004 1260 1102 1330 tv).
1171 1261 1469 1316 Adversum
1509 1261 1742 1330 juvenes
1785 1271 1843 1317 et

247 1349 458 1416 puellas
482 1351 658 1404 astatis
696 1351 891 1405 ardore
945 1351 1119 1405 hostis
1149 1361 1334 1406 noster
1358 1353 1618 1416 abutitur,
1652 1363 1704 1408 et
1752 1355 1836 1407 in-

248 1440 490 1495 ﬂammat
520 1450 693 1496 rotam
746 1445 1046 1498 nativitatis
1099 1452 1324 1510 nostrae;
1381 1455 1434 1498 et
1469 1445 1654 1514 implet
1707 1446 1836 1501 illud

245 1531 670 1588 Osezez0nmes
728 1534 1118 1598 adulterantes,
1170 1537 1322 1604 quasi
1377 1535 1613 1590 clibanus
1673 1539 1834 1591 corda

241 1641 426 1676 eorum
457 1622 629 1692 (Osete
659 1624 756 1694 vn)
784 1643 796 1677 :
828 1641 947 1695 qua:
995 1626 1087 1679 Dei
1116 1627 1484 1680 misericordia
1524 1634 1575 1680 et
1603 1625 1837 1695 jejunio-

241 1729 364 1766 rnm
390 1713 589 1784 frigore
631 1715 1058 1784 restinguuntur.
1117 1714 1242 1770 Haec
1279 1725 1404 1769 sunt
1435 1717 1602 1785 ignita
1629 1715 1828 1771 diaboli

1952 533 2037 586 vel
2081 535 2133 588 in
2181 551 2310 590 usus
2369 541 2648 608 proprios,
2679 543 2760 597 vel
2809 545 2863 599 in
2911 551 3220 618 exemplum
3273 533 3540 628 virginum

1949 636 2288 684 eteterarum.
2338 632 2544 686 Bonum
2598 643 2682 689 est
2730 637 2892 708 igitur
2945 640 3165 698 obedire
3209 646 3536 717 majoribus.

1946 732 2141 787 parere
2177 721 2460 791 perfectis;
2493 735 2548 779 et
2572 736 2694 795 post
2721 731 2933 799 regulas
2959 731 3383 806 Scripturarum,
3415 743 3539 798 vita:

1946 824 2056 863 suae
2105 813 2376 867 tramitem
2421 816 2488 869 ab
2513 815 2637 871 aliis
2675 819 2905 887 discere,
2940 839 3037 878 nec
3068 837 3400 899 prmeeptore
3455 836 3534 889 uti

1944 901 2207 966 pessimo,
2270 903 2476 959 scilicet
2519 912 2939 980 praesumptione
2991 929 3110 970 sua.
3162 917 3531 980 Matronarum

1944 991 2154 1045 maritis
2183 1008 2245 1047 ac
2274 995 2470 1049 saeculo
2509 999 2857 1054 servientium
2913 1002 3008 1058 tibi
3055 1010 3331 1064 consortia
3366 1011 3534 1069 decli-

1941 1088 2159 1145 nentur,
2187 1098 2254 1136 ne
2282 1084 2605 1141 sollicitetur
2651 1091 2895 1157 animus,
2954 1104 3009 1149 et
3051 1099 3241 1156 audias
3286 1104 3414 1172 quid
3445 1107 3528 1161 vel

1941 1170 2166 1225 maritus
2192 1174 2366 1234 uxori,
2398 1175 2481 1228 vel
2537 1192 2675 1231 uxor
2719 1179 2896 1236 locuta
2951 1185 3019 1238 sit
3061 1187 3196 1242 viro.
3244 1170 3530 1250 venenata:

1940 1267 2063 1311 sunt
2091 1259 2395 1329 hujusmodi
2427 1263 2909 1332 confabulationes,
2932 1287 3093 1343 super
3121 1291 3350 1346 quarum
3377 1283 3524 1337 dan»

1938 1349 2157 1404 natione
2186 1351 2500 1408 saecularem
2527 1371 2740 1410 versum
2765 1374 3046 1417 assumens
3068 1365 3376 1437 Apostolus,
3397 1371 3528 1428 facit

1936 1438 2362 1496 ecclesiasticum
2396 1462 2407 1496 :
2443 1443 2794 1517 Corrumpunt
2825 1465 2990 1504 mores
3037 1452 3196 1508 bonos
3218 1459 3526 1528 con/nbula-

1934 1529 2101 1583 tiones
2136 1531 2290 1586 mala:
2319 1531 2369 1604 (Ι
2398 1531 2520 1587 Cor.
2568 1536 2680 1606 xv).
2707 1536 2912 1592 Graves
2937 1539 3152 1598 femina:
3182 1545 3277 1600 tibi
3300 1550 3527 1607 comites

1932 1620 2227 1691 eligantur,
2280 1640 2508 1692 quarum
2555 1628 2778 1695 probata
2826 1639 2908 1685 est
2946 1636 3309 1703 conversatio,
3339 1654 3520 1696 sermo

1931 1714 2260 1779 moderatus,
2289 1723 2476 1771 sancta
2513 1721 2856 1774 verecundia.
2883 1721 3026 1793 Fuge
3055 1724 3331 1783 lasciviam
3372 1731 3524 1800 puel-

237 1803 436 1869 iacula,
461 1821 582 1874 quae
619 1805 780 1860 simul
826 1815 882 1860 et
908 1807 1216 1871 vulnerant,
1248 1817 1302 1864 et
1329 1808 1683 1862 inﬂammant.
1740 1808 1830 1864 Sic
1860 1787 1904 1845 Β
1933 1801 2130 1869 larum,
2157 1819 2276 1873 qute
2301 1815 2497 1859 ornant
2518 1808 2717 1877 capita,
2742 1809 2920 1864 crines
2945 1828 2973 1864 a
3001 1812 3178 1870 fronte
3206 1787 3518 1874 demitlunt.

236 1910 457 1963 quoque
481 1895 647 1950 debes
677 1896 946 1966 jejunare,
985 1906 1042 1950 ut
1080 1897 1253 1952 fracto
1283 1900 1524 1968 corporis
1567 1901 1828 1968 appetitu,

236 1999 342 2038 nec
373 1986 424 2038 in
453 1985 706 2051 lectione,
732 2003 833 2043 nec
859 1989 910 2042 in
948 1989 1192 2058 psalmis,
1221 2006 1319 2044 nec
1347 1969 1410 2044 ‘in
1448 1992 1645 2062 vigiliis
1671 1994 1830 2048 solito

233 2075 370 2142 quid
398 2075 574 2130 minus
593 2075 782 2132 facias.
815 2077 1084 2147 Jejunium
1110 2096 1217 2134 non
1245 2080 1484 2150 perfecta
1513 2083 1702 2146 virtus,
1733 2085 1827 2139 sed

232 2177 558 2223 raaterarum
611 2171 871 2225 virtutum
913 2171 1319 2228 fundamentum
1369 2183 1450 2230 est
1483 2192 1494 2228 :
1524 2183 1582 2230 et
1626 2179 1829 2232 sancti-

232 2257 420 2312 ﬁcatio
445 2269 608 2327 atque
637 2261 917 2329 pudicitia,
943 2263 1062 2318 sine
1090 2280 1196 2332 qua
1227 2279 1386 2319 nemo
1409 2266 1612 2320 videbit
1633 2268 1822 2333 Deum,

228 2356 435 2425 gradus
482 2358 685 2426 praebet
721 2357 786 2411 ad
845 2374 1055 2413 summa
1099 2361 1500 2416 scandentibus.
1557 2362 1826 2433 Legamus

227 2449 573 2518 evangelium
598 2451 902 2520 sapientum
930 2461 982 2505 et
1006 2452 1291 2507 stultarum
1324 2454 1587 2524 virginum
1606 2455 1820 2526 (Matth.

229 2541 366 2612 xxv)
395 2583 407 2602 ,
440 2557 668 2610 quarum
707 2543 826 2597 aliae
864 2544 1167 2599 cubiculum
1207 2546 1581 2616 ingrediuntur
1612 2551 1822 2618 sponsi,

227 2633 356 2686 aliae
384 2634 642 2688 bonorum
672 2651 896 2704 operum
948 2636 1124 2690 oleum
1158 2654 1261 2691 non
1305 2639 1584 2704 habentes,
1617 2642 1823 2696 exstin-

225 2725 336 2778 ctis
366 2723 698 2793 lampadibus
721 2716 1101 2782 excluduntur.
1135 2729 1288 2785 Disce
1315 2731 1443 2799 quid
1469 2733 1596 2786 boni
1625 2733 1822 2790 habeat

224 2814 565 2870 continentia
597 2841 623 2879 ,-
672 2823 726 2870 et
771 2817 900 2886 quid
951 2833 982 2872 e
1033 2821 1308 2874 contrario
1364 2821 1488 2875 mali
1539 2825 1818 2880 saturitas.

227 2903 553 2960 Scurrilitas
592 2913 754 2976 atque
791 2907 1011 2962 lascivia
1052 2917 1105 2962 te
1138 2920 1404 2978 praesente
1435 2927 1539 2964 non
1584 2911 1822 2968 habeant

226 2996 428 3050 locum.
466 2996 748 3066 Nunquam
777 3001 998 3054 verbum
1030 3000 1376 3056 inhonestum
1416 3001 1627 3068 audias,
1653 3013 1747 3059 aut
1773 3005 1820 3060 si

225 3085 488 3149 audieris,
517 3102 622 3140 non
647 3088 920 3144 inesceris.
969 3089 1196 3146 Perditis
1227 3091 1424 3145 mentis
1444 3093 1688 3148 homines
1711 3111 1817 3151 uno

225 3176 560 3246 frequenter,
590 3179 804 3250 levique
833 3195 1083 3237 sermone
1115 3190 1326 3237 tentant
1351 3184 1584 3238 claustra
1611 3185 1817 3254 pudici-

224 3269 338 3323 tiaz.
376 3267 575 3324 Ridere
603 3278 659 3324 et
689 3271 852 3326 rideri
891 3273 1240 3328 saecularibus
1269 3275 1600 3346 derelinque,
1633 3278 1816 3348 gravi-

225 3369 316 3414 tas
360 3367 507 3414 tuam
540 3375 825 3429 personam
855 3363 1028 3419 decet.
1060 3365 1400 3433 Superbuum
1445 3383 1566 3422 reor
1613 3377 1664 3424 te
1702 3384 1820 3424 mo-

223 3465 362 3505 nere
391 3461 580 3505 contra
604 3453 910 3519 avaritiam,
941 3469 1064 3510 cum
1101 3456 1392 3525 Apostolus
1419 3459 1608 3513 doceat
1639 3461 1818 3516 avari-

223 3543 364 3596 tiam
393 3557 512 3597 esse
542 3544 809 3600 idolorum
849 3546 1054 3602 cultum
1107 3547 1323 3619 (Ep/tes.
1361 3549 1436 3620 v).
1490 3551 1734 3607 Laudent
1767 3562 1818 3609 te

222 3633 584 3688 esurientium
629 3637 997 3708 visceraLnon
1054 3640 1378 3694 ructantium
1410 3643 1660 3711 cpulenta
1690 3661 1817 3699 con-

226 3725 394 3780 vivia.
439 3738 464 3765 δ
495 3725 768 3782 Christum
827 3729 1027 3783 vestire
1077 3728 1130 3784 in
1177 3731 1542 3800 pauperibus,
1596 3749 1818 3803 pascere

223 3817 283 3869 in
310 3815 703 3881 esurientibus,
732 3827 785 3872 et
836 3827 1032 3888 prmter
1071 3819 1421 3888 psalmorum,
1461 3830 1513 3876 et
1555 3825 1817 3880 orationis

221 3907 498 3971 ordinem,
531 3908 674 3976 quod
707 3909 800 3962 tibi
829 3909 962 3963 hora
992 3911 1171 3975 tertia,
1204 3919 1379 3975 sexta,
1420 3928 1583 3977 nona,
1619 3914 1688 3969 ad
1732 3932 1821 3970 ve-

219 4012 470 4066 sperum,
500 3998 674 4053 media
703 4007 882 4064 nocte,
920 4008 975 4054 et
1012 4016 1170 4054 mane
1215 4016 1429 4071 semper
1455 4011 1538 4057 est
1565 4019 1820 4060 exercen-

221 4088 385 4151 dum,
415 4096 589 4143 statue
615 4097 747 4158 quot
773 4089 923 4145 horis
954 4105 1165 4145 sacram
1208 4090 1543 4160 Scripturam
1575 4094 1818 4150 ediscere

225 4179 448 4243 debeas,
476 4190 680 4250 quanto
711 4191 952 4251 tempore
982 4182 1181 4253 legere,
1208 4199 1313 4238 non
1341 4185 1408 4238 ad
1439 4185 1702 4250 laborem,
1723 4187 1816 4242 sed

155 4325 168 4332 _
224 4270 297 4324 ad
329 4270 741 4326 delectationem
787 4279 842 4326 et
890 4273 1301 4328 instructionem
1331 4275 1541 4330 animae.
1574 4275 1816 4347 Cumque

223 4361 347 4415 haec
381 4359 584 4415 finieris
612 4362 874 4431 spatia,et
901 4362 1211 4431 frequenter
1233 4373 1284 4418 te
1311 4366 1377 4419 ad
1405 4367 1614 4437 ligenda
1641 4383 1815 4437 genua

1929 1893 2022 1946 llla
2047 1895 2114 1948 sit
2148 1895 2242 1950 tibi
2271 1897 2518 1964 pulchra,
2555 1898 2640 1952 illa
2670 1901 2938 1967 amabilis,
2973 1903 3061 1957 illa
3091 1904 3335 1962 habenda
3379 1911 3521 1968 inter

1936 1985 2136 2050 socias,
2169 2002 2290 2056 qua:
2321 2003 2381 2043 se
2407 1990 2579 2043 nescit
2605 2006 2726 2045 esse
2752 1992 3052 2060 pulchram.
3087 1995 3234 2051 Felix
3268 1999 3355 2053 illa
3391 2015 3518 2056 con-

1929 2077 2180 2142 scientia,
2213 2088 2267 2133 et
2291 2079 2452 2134 beata
2485 2081 2788 2152 virginitas,
2841 2083 2895 2136 in
2927 2085 3079 2155 cujus
3110 2088 3271 2142 corde
3318 2100 3522 2158 prteter

1927 2187 2166 2226 amorem
2206 2172 2451 2238 Christi,
2493 2175 2585 2243 qui
2629 2184 2712 2230 est
2763 2177 3049 2246 sapientia,
3101 2181 3323 2236 castitas
3351 2223 3366 2248 ,
3422 2198 3518 2252 pa-

1925 2265 2135 2328 tientia,
2165 2273 2326 2333 atque
2377 2267 2612 2334 justitia,
2646 2276 2961 2339 carterreque
3010 2272 3278 2340 virtutes,
3333 2276 3516 2332 nullus

1924 2351 2061 2406 alius
2083 2366 2331 2410 versatur
2365 2373 2540 2424 amor,
2569 2375 2668 2414 nec
2697 2361 2766 2414 ad
2800 2363 3230 2418 recordationem
3276 2366 3514 2422 hominis

1923 2445 2213 2514 aliquando
2238 2452 2492 2521 suspirat,
2527 2469 2626 2508 nec
2665 2455 2848 2510 videre
2880 2457 3169 2523 desiderat,
3194 2475 3355 2528 quem
3386 2476 3515 2516 cum

1922 2540 2136 2607 viderit,
2186 2545 2321 2598 nolit
2359 2546 2649 2602 dimittere.
2707 2547 3032 2604 Sanctarum
3087 2552 3353 2622 virginum
3391 2570 3514 2624 pro-

1922 2633 2158 2700 positum
2197 2642 2251 2688 et
2298 2635 2601 2690 cmlestium
2633 2637 2968 2692 consimilem
3001 2639 3228 2706 gloriam
3255 2658 3512 2712 quarum-

1923 2721 2046 2776 dam
2077 2739 2181 2778 non
2213 2724 2351 2779 bene
2389 2741 2448 2780 se
2496 2728 2768 2796 agentium
2800 2743 2998 2783 nomen
3042 2730 3287 2786 infamat.
3319 2732 3510 2788 Finem

1913 2810 2083 2885 jungo
2111 2813 2394 2886 principio,
2423 2832 2521 2872 nec
2548 2818 2713 2872 semel
2742 2819 3016 2875 monuisse
3047 2831 3336 2879 contentus
3362 2839 3505 2880 sum.

1921 2903 2056 2957 Ama
2123 2906 2425 2976 Scripturas
2473 2919 2691 2964 sanctas
2717 2951 2729 2973 ,
2781 2918 2832 2964 et
2865 2911 3069 2965 amabit
3123 2921 3173 2967 te
3203 2915 3471 2984 sapientia
3495 2932 3513 2968 ι

1920 2995 2082 3067 dilige
2111 3011 2252 3064 eam,
2286 3007 2340 3053 et
2371 3002 2600 3055 servabit
2637 3011 2688 3056 te
2718 3020 2729 3055 ;
2763 3002 2966 3057 honora
2999 3005 3177 3069 illam,
3230 3017 3285 3062 et
3315 3009 3514 3078 ample-

1923 3087 2140 3143 xabitur
2166 3099 2233 3144 te.
2293 3090 2416 3147 llaec
2459 3095 2674 3148 uzonilia
2724 3095 2775 3149 in
2815 3103 3036 3166 pectore
3091 3105 3146 3153 et
3197 3099 3250 3154 in
3288 3100 3514 3155 auribus

1921 3178 2028 3233 tuis
2055 3179 2313 3235 haereant.
2365 3181 2507 3237 Nihil
2549 3183 2690 3239 aliud
2741 3189 2954 3243 noverit
2995 3189 3176 3261 lingua
3208 3190 3311 3245 nisi
3354 3189 3513 3246 Chri-

1918 3276 2084 3334 stum,
2113 3271 2245 3325 nihil
2273 3273 2445 3341 possit
2473 3290 2666 3328 sonare
2693 3276 2792 3330 nisi
2817 3279 2960 3346 quod
2983 3289 3229 3335 sanctum
3261 3288 3364 3335 est.

2531 3365 2761 3422 CAPUT
2799 3367 2884 3421 ΙΙΙ.
3391 3425 3398 3432 .

1993 3451 2288 3523 (Ejusdem,
2315 3473 2378 3509 ea:
2418 3455 2637 3524 epistola
2660 3458 2728 3510 ad
2759 3456 3028 3530 Furiam.)
3051 3461 3264 3532 Arripe,
3291 3479 3508 3534 quaeso,

1919 3546 2298 3610 occasionem,
2351 3555 2407 3600 ct
2450 3545 2534 3601 fac
2586 3547 2652 3602 de
2699 3551 3024 3606 necessitate
3061 3553 3337 3609 virtutem.
3391 3556 3509 3612 Non

1919 3647 2232 3705 quaaruntur
2272 3638 2324 3692 in
2375 3639 2699 3695 Christianis
2737 3643 2889 3697 initia
2916 3684 2929 3706 ,
2988 3644 3080 3700 sed
3133 3645 3275 3701 finis.
3308 3647 3511 3705 Paulus

1919 3727 2059 3784 male
2106 3729 2292 3798 ccepit,
2344 3731 2436 3785 sed
2465 3730 2601 3786 bene
2649 3731 2842 3787 ﬁnivit.
2871 3731 3020 3788 Judze
3041 3735 3326 3793 laudantur
3352 3754 3512 3794 exor-

1919 3818 2026 3884 dia,
2059 3819 2152 3873 sed
2183 3821 2304 3874 finis
2329 3821 2634 3891 proditione
2689 3822 2997 3878 damnatur.
3043 3823 3299 3882 Meretrix
3327 3827 3415 3884 illa
3452 3827 3511 3885 in

1918 3907 2212 3978 Evangelia
2248 3907 2558 3979 baptizata,
2610 3908 2868 3981 lacrymis
2898 3911 3011 3968 suis
3059 3921 3116 3968 et
3156 3914 3306 3970 crine
3331 3957 3346 3982 ,
3400 3931 3509 3986 quo

1918 3998 2118 4053 multos
2165 4007 2291 4053 ante
2341 3999 2652 4071 deceperat,
2681 4000 2849 4071 pedes
2879 3999 3096 4058 Domini
3140 4010 3356 4076 tergens
3403 4006 3510 4061 sal-

1919 4095 2040 4142 vata
2070 4097 2172 4143 est.
2195 4089 2312 4144 Non
2342 4091 2532 4146 habuit
2563 4092 2864 4163 criSpantes
2886 4093 3096 4159 mitras,
3131 4109 3232 4150 nec
3274 4096 3510 4151 striden-

1920 4188 2001 4234 tes
2029 4180 2293 4236 calceolos
2317 4223 2330 4247 ,
2367 4198 2466 4238 nec
2501 4183 2662 4238 orbes
2714 4185 2877 4239 stibio
2917 4183 3258 4256 fuliginatos,
3300 4196 3504 4256 quanto

1919 4269 2132 4334 fuadior,
2167 4279 2314 4324 tanto
2365 4272 2658 4341 pulchrior.
2697 4273 2866 4328 Vidua
2897 4289 3016 4342 quae
3047 4275 3244 4329 marito
3285 4275 3504 4346 placere

1919 4361 2134 4425 desivit,
2169 4369 2222 4414 et
2262 4361 2417 4431 juxta
2456 4362 2775 4432 Apostolum
2823 4377 2950 4416 vere
2988 4363 3146 4417 vidua
3202 4374 3324 4429 est,
3370 4366 3502 4421 nihil

220 4450 540 4506 sollicitudo
565 4454 760 4507 animae
780 4454 1150 4518 suscitaverit;
1180 4455 1374 4510 habeto
1398 4457 1572 4511 lanam
1604 4473 1816 4527 semper
1843 4493 1893 4550 Β
1919 4452 2081 4506 habet
2118 4451 2506 4516 necessarium.
2559 4452 2662 4506 ηίεί
2711 4454 3189 4550 Ρθΐδθνθΐξιηιίθῐηο
3234 4454 3504 4512 Ardent”

221 4547 284 4600 in
313 4545 582 4611 manibus,
613 4548 696 4601 vel
737 4548 983 4602 staminis
1008 4549 1199 4618 pollice
1224 4549 1310 4602 fila
1341 4549 1609 4611 deducito,
1640 4550 1720 4602 vel
1747 4550 1815 4604 ad

221 4636 531 4703 torquenda
585 4637 925 4707 subtegmina
978 4637 1030 4690 in
1080 4637 1301 4691 alveolis
1335 4637 1452 4692 fusa
1498 4648 1811 4703 vertantur,

219 4726 570 4796 aliarumque
600 4736 745 4793 neta,
775 4736 867 4782 aut
890 4729 940 4782 in
968 4728 1184 4799 globum
1210 4728 1422 4798 collige,
1450 4737 1542 4782 aut
1582 4730 1813 4785 texenda

218 4832 512 4886 compone.
559 4817 612 4874 Si
638 4820 802 4874 tantis
828 4835 1051 4890 operum
1085 4821 1438 4876 varietatibus
1463 4819 1629 4874 fueris
1653 4836 1815 4875 occu-

219 4919 356 4980 pata
385 4950 399 4972 ,
448 4927 722 4980 nunquam
764 4913 860 4967 tibi
902 4915 1017 4968 dies
1052 4914 1196 4984 longi
1251 4922 1426 4968 erunt.
1473 4913 1597 4968 llaec
1627 4915 1827 4971 obsera

221 5017 388 5065 vans,
418 5010 473 5056 et
500 5011 551 5058 te
574 5004 744 5073 ipsam
775 5005 1031 5064 salvaliis.
1059 5013 1113 5060 et
1139 5005 1292 5070 alias,
1322 5013 1377 5059 et
1420 5006 1529 5060 eris
1559 5007 1815 5078 magistra

221 5099 435 5146 sancta:
473 5094 922 5159 conversationis,
949 5095 1347 5164 multarumque
1401 5097 1706 5151 castitatem
1737 5097 1818 5152 lu-

221 5197 386 5238 crum
430 5190 577 5236 tuum
611 5182 797 5249 facies,
831 5184 1112 5252 Scriptura
1158 5185 1403 5240 dicente:
1438 5185 1504 5238 In
1549 5186 1818 5241 desideriis

223 5281 303 5326 est
329 5272 498 5325 omnis
541 5274 718 5326 animo
751 5274 920 5327 otiosi.
953 5273 1078 5328 ldeo
1109 5275 1252 5328 enim
1283 5275 1376 5329 tibi
1414 5291 1536 5329 cum
1566 5277 1818 5331 munibus

227 5362 587 5416 laborandum
610 5371 714 5425 est,
733 5371 787 5416 ut
816 5381 911 5434 per
937 5365 1274 5420 occasionem
1303 5366 1482 5434 operis
1513 5366 1644 5420 nihil
1673 5367 1817 5420 aliud

228 5451 442 5520 cogites
464 5492 477 5514 ,
525 5452 626 5506 nisi
660 5454 800 5522 quod
833 5455 901 5509 ad
949 5455 1159 5508 Domini
1215 5457 1450 5525 pertinet
1478 5458 1812 5511 servitutem.

229 5539 568 5608 Simpliciter
609 5542 816 5612 loquar.
851 5544 1105 5612 Quamvis
1154 5561 1366 5600 omnem
1413 5562 1632 5600 censum
1667 5555 1813 5600 tuum

231 5630 287 5685 in
332 5645 596 5701 pauperes
639 5634 972 5698 distribuas,
1030 5636 1158 5690 nihil
1207 5638 1343 5706 apud
1387 5637 1658 5692 Christum
1715 5637 1818 5691 erit

1919 4541 2116 4597 diaboli
2151 4542 2360 4612 sagittte
2386 4541 2714 4612 jejuniorum
2750 4551 2804 4597 et
2850 4543 3157 4616 vigiliarum
3204 4545 3382 4616 rigore
3414 4563 3501 4600 re-

1914 4633 2248 4703 stinguendae
2275 4640 2417 4687 sunt.
2460 4631 2566 4686 Aut
2592 4633 2918 4702 loquendum
2943 4635 3099 4690 nobis
3126 4644 3208 4691 est
3233 4644 3287 4690 ut
3318 4637 3499 4692 vestiti

1917 4739 2125 4787 sumus,
2155 4724 2597 4779 autvcstiendum
2632 4734 2691 4778 ut
2727 4725 3014 4794 loquimur.
3038 4725 3330 4794 Quidaliud
3344 4730 3496 4798 polli-

1915 4829 2122 4879 cemur,
2156 4822 2209 4869 et
2231 4813 2373 4868 aliud
2399 4815 2766 4869 ostendimus?
2799 4815 3004 4887 Lingua
3040 4827 3296 4888 personat
3335 4821 3498 4874 casti-

1915 4913 2105 4970 tatem,
2131 4912 2186 4958 et
2217 4913 2386 4959 totum
2437 4921 2632 4973 corpus
2676 4905 2882 4977 profert
2927 4906 3338 4979 impudicitiam.
3388 4911 3500 4967 Hoc

1917 5003 2176 5064 quantum
2203 4996 2268 5049 ad
2295 4997 2537 5051 habitum
2567 4999 2805 5067 pertinet
2833 5009 2886 5054 et
2907 5009 3181 5056 ornatum.
3229 5001 3496 5058 Czeterutu

1916 5087 2076 5141 vidua
2101 5104 2217 5157 qua:
2245 5089 2298 5140 in
2325 5088 2526 5140 deliciis
2550 5099 2626 5142 est
2663 5089 2789 5160 (non
2831 5098 2912 5145 est
2961 5107 3137 5145 meum
3167 5134 3181 5157 ,
3221 5096 3314 5148 sed
3361 5094 3501 5164 Apo-

1913 5178 2083 5250 stoli),
2112 5181 2282 5232 virens
2315 5188 2519 5232 mortua
2563 5190 2638 5232 est
2689 5179 2738 5249 (Ι
2783 5180 2916 5235 Tim.
2945 5182 3018 5253 v).
3067 5183 3202 5250 Quid
3235 5187 3334 5241 sibi
3386 5187 3500 5238 vult

1919 5269 2021 5322 hoc
2042 5268 2182 5336 quod
2205 5268 2297 5329 ait,
2324 5268 2493 5322 vivens
2517 5279 2723 5322 mortua
2750 5271 2869 5325 est?
2899 5273 3090 5328 Vivere
3113 5275 3329 5343 quidem
3353 5275 3498 5327 vide-

1922 5367 2011 5412 tur
2045 5357 2446 5426 ignorantibus,
2476 5365 2530 5410 et
2567 5374 2672 5413 non
2702 5375 2822 5416 esse
2867 5373 3088 5432 peccato
3133 5373 3372 5418 mortua:
3407 5366 3498 5417 sed
3571 5365 3576 5369 ’

1922 5451 2178 5515 Christo,
2225 5465 2384 5520 quem
2444 5461 2650 5506 secreta
2704 5469 2809 5508 non
2864 5453 3090 5522 fallunt,
3139 5463 3349 5508 mortua
3394 5463 3494 5507 est.

1923 5540 2209 5612 Apostolus
2240 5550 2480 5596 macerat
2516 5557 2712 5614 corpus
2756 5561 2933 5608 suum,
2965 5554 3018 5599 et
3046 5545 3239 5598 anima:
3284 5543 3496 5612 SUlllelI

1924 5634 2170 5706 imperio,
2204 5649 2268 5688 ne
2297 5634 2438 5703 quod
2465 5633 2585 5688 aliis
2615 5639 2873 5706 praecipit,
2905 5638 3016 5707 ipse
3053 5651 3155 5692 non
3184 5646 3361 5693 servet
3388 5654 3397 5689 :
3444 5645 3498 5690 et

307 5755 337 5786 ι
375 5744 475 5800 llic
506 5748 698 5803 desunt
727 5749 995 5820 qntcdunt,
1043 5749 1331 5820 supplenda
1362 5764 1427 5803 ex
1454 5749 1678 5817 cpistola
1706 5748 1811 5803 Vll.
1856 5747 2073 5804 llieron.
2108 5745 2173 5800 ad
2202 5729 2614 5801 Demetriadem.
2658 5745 2830 5800 llard.
