3890 6180
377 325 479 381 θη
570 360 577 365 υ

1375 321 1779 381 ΑΜΑιΑιιιυε
1816 316 2229 378 PRESBYTER
2267 316 2632 377 METENSIS.

3542 279 3653 373 ets

379 441 782 500 adulescentula
832 437 1078 496 fervente
1115 438 1252 494 cibis
1285 451 1511 509 corpore
1539 478 1555 503 ,
1606 439 1673 493 de
1714 437 1969 493 castitate
1997 437 2044 499 Α
2069 441 2125 490 et
2160 434 2382 489 honoris
2407 447 2542 487 onus
2567 431 2836 501 integrum
2863 439 2919 486 et
2945 427 3456 500 incorruptum,Dei
3476 428 3664 500 imago

380 551 573 594 secura
602 533 722 591 est?
745 532 932 603 Neque
949 545 1080 587 vero
1100 530 1217 586 haec
1241 530 1426 587 dicens
1448 531 1750 587 condemno
1777 531 1932 587 cibos
1948 569 1965 596 ,

380 643 517 699 quos
545 624 805 682 Dominus
841 623 1046 678 creavit
1094 621 1162 677 ad
1207 621 1465 676 utendum
1501 636 1626 676 cum
1671 620 1967 693 gratiarum

382 723 595 779 actione
624 759 639 784 ,
681 716 775 772 sed
813 713 1123 785 juvenibus,
1151 720 1204 766 et
1231 711 1425 783 puellis
1469 712 1739 767 incentiva
1780 725 1968 766 assero

381 829 500 868 csse
529 809 884 879 voluptatum.
931 804 1051 859 Non
1086 798 1293 879 Aitnzei
1335 804 1484 875 ignes
1505 842 1521 869 ,
1568 818 1675 857 non
1708 789 1968 857 Vulcania’

380 902 573 965 tellus,
624 878 732 953 non
778 895 1043 953 Vesuvius
1081 901 1136 948 et
1166 878 1426 963 Olympus
1463 893 1629 947 tantis
1681 890 1966 946 ardoribus

378 1001 631 1056 :euuant,
650 997 711 1045 ut
730 986 999 1059 juveniles
1024 984 1270 1041 medullm
1292 984 1418 1039 vino
1446 983 1638 1053 plenae,
1659 990 1713 1037 et
1739 982 1967 1053 dapibus

380 1084 743 1141 inflammatae.
797 1079 1032 1136 Grandis
1080 1092 1209 1150 ergo
1253 1075 1472 1130 virtutis
1496 1081 1601 1139 est,
1627 1081 1683 1129 et
1722 1074 1969 1130 sollicita

377 1177 671 1246 diligentia:
704 1186 965 1245 superare
990 1172 1134 1242 quod
1156 1175 1283 1223 nata
1309 1168 1403 1234 sis,
1427 1166 1481 1221 in
1510 1181 1675 1222 carne
1704 1181 1809 1221 non
1841 1180 1961 1220 car-

377 1268 576 1322 mliter
606 1262 810 1329 vivere,
836 1271 1011 1317 tecum
1039 1272 1285 1331 pugnare
1314 1256 1574 1328 quotidie,
1608 1264 1664 1310 et
1697 1255 1963 1311 inclusum

378 1362 592 1417 hostem
634 1357 788 1429 Argi,
825 1364 886 1411 ut
940 1352 1134 1408 fabula:
1162 1350 1375 1415 ferunt,
1417 1358 1631 1405 centum
1656 1346 1830 1403 oculis
1872 1347 1969 1402 ob-

377 1464 618 1510 servare.
649 1448 891 1504 Primum
922 1445 1107 1517 igitur,
1138 1444 1182 1500 si
1207 1442 1469 1499 stomachi
1493 1442 1719 1496 firmitas
1740 1442 1965 1512 patitur,

377 1544 554 1599 donec
607 1538 877 1612 puellares
928 1551 1101 1592 annos
1154 1544 1445 1599 transeas,
1499 1548 1696 1602 aquam
1747 1532 1801 1587 in
1836 1542 1966 1604 potu

379 1648 553 1699 sume,
580 1647 701 1706 qua:
729 1638 921 1685 natura
973 1625 1325 1698 frigidissima
1375 1632 1460 1679 est
1489 1641 1502 1677 :
1536 1632 1630 1679 aut
1669 1625 1713 1679 si
1737 1625 1841 1679 hoc
1871 1625 1969 1679 im-

2068 522 2396 596 respondens
2435 524 2503 578 ad
2528 521 2945 578 sanctimoniam
2974 521 3212 587 Domini,
3236 520 3502 587 illustrior
3525 534 3664 590 por-

2068 618 2145 672 tio
2172 615 2350 687 gregis
2369 613 2590 670 Christi.
2615 613 2827 668 Gaudet
2848 628 2943 682 per
2974 612 3115 675 illas,
3144 621 3307 680 atque
3336 611 3390 665 in
3424 610 3536 665 illis
3552 611 3670 666 lar-

2065 709 2205 780 giter
2225 707 2381 762 ﬂoret
2402 705 2649 761 ecclesia;
2668 706 2861 759 matris
2882 703 3112 775 gloriosa
3129 702 3438 758 fecunditas
3453 720 3466 756 :
3484 719 3672 771 quan-

2066 811 2228 872 toque
2255 799 2375 870 plus
2404 798 2619 869 copiosa
2643 797 2925 869 virginitas
2945 810 3172 850 numero
3193 809 3292 849 suo
3315 795 3485 855 addit,
3506 803 3671 848 tanto

2064 890 2184 960 plus
2196 890 2447 961 gaudium
2463 889 2652 944 matris
2665 888 2925 959 augescit.
2941 888 3022 941 Ad
3038 887 3443 955 hasloquimur,
3457 887 3567 941 has
3577 887 3687 939 ad-

2065 982 2347 1037 hortamur
2360 980 2644 1036 allectione
2668 979 2847 1049 potius
2862 994 3024 1050 quam
3049 986 3336 1048 potestate.
3366 977 3440 1032 Ut
3462 990 3675 1046 quase

2066 1076 2281 1132 Christo
2311 1074 2632 1140 dicaverint,
2661 1083 2720 1129 et
2745 1089 2774 1127 a
2802 1073 3009 1128 carnali
3038 1072 3478 1142 concupiscentia
3505 1084 3674 1124 rece-

2066 1167 2287 1231 dentes,
2333 1174 2444 1219 tam
2482 1179 2647 1219 carne
2684 1179 2846 1234 quam
2897 1172 3078 1217 mente
3115 1179 3175 1217 se
3214 1162 3326 1216 Deo
3369 1162 3673 1223 voverint,

2066 1261 2443 1310 consumment
2468 1267 2603 1322 opus
2633 1269 2789 1308 suum
2816 1268 3014 1320 magno
3037 1246 3262 1322 pnmnio
3288 1252 3496 1305 destina
3507 1261 3634 1304 tum
3654 1269 3672 1305 :

2066 1360 2167 1400 nec
2190 1345 2373 1400 ornari
2400 1344 2509 1415 jam
2536 1352 2629 1398 aut
2655 1344 2868 1415 placere
2890 1345 3142 1416 cuiquam
3173 1345 3275 1399 nisi
3301 1344 3538 1400 Domino
3565 1360 3679 1398 suo

2067 1435 2342 1500 studeant,
2366 1449 2396 1489 a
2421 1449 2528 1504 quo
2552 1443 2608 1489 et
2629 1435 2931 1490 mercedem
2961 1436 3288 1507 virginitatis
3314 1444 3674 1504 exspectant.

2069 1524 2364 1590 Ssqurrun.
2395 1526 2547 1594 Quod
2574 1527 2617 1582 si
2645 1528 2920 1583 Christum
2943 1529 3277 1583 continentia
3303 1528 3587 1596 sequitur,
3620 1537 3682 1581 et

2069 1631 2235 1687 regno
2274 1616 2369 1671 Dei
2412 1616 2693 1688 virginitas
2732 1617 3058 1680 destinatur,
3099 1617 3227 1685 quid
3266 1625 3351 1672 est
3384 1616 3490 1671 illis
3535 1631 3681 1670 cum

380 1729 643 1786 becillitas
667 1725 936 1798 prohibet,
955 1723 1079 1778 audi
1110 1736 1232 1778 cum
1255 1719 1577 1775 Timotheo:
1619 1716 1747 1773 Vino
1763 1718 1967 1772 modico
1996 1781 2040 1798 ἢ
2070 1713 2291 1761 terreno
2319 1706 2466 1761 (Ξυιιυ
2485 1746 2501 1772 ν
2530 1713 2585 1761 θῑ
2614 1722 2735 1762 cum
2763 1708 3127 1773 ornamentiS,
3155 1709 3351 1778 quibus
3388 1708 3524 1762 dunt
3571 1708 3685 1762 ho-

290 1856 295 1861 -
380 1834 525 1877 utere
570 1781 782 1891 propior
806 1781 1152 1879 stomachum,
1187 1823 1233 1868 et
1271 1812 1566 1883 frequentes
1591 1820 1710 1865 tuas
1739 1809 1940 1879 inﬁrmi
1952 1843 1967 1849 -
1994 1781 2042 1840 Β
2072 1798 2309 1852 millibus
2334 1797 2549 1868 Placere
2586 1798 2859 1869 gestiunt.
2888 1797 3057 1852 De"!!!
3081 1796 3387 1863 Oﬂ'endunt,
3418 1812 3537 1852 non
3570 1813 3680 1853 co-

379 1926 511 1971 tates
539 1912 591 1986 (I
619 1910 755 1967 Tim.
784 1910 861 1989 νζ).
891 1908 1095 1966 Deinde
1121 1907 1177 1963 in
1221 1906 1352 1978 ipsis
1376 1904 1513 1960 cibis
1546 1903 1716 1959 calida
1742 1914 1968 1972 quaeque

379 2006 579 2064 devita.
612 2003 729 2059 Non
760 2000 935 2057 solum
966 1998 1032 2055 de
1058 1998 1316 2053 carnibus
1336 1997 1548 2066 loquor,
1579 2009 1744 2064 super
1770 1993 1970 2063 quibus

378 2112 476 2155 vas
518 2094 800 2152 electionis
832 2091 1039 2163 profert
1083 2088 1406 2145 sententiam
1434 2105 1446 2140 :
1473 2085 1679 2139 Bonum
1734 2091 1810 2138 est
1864 2098 1969 2136 non

379 2186 702 2241 manducare
727 2198 962 2247 carnem,
992 2188 1039 2236 et
1073 2195 1175 2233 non
1206 2176 1375 2231 bibere
1398 2176 1570 2231 vinum
1602 2171 1780 2245 (Rom.
1809 2169 1923 2243 xxv)
1952 2187 1966 2224 :

380 2279 477 2335 sed
516 2277 683 2331 etiam
736 2274 789 2329 in
852 2256 983 2343 ipsis
1034 2268 1399 2340 leguminibus
1452 2263 1698 2321 inflantia
1739 2277 1970 2335 qumque

284 2368 289 2371 ’
382 2379 439 2425 et
468 2368 691 2439 gravida
721 2362 1041 2428 declinanda
1063 2368 1206 2416 sunt.
1230 2359 1373 2414 Nihil
1397 2357 1473 2412 ita
1503 2356 1646 2412 scias
1665 2353 1972 2411 conducere

380 2456 711 2515 Christianis
765 2453 1219 2517 adolescentibus,
1256 2461 1315 2506 ut
1345 2465 1500 2507 esum
1530 2448 1763 2505 olerum.
1819 2444 1971 2502 Unde

380 2551 511 2606 etin
553 2547 660 2605 alio
688 2548 847 2605 loco:
887 2545 991 2613 Qui
1023 2544 1264 2615 inﬁrmus
1293 2552 1390 2609 est,
1417 2543 1520 2607 ait,
1561 2540 1704 2596 olera
1748 2537 1972 2592 mandu-

381 2652 461 2699 cet
506 2640 684 2714 (Rom.
739 2638 854 2712 xxv)
895 2638 1217 2707 :‘ardorque
1262 2651 1549 2706 corporum
1599 2630 1971 2703 frigidioribus

389 2734 565 2807 epulis
614 2730 998 2803 temperandus
1048 2737 1152 2785 est.
1204 2727 1350 2783 Nihil
1388 2728 1464 2782 sic
1509 2723 1805 2780 inflammat
1849 2736 1969 2777 cor-

383 2840 540 2897 pora,
567 2831 662 2880 aut
699 2822 882 2879 titillat
907 2821 1148 2876 membra
1177 2820 1455 2890 genitalia,
1487 2818 1629 2873 sicut
1671 2815 1970 2885 indigestus

390 2913 548 2971 cibus
599 2921 892 2984 ructusque
930 2910 1238 2967 convulsus.
1294 2909 1432 2965 Malo
1484 2909 1625 2978 apud
1669 2915 1758 2969 te,
1818 2904 1965 2969 lilia,

389 3001 713 3059 verecundia
744 3017 1057 3075 parumper,
1085 3016 1247 3070 quam
1275 3016 1438 3056 causa
1460 2998 1776 3070 periclitari.
1801 2997 1969 3064 Quid-

383 3095 513 3168 quid
539 3092 890 3150 seminarium
908 3091 1291 3162 voluptatisest
1310 3105 1575 3147 venenum
1597 3097 1746 3162 puta.
1764 3087 1965 3143 Parcus

384 3184 537 3241 cibus
569 3192 623 3240 et
652 3192 843 3240 venter
888 3196 1103 3253 semper
1157 3183 1403 3237 esuriens
1434 3180 1702 3236 triduanis
1742 3175 1967 3249 jejuniis

386 3273 728 3344 pneleratur.
775 3271 844 3328 Et
874 3271 1046 3327 multo
1096 3269 1289 3327 melius
1335 3278 1419 3326 est
1447 3269 1691 3340 quotidie
1736 3284 1967 3340 parum,

391 3380 565 3435 quam;
584 3380 708 3419 raro
731 3363 863 3419 satis
905 3377 1141 3418 sumere.
1182 3362 1370 3417 Pluvia
1398 3361 1488 3416 illa
1516 3362 1719 3434 optima
1741 3370 1819 3417 est
1849 3375 1973 3432 qua:

389 3457 590 3513 sensim
615 3453 961 3511 descenditin
988 3460 1187 3535 terram
1214 3471 1226 3506 :
1256 3453 1468 3509 subitus
1493 3459 1549 3508 et
1578 3452 1780 3507 nimius
1798 3450 1973 3506 imber

388 3552 442 3606 in
471 3565 712 3624 praeceps
740 3565 870 3605 arva
898 3532 1182 3604 subvertit.
1212 3547 1435 3614 Quando
1462 3532 1738 3612 comedis,
1793 3545 1971 3619 cogita

304 3714 313 3719 ὴ
388 3640 533 3714 quod
562 3640 747 3697 Statim
774 3638 868 3695 tibi
897 3639 1179 3702 orandum,
1223 3639 1368 3693 illico
1391 3646 1447 3694 et
1472 3637 1751 3708 legendum
1778 3637 1868 3692 sit.
1895 3636 1973 3692 De

389 3732 685 3804 Scripturis
705 3732 906 3786 sanctis
931 3731 1127 3786 habeto
1159 3729 1323 3784 fixum
1354 3745 1608 3785 versuum
1639 3745 1923 3785 numerum
1955 3747 1969 3784 :

388 3824 533 3878 istud
570 3837 796 3893 pensum
842 3821 1070 3877 Domino
1105 3830 1195 3876 tuo
1239 3820 1420 3876 redde.
1463 3820 1576 3877 Nec
1619 3829 1746 3876 ante
1794 3819 1970 3891 quieti

390 3913 632 3968 membra
658 3898 945 3975 concedas.
974 3928 1136 3982 quam
1160 3912 1434 3969 calathum
1472 3914 1710 3984 pectoris
1741 3913 1817 3968 tui
1865 3914 1972 3970 hoc

394 4004 737 4077 subtegmine
776 4003 1102 4076 impleveris.
1127 4004 1259 4061 Post
1283 4003 1594 4075 Scripturas
1615 4014 1855 4072 sanctas,
1874 4006 1976 4063 do-

395 4107 608 4152 ctorum
630 4096 910 4152 hominum
926 4102 1189 4151 tractatus
1205 4096 1324 4167 lege
1337 4110 1524 4152 eorum
1540 4097 1822 4163 duntaxat,
1839 4112 1976 4167 quo-

392 4204 513 4243 rum
537 4187 672 4244 fides
696 4194 819 4243 nota
837 4194 938 4242 est.
958 4186 1211 4243 Amorem
1235 4186 1533 4251 monilium,
1553 4195 1716 4257 atque
1739 4203 1976 4257 gemma-

1993 3138 2039 3202 C

304 4284 321 4299 ·
391 4295 535 4344 rum,
580 4279 983 4350 sericarumque
1026 4279 1258 4335 vestium
1307 4278 1544 4335 transfer
1582 4279 1651 4334 ad
1690 4279 1974 4339 scientiam

394 4367 937 4442 Scripturarum.Fac
966 4368 1062 4423 tibi
1089 4369 1292 4425 amicos
1321 4369 1388 4425 de
1414 4368 1631 4424 inimico
1647 4384 1975 4435 mammona,

392 4460 482 4529 qui
514 4467 564 4513 te
585 4458 916 4529 recipiantin
929 4466 1131 4513 aeterna
1162 4459 1531 4514 tabernacula.
1556 4457 1818 4515 Juvenum
1848 4457 1972 4529 fuge
2000 4490 2050 4550 Β

390 4552 662 4606 consortia
692 4567 705 4604 :
733 4549 1052 4614 comatulos,
1075 4558 1317 4621 comptos
1341 4557 1502 4619 atque
1522 4549 1751 4605 lascivos
1779 4550 1972 4605 domus

391 4653 497 4695 tum
526 4648 664 4696 tecta
716 4656 824 4696 non
860 4641 1096 4696 videant.
1143 4639 1347 4695 Cantor
1377 4640 1629 4711 pellatur,
1656 4647 1716 4692 ut
1752 4639 1966 4695 noxius.

392 4730 684 4795 Fulicinas,
700 4739 755 4785 et
775 4728 1049 4802 psaltrias,
1076 4737 1131 4785 et
1156 4729 1460 4785 istiusmodi
1494 4730 1719 4785 chorum
1747 4728 1967 4796 diaboli,

396 4818 550 4888 quasi
596 4817 875 4873 mortifera
930 4818 1232 4874 sirenarum
1302 4818 1541 4872 carmina
1590 4818 1851 4889 proturba
1900 4833 1970 4874 ex

392 4910 597 4964 sedibus
625 4909 748 4965 tuis.
762 4908 880 4964 Noli
899 4909 951 4963 in
973 4908 1244 4978 publicum
1268 4908 1495 4964 subinde
1510 4910 1823 4981 procedere.
1841 4909 1971 4966 Pes-

393 5000 544 5055 simte
579 4998 981 5053 consuetudinis
1006 5007 1119 5065 est,
1141 5013 1264 5053 cum
1295 4997 1501 5068 fragilis
1530 5014 1691 5055 sexus
1715 5009 1770 5054 et
1806 5000 1976 5055 imbe-

393 5086 518 5143 cilla
542 5093 676 5143 tetas
704 5101 802 5144 suo
831 5085 1072 5143 abutitur
1091 5084 1338 5151 arbitrio,
1368 5094 1423 5140 et
1445 5093 1599 5157 putat
1623 5086 1789 5144 licere
1831 5087 1975 5157 quod

395 5179 541 5235 libet.
567 5176 759 5234 Omnia
784 5176 1191 5248 quidemlicent,
1220 5177 1311 5233 sed
1338 5193 1443 5234 non
1461 5180 1641 5237 omnia
1661 5180 1972 5251 expediunt.

1007 5265 1234 5324 CAPUT
1271 5266 1357 5322 IV.

466 5361 807 5435 (Excerptttm
834 5376 901 5416 ea:
925 5361 1142 5432 epistola
1173 5360 1371 5416 (ἕεινεὶϋί
1391 5362 1664 5434 Cypriani,
1687 5363 1752 5418 de
1773 5361 1973 5417 Habitu

396 5450 699 5525 virginum.)
746 5451 900 5506 Nunc
942 5451 1140 5517 nobis,
1168 5452 1366 5523 inquit,
1396 5452 1462 5505 ad
1511 5441 1750 5524 virgines
1796 5467 1977 5508 sermo

399 5552 501 5605 est,
522 5558 749 5611 quarum
777 5557 884 5616 quo
917 5541 1196 5597 sublimior
1222 5543 1391 5613 gloria
1426 5552 1534 5608 est,
1569 5542 1742 5610 major
1762 5552 1817 5597 et
1846 5558 1977 5598 cura

403 5640 500 5684 est.
527 5630 650 5687 Flos
676 5639 764 5688 est
805 5632 895 5688 ille
920 5630 1271 5687 ecclesiastici
1303 5631 1580 5699 germinis,
1614 5632 1779 5687 decus
1817 5642 1979 5702 atque

405 5728 777 5777 ornamentum
816 5721 1004 5789 gratiae
1040 5718 1296 5791 spiritalis
1324 5760 1339 5788 ,
1392 5720 1513 5775 laeta
1551 5720 1778 5792 indoles,
1808 5723 1981 5780 laudis

2069 1889 2301 1960 gitantes
2347 1903 2470 1943 esse
2514 1889 2877 1960 praedictum:
2927 1887 3033 1954 Qui
3086 1889 3381 1943 hominibus
3424 1888 3680 1959 placeret,

2070 1980 2276 2050 confusi
2310 1990 2462 2046 sunt,
2505 1981 2751 2052 quoniam
2794 1979 2934 2035 Deus
2969 1979 3121 2033 nihili
3156 1980 3280 2050 fecit
3319 1979 3437 2033 illos
3475 1977 3679 2049 (Psat.
3712 1988 3719 1997 ‘

2070 2071 2202 2141 ut)?
2233 2081 2289 2126 et
2317 2071 2541 2126 Paulum
2577 2086 2794 2142 quoque
2833 2071 3066 2143 gloriose
3100 2079 3156 2127 et
3189 2070 3488 2127 sublimiter
3520 2087 3685 2141 pra:-

2069 2162 2280 2218 dicasse
2306 2181 2318 2216 :
2354 2161 2417 2218 Si
2449 2162 2745 2217 hominibus
2774 2161 2981 2233 placere
3009 2161 3191 2217 vellem
3208 2203 3224 2228 ,
3250 2161 3446 2217 Christi
3471 2179 3684 2218 servus

2069 2271 2175 2311 non
2203 2270 2365 2310 essem
2409 2253 2610 2328 (Colat.
2650 2255 2729 2326 1)?
2758 2254 3105 2315 Continentia
3136 2269 3266 2310 vero
3300 2263 3353 2310 et
3392 2255 3685 2326 pudicitia

2069 2364 2178 2403 non
2210 2347 2264 2402 in
2293 2347 2407 2403 sola
2433 2346 2617 2402 carnis
2646 2345 2954 2416 integritate
2977 2344 3258 2409 consistit,
3288 2344 3379 2400 sed
3405 2344 3593 2401 etiam
3627 2346 3686 2401 in

2069 2440 2248 2495 cultus
2282 2447 2338 2494 et
2372 2442 2598 2493 ornatus
2634 2437 2841 2492 honore
2873 2435 3080 2506 pariter
3117 2450 3181 2490 ae
3212 2435 3444 2506 pudore.
3471 2443 3548 2489 ut
3592 2450 3690 2491 se-

2069 2532 2304 2587 cundum
2334 2528 2651 2599 Apostolum
2671 2567 2687 2593 ,
2715 2540 2833 2596 qua:
2862 2525 3087 2595 innupta
3124 2533 3208 2579 est
3226 2564 3241 2589 ,
3271 2532 3456 2579 sancta
3498 2523 3599 2578 sit
3629 2533 3690 2580 et

2067 2632 2328 2691 corpore,
2363 2626 2422 2674 et
2456 2618 2671 2688 spiritu.
2723 2615 3015 2680 Ssomrua.
3056 2615 3223 2687 Virgo
3247 2630 3351 2670 non
3376 2628 3503 2669 esse
3536 2622 3685 2670 tan-

2068 2725 2184 2769 tum
2205 2753 2220 2778 ,
2261 2712 2357 2767 sed
2391 2720 2447 2766 et
2488 2709 2713 2780 intelligi
2741 2709 2931 2773 debet,
2962 2715 3017 2761 et
3044 2708 3225 2773 credi,
3253 2715 3312 2761 ut
3337 2721 3498 2761 uerno
3530 2722 3687 2763 cum

2068 2807 2334 2877 virginem
2364 2803 2542 2869 videt,
2583 2803 2791 2859 dubitet
2817 2817 2886 2856 an
2914 2801 3069 2872 virgo
3102 2801 3191 2855 sit.
3222 2800 3410 2855 Parem
3433 2814 3494 2856 se
3520 2801 3691 2857 inte-

2069 2896 2240 2966 gritas
2276 2895 2330 2949 in
2357 2894 2608 2949 omnibus
2637 2900 2889 2962 praestet,
2917 2906 3018 2947 nec
3046 2892 3245 2947 bonum
3275 2890 3522 2959 corporis
3552 2892 3691 2947 cul—

2069 2998 2157 3044 tus
2201 2986 2444 3042 infamet.
2486 2984 2626 3052 Quid
2660 2992 2853 3039 ornata
2878 3024 2894 3049 ,
2947 2981 3075 3053 quid
3121 2989 3332 3052 compta
3382 2983 3689 3050 procedit,

2068 3079 2226 3151 quasi
2267 3079 2525 3134 maritum
2554 3084 2649 3131 aut
2684 3076 2901 3142 habeat,
2933 3081 3027 3129 aut
3055 3071 3297 3142 quaerat?
3322 3070 3549 3125 Timent
3580 3088 3692 3141 po-

2071 3174 2179 3228 tius
2201 3172 2419 3243 placere
2442 3170 2489 3225 si
2522 3169 2676 3241 virgo
2699 3175 2783 3223 est
2802 3208 2816 3233 ,
2856 3182 2957 3222 nec
2988 3164 3285 3236 periculum
3309 3163 3390 3219 sui
3415 3173 3690 3233 appetat,

2068 3279 2191 3335 quae
2220 3264 2288 3319 ad
2315 3262 2541 3318 meliora
2570 3269 2627 3317 et
2654 3260 2834 3315 divina
2872 3273 2933 3316 se
2962 3265 3161 3313 servat.
3188 3255 3318 3322 Qua:
3340 3254 3520 3308 virum
3561 3272 3693 3311 non

2069 3360 2271 3415 habent
2296 3357 2381 3413 cui
2408 3356 2622 3426 placere
2643 3367 2704 3408 se
2727 3352 2998 3414 simulent,
3032 3350 3255 3420 integrae
3278 3356 3334 3403 et
3355 3361 3529 3417 purse,
3560 3364 3691 3404 non

2070 3458 2282 3505 tantum
2313 3460 2541 3518 corpore
2560 3486 2576 3512 ,
2611 3444 2706 3500 sed
2735 3444 2902 3499 etiam
2932 3442 3123 3512 spiritu
3152 3447 3520 3510 perseverent.
3560 3438 3687 3496 Neo

2071 3556 2177 3611 que
2214 3540 2362 3597 enim
2405 3538 2487 3594 fas
2528 3547 2612 3593 est
2653 3536 2916 3607 virginem
2949 3534 3015 3589 ad
3056 3533 3293 3602 speciem
3326 3528 3514 3585 forma:
3556 3547 3689 3589 sua

2071 3632 2235 3696 comi,
2260 3638 2354 3685 aut
2379 3630 2445 3685 de
2470 3642 2653 3693 carne,
2684 3635 2741 3680 et
2764 3626 2831 3680 de
2849 3624 2966 3693 ejus
2991 3622 3388 3694 pulchritudine
3408 3621 3683 3692 gloriari,

2070 3737 2194 3777 cum
2232 3720 2379 3774 nulla
2411 3719 2483 3775 sit
2517 3717 2594 3772 illi
2630 3731 2800 3789 magis
2824 3730 2987 3786 quam
3017 3714 3277 3769 adversus
3302 3727 3520 3767 carnem
3557 3714 3684 3768 col.

2073 3814 2322 3879 luctatio,
2353 3820 2408 3868 et
2434 3812 2685 3867 vincendi
2721 3809 2966 3881 corporis
2995 3824 3060 3864 ac
3099 3807 3352 3863 domandi
3384 3806 3686 3863 obstinata

2073 3904 2324 3961 certatio.
2356 3902 2652 3967 Ssqurruu.
2690 3901 2971 3957 Neminem
3001 3898 3372 3955 Christianum
3393 3899 3587 3965 decet,
3625 3910 3687 3957 et

2074 3997 2311 4052 maxime
2340 3995 2603 4065 virginem
2641 4008 2748 4049 non
2774 3993 2955 4059 decet,
2985 3990 3289 4047 claritatem
3318 3988 3482 4044 ullam
3511 4003 3687 4045 cotu-

2073 4096 2266 4159 putare
2297 4088 2480 4142 carnis
2506 4094 2561 4141 et
2603 4086 2861 4141 honorem
2881 4125 2895 4149 ,
2924 4082 3020 4139 sed
3056 4080 3229 4138 solum
3265 4088 3520 4151 appetere
3549 4096 3687 4137 ser-

2074 4195 2290 4237 monem
2332 4178 2425 4235 Dei
2449 4220 2464 4244 ,
2501 4178 2643 4234 bona
2682 4179 2738 4233 in
2775 4185 3040 4232 aeternum
3070 4188 3322 4229 mansura
3350 4172 3682 4241 complecti.

2076 4288 2361 4337 suom'rua.
2405 4270 2682 4340 Scriptum
2709 4275 2813 4334 est,
2842 4276 2897 4323 et
2931 4266 3150 4337 legitur,
3186 4274 3242 4320 et
3270 4265 3325 4318 in
3352 4263 3686 4331 exemplum

2075 4364 2247 4420 nostri
2276 4362 2519 4419 ecclesiae
2547 4376 2643 4415 ore
2668 4359 2972 4414 celebratur
3000 4377 3014 4411 :
3047 4357 3150 4423 Qui
3177 4356 3306 4410 dicit
3338 4370 3391 4409 se
3417 4354 3475 4407 in
3503 4352 3685 4409 Clari-

2075 4466 2156 4511 sto
2184 4470 2418 4519 manere,
2446 4452 2594 4507 debet
2619 4450 2876 4523 quomodo
2904 4448 2995 4503 ille
3025 4446 3312 4501 ambulavit
3334 4453 3381 4500 et
3408 4445 3523 4513 ipse
3551 4462 3689 4500 an-

2077 4546 2258 4601 bulare
2286 4543 2339 4615 (I
2365 4544 2525 4599 Joan.
2570 4542 2653 4615 ιι).
2694 4540 3089 4597 Ambulandum
3118 4548 3202 4592 est
3242 4536 3485 4605 vestigiis
3519 4538 3686 4603 pari-

2076 4638 2199 4702 bus,
2237 4635 2430 4690 temula
2459 4634 2795 4705 ingressione
2821 4631 3101 4686 nitendum
3129 4639 3232 4685 est.
3262 4628 3412 4682 Tunc
3442 4640 3686 4694 respon-

2076 4728 2168 4783 det
2201 4726 2270 4782 ad
2310 4726 2468 4782 fidem
2500 4725 2734 4781 nominis
2760 4723 2986 4779 sectatio
3024 4722 3300 4784 veritatis,
3330 4728 3386 4775 et
3416 4720 3683 4774 credenti

2074 4818 2356 4888 praemium
2388 4816 2566 4878 datur,
2594 4814 2639 4869 si
2676 4814 2819 4884 quod
2855 4814 3096 4869 creditur
3124 4820 3182 4866 et
3218 4818 3461 4883 geratur.
3492 4808 3683 4865 Locu-

2074 4908 2273 4980 pletem
2305 4915 2358 4964 te
2384 4907 2550 4973 dicis,
2588 4915 2647 4962 et
2670 4905 2891 4960 divitem
2913 4945 2929 4971 ,
2958 4905 3054 4960 sed
3082 4903 3284 4959 divitiis
3322 4901 3430 4954 tuis
3462 4899 3682 4957 Paulus

2078 4999 2337 5063 occurrit,
2363 5005 2420 5053 et
2436 4998 2504 5055 ad
2525 4997 2727 5053 cultum
2750 5005 2913 5068 atque
2937 5001 3186 5052 ornatum
3218 5001 3370 5047 tuum
3386 4990 3543 5060 justo
3560 4991 3683 5048 line

2079 5089 2467 5146 moderandum
2498 5104 2595 5145 sua
2621 5104 2752 5145 voce
2775 5087 3100 5159 priescribit.
3136 5083 3278 5150 Sint,
3307 5084 3509 5154 inquit,
3538 5100 3679 5137 ιιι.

2079 5180 2231 5236 lieres
2256 5197 2376 5236 cum
2400 5180 2710 5236 verecundia
2727 5189 2776 5235 et
2795 5179 3050 5251 pudicitia
3076 5185 3441 5247 componentes
3460 5192 3538 5240 se,
3559 5192 3680 5231 non

2080 5274 2288 5329 intortis
2313 5273 2565 5337 crinibus,
2603 5288 2766 5342 neque
2798 5286 2962 5337 auro,
3000 5286 3164 5340 neque
3195 5265 3534 5338 margaritis,
3569 5278 3679 5321 lu

2081 5373 2216 5417 reste
2232 5352 2480 5434 pretiosa,
2503 5362 2596 5416 sed
2618 5371 2675 5416 ut
2695 5362 2837 5415 decet
2864 5361 3110 5415 mulieres
3128 5359 3490 5429 promittenta
3510 5356 3677 5410 casti-

2078 5463 2237 5508 tatem
2257 5470 2350 5525 per
2375 5453 2563 5507 bonam
2591 5452 3034 5507 conversationem
3056 5450 3106 5523 (1
3133 5448 3267 5503 Tim.
3290 5447 3375 5517 tt).
3402 5448 3536 5502 Item
3562 5443 3674 5500 Pe-

2080 5553 2196 5598 trus
2225 5545 2291 5599 ad
2318 5544 2434 5602 hrec
2461 5540 2650 5598 eadem
2679 5550 2949 5613 praecepta
2976 5540 3246 5597 consentit
3279 5546 3336 5593 et
3367 5539 3502 5594 dicit
3530 5555 3545 5591 :
3580 5535 3672 5592 Sit

2021 5672 2031 5685 .
2080 5637 2134 5689 in
2163 5635 2379 5689 muliere
2413 5651 2519 5689 non
2554 5632 2783 5688 exterior
2820 5633 3136 5695 ornamenti,
3167 5641 3260 5685 aut
3289 5631 3430 5692 auri,
3464 5640 3559 5684 aut
3581 5645 3673 5683 re-

2081 5724 2174 5780 stis
2203 5723 2396 5790 cultus,
2421 5723 2513 5779 sed
2540 5722 2710 5778 cultus
2735 5723 2907 5778 cordis
2938 5721 2990 5797 (Ι
3020 5719 3167 5776 Petr.
3197 5720 3305 5794 ιιι).
3330 5720 3492 5788 Quod
3518 5720 3562 5776 si
3591 5718 3667 5773 illi
