3890 6180
261 292 371 348 969

775 290 1058 348 REGULA
1105 291 1740 352 SANCTIMONIALIUM
1782 294 1870 349 AB
1909 295 2271 353 AMALARIO
2309 295 2690 355 COLLECTA.
2733 331 2804 341 -—
2842 299 2967 356 LIB.
3009 299 3073 355 ll.

3339 334 3342 337 -
3437 305 3543 360 930

264 403 521 465 mulieres
550 415 766 472 quoque
797 401 1092 457 admonent
1129 405 1478 470 coercendas,
1502 418 1556 460 et
1586 407 1653 460 ad
1680 405 1851 461 eccle-
1878 409 1927 465 Α
1953 406 2042 474 qui
2087 406 2152 460 de
2190 405 2313 461 limo
2344 419 2440 473 est,
2488 419 2751 478 portemus
2792 419 2840 464 et
2884 411 3166 481 imaginem
3209 420 3322 484 ejus
3355 421 3446 484 qui
3478 418 3539 468 de

258 494 541 549 siasticam
581 492 920 561 disciplinam
965 494 1216 565 religiosa
1255 495 1635 551 observatione
1671 499 1854 552 mode-

256 586 485 648 randas,
514 600 634 654 qua:
661 599 923 639 excusare
961 586 1138 640 cultus
1167 603 1294 641 suos
1323 587 1531 642 soleant
1557 603 1654 658 per
1683 589 1852 642 mari~

260 686 410 742 tum,
453 684 658 746 quanto
701 675 754 729 id
797 676 967 744 magis
1001 677 1294 731 observare
1331 676 1598 745 virginem
1637 675 1719 731 fas
1747 684 1850 741 est,

258 769 348 822 cui
379 767 525 820 nulla
551 776 780 820 ornatus
807 766 890 820 sui
922 774 1194 835 competat
1216 766 1390 831 venia,
1417 781 1517 820 nec
1537 755 1768 820 derivari
1799 766 1851 820 in

257 861 493 915 alterum
528 861 700 930 possit
735 861 1078 915 mendacium
1107 860 1306 930 culpa,
1336 861 1429 915 sed
1465 861 1579 915 sola
1611 862 1725 930 ipsa
1769 877 1852 917 re-

261 963 481 1009 maneat
513 953 566 1006 in
595 953 853 1007 crimine!
887 953 1228 1022 Locupletcm
1259 961 1310 1006 te
1340 953 1474 1007 dicis
1499 959 1553 1006 et
1579 952 1798 1012 divitem
1831 970 1845 1006 :

259 1047 356 1099 sed
386 1060 493 1099 non
524 1061 684 1099 omne
712 1045 854 1113 quod
884 1053 1083 1114 potest,
1114 1045 1350 1099 debet'et
1384 1043 1532 1109 fieri;
1564 1059 1685 1098 cum
1715 1045 1850 1100 scri-

258 1146 414 1205 ptum
445 1135 518 1190 sit
551 1153 565 1189 :
603 1133 794 1189 Omnia
829 1134 1007 1200 licent,
1040 1136 1132 1190 sed
1170 1153 1272 1189 non
1305 1137 1481 1188 omnia
1520 1136 1797 1203 expediunt
1829 1147 1849 1186 .°

257 1228 440 1280 omnia
472 1225 662 1291 licent,
703 1226 794 1279 sed
837 1243 939 1279 non
981 1228 1161 1280 omnia
1201 1226 1467 1295 wdiﬁcant
1508 1224 1558 1296 (1
1597 1223 1720 1279 Cor.
1747 1226 1844 1295 vt).

255 1318 529 1372 Cseterum
561 1317 606 1372 si
653 1325 708 1371 tu
740 1327 792 1372 te
821 1318 1190 1387 sumptuosius
1219 1333 1425 1382 comas,
1459 1327 1512 1372 et
1548 1333 1643 1388 per
1667 1317 1845 1388 publi-

161 1427 166 1430 ·
258 1425 386 1463 cum
415 1410 726 1464 notabiliter
754 1411 1004 1472 incedas,
1035 1411 1221 1465 oculos
1252 1412 1302 1466 in
1334 1419 1387 1466 te
1415 1410 1716 1479 iuventutis
1745 1412 1842 1467 illi-

255 1502 402 1566 cias,
447 1502 681 1570 suspiria
719 1500 1136 1556 adolescentium
1167 1510 1292 1572 post
1319 1511 1371 1556 te
1402 1503 1586 1557 trahas
1607 1544 1621 1567 ,
1649 1518 1847 1558 concu-

257 1592 503 1660 piscendi
533 1591 809 1647 libidinem
838 1592 1060 1654 nutrias,
1096 1593 1347 1661 sperandi
1372 1591 1608 1646 fomenta
1629 1608 1846 1648 succen-

255 1683 356 1735 das
376 1720 392 1745 ,
423 1689 482 1734 ut
507 1681 609 1734 etsi
641 1681 755 1750 ipsa
790 1697 894 1736 non
925 1697 1140 1751 pereas,
1169 1680 1304 1736 alios
1333 1689 1512 1734 tamen
1545 1682 1758 1749 perdas,
1791 1689 1846 1736 et

1957 495 2083 554 caalo
2112 507 2186 550 est
2222 497 2274 567 (I
2301 495 2426 551 Cor.
2460 500 2558 569 XI).
2590 498 2736 554 Hanc
2778 499 3068 570 imaginem
3103 500 3384 572 virginitas
3417 518 3540 571 por-

1955 590 2064 648 tat,
2105 597 2286 656 portat
2327 590 2642 660 integritas,
2671 591 2934 646 sanctitas
2971 600 3153 659 portat
3191 600 3247 647 ct
3292 594 3535 648 veritas:

1953 685 2172 745 portant
2214 679 2491 750 discipula:
2528 682 2623 736 Dei
2659 696 2929 736 memores
2955 679 3225 750 justitiam
3262 699 3383 737 cum
3417 686 3540 739 reli-

1953 767 2112 836 gione
2144 770 2438 824 retinentes
2459 811 2473 835 ,
2499 770 2722 826 stabiles
2748 771 2803 825 in
2835 771 2958 836 ﬁde,
2985 770 3216 827 humiles
3239 772 3294 826 in
3325 773 3536 837 timore,

1952 860 2022 913 ad
2051 876 2264 916 omnem
2291 863 2637 918 tolerantiam
2669 863 2870 927 fortes,
2900 863 2966 918 ad
2996 863 3365 918 sustinendam
3399 864 3538 933 iniu-

1953 951 2086 1005 riam
2115 953 2295 1019 mites,
2325 955 2393 1008 ad
2418 953 2716 1008 faciendam
2743 955 3170 1010 misericordiam
3200 953 3405 1021 faciles,
3433 957 3538 1012 fra-

1949 1050 2104 1098 terna
2152 1060 2286 1114 pace
2331 1047 2633 1110 unanimes,
2681 1056 2843 1115 atque
2893 1049 3213 1103 concordes.
3262 1047 3392 1114 Qum
3442 1066 3538 1104 vos

1949 1134 2158 1205 singula
2180 1176 2195 1200 ,
2233 1151 2266 1190 o
2298 1135 2451 1191 bona:
2486 1138 2753 1205 virgines,
2793 1137 3104 1204 observare,
3140 1138 3395 1208 dirigere,
3432 1141 3534 1194 im-

1949 1228 2098 1298 plere
2125 1227 2333 1284 debetis
2352 1270 2366 1293 ,
2400 1245 2521 1299 qtue
2550 1231 2660 1283 Deo
2685 1238 2741 1284 et
2770 1229 2988 1285 Christo
3013 1238 3302 1295 vacantes,
3333 1232 3400 1286 ad
3432 1233 3534 1287 Do-

1949 1319 2177 1383 minum,
2206 1319 2292 1374 cui
2324 1335 2421 1374 vos
2453 1320 2676 1384 dicatis,
2713 1328 2769 1374 et
2805 1320 3010 1389 majore
3047 1328 3103 1374 et
3132 1319 3356 1375 meliore
3384 1331 3536 1390 parte

1947 1412 2274 1480 praeceditis.
2304 1411 2582 1467 Provecta:
2623 1412 2802 1466 aetatis
2823 1409 3131 1478 junioribus
3158 1409 3324 1466 facite
3358 1415 3531 1483 magi-

1947 1501 2194 1557 stet-ium.
2243 1501 2477 1557 Minores
2512 1509 2639 1556 natu
2685 1503 2920 1571 praebete
2949 1499 3246 1570 maioribus
3283 1500 3531 1557 ministe-

1949 1594 2121 1656 rium,
2164 1593 2510 1662 comparibus
2550 1593 2978 1647 incitamentum.
3023 1591 3391 1648 llortamentis
3436 1607 3536 1648 vos

1948 1682 2154 1736 mutuis
2190 1684 2456 1747 excitate;
2499 1681 2707 1737 aemulis
2748 1681 2815 1735 de
2853 1682 3053 1736 virtute
3091 1683 3428 1739 documentis
3463 1684 3530 1738 ad

252 1770 405 1824 velut
443 1771 676 1841 gladium
717 1779 797 1834 te,
840 1781 895 1826 et
921 1787 1186 1826 venenum
1222 1770 1530 1826 videntibus
1561 1759 1840 1841 praebeas;
1877 1752 1918 1810 Β
1947 1773 2172 1843 gloriam
2200 1783 2526 1844 provocate;
2557 1773 2748 1829 durate
2786 1772 3018 1839 fortiter,
3059 1773 3376 1843 spiritaliter
3401 1787 3529 1845 per-

251 1864 506 1919 excusari
533 1879 636 1918 non
660 1875 832 1934 potes,
856 1864 1010 1933 quasi
1041 1872 1221 1918 mente
1250 1872 1399 1918 casta
1425 1862 1501 1918 sis
1523 1871 1577 1917 et
1604 1863 1793 1931 pudica
1826 1881 1838 1916 :

252 1955 533 2026 redarguit
559 1962 610 2008 te
640 1955 816 2009 cultus
842 1955 1143 2024 improbus,
1173 1962 1230 2008 et
1252 1954 1554 2022 impudicus
1577 1961 1802 2008 ornatus
1827 1972 1840 2007 :

252 2061 359 2100 nec
386 2046 686 2115 computari
719 2044 830 2114 iam
865 2046 1068 2115 poteris
1112 2046 1254 2100 inter
1280 2044 1486 2114 puellas
1519 2053 1573 2099 et
1608 2045 1844 2115 virgines

250 2135 492 2200 Christi,
527 2151 646 2206 quae
681 2137 759 2191 sic
787 2137 924 2191 vivis
960 2144 1019 2190 ut
1045 2137 1222 2206 possis
1250 2136 1510 2191 adamari.
1543 2135 1843 2191 Ornamen-

251 2239 439 2283 torum
481 2245 545 2284 ac
586 2230 818 2285 vestium
863 2231 1098 2301 insignia
1137 2238 1193 2285 et
1232 2230 1498 2285 lenocinia
1544 2229 1841 2286 formarum

250 2337 364 2374 non
396 2321 499 2375 nisi
526 2322 831 2390 prostitutis
867 2332 922 2376 et
953 2323 1236 2393 impudicis
1272 2322 1486 2379 feminis
1514 2332 1838 2394 congruunt.

250 2414 489 2483 Fugiant
517 2423 680 2468 casta:
708 2415 946 2486 virgines
970 2423 1025 2470 et
1053 2415 1261 2484 pudica:
1289 2415 1615 2471 incestarum
1643 2415 1838 2482 cultus,

250 2503 474 2559 habitus
521 2505 948 2576 itnpudicarum,
995 2507 1335 2576 lupanarium
1378 2507 1638 2578 insignia,
1680 2523 1842 2561 orna-

251 2603 437 2647 menta
473 2595 845 2650 meretricum.
885 2595 998 2651 Hoc
1045 2597 1186 2652 Deus
1219 2597 1433 2668 culpat,
1467 2597 1570 2653 hoc
1597 2597 1837 2652 denotat.

248 2682 500 2738 Sericum
532 2693 586 2739 et
612 2701 907 2755 purpuram
933 2687 1151 2755 indntm,
1182 2687 1458 2743 Christum
1486 2687 1708 2743 induere
1735 2703 1841 2746 non

248 2786 480 2843 possunt
515 2796 529 2830 :
561 2793 693 2832 auro
725 2787 782 2833 et
811 2780 1140 2850 margaritis,
1172 2789 1227 2834 ct
1250 2780 1538 2835 monilibus
1568 2781 1843 2836 adornata:

248 2877 572 2922 ornamenta
600 2871 780 2924 cordis
818 2886 882 2925 ac
922 2873 1157 2940 pectoris
1191 2873 1559 2942 perdiderunt.
1595 2872 1842 2944 Virgines

249 2967 426 3022 certe,
457 2959 654 3027 quibus
684 2960 773 3015 hic
800 2975 978 3016 sermo
1007 2978 1150 3016 nunc
1176 2962 1428 3028 consulit,
1459 2977 1579 3032 qua:
1609 2979 1667 3018 se
1693 2962 1840 3032 eius-

251 3049 400 3101 modi
439 3049 647 3103 artibus
678 3052 1040 3120 compserint,
1071 3053 1214 3106 inter
1253 3053 1487 3124 virgines
1518 3068 1575 3108 se
1610 3069 1715 3108 non
1745 3071 1842 3125 pu-

252 3146 373 3192 tent
397 3138 594 3194 debere
623 3142 920 3196 numerari.
953 3141 1148 3197 Audite
1171 3143 1354 3212 itaque
1388 3144 1624 3214 virgines
1657 3155 1716 3199 ut
1747 3163 1842 3216 pa-

252 3238 466 3283 rentem
490 3269 506 3294 ,
545 3231 724 3285 audite
748 3271 763 3296 ,
809 3247 993 3301 quaeso
1033 3249 1164 3298 vos,
1208 3235 1490 3289 docentem
1536 3235 1741 3303 pariter
1780 3252 1845 3291 ac

253 3329 607 3386 monentem,
637 3324 820 3377 audite
863 3325 1187 3380 utilitatibus
1226 3335 1280 3380 et
1316 3327 1614 3381 cOmmodis
1649 3327 1846 3381 vestris

255 3413 491 3468 fideliter
519 3415 910 3471 consulentem.
945 3417 1130 3472 Estote
1159 3419 1293 3473 tales
1315 3459 1330 3483 ,
1357 3418 1545 3487 quales
1574 3433 1670 3473 vos
1702 3418 1846 3473 Deus

251 3504 455 3560 artifex
481 3505 609 3561 fecit
645 3525 659 3562 :
690 3516 866 3563 estote
920 3509 1057 3565 tales
1086 3511 1275 3580 quales
1313 3526 1408 3565 vos
1446 3527 1635 3565 tnanus
1674 3511 1845 3580 patris

253 3597 514 3652 instituit.
550 3598 764 3653 Maneat
799 3600 852 3654 in
892 3601 1046 3656 vobis
1081 3600 1248 3657 facies
1286 3603 1594 3672 incorrupta
1616 3643 1632 3668 ,
1659 3604 1845 3658 cervix

253 3704 394 3757 pura
416 3728 432 3751 ,
475 3687 645 3742 forma
672 3689 906 3746 sincera.
946 3693 1113 3748 Vince
1152 3702 1388 3759 vestem,
1424 3709 1545 3764 qua:
1586 3695 1737 3764 virgo
1762 3709 1844 3759 es,

254 3793 380 3848 quae
421 3778 528 3832 Deo
559 3779 763 3845 servis;
794 3781 946 3836 vince
983 3799 1172 3837 aurum
1193 3824 1207 3848 ,
1243 3799 1364 3853 qua:
1392 3799 1611 3839 carnem
1655 3785 1845 3849 vincis,

251 3881 312 3926 et
339 3871 620 3926 saeculum.
647 3872 813 3928 Arcta
839 3883 895 3928 et
924 3885 1154 3946 angusta
1181 3884 1266 3930 est
1290 3876 1373 3930 via
1393 3917 1408 3940 ,
1446 3892 1568 3946 quze
1601 3877 1750 3930 ducit
1780 3877 1848 3931 ad

255 3963 429 4017 vitam
463 3981 476 4016 :
509 3964 678 4020 durus
701 3973 756 4020 et
788 3974 970 4020 arctus
994 3974 1078 4020 est
1109 3965 1294 4030 limes,
1325 3965 1416 4035 qui
1443 3965 1612 4020 tendit
1641 3965 1708 4019 ad
1737 3965 1848 4036 glo-

259 4056 420 4108 riam.
472 4055 607 4109 Lata
649 4063 705 4110 et
753 4056 986 4125 spatiosa
1035 4056 1229 4111 itinera
1277 4057 1401 4111 vita:
1442 4056 1656 4111 lcthalis
1695 4075 1708 4110 :
1743 4057 1850 4112 illic

261 4146 565 4213 illecebras,
615 4155 670 4203 et
723 4147 1018 4203 mortiferae
1060 4147 1396 4217 voluptates;
1447 4147 1556 4202 illic
1603 4147 1850 4204 diabolus

260 4239 540 4293 blanditur
573 4247 629 4293 ut
661 4239 828 4304 fallat,
859 4239 1061 4294 arridet
1089 4249 1148 4293 ut
1177 4247 1403 4304 noceat,
1442 4239 1597 4294 illicit
1623 4247 1682 4294 ut
1707 4241 1850 4296 occi-

261 4331 381 4383 dat.
434 4329 658 4385 Servate
701 4331 958 4400 virgines,
1000 4338 1212 4385 servate
1249 4331 1392 4400 quod
1426 4344 1548 4385 esse
1583 4323 1844 4400 coepistis,

263 4430 482 4476 servate
507 4423 648 4491 quod
677 4422 852 4477 eritis.
886 4421 1074 4490 Magna
1104 4436 1200 4475 vos
1231 4435 1440 4475 merces
1473 4428 1681 4484 manet,
1713 4436 1848 4490 prze-
1875 4448 1928 4507 D
1955 4423 2229 4494 religionis
2273 4428 2483 4475 tantum
2526 4418 2767 4473 habitum
2818 4415 3122 4483 suscepisse
3165 4431 3179 4467 :

266 4511 436 4565 mium
469 4512 671 4580 grande
711 4510 961 4576 virtutis,
1007 4526 1202 4564 munus
1230 4509 1522 4564 maximum
1560 4509 1847 4564 castitatis.

263 4601 423 4670 Quod
452 4600 617 4656 futuri
648 4617 864 4665 sumus,
887 4601 1001 4673 iam
1030 4617 1126 4656 vos
1165 4615 1285 4655 esse
1320 4600 1562 4670 cmpistis
1601 4619 1613 4655 :
1646 4616 1739 4655 vos
1768 4615 1853 4656 re-

265 4693 626 4749 surrectionis
649 4693 876 4766 gloriam
907 4693 960 4748 in
989 4693 1095 4748 isto
1119 4691 1315 4747 saeculo
1331 4689 1444 4760 iam
1477 4693 1672 4747 tenetis
1701 4711 1714 4746 :
1756 4709 1854 4763 per

265 4786 528 4843 saeculum
557 4787 675 4842 sine
701 4786 886 4841 saeculi
921 4785 1242 4856 contagione
1279 4784 1524 4838 transitis
1558 4802 1570 4837 :
1600 4801 1721 4840 cum
1759 4802 1862 4863 ca-.

267 4888 369 4933 sta:
395 4877 754 4949 perseveratis
781 4887 838 4934 et
860 4879 1096 4949 virgines
1112 4918 1128 4944 ,
1157 4877 1361 4949 angelis
1386 4877 1480 4931 Dei
1510 4877 1646 4932 estis
1671 4892 1864 4946 tequaa

271 4971 370 5025 les.
403 4969 634 5024 Tantum
662 4979 879 5024 maneat
907 4980 964 5025 et
985 4970 1140 5024 duret
1164 4969 1332 5025 solida
1362 4977 1419 5024 et
1441 4968 1606 5023 illmsa
1636 4968 1856 5040 virgini-

272 5068 380 5123 tas,
406 5067 462 5113 et
487 5067 546 5112 ut
571 5059 736 5128 coepit
763 5057 998 5123 fortiter,
1017 5055 1218 5128 iugiter
1244 5066 1572 5128 perseveret,
1607 5073 1707 5113 nec
1737 5072 1852 5112 mo-

274 5151 464 5205 nilium
503 5158 598 5204 aut
631 5149 860 5205 vestium
891 5157 1097 5218 quierat
1124 5159 1465 5214 ornamenta,
1491 5152 1586 5204 sed
1620 5163 1849 5203 morum.

275 5243 447 5298 Deum
483 5251 692 5312 spectet
728 5250 783 5297 et
817 5241 1012 5296 caalum
1047 5259 1061 5296 :
1091 5255 1266 5311 neque
1305 5241 1492 5297 oculos
1518 5240 1584 5295 ad
1624 5241 1854 5295 sublime

272 5345 556 5409 porrectos
579 5336 645 5390 ad
671 5336 854 5390 carnis
876 5343 931 5391 et
956 5334 1137 5389 mundi
1164 5332 1655 5402 concupiscentiam
1683 5331 1857 5401 depri-

276 5442 416 5496 mat,
448 5439 542 5486 aut
573 5431 641 5486 ad
670 5439 883 5486 terrena
912 5430 1165 5498 deponat,
1192 5436 1297 5482 etc.
1331 5425 1542 5480 Primus
1565 5429 1740 5490 homo,
1773 5424 1856 5478 in-

275 5526 420 5597 quit,
450 5524 514 5578 de
537 5533 691 5578 terra:
719 5526 876 5586 limo;
907 5522 1166 5575 secundus
1202 5521 1356 5572 homo
1392 5518 1455 5571 de
1487 5515 1632 5571 caelo.
1674 5513 1860 5580 Qualis

276 5620 371 5675 ille
395 5619 460 5672 de
485 5618 636 5681 limo,
665 5615 796 5671 tales
822 5626 868 5669 et
905 5616 993 5685 qui
1034 5614 1098 5666 de
1132 5612 1256 5666 limo
1287 5623 1304 5661 :
1335 5619 1381 5664 et
1415 5607 1584 5677 qualis
1622 5605 1858 5668 cwlestis,

280 5721 414 5769 tales
444 5722 489 5767 et
517 5711 761 5766 cmlestrs.
793 5705 1066 5774 Quomodo
1099 5703 1415 5776 portavimus
1443 5702 1717 5768 imaginem
1747 5697 1858 5764 eius

1944 1864 2075 1933 gite,
2107 1865 2384 1934 pervenite
2423 1863 2670 1918 feliciter.

2569 1955 2798 2012 CAPUT
2835 1953 2896 2009 V.

2014 2049 2114 2120 (De
2139 2066 2376 2104 sermone
2405 2051 2572 2104 sancti
2605 2048 2825 2104 Ca’sarii
2851 2048 3076 2118 episcopi
3104 2048 3526 2104 sanctimoniali-

1943 2140 2036 2194 bus
2063 2142 2306 2214 directo.)
2341 2142 2584 2198 Gaudete
2618 2151 2673 2196 et
2696 2140 2962 2196 exsultate
2988 2140 3040 2194 in
3077 2140 3326 2207 Domino,
3362 2155 3527 2197 vene-

1943 2230 2143 2287 rabiles
2173 2231 2322 2298 filiae,
2365 2240 2420 2286 et
2449 2232 2650 2302 gratias
2681 2232 2756 2286 illi
2779 2231 2980 2300 iugiter
3007 2231 3201 2286 uberes
3233 2231 3398 2302 agite,
3433 2232 3532 2300 qui

1941 2337 2038 2377 vos
2069 2324 2134 2377 de
2163 2325 2446 2379 tenebrosa
2473 2323 2654 2379 sazculi
2692 2322 2850 2391 hujus
2878 2323 3287 2379 conversatione
3307 2323 3374 2378 ad
3403 2338 3530 2393 por-

1943 2422 2056 2467 tum
2095 2415 2294 2483 quietis
2322 2423 2378 2469 et
2407 2414 2682 2486 religionis
2721 2415 2996 2469 attrahere
3026 2422 3081 2469 et
3119 2427 3416 2484 provocare
3442 2414 3526 2470 di-

1941 2513 2137 2574 gnatus
2160 2514 2262 2560 est.
2287 2505 2532 2576 Cogitate
2551 2503 2754 2575 iugiter
2774 2504 2916 2559 unde
2940 2503 3173 2569 exiistis,
3200 2510 3257 2558 et
3283 2503 3372 2557 ubi
3402 2518 3529 2573 per-

1942 2597 2126 2651 venire
2151 2597 2437 2651 meruistis.
2457 2595 2774 2664 Reliqu’stis
2795 2593 3023 2648 fideliter
3043 2592 3227 2647 mundi
3252 2593 3533 2655 tenebras,

1943 2695 1999 2743 et
2034 2687 2206 2742 lucem
2237 2687 2437 2743 Christi
2468 2685 2697 2742 feliciter
2731 2686 2914 2740 videre
2944 2684 3205 2754 cmpistis.
3236 2682 3526 2756 Contemps

1943 2779 2092 2834 sistis
2110 2778 2353 2834 libidinis
2375 2779 2707 2844 incendium,
2727 2786 2782 2832 et
2805 2777 2872 2832 ad
2897 2774 3164 2832 castitatis
3184 2773 3542 2845 refrigerium.

1942 2871 2288 2939 pervenistis.
2332 2869 2637 2940 Respuistis
2673 2867 2885 2940 gulam,
2916 2876 2972 2922 et
3003 2866 3386 2922 abstinentiam
3420 2865 3526 2921 ele-

1943 2961 2120 3032 gistis.
2158 2959 2462 3030 Respuistis
2498 2959 2785 3014 avaritiam
2827 2967 2993 3028 atque
3015 2956 3319 3020 luxuriam,
3347 2964 3405 3011 et
3431 2971 3526 3012 ca—

1947 3053 2186 3107 stitatem
2240 3051 2323 3106 vel
2373 3051 2807 3108 misericordiam
2861 3050 3129 3106 tenuistis.
3169 3049 3240 3105 Et
3281 3049 3536 3120 quamvis

1947 3145 2100 3200 vobis
2128 3161 2300 3214 usque
2322 3147 2390 3200 ad
2418 3147 2626 3200 exitum
2645 3144 2772 3199 vitae
2802 3159 2908 3199 non
2938 3144 3078 3200 desit
3104 3157 3304 3214 pugna,
3326 3150 3538 3206 tamen..

1945 3237 2056 3293 Deo
2091 3238 2357 3303 donante,
2389 3239 2570 3293 securi
2613 3252 2801 3293 sumus
2828 3237 2895 3292 de
2924 3244 3106 3292 vestra
3133 3235 3379 3290 victoria.
3422 3233 3535 3290 Sed

1944 3345 2076 3400 rogo
2103 3345 2198 3385 vos
2217 3371 2232 3394 ,
2263 3331 2602 3386 venerabiles
2632 3329 2756 3384 tiliae
2776 3368 2792 3393 ,
2830 3336 2892 3383 ut
2919 3335 3124 3398 quanto
3152 3327 3286 3382 estis
3324 3341 3542 3381 securae

1945 3421 2012 3478 de
2035 3422 2327 3491 prmteritis
2347 3462 2362 3486 ,
2390 3429 2542 3476 tanto
2571 3421 2692 3476 sitis
2720 3419 2964 3474 sollicitae
2991 3419 3056 3474 de
3085 3417 3298 3472 futuris.
3336 3416 3539 3472 Omnia.

1945 3512 2090 3567 enim
2129 3512 2358 3567 crimina
2397 3511 2480 3567 vel
2515 3519 2736 3580 peccata
2771 3509 2880 3564 cito
2921 3509 2988 3563 ad
3029 3522 3128 3562 nos
3162 3513 3545 3571 revertuntur,

1944 3603 1991 3658 si
2023 3617 2129 3656 non
2159 3601 2400 3670 quotidie
2437 3601 2596 3656 bonis
2632 3599 2888 3668 operibus
2913 3605 3304 3668 expugnentur.
3335 3595 3542 3652 Audite.

1946 3692 2250 3762 apostolum
2276 3693 2497 3747 Petrum
2527 3691 2796 3747 dicentem
2830 3708 2844 3745 :
2879 3688 3080 3746 Sobria:
3115 3697 3293 3752 estote,
3324 3695 3372 3741 et
3401 3688 3529 3756 rigi-

1946 3782 2072 3848 late,
2109 3783 2236 3854 quia
2277 3781 2612 3838 adversarius
2645 3791 2813 3836 vester
2851 3777 3116 3844 diabolus,
3156 3786 3408 3848 tanquam
3450 3775 3542 3831 leo.

1948 3877 2181 3947 rugiens,
2211 3874 2413 3947 aliquid
2438 3875 2688 3930 devorare
2710 3889 2946 3945 quarens
2981 3869 3166 3925 circuit
3203 3866 3254 3942 (1
3279 3865 3425 3952 Petr.
3453 3869 3540 3935 v)..

1947 3969 2195 4037 Quandiu
2220 3969 2275 4024 in
2299 3969 2404 4023 hoc
2422 3981 2648 4037 corpore
2675 3965 2928 4027 vivimus,
2952 3961 3039 4018 die
3063 3969 3350 4030 nocteque,
3377 3956 3533 4015 Chri-

1948 4071 2034 4116 sto
2055 4059 2302 4130 adiutore
2327 4058 2411 4113 vel
2441 4059 2598 4125 duce,
2631 4067 2820 4114 contra
2849 4055 3121 4111 diabolum
3151 4067 3531 4124 repugnemus.

1951 4149 2090 4205 Sunt
2129 4133 2274 4205 enim
2321 4148 2548 4218 aliquae,
2581 4148 2725 4218 quod
2766 4144 2920 4217 pejus
2959 4152 3078 4209 est,
3108 4141 3438 4212 negligentes
3479 4150 3540 4197 et

1951 4243 2166 4314 tepidas,
2189 4257 2310 4312 qua:
2332 4241 2398 4296 de
2419 4240 2535 4296 solo
2559 4236 2986 4294 Christianitatis
3010 4231 3273 4289 vocabula
3300 4230 3534 4301 glorian-

1953 4343 2062 4398 tur,
2089 4341 2146 4387 et
2177 4339 2370 4401 putant
2395 4331 2540 4400 quod
2567 4328 2672 4382 illis
2697 4325 2927 4382 sufﬁciat
2955 4331 3161 4378 vestem
3190 4329 3452 4386 mutasse,
3479 4331 3536 4376 et

3229 4412 3546 4468 nescientes

1953 4511 2081 4567 illud
2113 4510 2486 4582 propheticum
2517 4525 2530 4560 :
2560 4505 2692 4572 Fili,
2715 4505 2967 4561 accedens
2991 4502 3060 4557 ad
3085 4502 3386 4558 seruitutem
3413 4501 3534 4564 Det,

1951 4613 2034 4657 sta
2061 4605 2115 4658 in
2137 4602 2350 4674 justitia
2375 4610 2422 4654 et
2451 4600 2655 4663 timore,
2677 4607 2725 4652 et
2764 4611 3008 4666 prwpara
3030 4594 3264 4649 animam
3292 4602 3438 4646 tuam
3464 4593 3533 4645 ad

1953 4694 2288 4750 tentationem
2335 4689 2541 4762 (Eccli.
2581 4688 2675 4759 ll).
2725 4686 2834 4743 Nec
2867 4685 3190 4740 sententiam
3229 4683 3536 4740 Psalmistzn

1953 4783 2365 4840 considerantes
2406 4797 2418 4833 :
2462 4779 2684 4849 Propter
2711 4779 2864 4832 verba
2895 4776 3156 4829 labiorum
3198 4785 3409 4829 tuorum
3443 4763 3550 4846 ego‘

1953 4876 2206 4931 custodiri
2245 4873 2357 4928 vias
2385 4873 2544 4927 duras
2587 4872 2606 4942 (
2623 4869 2772 4926 Psal.
2805 4867 2948 4936 xvi).
2980 4867 3048 4922 Et
3073 4865 3198 4920 illud
3225 4867 3368 4936 quod
3393 4864 3537 4937 Apo-

1956 4968 2128 5023 Stolus
2167 4965 2306 5022 dixit
2348 4981 2363 5018 :
2414 4963 2517 5018 Per
2560 4960 2753 5016 multas
2791 4958 3156 5014 tribulationes
3204 4965 3407 5027 oportet
3446 4972 3542 5011 nos

1956 5061 2154 5114 intrare
2190 5059 2246 5113 in
2285 5070 2498 5126 regnum
2537 5052 2787 5107 caelorum
2830 5051 2966 5123 (Act.
3000 5047 3135 5120 xtv).
3165 5047 3357 5103 Vestes
3393 5046 3539 5102 enim

1957 5149 2243 5206 saeculares
2293 5147 2561 5215 deponere
2611 5151 2667 5198 et
2719 5140 3000 5213 religiosas
3049 5152 3326 5194 assumere
3381 5135 3542 5189 unius

1959 5241 2105 5294 hora!
2129 5245 2402 5292 momento
2433 5249 2753 5305 possumus;
2783 5247 2962 5287 mores
2985 5245 3120 5286 vero
3145 5229 3315 5284 bonos
3338 5226 3540 5298 iugiter

1962 5330 2198 5386 retinere
2219 5369 2233 5394 ,
2263 5327 2350 5383 vel
2375 5337 2562 5383 contra
2591 5324 2762 5380 malas
2793 5321 3084 5390 dulcesque
3114 5320 3415 5386 voluptates
3441 5331 3541 5369 sa:-

1959 5419 2065 5475 culi
2091 5415 2264 5486 huius,
2298 5415 2532 5487 quandiu
2565 5415 2817 5477 vivimus,
2843 5411 3059 5468 Christo
3088 5405 3356 5474 adiutore,
3388 5402 3538 5456 labo-

1961 5526 2083 5566 rare
2109 5509 2366 5566 debemus
2399 5526 2409 5563 :
2443 5507 2570 5576 quia
2593 5522 2697 5560 non
2721 5504 2810 5574 qui
2835 5500 3081 5571 cu'perit,
3110 5497 3202 5552 sed
3234 5495 3324 5564 qui
3357 5508 3540 5564 persc-

1960 5601 2230 5657 vcraverit
2261 5615 2430 5669 usque
2469 5599 2522 5653 in
2570 5598 2729 5653 linem
2769 5595 2858 5650 hic
2897 5591 3076 5646 salvus
3101 5587 3224 5642 erit.
3261 5587 3316 5641 ln
3347 5585 3543 5657 primis

1958 5706 2085 5763 ergo
2122 5690 2300 5747 omnis
2331 5689 2508 5744 anima
2531 5729 2544 5752 ,
2573 5703 2691 5759 qua:
2730 5683 3039 5756 religionem
3079 5693 3301 5736 scrvare
3329 5677 3545 5734 deside-
