3890 6180
346 290 441 348 951

1351 287 1754 344 AMALARIUS
1791 284 2206 341 PRESBYTER
2243 285 2596 343 METENSIS.

3508 290 3621 344 πί

347 416 453 471 rat,
500 404 640 475 gula:
684 401 1179 471 concupiscentiam
1227 400 1467 464 vincere,
1515 408 1572 455 et
1610 399 1929 454 ebrietatem
1959 404 2007 459 Α
2035 412 2256 453 suorum
2287 398 2713 453 familiaritatem
2763 392 2961 455 habere
3000 414 3109 455 non
3139 400 3321 456 debet.
3372 400 3429 455 Si
3466 403 3625 457 anim

346 496 553 561 vitare,
585 502 696 549 tota
726 494 850 549 fidei
884 493 1085 547 virtute
1112 490 1403 545 contendat
1429 509 1441 544 :
1475 499 1529 546 et
1560 492 1633 544 ita
1662 499 1932 561 tempera-

348 598 463 642 tum
493 585 819 649 convivium,
853 594 1210 650 mensamque
1236 580 1565 635 mediocrem
1595 579 1796 635 habere
1824 588 1933 634 stu-

347 681 473 736 deat
493 720 508 745 ,
535 684 597 733 ut
622 691 751 733 caro
776 675 920 730 illius
944 687 1045 729 nec
1070 672 1347 727 nimietate
1372 673 1713 727 abstinentia:
1737 671 1930 726 debili-

349 778 512 833 tetur,
548 782 649 823 nec
675 780 774 837 per
800 765 1117 821 deliciarum
1145 764 1534 820 abundantiam
1562 766 1629 817 ad
1664 763 1930 816 luxuriam

344 867 691 933 provocetur.
728 858 931 914 Deinde
969 856 1184 926 abiecta
1229 857 1517 928 superbia,
1547 856 1635 910 cui
1676 855 1819 910 Deus
1854 870 1934 909 re-

345 952 507 1014 sistit,
534 948 815 1020 profundae
836 947 1155 1003 humilitatis
1177 947 1346 1018 jaciat
1370 946 1775 1001 fundamentum
1804 957 1818 997 :
1846 944 1931 997 in-

342 1045 544 1099 vidiam
566 1042 713 1096 velut
730 1042 1007 1111 vipereum
1030 1054 1296 1094 venenum
1324 1038 1624 1093 detestetur
1652 1051 1715 1090 ac
1742 1035 1908 1106 fugiat

344 1136 585 1207 linguam
624 1133 910 1197 refraenet,
948 1131 1338 1186 detractionem
1369 1129 1521 1197 quasi
1552 1142 1818 1182 venenum
1848 1140 1931 1180 re-

345 1237 532 1298 spuat,
572 1227 739 1282 verba
782 1225 956 1281 otiosa
1000 1238 1100 1277 nec
1132 1223 1246 1290 ipsa
1275 1220 1551 1291 proferat,
1587 1234 1689 1274 nec
1717 1219 1786 1273 ab
1813 1218 1934 1273 aliis

345 1318 556 1390 prolata
589 1320 813 1373 auribus
849 1317 961 1372 suis
996 1316 1227 1370 libenter
1263 1313 1531 1368 admittat.
1568 1313 1931 1367 Vcstimento-

347 1424 468 1463 rum
513 1408 756 1463 habitum
799 1421 899 1461 nec
935 1405 1095 1459 nimis
1135 1404 1431 1473 abjectum,
1479 1419 1578 1457 nec
1625 1402 1933 1457 notabiliter

348 1512 687 1568 pomposum,
715 1505 808 1552 aut
828 1495 1130 1569 periculose
1155 1494 1455 1565 elegantem
1481 1494 1683 1549 habere
1705 1507 1934 1548 consue-

348 1600 485 1647 scat.
533 1589 844 1646 Lcctionem
888 1598 980 1643 aut
1021 1589 1136 1658 ipsa
1177 1587 1514 1656 frequentius
1544 1587 1705 1657 legat,
1735 1594 1828 1640 aut
1858 1585 1934 1640 le-

348 1682 525 1753 gentis
572 1681 736 1735 vcrba
786 1689 897 1734 tota
938 1679 1174 1750 pectoris
1221 1678 1476 1732 aviditate
1527 1677 1804 1746 suscipiat.
1856 1677 1933 1732 De

2030 505 2193 555 vasa,
2241 506 2363 560 quae
2401 491 2646 547 ecclesiae
2681 492 3006 560 offeruntur,
3053 503 3113 549 ut
3153 495 3208 550 in
3251 497 3626 554 sacrosanctis

2031 581 2295 636 altaribus
2323 591 2617 652 ponantur,
2657 595 2843 639 sancta
2881 586 2950 641 ab
2976 587 3232 642 omnibus
3255 587 3623 658 appellantur,

2030 680 2086 725 et
2123 672 2277 727 nefas
2313 684 2397 728 est
2430 680 2492 727 ut
2527 674 2596 729 de
2631 675 2863 730 ecclesia
2899 678 3245 746 postmodum
3296 679 3349 733 in
3392 679 3622 734 domum

2032 763 2225 818 laicam
2265 771 2609 827 revocentur,
2656 773 2751 818 aut
2789 765 2979 819 usibus
3024 766 3278 821 humanis
3319 776 3574 837 aptentur
3601 786 3619 821 :

2031 864 2187 923 putas
2217 855 2432 924 qualem
2466 855 2785 927 dignitatem
2829 859 2971 926 apud
3015 856 3187 912 Deum
3232 858 3391 913 habet
3428 860 3620 914 anima

2032 944 2098 997 ad
2120 942 2551 1014 cjusimaginem
2577 948 2903 1015 procreata?
2934 947 3086 1002 Sicut
3114 964 3247 1018 ergo
3274 965 3399 1003 vasa
3424 960 3620 1005 sancta

2032 1039 2285 1093 humanis
2314 1039 2502 1094 usibus
2538 1041 2805 1095 servitura
2846 1055 2948 1095 nec
2984 1051 3240 1110 possunt,
3282 1059 3381 1098 nec
3410 1043 3623 1097 debent

2033 1130 2099 1184 de
2125 1129 2357 1185 ecclesia
2388 1131 2665 1196 revocari,
2708 1132 2789 1187 sic
2822 1132 3129 1203 religiosam
3160 1134 3471 1203 quampiam
3506 1149 3619 1187 non

2032 1229 2274 1289 Oportet,
2307 1238 2414 1276 non
2449 1222 2634 1286 decet,
2662 1238 2770 1277 non
2795 1224 3044 1293 expedit,
3073 1233 3356 1293 parentum
3389 1239 3617 1278 suorum

2033 1312 2218 1367 multis
2241 1313 2666 1382 obligatiouibus
2704 1314 3003 1383 implicari,
3044 1322 3139 1369 aut
3167 1329 3619 1383 quorumcunqce

2032 1411 2417 1458 extraneorum
2445 1405 2751 1472 perniciosa
2782 1404 3154 1460 familiaritate
3177 1404 3496 1474 constringi.
3548 1403 3620 1457 ll-

2033 1493 2122 1549 lud
2160 1503 2284 1549 ante
2322 1494 2504 1549 omnia
2544 1494 2832 1559 admoneo,
2878 1502 2939 1548 ut
2980 1494 3341 1549 aemulationis
3389 1492 3618 1557 malum,

2034 1587 2187 1655 quasi
2218 1586 2484 1641 venenum
2524 1587 2805 1655 vipereum
2849 1585 3094 1656 fugiatis,
3140 1594 3197 1641 et
3236 1586 3312 1639 ita
3356 1587 3503 1640 inter
3519 1600 3622 1640 vos

2034 1678 2322 1732 charitatis
2353 1677 2694 1733 dulcedinem
2722 1678 3078 1743 conservetis,
3111 1686 3171 1731 ut
3198 1677 3353 1732 vobis
3382 1676 3619 1730 invicem

349 1771 544 1826 divinis
576 1770 978 1840 Scripturarum
1010 1769 1248 1824 fontibus
1271 1768 1474 1839 iugiter
1507 1783 1701 1838 aquam
1740 1768 1931 1823 salutis
1958 1762 2006 1822 B
2031 1778 2344 1841 persancte
2380 1772 2648 1843 colloquia
2684 1773 3080 1829 medicamenta
3114 1772 3381 1842 spiritalia
3409 1787 3621 1842 praepa-

349 1862 561 1916 hauriat
591 1881 603 1915 :
637 1861 784 1915 illam
815 1862 1019 1931 utique,
1062 1861 1128 1919 de
1155 1875 1262 1929 qua
1303 1859 1563 1915 Dominus
1593 1860 1726 1915 dicit
1769 1874 1785 1913 :
1829 1859 1932 1926 Qui

250 1956 259 1969 ‘
347 1951 509 2006 credit
538 1953 591 2005 in
620 1968 731 2017 me,
755 1952 976 2020 ﬂumina
1006 1951 1069 2004 de
1097 1960 1273 2005 ventre
1300 1951 1414 2020 ejus
1444 1951 1605 2018 ﬂuent
1629 1967 1782 2021 aqua:
1809 1951 1932 2005 vive

349 2041 531 2112 (Joan.
559 2041 678 2112 vn).
718 2042 793 2096 De
819 2042 1055 2111 paradisi
1086 2042 1248 2096 etiam
1277 2039 1529 2105 ﬂoribus,
1562 2041 1667 2098 hoc
1696 2049 1781 2096 est
1807 2057 1932 2096 san-

347 2143 554 2188 ctarum
584 2133 987 2203 Scripturarum
1016 2134 1293 2198 sensibus,
1324 2134 1505 2187 anima
1542 2143 1730 2189 sancta
1760 2147 1819 2188 se
1845 2134 1963 2203 1η--

347 2225 488 2293 giter
511 2239 706 2278 ornare
734 2222 1042 2278 contendat.
1069 2224 1144 2278 Ex
1170 2224 1302 2293 ipsis
1319 2225 1585 2294 pretiosas
1610 2223 1932 2293 margaritas

349 2316 570 2369 auribus
592 2316 704 2370 suis
734 2315 1103 2369 indesinenter
1127 2316 1396 2384 appendat
1413 2334 1425 2368 :
1443 2330 1509 2370 ex
1527 2315 1657 2384 ipsis
1681 2315 1927 2382 annulos,

348 2414 403 2460 et
429 2404 691 2460 dextralia
712 2445 727 2470 ,
760 2405 885 2459 dum
921 2413 1142 2460 exercet
1170 2421 1336 2475 opera
1366 2406 1505 2461 bona
1525 2446 1539 2470 ,
1578 2407 1680 2461 sibi
1712 2422 1928 2477 compo-

348 2506 460 2551 nat.
499 2496 577 2551 lbi
612 2497 893 2551 vulnerum
928 2496 1355 2561 medicamenta,
1396 2492 1469 2551 ibi
1509 2498 1777 2552 castitatis
1801 2513 1927 2552 aro-

347 2596 521 2653 mata,
569 2589 644 2644 ibi
682 2588 1114 2658 compunctionis
1146 2589 1460 2644 holocausta
1499 2590 1758 2659 requirat.
1799 2590 1931 2658 Quae

346 2695 479 2735 vero
508 2679 819 2751 religionem
857 2680 1203 2735 immaculato
1241 2680 1405 2736 corde
1441 2689 1496 2734 et
1530 2696 1668 2751 puro
1702 2696 1930 2751 corpore

346 2783 670 2826 conservare
691 2769 984 2835 desiderat,
1011 2779 1105 2825 aut
1132 2786 1408 2841 nunquam
1434 2773 1487 2826 in
1513 2772 1807 2841 publicum,
1838 2781 1931 2827 aut.

346 2867 494 2915 certe
541 2874 649 2915 non
686 2860 791 2915 nisi
839 2876 939 2929 pro
975 2862 1167 2931 grandi
1208 2873 1263 2918 et
1311 2862 1567 2920 ineffabili
1608 2864 1929 2919 necessitate

349 2950 627 3020 procedat.
652 2949 847 3014 Nolite,
872 2965 1054 3019 quaeso
1078 2952 1377 3016 vos,nolite
1403 2952 1809 3022 quibuscunque
1839 2962 1930 3011 aut

346 3041 688 3097 occasionem
727 3042 890 3108 dare,
926 3050 1021 3096 aut
1046 3043 1468 3099 familiaritatem
1506 3046 1767 3100 tribucre.
1797 3045 1927 3113 Quae

2034 1862 2186 1917 retis.
2224 1860 2361 1917 Sunt
2383 1863 2552 1930 enim,
2574 1865 2720 1934 quod
2741 1863 2894 1935 pejus
2916 1873 3020 1930 est,
3041 1864 3235 1933 aliqua:
3256 1879 3381 1934 qua:
3402 1863 3622 1933 quando

2034 1968 2093 2009 se
2118 1955 2324 2024 pariter
2341 1955 2595 2026 jungunt,
2628 1957 2801 2026 magis
2826 1956 2929 2011 sibi
2956 1956 3291 2011 detrahendo
3314 1954 3399 2009 vel
3427 1962 3621 2009 contra

2033 2039 2353 2116 praepositas
2379 2047 2788 2111 murmurando,
2813 2047 3040 2103 vulnera
3060 2046 3286 2112 faciunt,
3316 2061 3482 2117 quam
3496 2046 3621 2114 ,spi-

2034 2135 2215 2191 ritalia
2243 2136 2643 2192 medicamenta
2672 2147 3024 2208 componunt.
3069 2136 3179 2193 Vos
3216 2153 3372 2201 vero,
3414 2146 3619 2192 sancta

2034 2240 2098 2280 ac
2116 2225 2456 2281 venerabiles
2479 2226 2624 2290 filiae,
2646 2226 2691 2281 si
2715 2227 2951 2297 aliquam
2971 2227 3167 2283 videtis
3191 2225 3616 2297 pusillanimem,

2033 2319 2460 2374 consolationem
2493 2320 2789 2391 impendite
2815 2337 2827 2373 :
2868 2321 2912 2374 si
2943 2319 3370 2389 superbientem,
3399 2317 3621 2372 humili-

2034 2412 2161 2467 tatis
2190 2411 2649 2467 medicamentum
2681 2411 2974 2481 apponite:
3021 2412 3066 2466 si
3113 2410 3433 2464 iracundum
3468 2408 3621 2462 vide-

2035 2504 2176 2568 ritis,
2219 2502 2560 2574 refrigerium
2602 2504 2880 2574 patientiae
2920 2503 3245 2557 ministrate.
3306 2499 3364 2555 Si
3409 2500 3620 2555 nobiles

2033 2606 2176 2651 nata:
2203 2596 2360 2660 estis,
2393 2596 2568 2666 magis
2595 2597 2662 2651 de
2691 2595 2970 2666 religionis
3000 2594 3329 2658 humilitate,
3359 2608 3527 2662 quam
3552 2595 3619 2647 de

2034 2686 2217 2742 θεαιιί
2244 2686 2506 2756 dignitate
2534 2687 2782 2756 gaudete.
2827 2686 3033 2741 Tenete
3068 2701 3198 2756 ergo
3234 2684 3469 2740 ﬁrmiter
3498 2700 3614 2737 ma—

2033 2793 2136 2833 nus
2178 2777 2233 2832 in
2272 2783 2475 2839 aratro,
2518 2783 2574 2829 ct
2608 2775 2776 2832 nolite
2807 2775 3081 2845 respicere
3124 2783 3292 2829 retro.
3344 2773 3619 2828 Memento

2034 2879 2088 2925 te
2116 2869 2304 2924 uxoris
2344 2868 2513 2933 Loth,
2553 2882 2674 2937 qua:
2706 2875 2854 2925 retro
2896 2865 3192 2935 respiciens
3233 2878 3393 2919 versa
3435 2872 3520 2918 est
3561 2864 3615 2918 in

2034 2973 2271 3019 statuam
2320 2961 2468 3016 salis.
2533 2958 2820 3029 Nunquam
2865 2956 3238 3027 juramentnm
3267 2997 3282 3019 ,
3337 2969 3615 3024 nunquam

2034 3056 2384 3111 maledictum
2428 3053 2494 3108 de
2533 3052 2762 3123 virginis
2800 3065 2897 3106 ore
2942 3049 3222 3120 procedat.
3276 3047 3409 3123 Non
3441 3046 3615 3101 solum

348 3150 479 3189 vero
499 3134 797 3200 libidinem,
821 3133 1039 3191 Christo
1064 3135 1669 3205 adjuvante,‘desidcrat
1688 3139 1924 3201 vincere,
1946 3113 1999 3176 AC
2031 3148 2176 3203 enim
2204 3161 2429 3216 corpora
2447 3186 2461 3209 ,
2502 3144 2596 3199 sed
2618 3113 2791 3201 etiam
2823 3113 2987 3196 corda
3015 3148 3195 3195 vestra
3226 3139 3378 3194 omni
3394 3118 3615 3192 ~sollici-

350 3223 775 3281 familiaritatem
810 3226 970 3281 debet
1000 3225 1245 3297 refugere
1276 3245 1289 3281 :
1324 3236 1378 3282 et
1399 3243 1519 3297 qua:
1548 3229 1822 3300 indignam
1852 3230 1932 3284 fa-

350 3315 720 3371 miliaritatem
751 3331 860 3372 non
908 3319 1195 3386 spreverit,
1244 3326 1338 3373 aut
1376 3334 1436 3374 se
1484 3327 1577 3373 aut
1616 3320 1782 3375 alium
1824 3322 1932 3377 cito

344 3405 557 3477 perdet.
609 3404 715 3461 Sed
758 3405 900 3464 forte
931 3409 1062 3464 dicit
1099 3408 1312 3480 aliqua,
1348 3410 1469 3466 ideo
1505 3410 1930 3468 familiaritatem

350 3512 457 3550 non
484 3495 652 3567 fugio,
684 3498 808 3567 quia
836 3499 960 3554 volo
986 3499 1186 3554 habere
1214 3501 1358 3570 quod
1386 3501 1600 3557 vincam
1620 3541 1634 3568 ,
1662 3514 1717 3558 et
1741 3503 1933 3558 advera

349 3588 553 3642 sarium
576 3603 753 3645 meum
782 3590 940 3658 cupio
962 3597 1147 3646 tenere
1168 3593 1460 3662 captivum.
1487 3591 1623 3649 Vide
1649 3609 1717 3649 ne
1740 3604 1931 3652 contra

348 3686 399 3732 te
436 3678 780 3735 adversarius
816 3680 1036 3749 incipiat
1066 3682 1358 3747 rebellare,
1398 3683 1520 3738 vide
1565 3698 1633 3740 ne
1678 3693 1732 3740 te
1771 3685 1933 3742 ducat

346 3771 633 3840 captivitas
658 3770 762 3826 ista
788 3772 1077 3840 captivam.
1108 3773 1243 3827 Audi
1275 3772 1588 3843 Apostolum
1615 3776 1884 3833 dicentem
1913 3797 1926 3833 :

350 3859 541 3932 Fugite
577 3861 974 3930 fornicationem
1010 3862 1063 3935 (Ι
1101 3862 1224 3917 Cor.
1260 3864 1337 3933 v).
1382 3865 1583 3921 Contra
1618 3867 1823 3938 reliqua
1848 3869 1931 3923 vi—

350 3953 423 4007 tia
459 3959 675 4023 oportet
715 3967 813 4007 nos
850 3955 994 4008 omni
1028 3955 1223 4010 virtute
1258 3956 1513 4013 resistere
1542 3976 1556 4013 :
1587 3968 1778 4014 contra
1808 3959 1931 4015 libi-

348 4044 529 4098 dinem
569 4056 735 4109 vero,
776 4058 884 4099 non
926 4046 1145 4115 expedit
1190 4061 1523 4117 repugnare,
1578 4050 1672 4104 sed
1717 4049 1925 4122 fugere.

347 4136 478 4192 Esto
524 4152 656 4208 ergo
699 4136 939 4193 libidinis
985 4138 1242 4210 fugitiva,
1288 4141 1333 4195 si
1377 4142 1459 4196 vis
1497 4156 1617 4197 esse
1661 4145 1931 4199 castitatis

344 4230 634 4300 pugnatrix
670 4230 906 4302 egregia.
950 4229 1057 4287 Sed
1102 4234 1245 4302 quod
1279 4230 1391 4287 dixi
1428 4233 1715 4305 diligenter
1754 4244 1930 4290 atten—

346 4321 477 4375 dite.
506 4321 732 4389 Quando
765 4322 878 4379 sola
909 4324 1085 4394 aliqua
1124 4325 1365 4382 libidinis
1391 4326 1625 4383 stimulis
1651 4328 1925 4395 incitatur,

2033 3240 2218 3295 tudine
2255 3237 2554 3301 custodite,
2594 3242 2818 3306 propter
2847 3234 2976 3289 illud
3015 3233 3160 3304 quod
3190 3234 3459 3302 scriptum
3485 3240 3612 3286 est:

2034 3332 2192 3387 Omni
2237 3330 2478 3385 custodia
2522 3344 2672 3382 serva
2711 3343 2801 3381 cor
2840 3336 2988 3381 tuum
3024 3325 3210 3397 (Prov.
3241 3324 3340 3396 tv).
3393 3324 3462 3378 Et
3489 3322 3616 3376 illud

2031 3422 2175 3493 quod
2205 3421 2468 3476 Dominus
2501 3419 2556 3474 in
2586 3415 2877 3487 Evangelio
2902 3412 3081 3469 dixit:
3122 3414 3202 3468 De
3234 3413 3395 3468 corde
3427 3419 3614 3468 munt

2031 3513 2375 3584 cogitationes
2419 3510 2576 3566 mala:
2621 3510 2837 3583 (Matth.
2881 3508 2996 3579 xv).
3046 3506 3107 3563 Si
3154 3507 3301 3562 enim
3351 3507 3407 3561 in
3454 3503 3615 3559 corde

2031 3607 2166 3663 nihil
2196 3606 2334 3662 male
2365 3606 2656 3677 cogitatur,
2695 3603 2957 3674 quidquid
2983 3609 3228 3657 sanctum
3257 3607 3376 3663 est,
3417 3613 3483 3653 ex
3521 3611 3613 3651 ore

2030 3696 2328 3768 profertur,
2365 3696 2490 3764 quia
2530 3696 2673 3750 sicut
2714 3694 2975 3764 scriptum
3012 3699 3136 3747 est:
3172 3689 3258 3744 Ea:
3286 3687 3609 3743 αδιηᾱσιιιὶι

2031 3788 2204 3843 cordis
2232 3803 2289 3840 os
2314 3785 2549 3856 loquitur
2567 3784 2784 3855 (Matth.
2807 3786 2925 3851 xu).
2966 3781 3080 3836 Hoc
3103 3780 3249 3834 enim
3278 3778 3462 3850 lingua
3491 3792 3610 3848 pro-

2032 3878 2177 3934 ferre
2202 3874 2512 3940 consuevit,
2546 3875 2691 3952 quod
2730 3890 2797 3930 ex
2826 3873 3044 3929 officina
3072 3872 3256 3928 cordis
3285 3868 3606 3926 conscientia

2031 3965 2443 4023 ministraverit.
2478 3964 2546 4022 Et
2570 3965 2695 4020 ideo
2721 3965 2766 4019 si
2789 3980 2856 4019 ex
2879 3977 2975 4018 ore
2995 3962 3161 4017 vultis
3180 3960 3325 4016 bona
3348 3959 3604 4031 proferre.

2032 4073 2251 4128 semper
2277 4057 2331 4111 in
2358 4056 2525 4110 corde
2551 4070 2673 4124 qua:
2712 4064 2901 4111 sancta
2939 4060 3068 4108 sunt
3097 4052 3357 4124 cogitate.
3410 4049 3500 4105 Sic
3535 4047 3607 4103 leo

2031 4149 2200 4205 ctioni
2229 4155 2286 4202 et
2315 4145 2550 4200 orationi
2576 4145 2787 4202 debetis
2816 4143 3151 4207 incumbere,
3184 4148 3248 4197 ut
3276 4150 3406 4196 ante
3433 4138 3603 4195 omnia

2030 4237 2195 4295 etiam
2230 4235 2483 4291 manibus
2515 4234 2736 4305 possitis
2764 4220 2969 4303 aliquid
3002 4245 3287 4297 exercere,
3319 4227 3601 4285 secundum

2032 4328 2164 4385 illud
2211 4329 2356 4398 quod
2400 4326 2692 4397 Apostolus
2736 4328 2850 4381 ait:
2904 4325 3009 4392 Qui
3055 4341 3161 4379 non
3206 4332 3473 4394 operatur,
3517 4333 3601 4372 nec

345 4413 564 4469 Christo
590 4415 908 4515 adiuvante,
942 4427 1204 4488 repugnet
1226 4425 1489 4488 quantum
1520 4419 1775 4490 praevalet
1801 4420 1929 4474 con-
1953 4456 2007 4515 Β
2032 4420 2313 4476 manducet
2343 4418 2429 4491 (II
2457 4418 2609 4473 Thes.
2640 4416 2744 4489 ιιι).
2798 4416 3074 4472 Meliorem
3103 4429 3325 4485 quoque
3351 4412 3458 4469 diei
3485 4424 3600 4480 par-

346 4512 431 4558 tra
473 4518 551 4569 se,
596 4503 723 4574 quia
766 4520 873 4559 non
914 4505 1075 4560 habet
1106 4521 1214 4578 quo
1238 4508 1413 4577 possit
1440 4506 1647 4578 fugere.
1699 4508 1928 4575 Quando
1953 4503 2001 4515 ”
2031 4521 2140 4568 tem
2171 4519 2362 4566 sancto
2391 4509 2544 4580 operi
2581 4509 2828 4565 dedicate
2850 4526 2865 4557 τ
2909 4506 3129 4563 lectioni
3157 4519 3360 4561 vacare
3388 4514 3600 4560 consue—

346 4610 477 4650 vero
503 4610 600 4664 per
628 4596 853 4652 alterius
882 4598 1223 4654 sodalitatem
1240 4641 1254 4664 ,
1282 4602 1743 4670 opportunitatem
1772 4602 1927 4656 volu-

346 4685 513 4754 ptatis
541 4686 789 4742 diabolus
829 4686 1227 4754 subministrat,
1270 4688 1442 4759 ipsam
1478 4687 1925 4757 familiaritatem,

349 4784 612 4842 quantum
641 4777 930 4847 praevalet,
972 4789 1033 4835 ut
1062 4779 1320 4846 diximus,
1352 4780 1532 4835 anima
1562 4789 1751 4836 sancta
1783 4783 1899 4839 refu

348 4864 478 4930 giat.
517 4862 625 4918 Sed
651 4875 708 4920 ut
739 4868 855 4922 haec
880 4870 1062 4925 omnia
1092 4886 1313 4925 servare
1336 4873 1626 4940 possimus,
1652 4874 1927 4932 abstinen-

350 4955 478 5009 tiam
517 4956 892 5011 rationabilem
928 4967 1209 5014 teneamus
1235 5001 1249 5024 ,
1303 4961 1431 5030 quia
1473 4976 1604 5015 vera
1651 4970 1737 5017 est
1785 4964 1928 5021 illius

349 5047 677 5101 sanctissimi
703 5049 810 5119 ~viri
852 5053 1120 5107 sententia
1153 5066 1169 5106 :
1206 5052 1375 5107 Prout
1418 5056 1753 5112 continueris
1790 5072 1925 5114 ven-

350 5144 528 5202 trem,
577 5136 649 5192 ita
698 5149 753 5193 et
793 5153 1093 5197 venenosos
1140 5152 1318 5198 motus
1365 5143 1500 5214 ejus.
1555 5146 1925 5206 Humilitatem

344 5226 510 5281 etiam
540 5242 722 5284 veram
755 5239 1016 5300 quantum
1047 5248 1338 5302 possumus
1366 5250 1771 5295 conservemus.
1806 5241 1924 5296 Non

345 5318 492 5373 enim
520 5320 610 5375 diu
646 5322 830 5377 carnis
858 5322 1141 5395 integritas
1169 5336 1437 5394 servatur,
1471 5330 1562 5385 ubi
1594 5332 1808 5388 animus
1836 5350 1927 5389 su-

344 5409 543 5481 perbiae
572 5417 782 5466 tumore
809 5415 1193 5483 corrumpitur,
1241 5418 1510 5488 praecipue
1549 5421 1594 5476 si
1633 5422 1926 5479 iracundia:

345 5499 556 5556 flamma
586 5501 927 5575 frequentius
956 5507 1163 5578 surgit,
1206 5510 1476 5566 castitatis
1514 5520 1571 5568 et
1600 5514 1926 5584 virginitatis

344 5587 504 5646 flores
528 5594 639 5649 cito
668 5597 961 5651 consumit.
996 5595 1158 5653 Casta
1187 5599 1332 5657 enim
1365 5609 1420 5657 et
1450 5603 1560 5658 Deo
1590 5604 1782 5660 devota
1814 5607 1925 5661 ani—

346 5695 462 5740 ma.
506 5700 612 5740 non
651 5688 826 5745 solum
856 5696 1262 5759 extraneorum,
1305 5692 1399 5749 sed
1434 5694 1598 5751 etiam
1637 5706 1922 5767 parentum

2029 4606 2183 4662 scite.
2237 4604 2428 4661 Oratio
2470 4612 2651 4659 vestra
2697 4604 2772 4658 ita
2815 4619 2938 4658 cum
2980 4603 3200 4658 silentio
3242 4601 3501 4672 procedat
3539 4612 3599 4652 ex

2028 4699 2212 4763 corde,
2228 4705 2288 4752 ut
2305 4698 2394 4752 vix
2417 4697 2671 4752 audiatur
2688 4696 2741 4750 in
2762 4710 2876 4751 ore.
2904 4694 3037 4749 Nam
3058 4695 3151 4765 qui
3172 4692 3283 4749 alta
3303 4707 3441 4748 voce
3453 4702 3602 4746 orare

2028 4788 2290 4854 voluerit,
2331 4799 2386 4843 et
2418 4787 2554 4851 sibi,
2599 4796 2654 4842 et
2682 4786 2837 4841 alteri
2868 4785 3096 4840 multum
3126 4792 3325 4848 nocet,
3358 4784 3479 4839 dum
3512 4794 3601 4849 per

2028 4894 2183 4935 suam
2209 4879 2581 4949 garrulitatem
2606 4876 2828 4932 alterius
2856 4885 3093 4933 mentem
3123 4875 3194 4931 ab
3216 4876 3464 4930 oratione
3488 4888 3602 4927 sau—

2027 4979 2114 5025 cta
2145 4978 2198 5026 et
2228 4978 2439 5024 secreta
2466 4969 2768 5039 suspendit.
2800 4969 3066 5040 Pomposa
3095 4969 3415 5023 indumenta
3433 5008 3450 5033 ,
3488 4979 3602 5035 qua:

2029 5076 2134 5116 non
2165 5060 2417 5122 utilitati,
2462 5061 2556 5115 sed
2592 5061 2817 5115 vanitati
2854 5061 3128 5125 serviunt,
3172 5058 3416 5115 fastidita
3450 5068 3604 5126 atque

2026 5151 2209 5205 omnia
2246 5150 2599 5206 contemnite.
2658 5151 2838 5207 Multa:
2885 5152 3029 5207 enim
3078 5152 3225 5222 quod
3273 5152 3328 5205 in
3373 5150 3605 5206 moribus

2028 5241 2278 5311 diligunt,
2304 5243 2407 5296 hoc
2434 5243 2599 5296 etiam
2627 5243 2681 5297 in
2708 5244 2965 5313 operibus
2995 5244 3109 5298 suis
3138 5244 3452 5306 ostendtmt,
3474 5255 3605 5311 prat-

2026 5341 2221 5401 parant
2262 5333 2366 5387 sibi
2409 5341 2727 5389 ornamenta
2765 5335 3047 5389 sarcularia
3091 5334 3351 5391 sarculum
3391 5334 3606 5404 diligen-

2027 5432 2132 5487 tcs,
2164 5434 2220 5479 et
2246 5424 2509 5494 voluptati
2540 5425 2844 5480 servientes
2872 5426 2955 5481 vel
2989 5426 3235 5481 luxuriae.
3292 5424 3456 5482 Vobis
3484 5437 3607 5478 vero

2026 5514 2160 5569 nihil
2205 5514 2276 5569 sit
2316 5530 2606 5571 commune
2646 5532 2771 5572 cum
2818 5516 3035 5583 talibus,
3088 5518 3181 5572 sed
3224 5519 3411 5573 omnia
3451 5528 3601 5571 orna-

2027 5616 2228 5673 menta,
2265 5608 2461 5678 quibus
2490 5608 2559 5664 ad
2604 5608 2875 5681 luxuriam
2909 5624 3039 5665 caro
3067 5609 3433 5680 componitur,
3464 5604 3609 5660 velut

2025 5698 2242 5755 inimica
2270 5708 2327 5755 et
2356 5701 2629 5759 contraria
2669 5716 2699 5755 a
2732 5709 2914 5758 vestro
2942 5701 3219 5773 proposito
3264 5709 3607 5774 respuantur.
