3890 6180
265 352 372 409 953

753 346 1035 405 REGULA
1078 343 1716 425 SANCTIMONIALIUM
1752 346 1842 401 AB
1878 345 2236 404 AMALARIO
2273 346 2654 405 COLLECTA.
2694 380 2768 392 —-
2804 348 2935 405 LIB.
2976 349 3041 405 ll.

3429 349 3534 405 95‘

172 496 179 505 -
262 465 407 520 Sunt
434 466 602 527 enim,
630 456 957 529 quoipejus
993 467 1099 525 est,
1129 472 1250 529 quae
1275 472 1378 529 pro
1401 459 1639 513 vanitate
1666 456 1848 513 saeculi
1877 460 1928 520 Α
1951 457 2080 513 Jesu
2105 457 2342 523 Christo,
2368 460 2461 529 qui
2485 460 2621 515 vivit
2638 438 2641 443 ’
2661 468 2718 516 et
2746 469 2939 530 regnat
2982 463 3037 516 in
3084 463 3279 519 saecula
3307 463 3535 520 saculo-

258 554 419 610 istius
434 552 553 623 plus
576 550 796 605 student
811 549 1040 604 terrenis
1063 547 1446 620 cupiditatibus
1459 562 1680 618 operam
1696 549 1846 615 dare,

254 658 426 714 quam
459 640 678 697 lectioni
718 639 913 695 divinae
941 639 1189 709 iustitiae,
1221 642 1348 695 dum
1381 640 1570 695 volunt
1610 640 1845 711 stragula

252 734 512 804 pulchra,
536 740 591 787 et
618 732 762 803 picta
810 730 1033 800 tapetia,
1064 729 1326 800 plumaria
1361 730 1524 785 etiam
1553 738 1609 785 et
1639 730 1845 801 reliqua

253 825 341 880 his
384 823 616 887 similia,
664 837 789 877 cum
827 820 1034 892 ingenti
1073 829 1288 891 sumptu
1332 828 1389 876 et
1433 819 1702 890 superﬂua
1744 837 1845 876 ex-

212 933 444 985 'pensa,
474 917 541 970 ad
568 915 845 969 oculorum
875 912 1152 967 libidinem
1180 926 1511 982 przeparare,
1538 912 1845 967 nescientes

252 1007 385 1060 illud
418 1006 565 1075 quod
596 1005 854 1059 Dominus
883 1019 983 1074 per
1006 1001 1268 1058 Joannem
1311 1002 1708 1072 Evangelistam
1735 1002 1844 1057 cla-

253 1104 389 1158 tnat,
421 1103 477 1148 et
501 1093 671 1150 dicit:
706 1090 885 1147 Nolite
905 1093 1120 1163 diligere
1150 1092 1425 1157 mundum,
1449 1108 1612 1162 neque
1635 1107 1697 1145 ea
1726 1108 1844 1161 qua:

249 1192 304 1241 in
349 1188 551 1240 mundo
594 1194 748 1251 sunt;
775 1187 1023 1257 quoniam
1055 1202 1205 1239 omne
1241 1184 1380 1256 quod
1420 1187 1474 1238 in
1519 1184 1716 1237 mundo
1742 1194 1839 1248 est,

248 1277 679 1345 concupiscentia
714 1275 909 1339 carnis,
940 1285 990 1329 et
1027 1276 1445 1343 concupiscentia
1469 1274 1763 1338 oculorum,
1792 1284 1843 1328 et

248 1367 474 1419 ambitio
502 1365 684 1419 siccati
709 1373 786 1419 est
818 1363 902 1437 (Il
928 1364 1090 1418 Joan.
1116 1366 1199 1437 ιι).
1230 1363 1368 1431 Quid
1395 1364 1617 1433 prodest
1644 1365 1840 1434 virgini

251 1459 621 1527 integritatem
654 1458 897 1528 corporis
939 1457 1234 1522 custodire,
1262 1458 1307 1511 si
1334 1456 1613 1512 oculorum
1641 1472 1841 1512 concu-

250 1549 545 1619 piscentias
571 1548 803 1603 noluerit
831 1549 1069 1603 evitare?
1100 1546 1207 1603 Vos
1236 1563 1386 1612 vero,
1425 1556 1626 1603 sanctae
1648 1557 1703 1602 et
1728 1547 1839 1603 Deo

247 1641 428 1712 dignae
464 1640 690 1706 anima),
738 1648 907 1695 totum
958 1641 1278 1710 Spiritaliter
1320 1641 1483 1711 agite.
1536 1640 1838 1710 Sequimini

247 1732 530 1787 Christum
572 1732 801 1787 tenendo
829 1743 1240 1802 perseveranter
1281 1733 1423 1804 quod
1467 1732 1714 1789 voluistis
1749 1749 1837 1788 ar-

1951 565 2093 604 rum.
2122 550 2309 608 Amen.

2561 643 2791 700 CAPUT
2831 644 2917 699 Vl.

2021 731 2115 804 (S.
2161 732 2443 789 Athanasii
2488 734 2560 789 ad
2607 752 2827 806 sponsas
2875 733 3117 807 Christi.)
3147 745 3173 774 ι
3215 733 3428 802 Quanta
3477 736 3532 790 in

1948 825 2261 881 caelestibus
2289 827 2682 882 beatitudinem
2705 828 2989 898 virginitas
3017 835 3199 883 sancta
3236 827 3528 897 possideat,

1945 927 2146 987 praeter
2206 917 2613 988 Scripturarum
2672 919 3012 983 testimonia,
3061 917 3319 973 Ecclesia:
3365 916 3530 974 etiam

1945 1008 2339 1063 consuetudine
2388 1009 2701 1073 edocemur,
2749 1024 2854 1077 qua
2893 1008 3221 1063 addiscimus
3256 1006 3531 1078 peculiare
3616 1060 3621 1069 ι

1943 1100 2020 1153 illi
2061 1100 2358 1153 subsistere
2403 1099 2685 1163 meritum,
2732 1098 2884 1168 cujus
2923 1098 3174 1169 specialis
3208 1106 3293 1153 est
3331 1111 3528 1152 conse-

1942 1191 2133 1244 cratio.
2168 1188 2301 1242 Nam
2342 1203 2467 1243 cum
2507 1189 2756 1243 universa
2803 1189 2960 1243 turba
3006 1190 3340 1243 credentium
3374 1187 3527 1258 paria

1941 1284 2129 1352 gratia:
2157 1282 2296 1335 dona
2344 1282 2630 1352 percipiat,
2677 1290 2732 1336 et
2765 1281 2955 1336 iisdem
2986 1296 3174 1336 omnes
3219 1295 3530 1335 sacramen-

1943 1381 2121 1427 torum
2155 1372 2624 1428 benedictionibus
2655 1373 2975 1443 glorientur,
3006 1373 3108 1427 ista
3147 1372 3212 1425 ad
3247 1370 3527 1440 proprium

1942 1463 2143 1532 aliquid
2186 1479 2297 1533 pra:
2341 1464 2551 1519 caeteris
2602 1463 2943 1529 habendum,
2987 1462 3056 1519 de
3101 1462 3193 1517 illo
3237 1470 3427 1517 sancto
3470 1467 3528 1514 et

1940 1553 2286 1608 immaculato
2315 1554 2571 1609 Ecclesire
2598 1570 2775 1625 grege,
2811 1554 2966 1623 quasi
2993 1553 3313 1617 sanctiores,
3344 1552 3529 1621 purio—

1941 1659 2137 1713 resque
2169 1644 2380 1709 hostiae,
2420 1653 2475 1699 et
2498 1660 2596 1714 pro
2629 1645 2923 1699 voluntatis
2951 1661 3062 1700 sua:
3089 1646 3301 1700 meritis
3341 1660 3371 1699 a
3401 1660 3528 1700 san-

1939 1744 2028 1791 cto
2065 1735 2266 1805 Spiritu
2314 1736 2609 1807 eliguntur,
2640 1745 2694 1790 et
2741 1751 2838 1806 per
2867 1751 3139 1790 summum
3186 1737 3524 1791 sacerdotem

248 1824 461 1877 denter.
489 1821 688 1878 lterum
732 1831 895 1894 atque
925 1825 1144 1891 iterum,
1177 1834 1380 1880 sanctae
1408 1833 1462 1880 et
1504 1825 1615 1881 Deo
1645 1826 1836 1881 dicatae
1863 1826 1909 1883 B
1938 1825 2034 1881 Dei
2067 1825 2366 1881 oil'eruntur
2406 1827 2619 1881 altario.
2668 1825 2916 1881 Possidet
2959 1842 3089 1896 ergo
3134 1828 3438 1898 virginitas,
3470 1837 3527 1882 et

248 1915 471 1979 aniune,
515 1930 668 1984 rogo,
700 1923 756 1969 et
794 1930 916 1970 cum
948 1916 1094 1969 omni
1138 1915 1441 1970 humilitate
1478 1931 1578 1987 pro
1618 1932 1839 1972 conser-

248 2008 425 2061 vando
457 2007 787 2078 virginitatis
814 2009 1038 2077 prmmio
1066 2009 1353 2063 consilium
1387 2009 1473 2075 do,
1508 2016 1567 2062 ut
1603 2007 1838 2063 familia-

249 2098 469 2152 ritatem
498 2097 851 2167 incongruam
872 2113 903 2152 a
927 2098 1082 2153 vobis
1110 2097 1244 2152 vela
1265 2098 1462 2153 vestris
1490 2098 1687 2153 animis
1709 2097 1838 2153 totis

247 2190 458 2245 viribus
503 2188 764 2259 repellere
813 2172 1088 2244 laboretis.
1133 2187 1267 2243 Nam
1312 2188 1380 2243 ad
1408 2189 1837 2244 conservandam

246 2289 458 2336 sanctae
485 2279 759 2351 religionis
785 2280 1102 2350 dignitatem
1139 2280 1491 2350 singularitas
1524 2280 1677 2334 testis
1713 2294 1837 2333 san-

246 2373 496 2428 ctissima
540 2380 640 2427 est.
686 2371 1053 2427 Familiaritas
1106 2372 1252 2427 enim
1307 2371 1597 2443 cujuslibet
1639 2370 1836 2429 si_fre-

246 2481 422 2536 quens
449 2480 568 2521 esse
595 2466 839 2537 cmperit,
869 2481 976 2520 non
1015 2464 1119 2519 nisi
1149 2464 1550 2533 corruptionem
1580 2465 1831 2529 seminat,

248 2558 379 2611 vitia
411 2557 654 2626 pullulat,
682 2557 960 2611 libidinem
997 2555 1258 2626 concipit,
1284 2555 1635 2625 ignominiam
1666 2556 1832 2623 parit,

247 2649 460 2704 rabiem
495 2651 751 2714 concitat,
794 2649 1072 2704 lasciviam
1119 2649 1315 2720 pascit,
1350 2647 1704 2719 petulantiam
1735 2663 1823 2701 nu-

250 2742 384 2808 trit,
428 2756 588 2797 casus
643 2741 875 2807 exaltat,
924 2741 1110 2796 ruinas
1155 2741 1416 2806 aediﬁcat,
1459 2738 1832 2796 confusionem

251 2843 548 2899 mercatur,
587 2835 918 2889 thesaurizat
971 2834 1353 2904 opprobrium,
1424 2832 1835 2893 criminationes

246 2938 563 2999 exaggerat,
608 2924 984 2983 excusationes
1036 2925 1369 2989 inﬂammat,
1418 2932 1473 2979 et
1517 2924 1834 2980 catervatim

243 3018 411 3093 simul
442 3019 494 3072 in
526 3015 725 3073 fascem
761 3016 1145 3087 eonglomerat.
1176 3015 1309 3070 Nam
1355 3016 1402 3071 si
1434 3016 1612 3072 anima
1643 3021 1833 3069 sancta

244 3118 520 3167 secretum
547 3125 703 3165 suum
741 3108 1016 3165 custodire
1052 3108 1298 3172 voluerit,
1330 3118 1385 3163 et
1414 3108 1645 3163 assidua:
1675 3106 1831 3162 fami-

1936 1917 2080 1988 quod
2126 1918 2217 1972 alii
2270 1918 2503 1983 habent,
2543 1926 2599 1971 et
2644 1919 2789 1988 quod
2827 1918 2915 1972 alii
2967 1934 3072 1972 non
3109 1919 3347 1984 habent,
3395 1920 3523 1974 dum

1936 2024 2301 2075 communem,
2328 2019 2383 2065 et
2411 2010 2739 2081 peculiarem
2771 2011 2980 2065 obtinet
3026 2012 3278 2089 gratiam,
3314 2019 3369 2065 et
3398 2026 3524 2081 pro-

1935 2104 2077 2172 prio,
2109 2110 2168 2157 ut
2216 2103 2290 2157 ita
2322 2103 2578 2169 dixerim,
2612 2103 3041 2158 consecrationis
3070 2103 3349 2173 privilegio
3392 2120 3525 2174 gau-

1935 2194 2044 2248 det.
2075 2193 2211 2248 Nam
2241 2206 2296 2249 et
2326 2194 2531 2250 Christi
2577 2211 2810 2266 sponsas
2844 2196 3084 2267 virgines
3126 2197 3307 2252 dicere
3352 2197 3526 2252 eccle-

1935 2284 2152 2339 siastica
2194 2285 2347 2340 nobis
2390 2285 2655 2355 permittit
2695 2286 3017 2351 auctoritas,
3047 2285 3174 2339 dum
3206 2285 3261 2340 in
3300 2301 3524 2356 sponsa-

1934 2392 2052 2430 rum
2101 2377 2317 2430 modum
2362 2391 2497 2447 quas
2542 2385 2827 2431 consecrat
2868 2377 3095 2431 Domino
3133 2376 3308 2442 velat,
3339 2385 3521 2431 osten-

1935 2467 2067 2521 dens
2091 2482 2185 2521 eas
2214 2466 2299 2521 vel
2328 2469 2564 2520 maxime
2586 2466 2871 2521 habituras
2897 2465 3142 2535 spiritale
3168 2467 3517 2531 connubium,

1932 2572 2053 2628 qua:
2100 2558 2529 2630 subterfugerint
2582 2558 2801 2614 carnale
2856 2560 3208 2613 consortium.
3250 2560 3316 2613 Et
3360 2559 3520 2629 digne

1934 2649 2045 2706 Deo
2082 2666 2179 2720 per
2205 2652 2537 2706 matrimonii
2567 2652 3031 2721 comparationem
3079 2652 3395 2721 spiritaliter
3431 2669 3522 2708 eo-

1932 2743 2209 2813 pulantur,
2240 2757 2359 2812 qua:
2405 2741 2521 2811 ejus
2559 2743 2863 2799 dilectionis
2905 2758 3070 2798 causa
3120 2744 3354 2798 humana
3395 2759 3522 2799 con-

1934 2832 2094 2887 nnbia
2122 2841 2460 2904 spreverunt.
2493 2832 2550 2888 In
2579 2834 2665 2888 his
2691 2848 2853 2903 quam
2896 2834 3131 2888 maxime
3160 2833 3293 2888 illud
3331 2833 3519 2904 imple-

1933 2931 2022 2977 tur
2046 2922 2323 2992 Apostoli:
2355 2921 2458 2988 Qui
2491 2933 2666 2977 autem
2703 2923 2939 2977 adliceret
2966 2921 3214 2985 Domino,
3247 2938 3383 2975 unus
3418 2921 3521 2992 spi-

1934 3014 2065 3066 ritus
2101 3021 2175 3067 est
2213 3012 2298 3082 (ΙΙ
2337 3010 2460 3066 Cor.
2488 3014 2586 3085 vi).
2632 3014 2698 3069 Et
2741 3014 2993 3083 quoniam
3038 3012 3206 3068 multa
3238 3021 3363 3068 sunt
3401 3028 3521 3083 quae

1934 3106 2078 3161 bono
2118 3106 2338 3175 pmprio
2373 3113 2582 3172 carent,
2628 3106 2734 3160 nisi
2783 3105 3014 3159 aliarum
3056 3118 3236 3159 rerum
3263 3103 3523 3173 jnventur

243 3202 502 3258 liaritatis
550 3201 749 3256 malum
798 3208 910 3255 tota
965 3199 1129 3254 animi
1178 3199 1380 3254 virtute
1430 3198 1663 3271 fugerit,
1713 3198 1828 3267 ipsa
1856 3177 1901 3240 (ἶ
1933 3196 2153 3260 auxilio,
2182 3197 2442 3250 attentius
2487 3197 2887 3265 przevidendum
2918 3204 3001 3251 est
3039 3211 3108 3251 ne
3148 3195 3289 3251 forte
3322 3204 3378 3251 et
3415 3196 3523 3250 vir—

241 3302 432 3349 sancta
459 3292 801 3363 singularitas
827 3291 1102 3345 munimen
1130 3289 1201 3343 illi
1230 3289 1487 3343 invictum
1515 3296 1599 3344 est
1628 3289 1829 3343 sancti-
1858 3274 1879 3289 ”

241 3384 465 3445 monte,
492 3380 819 3453 expugnatio
849 3379 1004 3434 fertis
1044 3377 1299 3444 infamiae,
1348 3378 1668 3433 exercitium
1703 3393 1833 3432 con-

242 3474 510 3539 tinentiae,
542 3473 821 3527 evacuatio
870 3471 1117 3535 luxuriae,
1158 3486 1262 3541 pax
1306 3485 1496 3525 secura
1543 3469 1827 3533 virtutum,

239 3575 297 3619 et
334 3563 668 3635 impugnatio
703 3562 939 3633 inquieta
986 3561 1248 3616 bellorum
1270 3601 1285 3626 ,
1331 3560 1581 3629 puritatis
1617 3559 1829 3614 culmen

237 3664 297 3719 et
325 3654 569 3709 libidinis
596 3667 806 3718 carcer,
843 3652 1145 3707 honestatis
1190 3660 1381 3721 portus
1421 3659 1477 3706 et
1520 3650 1831 3721 ignominiaa

240 3743 620 3814 naufragium,
663 3742 990 3813 virginitatis
1027 3750 1202 3796 mater
1240 3751 1295 3795 et
1335 3740 1507 3796 hostis
1542 3742 1833 3795 immundi-

243 3836 357 3898 tiaa,
390 3835 718 3905 integritatis
748 3834 981 3904 dignitas
1023 3840 1077 3887 et
1120 3831 1492 3887 fornicationis
1540 3832 1829 3898 abdicatio,

239 3924 499 3979 voluntas
526 3924 787 3978 bonorum
829 3938 1054 3992 operum
1100 3933 1154 3979 et
1188 3921 1405 3978 afﬂictio
1438 3923 1716 3988 vitiorum,
1746 3941 1832 3978 re-

237 4015 527 4088 frigerium
575 4015 846 4085 pudicitia:
874 4022 929 4071 et
973 4030 1133 4086 poena
1166 4016 1502 4085 petulantiaa,
1545 4015 1832 4084 acquisitio

236 4106 641 4176 triumphorum
690 4113 746 4160 et
799 4104 1096 4160 facinorum
1151 4104 1570 4171 detrimentum,
1614 4105 1830 4176 requies

238 4197 436 4253 salutis
464 4205 521 4250 et
567 4196 884 4267 perditionis
931 4196 1203 4259 exsilium,
1234 4196 1343 4249 vita
1375 4196 1600 4264 spiritus
1629 4203 1682 4249 et
1712 4211 1833 4250 car—

236 4293 328 4348 nis
358 4290 632 4345 interitus.
683 4289 808 4344 Haec
853 4290 1031 4344 omnia
1077 4288 1218 4344 mala
1263 4288 1491 4352 fortiter,
1525 4287 1633 4342 Deo
1674 4288 1851 4356 adju-‘

236 4388 429 4445 vante,
465 4379 811 4450 repellentur,
859 4389 912 4434 et
959 4379 1046 4433 illa
1090 4394 1210 4448 quze
1256 4378 1490 4434 diximus
1533 4378 1672 4434 bona
1711 4377 1829 4432 feli-

232 4475 377 4530 citer
424 4471 794 4541 acquirentur,
833 4471 878 4526 si
928 4471 996 4524 ab
1026 4472 1310 4526 animabus
1350 4472 1553 4526 sanctis
1600 4470 1830 4526 familia-

232 4569 378 4623 ritas
413 4564 723 4620 inordinata
770 4573 1073 4634 respuatur.
1105 4563 1381 4618 Attendite
1421 4579 1533 4625 vos,
1572 4579 1604 4617 ο
1636 4564 1830 4619 animae

231 4665 473 4719 sanctae,
518 4656 644 4724 quia
688 4655 830 4710 inter
859 4655 1041 4710 omnia
1088 4655 1409 4719 certamina,
1456 4655 1653 4724 quibus
1686 4671 1830 4710 sem-

229 4765 338 4820 per
395 4763 581 4802 comes
633 4756 715 4803 est
783 4746 1087 4803 Christiana
1152 4747 1381 4811 militia,
1432 4747 1544 4802 sola
1610 4749 1829 4802 duriora

228 4848 372 4896 sunt
411 4838 598 4907 pnelia
639 4838 926 4901 castitatis,
963 4839 1051 4893 ubi
1090 4838 1400 4910 quotidiana
1440 4855 1617 4910 pugna
1656 4845 1741 4893 est
1776 4845 1831 4893 et

229 4945 368 4987 rara
411 4929 663 4983 victoria.
702 4929 981 4984 Castitatis
1018 4934 1151 4986 dura
1189 4940 1314 4985 sunt
1352 4931 1554 5002 praelia,
1584 4930 1677 4987 sed
1717 4947 1830 4985 ma-

225 5025 365 5094 jora
418 5030 545 5076 sunt
594 5024 834 5093 praemia.
875 5020 1154 5079 Castitatis
1204 5024 1436 5094 palmam
1480 5040 1638 5079 nemo
1677 5039 1833 5080 secu-

232 5130 341 5171 rus
398 5112 627 5183 accipit,
671 5112 755 5168 cui
797 5121 1059 5184 quantum
1099 5114 1217 5167 duri
1268 5122 1393 5168 sunt
1449 5116 1654 5180 exitus,
1711 5123 1831 5169 tan-

233 5214 362 5263 tum
407 5202 627 5275 gloriosi
666 5213 791 5259 sunt
830 5202 1057 5259 fructus.
1100 5204 1174 5260 Ut
1222 5220 1351 5276 ergo
1388 5205 1654 5260 castitatis
1690 5222 1832 5276 prae-

228 5299 379 5362 mia,
410 5304 467 5350 et
503 5297 830 5366 virginitatis
859 5312 1113 5351 coronam
1148 5296 1396 5357 feliciter,
1433 5297 1543 5351 Deo
1585 5312 1834 5352 remune-

234 5397 435 5454 rante,
474 5388 694 5458 possitis
721 5404 991 5458 accnpere,
1024 5389 1379 5457 periculosam
1411 5387 1834 5441 familiaritatem

232 5499 266 5537 a
297 5478 467 5535 vobis
493 5493 709 5549 semper
748 5478 1036 5534 excludite.
1071 5473 1286 5532 Currite
1318 5477 1568 5542 fideliter,
1616 5487 1675 5532 ut
1712 5494 1836 5548 pos-

1932 3287 2142 3358 gini-tati
2174 3286 2352 3356 aliqua
2399 3286 2508 3340 sint
2552 3287 2885 3350 necessaria,
2930 3285 3047 3339 sine
3087 3285 3282 3355 quibus
3312 3300 3519 3353 nequa-

1932 3393 2094 3447 quam
2128 3375 2365 3432 fructum
2392 3375 2587 3431 afferre
2622 3376 2854 3431 sufﬁciat
2881 3394 2893 3429 :
2925 3384 2980 3430 et
3008 3384 3190 3430 tantus
3232 3375 3367 3430 nillil
3401 3391 3523 3446 pro-

1932 3468 2074 3522 derit
2112 3466 2285 3531 labor,
2321 3465 2448 3520 dum
2488 3481 2623 3520 vane
2649 3470 2910 3534 prodesse
2938 3465 3202 3527 creditur,
3229 3464 3370 3533 quod
3400 3464 3521 3520 abs-

1932 3572 2038 3629 que
2086 3558 2249 3612 rebus
2304 3557 2629 3612 necessariis
2682 3555 3011 3627 possidetur.
3051 3555 3334 3610 Eternam
3387 3571 3519 3614 vero

1930 3650 2099 3704 vitam
2126 3665 2231 3704 non
2259 3647 2361 3704 nisi
2397 3663 2493 3719 per
2526 3663 2742 3703 omnem
2773 3647 3084 3703 divinorum
3117 3654 3513 3718 przeceptorum

1932 3740 2229 3798 custodiam
2276 3740 2575 3811 promereri
2614 3755 2773 3811 posse
2829 3738 3113 3808 Scriptura
3167 3746 3413 3795 testatur.
3459 3737 3518 3796 Si

1931 3835 2028 3899 vis,
2057 3832 2251 3901 inquit,
2277 3830 2346 3885 ad
2376 3832 2531 3886 vitam
2566 3830 2790 3900 ingredi,
2814 3848 2961 3885 serva
3001 3830 3256 3884 mandata
3297 3829 3517 3902 (Matth.

1931 3924 2068 3992 xix).
2100 3920 2280 3975 Vitam
2310 3936 2439 3988 ergo
2471 3936 2578 3975 non
2618 3922 2802 3985 habet,
2830 3919 2937 3975 nisi
2978 3921 3069 3990 qui
3105 3919 3240 3990 legis
3268 3922 3521 3975 mandata

1932 4014 2274 4078 servaverit;
2316 4022 2372 4067 et
2416 4013 2510 4084 qui
2559 4013 2726 4066 vitam
2785 4028 2893 4067 non
2951 4010 3233 4077 habuerit,
3284 4011 3523 4067 caelestis

1933 4107 2081 4178 regni
2127 4122 2231 4161 non
2278 4115 2457 4176 potest
2505 4121 2625 4162 esse
2670 4120 2972 4175 possessor.
3012 4106 3154 4176 Ergo
3197 4106 3514 4175 pudicitiam

1933 4199 2407 4270 integritatemque
2458 4196 2821 4261 servantibus,
2869 4206 2925 4250 et
2958 4197 3076 4266 ejus
3126 4196 3523 4249 remuneratio-

1932 4307 2057 4346 nem
2093 4306 2124 4343 a
2163 4291 2258 4345 Dei
2302 4290 2555 4357 axjuitate
2594 4289 2959 4356 sperantibus,
2993 4295 3118 4341 ante
3150 4286 3330 4340 omnia
3370 4302 3497 4340 man

1933 4383 2181 4437 datorum
2232 4387 2359 4433 sunt
2420 4377 2767 4432 custodienda
2818 4384 3108 4445 przecepta,
3159 4390 3226 4430 ne
3274 4374 3522 4445 gloriosae

1932 4472 2201 4529 castitatis
2230 4479 2284 4525 et
2311 4469 2657 4524 continentiae
2686 4468 2840 4523 labor
2870 4468 2927 4522 in
2961 4468 3175 4522 irritum
3202 4467 3514 4522 deducatur.

1858 4530 2169 4633 DCupiens
2213 4560 2457 4615 divinum
2516 4558 2742 4629 implere
2789 4559 3108 4624 consilium,
3159 4568 3285 4614 ante
3335 4559 3516 4613 omnia

1931 4670 2088 4711 serva
2130 4654 2443 4708 mandatum
2471 4670 2483 4704 :
2517 4650 2702 4707 volens
2731 4652 3057 4723 virginitatis
3082 4651 3363 4721 praunium
3392 4665 3521 4706 con-

1930 4745 2108 4816 sequi,
2146 4742 2271 4799 vita:
2317 4742 2643 4814 amplectere
2684 4744 2902 4808 merita,
2942 4750 2999 4796 ut
3040 4743 3110 4798 sit
3145 4741 3299 4813 cujus
3341 4759 3518 4797 remu-

1931 4839 2112 4894 nerari
2149 4838 2373 4893 castitas
2402 4836 2593 4907 possit.
2629 4836 2761 4890 Nam
2789 4845 2847 4890 ut
2882 4837 3048 4890 vitam
3086 4845 3306 4907 prasstat
3334 4836 3520 4890 obser-

1930 4930 2078 4984 vatio
2119 4929 2516 4993 mandatorum,
2564 4927 2640 4982 ita
2680 4942 2866 4982 eorum
2910 4944 2940 4983 e
2971 4928 3246 4982 contrario
3291 4936 3519 4999 generat

1934 5025 2308 5094 praevaricatio
2353 5033 2600 5079 mortem.
2649 5022 2716 5078 Et
2748 5023 2839 5094 qui
2884 5040 2981 5094 per
3024 5023 3526 5094 praevaricationem

1937 5118 1992 5172 in
2034 5127 2207 5173 morte
2248 5117 2428 5182 fuerit,
2460 5118 2790 5189 virginitatis
2838 5132 3095 5172 coronam
3141 5131 3361 5186 sperare
3410 5130 3514 5167 non

1937 5210 2155 5279 poterit,
2188 5225 2362 5278 neque
2392 5210 2662 5279 pudicitiae
2701 5208 2982 5278 praemium
3026 5216 3348 5278 exspectare
3391 5221 3520 5260 con--

1938 5300 2161 5356 stitutus
2203 5301 2255 5355 in
2296 5314 2476 5369 paena.
2509 5299 2645 5356 Nolo
2675 5298 2818 5354 enim
2845 5308 3002 5368 putes
3039 5298 3094 5352 in
3136 5298 3242 5352 hoc
3272 5304 3529 5351 constare

1932 5394 2199 5465 justitiam
2226 5404 2287 5450 ut
2320 5396 2517 5451 malum
2563 5410 2673 5449 non
2711 5393 2903 5460 facias,
2937 5408 3060 5448 cum
3100 5400 3155 5448 et
3183 5392 3385 5445 bonum
3413 5402 3522 5441 non

1936 5484 2119 5542 facere
2153 5486 2355 5542 malum
2393 5487 2485 5551 sit,
2512 5494 2566 5541 et
2596 5485 2648 5540 in
2694 5492 2926 5553 utroque
2974 5481 3110 5552 legis
3145 5476 3527 5550 praevaricatio

232 5576 369 5631 sitis
421 5572 708 5642 pervenire
757 5572 1009 5635 feliciter,
1052 5569 1338 5639 adjuvante
1389 5570 1614 5625 Domino
1651 5579 1836 5626 nostro
1935 5577 2330 5642 committatur,
2372 5576 2630 5647 quoniam
2671 5573 2761 5643 qui
2815 5572 2997 5628 dixit:
3045 5567 3244 5622 Recede
3286 5584 3317 5619 a
3360 5564 3525 5631 malo,

311 5725 337 5751 ιι
390 5708 519 5763 Haec
576 5707 864 5777 paramesis
914 5705 1093 5777 multo
1140 5705 1397 5777 integrior
1437 5702 1578 5760 edita
1645 5704 1699 5757 in
1766 5704 2060 5774 appendice
2088 5704 2313 5763 .Codicis
2356 5702 2717 5775 Regularum,
2749 5715 2872 5771 pag.
2918 5698 2974 5765 9,
3003 5695 3134 5753 edit.
3186 5695 3342 5752 Rom.
3392 5710 3524 5750 ann.

235 5780 414 5842 1661.
442 5792 606 5846 opera
640 5776 797 5833 Luem
824 5776 1104 5833 Holstcnii.
