3890 6180
483 282 586 338 955
1497 277 1895 334 AMALARIUS
1928 272 2338 331 PRESBYTER
2377 273 2730 333 METENSIS.
3558 282 3640 340 956

480 403 595 469 ipse
625 399 792 463 dixit,
827 404 875 450 et
923 395 1008 464 {ac
1049 395 1239 448 bonum
1278 391 1450 460 (Psal.
1474 390 1701 446 xsxull.
1736 389 1794 444 Si
1837 405 1869 443 a
1910 388 2051 442 malo
2080 388 2128 450 Α
2155 387 2503 454 quinamento
2530 395 2713 457 caput,
2739 377 3092 457 quia'crimeu
3120 395 3221 452 est,
3248 389 3367 445 illud
3391 402 3492 462 post
3515 398 3650 454 Clll’ig-

481 487 791 553 recesseris,
820 494 875 540 et
914 500 1019 537 non
1065 482 1261 536 feceris
1305 481 1528 544 bonum,
1564 489 1933 550 transgressor
1974 475 2050 529 le—
2150 479 2312 532 matis
2366 479 2884 543 sanctiﬁcationem,
2932 479 3212 548 cujuslibet
3260 483 3490 551 pigmenti
3533 486 3642 554 luco,

480 582 582 650 gis,
613 593 733 647 qua:
765 591 871 630 non
911 580 1118 628 tantum
1147 574 1201 626 in
1230 571 1491 627 malorum
1522 581 1737 625 actuum
1767 569 2049 623 abomina-
2147 569 2233 622 vel
2262 568 2482 636 pulvere
2503 569 2790 634 sordidari,
2819 577 2912 622 aut
2938 584 3086 633 auro,
3115 570 3192 622 vel
3215 573 3437 642 gemmis,
3461 576 3528 629 vel
3546 594 3641 648 qua-

484 672 648 731 tione,
685 667 779 721 sed
824 664 988 718 etiam
1036 663 1092 716 in
1139 663 1400 717 bonorum
1447 675 1672 732 operum
1723 658 2052 730 perfectione
2150 656 2284 711 libet
2319 658 2420 711 alia
2467 667 2683 711 terrena
2725 660 2905 726 specie
2935 661 3200 728 componi.
3233 661 3409 716 Munda
3448 664 3642 731 frontem,

480 758 795 827 completur.
830 753 962 809 Nolo
1000 754 1144 808 enim
1182 754 1274 807 tibi
1312 753 1364 806 in
1401 754 1505 807 hoc
1537 751 1849 815 blandiaris,
1881 752 1926 806 si
1955 751 2053 805 ali-
2151 755 2211 801 ut
2258 748 2511 812 humana,
2560 763 2666 801 nou
2716 749 2899 802 divina
2943 764 3104 818 opera
3141 751 3420 814 erubescat,
3456 763 3502 808 et
3537 756 3644 811 illam

479 866 586 918 qua
616 864 723 902 non
759 845 977 910 feceris,
1005 861 1126 899 cum
1165 845 1424 914 scriptum
1461 843 1534 897 sit
1564 857 1578 894 :
1615 841 1720 906 Qui
1758 842 2054 896 universam
2152 835 2520 892 confusionem
2565 837 2811 907 recipiat,
2841 855 2962 908 qua:
3010 856 3114 894 non
3157 853 3434 909 peccatum,
3463 846 3538 898 sed
3577 849 3644 903 Dei

481 943 644 1009 legem
687 937 1000 1001 servaverit,
1034 935 1265 1005 o/fendat
1303 944 1479 988 autem
1517 935 1571 987 in
1601 951 1728 998 uno,
1761 933 1934 1003 factus
1978 943 2054 988 est
2153 927 2377 998 gloriam
2416 928 2577 998 parit.
2611 927 2803 982 Munda
2842 930 3061 996 collum,
3105 939 3161 984 ut
3196 948 3294 984 non
3331 949 3471 986 aurea
3502 951 3556 990 et
3581 952 3644 990 ca-

481 1032 712 1085 omnium
753 1047 871 1084 reus
917 1027 1104 1100 (Iacob
1133 1027 1216 1096 ιι).
1254 1025 1424 1080 Adam
1461 1025 1606 1079 enim
1649 1025 1815 1080 semel
1862 1039 2055 1094 pecca-
2155 1021 2298 1090 pillis
2339 1028 2516 1091 portet
2562 1036 2820 1089 suspensa
2855 1023 3094 1087 monilia,
3126 1024 3225 1079 sed
3248 1024 3327 1077 illa
3355 1027 3507 1094 potius
3529 1043 3649 1081 orna-

480 1126 576 1186 vit,
605 1132 660 1178 et
685 1130 927 1176 mortuus
957 1129 1064 1184 est,
1096 1126 1152 1173 et
1192 1127 1248 1172 tu
1277 1126 1329 1172 te
1355 1117 1537 1171 vivere
1567 1131 1724 1186 posse
1753 1116 2056 1180 existimas,
2157 1118 2336 1164 menta
2370 1110 2736 1175 circumferat,
2768 1112 2833 1166 de
2873 1113 3070 1180 quibus
3104 1113 3368 1182 Scriptura
3409 1117 3547 1170 dicit:
3574 1116 3655 1169 lli-

481 1207 612 1268 illud
637 1227 774 1281 smpc
802 1211 1160 1270 committens,
1191 1207 1332 1278 quod
1363 1207 1547 1272 alium,
1575 1208 1702 1261 dum
1730 1207 1893 1262 semel
1930 1221 2056 1275 per-
2155 1200 2443 1254 sericordia
2495 1209 2542 1253 et
2593 1202 2781 1254 veritas
2835 1219 2938 1257 non
2992 1203 3234 1271 deﬁciant
3277 1221 3307 1256 a
3339 1215 3381 1258 te
3411 1219 3426 1256 :
3453 1208 3648 1275 suspende

391 1338 396 1342 ι
481 1311 768 1375 petrasset,
800 1299 1033 1356 occidit?
1059 1299 1325 1353 Memento
1349 1297 1518 1352 Adam
1551 1306 1606 1352 et
1634 1297 1800 1351 Evam
1822 1297 2060 1368 virgines
2158 1296 2333 1340 autem
2367 1285 2460 1340 illa
2501 1288 2557 1342 in
2600 1288 2734 1342 collo
2784 1301 2874 1343 tuo
2922 1289 3104 1362 (Prov.
3130 1290 3244 1361 ιιι).
3290 1292 3461 1347 Munda
3491 1294 3646 1358 oculos,

483 1393 794 1462 deliquisse,
822 1407 922 1446 nec
950 1391 1313 1460 integritatem
1357 1388 1598 1455 corporis
1627 1385 1896 1456 profuisse
1933 1400 2060 1456 pec-
2159 1377 2286 1432 dum
2313 1391 2410 1433 eos
2435 1377 2504 1432 ab
2536 1380 2682 1434 omni
2712 1382 3148 1452 concupiscentia
3183 1386 3416 1450 retrahis,
3446 1397 3492 1440 et
3520 1389 3572 1441 ah
3593 1388 3648 1440 in-

481 1484 752 1538 cantibus.
790 1482 1018 1536 Licitum
1063 1480 1259 1550 quippe
1299 1486 1382 1534 est
1411 1478 1738 1533 matrimonii
1765 1477 1902 1532 inire
1929 1491 2060 1532 con-
2161 1469 2299 1524 tuitu
2329 1484 2626 1541 pauperum
2658 1488 2932 1541 nunquam
2959 1475 3180 1529 avertis.
3214 1475 3394 1529 Munda
3418 1476 3603 1546 linguam
3629 1493 3648 1529 ει

483 1577 734 1640 sortium,
764 1589 888 1628 nam
919 1588 1038 1642 quas
1081 1571 1348 1628 connubia
1391 1571 1665 1636 deserunt,
1704 1585 1810 1624 non
1856 1570 2058 1635 illicita,
2163 1562 2466 1629 mendacio,
2495 1565 2644 1635 quia,
2675 1564 2748 1620 Os
2778 1567 2921 1636 quod
2955 1568 3216 1622 mentitur
3238 1569 3418 1622 occidit
3445 1570 3648 1632 animam,

485 1666 579 1721 sed
611 1665 755 1718 licita
799 1669 1080 1734 spernunt.
1124 1659 1397 1729 Ejusmodi
1446 1668 1624 1714 autem
1673 1659 1718 1714 si
1756 1657 1978 1728 jurent,
2017 1657 2062 1713 si
2093 1728 2132 1734 _
2165 1667 2196 1706 a
2223 1653 2583 1721 detractione,
2614 1673 2644 1710 a
2665 1654 3001 1725 juramento,
3029 1673 3061 1710 a
3089 1656 3350 1727 perjurio:
3381 1657 3550 1712 Cohibe
3579 1658 3647 1710 lin-

483 1728 844 1818 maledicant,
881 1753 928 1806 si
973 1728 1290 1816 detrahant,
1322 1750 1368 1805 si
1403 1749 1750 1804 detrahentes
1788 1749 2066 1818 patiantur
2093 1728 2139 1786 Β
2167 1761 2326 1816 gnam
2363 1755 2513 1802 tuam
2555 1764 2584 1802 a
2623 1747 2786 1815 malo,
2819 1758 2876 1803 et
2918 1749 3060 1804 labia
3091 1759 3181 1803 tua
3227 1764 3290 1804 ne
3322 1748 3566 1818 loquantur
3587 1747 3649 1800 do-

484 1845 693 1909 audire,
722 1843 766 1898 si
797 1842 994 1896 malum
1029 1855 1129 1911 pro
1155 1839 1297 1894 malo
1328 1839 1574 1902 reddant,
1604 1839 1648 1893 si
1678 1839 1988 1907 cupiditatis
2011 1839 2064 1892 in
2165 1836 2296 1891 lum.
2324 1838 2392 1893 Et
2425 1855 2635 1894 memor
2673 1849 2793 1894 esto
2825 1839 3142 1910 Apostolum
3189 1840 3466 1893 dicentem:
3491 1837 3635 1891 Benedi

485 1937 698 2000 alienis,
725 1943 819 1990 aut
858 1935 1100 1988 avaritias
1140 1934 1192 1987 in
1222 1933 1458 2004 propriis
1501 1933 1709 1987 crimen
1749 1933 2061 2000 incurrant;
2165 1929 2289 1996 cite,
2314 1940 2363 1985 et
2404 1931 2564 1986 nolite
2597 1931 2908 1986 maledicere
2953 1931 3129 2002 (Rom.
3156 1930 3270 2004 xu).
3299 1930 3442 1985 Nefas
3463 1938 3530 1984 est
3551 1930 3650 1983 enim

486 2027 531 2082 si
569 2027 669 2082 zeli
713 2036 806 2080 aut
851 2025 1037 2080 livoris
1074 2039 1284 2080 venena
1331 2023 1662 2093 possideant,
1693 2024 1737 2078 si
1773 2031 1960 2079 contra
1991 2024 2067 2078 le-
2164 2027 2226 2075 ut
2268 2020 2410 2076 labia
2441 2021 2532 2076 illa
2565 2024 2764 2092 quibus
2791 2023 3081 2077 Dominum
3123 2023 3402 2087 conﬁteris,
3429 2037 3569 2092 rogas,
3590 2022 3640 2074 be

487 2117 625 2187 galia
655 2124 711 2170 et
753 2115 1044 2186 apostolica
1074 2114 1316 2168 instituta
1348 2114 1602 2168 indecens
1626 2112 1828 2182 aliquid
1857 2122 1950 2168 aut
1983 2114 2066 2168 lo-
2164 2111 2391 2178 nedicis,
2417 2121 2473 2169 et
2498 2112 2704 2176 laudas,
2736 2113 2961 2183 alicujus
2989 2115 3297 2185 polluantur
3322 2115 3461 2169 sorde
3485 2111 3648 2183 peccati.

489 2215 741 2275 quantur,
789 2213 879 2258 aut
904 2205 1172 2275 cogitent;
1219 2204 1354 2258 siin
1396 2220 1563 2260 carne
1605 2203 1849 2274 placendi
1889 2206 2068 2260 studio
2167 2199 2359 2256 Nescio
2405 2217 2513 2273 qua
2563 2204 2895 2258 conscientia
2939 2219 3000 2258 ea
3058 2204 3236 2276 lingua
3286 2203 3397 2272 quis
3441 2201 3650 2255 Dominum

488 2303 713 2364 comptas
743 2303 798 2348 et
840 2302 1046 2348 ornatas
1075 2294 1388 2363 procedant,
1417 2295 1462 2348 si
1493 2292 1596 2347 alia
1635 2302 1693 2347 ut
1721 2295 1921 2349 assolet
1965 2295 2069 2350 illi-
2169 2301 2345 2362 rogat,
2386 2307 2492 2361 qua
2538 2301 2632 2348 aut
2662 2295 2944 2360 mentitur,
2985 2304 3082 2349 aut
3111 2295 3357 2351 detrahit.
3389 2293 3526 2348 Labia
3552 2290 3651 2344 enim

490 2388 594 2440 cita
626 2387 848 2451 faciant,
874 2387 1000 2456 quid
1026 2385 1268 2456 proderit
1303 2386 1383 2440 eis
1412 2387 1679 2456 sprevisse
1708 2387 1851 2456 quod
1895 2387 2064 2452 licuit,
2167 2393 2356 2440 sancta
2387 2387 2608 2441 exaudit
2636 2387 2800 2456 Deus,
2828 2397 2883 2444 et
2928 2389 3067 2460 ipsis
3107 2389 3294 2444 annuit
3331 2388 3430 2443 cito
3452 2387 3652 2456 precibus,

490 2487 545 2532 et
591 2493 842 2532 exercere
889 2477 1031 2546 quod
1076 2491 1180 2530 non
1231 2476 1401 2530 licet?
1448 2473 1506 2530 Si
1556 2477 1638 2530 vis
1673 2477 1930 2545 prodesse
1973 2478 2070 2532 tibi
2167 2490 2304 2545 quas
2335 2475 2513 2547 lingua
2544 2477 2888 2533 immaculata
2913 2479 3250 2550 pronuntiat.
3274 2477 3446 2533 Munda
3465 2482 3654 2536 aures,ut

491 2570 632 2638 quod
671 2568 816 2622 licite
853 2567 1266 2636 contempsisti,
1308 2567 1429 2621 vide
1461 2581 1530 2622 ne
1576 2567 1703 2638 quid
1735 2582 1923 2622 eorum
1953 2584 2071 2638 quae
2169 2581 2276 2619 non
2315 2566 2417 2622 nisi
2462 2568 2803 2624 sermonibus
2847 2569 3061 2624 sanctis
3086 2569 3319 2624 auditum
3345 2567 3654 2636 przebeantzul

492 2674 598 2712 non
646 2658 809 2712 licent
848 2656 1033 2712 facias.
1082 2655 1316 2711 Stultum
1344 2663 1430 2712 est
1465 2655 1613 2711 enim
1657 2656 1899 2712 timuisse
1927 2658 2070 2726 quod
2170 2674 2446 2730 nunquam
2478 2661 2714 2716 obscena
2758 2668 2852 2716 aut
2897 2662 3108 2730 turpia,
3136 2668 3228 2714 aut
3265 2657 3508 2715 saecularia
3538 2651 3653 2708 verba

493 2749 671 2802 minus
696 2756 802 2814 est,
823 2755 879 2802 et
907 2763 1012 2802 non
1045 2747 1234 2801 timere
1259 2746 1402 2817 quod
1430 2744 1604 2814 majus
1631 2754 1731 2801 est.
1759 2745 1898 2802 Dicit
1924 2747 2070 2801 enim
2171 2753 2488 2824 suscipiant,
2519 2763 2613 2809 aut
2653 2755 2888 2824 aliquem
2917 2753 2984 2808 de
3018 2755 3196 2810 altero
3224 2751 3428 2807 audiant
3458 2752 3654 2814 derogan-

494 2839 822 2909 Apostolus:
862 2838 1092 2908 Innupla
1136 2839 1328 2908 cogitat
1365 2855 1482 2908 quia
1513 2839 1721 2892 Domini
1751 2849 1872 2893 sunt
1893 2881 1906 2904 ,
1936 2856 2068 2909 quo-
2171 2852 2278 2900 tem
2299 2887 2314 2911 ,
2347 2854 2567 2917 propter
2613 2847 2744 2902 illud
2790 2847 2932 2917 quod
2975 2849 3242 2918 scriptum
3274 2854 3351 2899 est
3382 2861 3394 2897 ί
3423 2840 3522 2910 Sepi
3547 2850 3656 2890 aures

494 2930 646 2983 modo
680 2929 882 3000 placeat
920 2929 1047 2997 Deo,
1089 2940 1143 2982 ut
1183 2931 1250 2983 sit
1289 2939 1473 2983 sancta
1499 2946 1733 3000 corpore,
1761 2940 1809 2984 et
1835 2933 2068 3001 spiritu:
2171 2944 2290 2989 tuas
2331 2937 2516 3006 spinis,
2555 2945 2602 2990 et
2646 2934 2753 2989 noli
2791 2935 2975 2989 audire
3018 2935 3256 3006 linguam
3294 2947 3484 3002 nequam
3511 2922 3652 2996 (Είτίὶι

493 3041 608 3094 qua:
638 3031 813 3076 autem
845 3031 1005 3094 nupta
1038 3031 1134 3086 est,
1166 3021 1355 3092 cogitat
1388 3037 1506 3092 quia
1541 3032 1662 3076 sunt
1699 3023 1902 3086 mundi,
1940 3041 2070 3094 quo-
2098 3075 2139 3096 η
2172 3023 2350 3096 xvm).
2387 3025 2576 3080 Manus
2624 3039 2726 3080 nec
2765 3031 3037 3095 porrecta:
3085 3027 3152 3081 ad
3195 3020 3522 3093 accipiendum
3554 3014 3650 3073 sint,

495 3115 648 3168 modo
679 3114 881 3186 placeat
911 3075 1020 3168 vim
1052 3113 1103 3186 (Ι
1132 3113 1254 3170 Cor.
1280 3114 1398 3186 vn).
1428 3115 1584 3170 Dicat
1612 3115 1742 3188 ergo
1771 3118 1902 3172 mihi
1947 3075 2068 3187 qua:
2095 3075 2140 3138 Ο
2171 3132 2271 3173 nec
2295 3075 2364 3171 ad
2392 3116 2693 3172 feriendum
2723 3075 2954 3187 paratae,
2999 3118 3098 3173 sed
3133 3117 3202 3172 ad
3227 3075 3394 3170 omnia
3424 3107 3654 3164 misericor-

495 3206 670 3259 virmn
702 3221 807 3259 non
833 3204 1014 3269 habet,
1046 3213 1102 3260 et
1131 3213 1307 3260 tamen
1331 3220 1451 3274 quze
1479 3206 1663 3260 mundi
1687 3215 1812 3262 sunt
1839 3208 2062 3277 cogitat,
2167 3207 2270 3262 dia:
2297 3215 2352 3262 et
2385 3207 2605 3276 pietatis
2632 3223 2798 3277 opera
2827 3208 2966 3263 satis
3011 3214 3288 3279 promptze.
3316 3201 3484 3259 Munda
3521 3195 3650 3268 pedes.

493 3301 578 3354 cui
612 3297 822 3368 placere
850 3297 1158 3352 desiderat?
1181 3312 1359 3352 nonne
1389 3297 1612 3367 incipiat
1641 3297 1716 3353 illi
1746 3308 1908 3370 nupta
1935 3315 2068 3369 prze-
2168 3314 2236 3353 ne
2281 3297 2446 3352 latam
2476 3305 2530 3352 et
2557 3297 2854 3367 spatiosam
2883 3305 3117 3369 pergant
3159 3297 3318 3361 viam,
3345 3305 3450 3363 qua:
3475 3285 3589 3343 ducit
3608 3280 3653 3334 ad

493 3391 654 3460 poni?
679 3389 814 3456 Quia
844 3388 931 3443 illa
966 3390 1254 3460 cogitando
1279 3404 1398 3459 quae
1429 3389 1615 3445 mundi
1654 3398 1798 3454 sunt,
1833 3391 2070 3461 eompla—
2168 3387 2447 3458 splendida
2488 3388 2671 3444 saeculi
2705 3396 2759 3442 et
2785 3387 3031 3458 pretiosa
3078 3386 3333 3453 convivia,
3368 3381 3448 3439 sed
3487 3377 3649 3432 arduum

491 3488 579 3534 cet
632 3480 716 3534 vel
753 3480 981 3535 marito:
1031 3482 1134 3536 ista
1181 3496 1312 3537 vero
1359 3495 1461 3538 nec
1495 3483 1714 3549 marito,
1749 3498 1907 3552 quem
1959 3501 2068 3539 non
2169 3479 2360 3551 magis,
2390 3488 2446 3534 et
2470 3487 2758 3552 angustum
2805 3479 3128 3550 gradiantur
3167 3481 3266 3535 iter
3291 3475 3420 3549 quod
3444 3470 3576 3528 tendit
3607 3463 3652 3518 avl

493 3569 675 3631 habet.
714 3577 892 3640 potest
931 3570 1165 3640 placere,
1197 3587 1296 3627 nec
1325 3573 1454 3627 Deo.
1485 3571 1590 3626 Sed
1621 3589 1722 3629 nec
1753 3573 1879 3628 illud
1910 3574 2071 3629 silen-
2170 3571 2388 3626 caelum.
2436 3573 2682 3642 Agnosco
2726 3571 2821 3626 tibi
2868 3586 2900 3625 a
2946 3571 3062 3627 Deo
3105 3571 3309 3626 artifice
3349 3583 3440 3622 non
3465 3562 3518 3616 ad
3545 3557 3649 3616 vilia,

495 3660 569 3714 tio
604 3661 882 3728 prieterire
925 3676 1024 3716 nos
1069 3662 1351 3726 convenit,
1383 3662 1524 3730 quod
1569 3663 1768 3718 dixerit
1795 3682 1808 3718 :
1837 3664 2070 3734 lnnupta
2169 3661 2264 3716 sed
2288 3661 2355 3715 ad
2384 3661 2636 3716 virtutem
2665 3663 2908 3717 membra
2944 3659 3211 3727 fermata;
3239 3669 3424 3718 etcum
3445 3653 3650 3710 universos

493 3749 683 3818 cogitat
716 3766 833 3819 quae
880 3749 977 3804 Dei
1017 3761 1160 3815 sunt,
1203 3751 1462 3821 quomodo
1505 3751 1708 3823 placeat
1751 3751 1880 3819 Deo,
1911 3763 1964 3806 ut
2002 3755 2068 3808 sit
2170 3759 2322 3805 artus
2362 3751 2710 3807 mundaveris
2739 3751 2808 3805 ab
2851 3753 3001 3808 omni
3051 3751 3208 3808 sorde
3253 3746 3467 3821 peccati,
3499 3749 3542 3797 et
3574 3746 3649 3791 ιοιο

493 3847 673 3890 sancta
695 3855 925 3907 corpore,
947 3848 994 3892 et
1014 3842 1219 3910 spiritu.
1237 3841 1365 3908 Quae
1384 3851 1510 3897 sunt
1527 3859 1656 3915 ergo
1673 3844 1904 3912 Domini,
1929 3846 2070 3902 dicat
2170 3839 2341 3896 fueris
2371 3841 2709 3896 sanctificata
2736 3857 2984 3912 corpore,
3016 3852 3142 3898 tunc
3187 3841 3278 3896 tibi
3318 3837 3567 3896 castitatem
3599 3828 3650 3882 in-

493 3925 814 3994 Apostolus:
847 3925 1179 4000 Quwcunque
1204 3940 1325 3986 sunt
1357 3942 1562 4000 sancta,
1595 3951 1917 4008 quwcunque
1947 3949 2069 3994 sunt
2175 3933 2383 4004 telligas
2427 3931 2792 4004 profuturam,
2818 3945 2874 3990 et
2915 3950 3042 3991 cum
3093 3935 3235 3990 omni
3273 3931 3445 3988 ﬁducia
3482 3923 3649 3997 palmam

488 4013 654 4084 justo,
677 4033 995 4089 qua'cunque
1032 4019 1302 4087 amabilia,
1333 4039 1654 4095 quiecunque
1691 4025 1840 4080 bonw
1869 4026 2026 4097 famae
2049 4043 2068 4082 :
2170 4031 2498 4101 virginitatis
2526 4039 2802 4102 exspecta.
2826 4030 2871 4087 Ο
2899 4031 3073 4103 virgo,
3104 4046 3256 4088 serva
3285 4023 3564 4101 propositum
3587 4010 3648 4068 tibi

493 4109 540 4162 si
583 4126 686 4181 qua
736 4112 922 4177 virtus,
957 4113 1003 4168 si
1041 4129 1146 4184 qua
1183 4113 1300 4169 laus
1341 4115 1650 4180 disciplinis.
1698 4117 1805 4172 Ista
1843 4127 2068 4187 sanctae,
2171 4139 2369 4194 magno
2418 4123 2642 4193 praemio
2673 4123 3044 4180 destinatum:
3075 4137 3301 4194 agnosce
3339 4125 3507 4174 statum
3532 4120 3648 4164 tuum.

493 4217 654 4268 verae,
697 4211 752 4259 et
781 4204 1089 4274 apostolicae
1114 4206 1351 4278 virgines
1380 4208 1470 4263 diu
1501 4216 1770 4279 noctuque
1811 4210 1927 4266 sine
1959 4211 2069 4267 ullo
2169 4228 2401 4283 agnosce
2427 4213 2626 4279 locum,
2659 4227 2894 4285 agnosce
2924 4211 3282 4284 propositum.
3309 4204 3482 4265 Christi
3505 4208 3645 4270 sponsa

496 4294 753 4364 temporis
795 4295 1077 4351 intervallo
1115 4299 1460 4353 meditantur.
1512 4299 1772 4369 Sequitur
1806 4317 1924 4372 qua:
1967 4301 2068 4357 Dei
2170 4302 2387 4368 diceris,
2421 4301 2545 4358 vide
2584 4317 2651 4357 ne
2695 4303 2823 4370 quid
2869 4303 3151 4373 indignum
3192 4316 3255 4356 eo
3279 4299 3359 4354 cui
3404 4294 3648 4363 despous3L1

493 4394 636 4450 sunt,
662 4385 918 4456 quomodo
949 4385 1151 4457 placeat
1177 4386 1307 4442 Deo.
1332 4388 1462 4453 Deo,
1494 4389 1734 4459 inquam,
1767 4407 1874 4446 non
1896 4393 2067 4446 homi-
2093 4416 2144 4475 D
2171 4390 2391 4453 videris,
2427 4391 2698 4446 admittas.
2731 4391 3006 4447 Christum
3057 4405 3306 4461 sponsum
3349 4385 3506 4446 habes,
3541 4394 3564 4432 a
3587 4375 3649 4428 (Ιο-

497 4477 672 4541 nibus,
703 4486 758 4529 ut
789 4477 856 4531 sit
883 4485 1064 4531 sancta
1088 4494 1320 4548 corpore,
1349 4489 1395 4533 et
1421 4481 1646 4550 spiritu;
1678 4498 1784 4537 non
1814 4483 1972 4550 dixit,
2009 4493 2068 4538 ut
2171 4479 2412 4535 mesticis
2452 4488 2508 4536 et
2557 4479 2914 4536 familiaribus
2959 4481 3078 4552 ejus
3126 4482 3400 4550 interroga,
3426 4484 3472 4530 et
3495 4477 3650 4526 strenue

494 4567 566 4621 sit
595 4576 781 4621 sancta
823 4565 1085 4631 membro,
1126 4575 1221 4622 aut
1246 4583 1474 4639 corpore
1503 4578 1735 4637 tantum,
1772 4574 1887 4636 sed,
1917 4583 1972 4626 ut
2000 4574 2070 4629 sit
2169 4584 2234 4624 ac
2279 4569 2508 4624 solerter
2536 4571 2749 4641 inquire
2780 4572 2832 4626 in
2858 4573 3057 4642 quibus
3092 4571 3348 4642 przecipue
3389 4565 3646 4621 delectetur:

494 4668 678 4712 sancta
735 4675 978 4728 corpore,
1027 4668 1074 4714 et
1134 4660 1344 4731 spiritu.
1404 4661 1698 4717 Membrum
1757 4664 1902 4718 enim
1961 4682 2066 4720 una
2168 4662 2383 4732 Qtlalem
2411 4664 2856 4732 compositionem
2903 4664 2955 4718 in
2985 4672 3038 4718 te
3068 4663 3290 4717 vestium
3319 4645 3650 4727 diligal.€"l"5‘

495 4747 738 4816 corporis
770 4762 897 4816 Pars
947 4758 1063 4812 δεῖν
1107 4765 1304 4820 θοι-ρης»
1342 4766 1474 4805 vero
1516 4753 1756 4806 omnium
1806 4769 2069 4825 compago
2171 4754 2312 4809 modi
2341 4755 2686 4824 concupiscat
2715 4761 2985 4808 ornatum.
3028 4754 3182 4808 Dicat
3220 4751 3310 4806 tibi
3347 4747 3449 4817 ejus
3484 4735 3648 4795 familia-

498 4839 860 4891 rnembrorum
902 4846 1002 4892 est.
1033 4838 1166 4894 Cum
1204 4855 1333 4910 ergo
1363 4841 1494 4895 dicit
1528 4850 1585 4894 ut
1625 4841 1690 4894 sit
1733 4851 1917 4896 sancta
1947 4860 2068 4897 cor-
2173 4847 2422 4904 rissimus
2460 4848 2673 4914 Petrus,
2698 4849 2789 4920 qui
2818 4864 2919 4904 nec
2944 4849 3125 4919 nuptis
3170 4846 3372 4916 quidem
3395 4829 3648 4908 corporalem

496 4946 636 4998 pore,
679 4929 928 4983 omnibus
954 4931 1210 4986 membris
1244 4947 1362 4986 eam
1399 4933 1596 4988 debere
1631 4934 1958 4989 sanetilicari
1990 4944 2069 4990 te-
2173 4939 2438 5008 permittit
2476 4948 2748 5007 ornatum,
2787 4941 2930 4996 sicut
2965 4940 3022 4995 in
3067 4937 3294 5010 Epistola
3331 4947 3416 4988 sua
3455 4922 3645 4994 scripsi“

497 5027 690 5073 statur.
728 5017 863 5084 Quia
907 5034 1014 5074 non
1060 5021 1301 5090 proderit
1342 5029 1663 5076 caeterorum
1709 5023 2068 5080 sanctificatio
2175 5027 2426 5084 Mulieres
2466 5031 2708 5086 similiter
2748 5032 2994 5103 subjecta:
3036 5033 3138 5085 sint
3173 5030 3278 5084 suis
3320 5026 3446 5087 viris,
3481 5029 3526 5073 ut
3556 5025 3590 5069 et
3619 5009 3648 5063 εἰ

499 5107 884 5174 membrorum,
918 5109 964 5163 si
993 5109 1297 5166 inveniatur
1325 5109 1406 5164 vel
1449 5111 1502 5164 in
1540 5127 1646 5165 uno
1671 5113 1975 5182 corruptio;
2015 5122 2070 5169 et
2175 5120 2262 5190 qui
2289 5137 2390 5174 non.
2423 5121 2639 5175 credunt
2666 5123 2839 5187 verbo,
2870 5140 2961 5193 per
2995 5121 3266 5174 mulierum
3297 5108 3648 5171 conversationem

493 5199 604 5270 jam
644 5213 750 5254 non
776 5199 879 5254 erit
908 5208 1093 5254 sancta
1123 5216 1369 5269 corpore,
1398 5201 1540 5269 quod
1568 5216 1635 5254 ex
1659 5202 1912 5256 omnibus
1940 5220 2070 5258 con-
2173 5187 2286 5263 sine
2337 5211 2486 5264 verbo
2535 5211 2834 5281 lucriﬁant,
2870 5187 3258 5266 considerantes
3300 5208 3350 5259 in
3396 5205 3549 5257 timore
3585 5187 3650 5244 οεί

498 5301 605 5347 stat
646 5291 925 5355 membris,
958 5307 1078 5361 qua:
1122 5291 1205 5344 vel
1242 5291 1401 5345 unius
1428 5291 1592 5346 fuerit
1635 5295 2070 5364 coinquinatione
2166 5311 2366 5354 castam
2393 5304 2837 5357 conversationem
2873 5313 3113 5358 vestram.
3149 5300 3369 5366 Quarum
3399 5294 3456 5348 sit
3491 5303 3570 5342 non
3593 5296 3648 5335 ετ-

497 5381 717 5453 polluta.
769 5380 942 5446 Unde,
974 5395 1156 5451 quasso
1188 5387 1261 5445 te,
1293 5381 1466 5450 virgo,
1515 5397 1692 5454 neque
1727 5385 1780 5438 in
1812 5386 1924 5440 sola
1970 5387 2069 5442 tibi
2166 5392 2420 5446 trinsecus
2462 5392 2799 5463 capillatura,
2840 5404 2931 5448 aut
2968 5389 3308 5446 circumdatio
3333 5383 3457 5444 auri,
3493 5371 3648 5463 autin-

498 5471 754 5542 pudicitia
785 5471 1098 5538 blandiaris,
1133 5487 1198 5527 ne
1233 5471 1287 5527 iu
1314 5475 1472 5529 unius
1499 5477 1725 5531 membri
1761 5477 2071 5549 integritate
2165 5480 2397 5535 dumenti
2446 5461 2862 5536 vestimentorum
2903 5481 3094 5545 cultus,
3133 5478 3222 5533 sed
3266 5474 3350 5546 qui
3386 5461 3644 5524 abscondi!“

497 5560 875 5626 coufundaris,
927 5563 1021 5619 sed
1077 5565 1373 5621 secundum
1426 5567 1742 5636 Apostolum
1797 5569 1896 5624 soli
1960 5571 2070 5628 Deo
2165 5581 2239 5626 est
2279 5573 2450 5627 cordis
2491 5573 2665 5639 homo,
2704 5575 2757 5628 in
2801 5559 3281 5648 incorruptibilitatis
3312 5565 3455 5635 quieti
3490 5566 3526 5610 et
3562 5564 3641 5648 me:

496 5665 755 5707 conserva
781 5655 1024 5725 corporis
1064 5655 1420 5716 sanctitatem.
1457 5633 1651 5716 Munda
1683 5659 1749 5716 ab
1787 5660 1934 5717 omni
1983 5661 2068 5718 in-
2166 5663 2298 5720 desii
2339 5665 2576 5736 spiritus,
2619 5633 2708 5738 qui
2756 5676 2829 5722 est
2867 5667 2915 5720 in
2955 5633 3224 5734 conspectu
3269 5633 3355 5712 Dei
3394 5645 3579 5716 ιοικρίεδ
3607 5633 3640 5701 ll
