3890 6180
323 357 429 415 957

820 354 1103 411 REGULA
1140 354 1777 425 SANCTIMONIALIUM
1811 357 1901 413 AB
1937 355 2297 413 AMALARIO
2336 356 2716 415 COLLECTA.
2752 387 2823 397 --
2855 356 2987 414 LIB.
3029 358 3093 414 ll.

3480 358 3586 418 958

318 476 461 531 Petr.
498 492 554 530 m
574 477 616 543 ).
664 475 803 549 Dicit
857 485 912 532 et
951 477 1088 534 alius
1131 478 1406 549 apostolus
1433 479 1623 535 beatus
1650 477 1851 533 Paulus
1881 497 1893 532 :
1927 479 1975 539 Α
2003 489 2170 547 gnare
2198 491 2322 531 cum
2367 474 2605 531 Christo.
2646 474 2781 531 Nolo
2808 476 2953 530 enim
2978 475 3103 532 illas
3130 480 3391 549 respicias
3414 520 3427 544 ,
3463 488 3587 549 quae

316 566 567 622 Mulieres
607 546 852 619 similiter
890 567 942 620 in
983 546 1178 622 habitu-
1203 578 1391 623 ornato
1430 585 1549 622 cum
1586 567 1898 622 verecundia

310 668 361 714 et
406 658 684 712 sobrietate
736 668 982 713 amantes
1024 677 1100 726 se,
1146 676 1250 714 non
1309 661 1364 715 in
1431 662 1582 714 tortis
1643 659 1895 725 crinibus,

312 760 406 804 aut
444 767 600 815 auro,
624 758 718 803 aut
746 751 1070 821 margaritis,
1103 752 1181 806 vel
1203 761 1339 807 veste
1363 754 1612 824 pretiosa,
1638 752 1729 807 sed
1756 752 1897 823 quod

311 842 460 896 decet
514 838 778 906 mulieres,
817 843 1176 911 promittentes
1226 845 1520 903 castitatem
1570 861 1663 915 per
1708 844 1896 898 bonam

311 938 761 993 conversationem
796 936 850 998 (Ι
879 936 1014 992 Tim.
1046 937 1130 1010 ιι).
1177 938 1285 994 Sed
1335 947 1393 994 tu
1440 938 1666 994 forsitan
1714 937 1892 993 dicis:

315 1029 431 1083 Cur
468 1029 585 1083 haec
632 1030 798 1084 iidem
846 1029 1073 1099 apostoli
1119 1047 1226 1085 non
1265 1031 1579 1101 jusserunt?
1608 1028 1741 1097 Quia
1784 1045 1894 1083 non

316 1120 691 1179 necessarium
711 1117 1049 1187 judicabant,
1075 1137 1143 1176 ne
1170 1122 1293 1177 talis
1330 1122 1629 1192 virginibus
1653 1136 1895 1176 commo-

312 1212 452 1266 nitio
481 1211 660 1281 potius
687 1210 884 1280 injuria
922 1226 1086 1281 quam
1120 1213 1431 1267 emendatio
1460 1213 1753 1267 videretur.
1788 1210 1894 1266 Sed

308 1317 531 1356 uec-cas
562 1317 798 1371 unquam
826 1310 989 1357 tanta:
1017 1303 1338 1358 temeritatis
1366 1302 1483 1359 fore
1511 1304 1888 1366 credidissent,

312 1403 497 1447 utnec
541 1401 720 1463 nuptae
758 1407 1016 1448 concessa
1048 1394 1286 1449 carnalia
1326 1403 1646 1452 ornamenta
1691 1405 1747 1450 et
1779 1404 1895 1450 ter-

311 1500 442 1539 rena
491 1495 902 1556 pnesumerent.
935 1486 1141 1541 Revera
1185 1502 1381 1544 ornare
1406 1504 1464 1544 se
1489 1497 1545 1544 et
1571 1504 1896 1560 componere

308 1576 465 1645 virgo
490 1576 649 1631 debet
677 1595 689 1629 :
723 1592 846 1631 nam
890 1577 1162 1646 quomodo
1192 1593 1391 1649 sponso
1420 1595 1519 1635 suo
1547 1580 1763 1651 placere
1799 1596 1891 1650 po-

308 1666 459 1728 terit,
498 1665 602 1720 nisi
641 1665 963 1734 composita,
1006 1673 1062 1720 et
1102 1675 1293 1721 ornata
1337 1670 1700 1738 processerit?
1725 1669 1895 1725 Ome-

307 1767 398 1811 tur
426 1758 606 1828 plane,
643 1757 740 1812 sed
787 1757 1136 1815 interioribus
1176 1762 1534 1827 ornamentis,
1578 1770 1636 1816 et
1677 1762 1894 1831 spirita—

2000 566 2213 631 saeculi,
2248 581 2357 622 nou
2387 565 2589 621 Christi
2634 573 2761 621 sunt
2802 566 3041 638 virgines
3085 585 3099 621 :
3149 583 3272 637 qua:
3318 570 3584 640 propositi

1998 657 2105 723 sui,
2131 665 2186 711 et
2215 656 2565 727 professionis
2591 656 2957 724 immemores,
3002 662 3237 730 gaudent
3260 663 3316 717 in
3350 663 3581 732 deliciis,

1999 748 2052 802 in
2081 748 2273 818 opibus
2303 747 2658 803 delectantur.
2702 748 2782 803 Tu
2808 748 2994 821 autem
3012 792 3025 815 ,
3052 766 3389 823 quaecunque
3417 755 3583 810 Chri-

1997 839 2089 902 sti,
2117 854 2222 892 non
2247 839 2427 893 seaculi
2459 839 2610 908 virgo
2636 854 2715 903 es,
2742 855 2956 894 omnem
2994 830 3275 912 pneSentis
3316 843 3440 899 vita:
3470 846 3583 916 glo-

1999 926 2135 980 riam
2168 926 2291 998 fuge
2309 967 2324 992 ,
2349 935 2409 981 ut
2432 943 2552 981 eam
2575 968 2589 992 ,
2619 943 2738 996 qua:
2766 927 2817 981 in
2851 927 3033 983 futuro
3058 932 3421 1000 promittitur,
3452 951 3585 989 con-

1995 1014 2263 1085 sequaris.
2295 1013 2713 1069 Contentionum
2741 1017 2904 1071 verba
2927 1057 2942 1082 ,
2973 1026 3029 1072 et
3060 1020 3419 1077 animositatis
3453 1038 3583 1078 cau-

1995 1122 2103 1169 sas,
2147 1113 2203 1159 et
2238 1104 2411 1159 litium
2449 1106 2763 1161 occasiones
2805 1108 3134 1180 subterfuge.
3181 1110 3314 1165 Nam
3350 1113 3395 1168 si
3426 1115 3582 1185 juxta

1993 1197 2235 1271 Apostoli
2281 1199 2580 1255 doctrinam
2638 1199 2726 1272 (II
2785 1201 2922 1256 Tim.
2978 1203 3039 1274 ιι)
3094 1220 3310 1261 servum
3366 1209 3579 1266 Domini

1995 1291 2208 1362 litigare
2259 1307 2368 1346 non
2414 1299 2667 1360 oportet,
2706 1302 2912 1363 quanto
2957 1297 3129 1368 magis
3172 1298 3265 1353 Dei
3302 1301 3576 1369 ancillam,

1994 1381 2146 1450 cujus
2178 1398 2285 1452 quo
2305 1384 2662 1439 verecundior
2686 1392 2770 1439 est
2801 1401 2984 1451 sexus,
3014 1390 3229 1445 animus
3261 1391 3419 1447 debet
3456 1410 3580 1451 esse

1995 1475 2325 1537 modestior?
2378 1475 2639 1547 Linguam
2690 1492 2720 1530 a
2773 1477 3087 1548 maliloquio
3130 1481 3355 1549 cohibe,
3400 1496 3453 1540 et
3492 1488 3577 1541 oi'i

1994 1574 2087 1620 tuo
2138 1565 2350 1620 frenum
2385 1565 2519 1636 legis
2558 1567 2800 1636 impone;
2849 1577 2910 1622 ut
2956 1576 3089 1625 tunc
3131 1570 3270 1627 forte
3313 1574 3571 1645 loquaris.

1992 1655 2208 1726 quando
2263 1663 2445 1710 tacere
2480 1664 2771 1724 peccatum
2828 1658 2937 1724 sit,
2989 1663 3286 1718 secundum
3334 1665 3388 1719 id
3433 1670 3579 1737 quod

1991 1746 2280 1817 Apostolus
2319 1746 2454 1801 dicit
2486 1764 2498 1799 :
2541 1745 2724 1801 Omnis
2754 1764 2924 1801 sermo
2964 1750 3136 1805 malus
3173 1769 3240 1807 ea:
3279 1771 3368 1810 ore
3408 1767 3576 1813 vestro

304 1847 453 1911 liter,
498 1863 604 1903 non
655 1847 950 1902 carnaliter
1002 1858 1378 1919 componatur,
1418 1852 1545 1921 quia
1591 1851 1735 1907 Deus
1784 1869 1886 1907 non

1996 1853 2100 1890 non
2144 1837 2391 1907 procedat
2437 1836 2669 1909 (Ep/tes.
2716 1853 2771 1891 tv
2792 1837 2831 1911 ).
2877 1837 3103 1910 Semper
3148 1842 3388 1915 linguam
3425 1853 3576 1904 tuam

302 1941 585 2011 corporis,
631 1941 728 1995 sed
778 1940 971 1995 anima:
1020 1939 1270 1996 decorem
1320 1942 1374 1997 in
1420 1942 1507 1998 illa
1560 1943 1884 1999 considerat.

302 2032 451 2103 Ergo
480 2040 537 2086 et
561 2041 650 2097 tu,
681 2045 1018 2101 quaecunque
1043 2030 1279 2086 animam
1319 2040 1466 2087 tuam
1494 2048 1524 2087 a
1557 2033 1668 2088 Deo
1703 2034 1884 2104 diligi,

299 2132 358 2179 et
396 2123 694 2178 inhabitari
733 2124 1089 2193 concupiscis,
1113 2125 1260 2179 omni
1287 2140 1408 2180 eam
1434 2124 1711 2196 diligentia
1745 2142 1889 2183 com-

298 2230 464 2285 pone,
493 2220 551 2268 et
574 2212 911 2283 spiritalibus
944 2214 1273 2270 indumentis
1301 2230 1525 2271 exorna.
1557 2216 1700 2271 Ninil
1727 2217 1781 2272 in
1823 2233 1887 2273 ea

296 2307 669 2371 dedecorum,
727 2305 864 2361 nihil
928 2305 1131 2362 fmdum
1194 2318 1469 2378 appareat.
1528 2309 1887 2380 Resplendeat

295 2412 438 2452 auro
467 2393 712 2464 iustitiae,
741 2397 970 2467 gemmis
995 2395 1258 2469 refulgeat
1290 2399 1616 2464 sanctitatis,
1661 2416 1727 2456 ac
1762 2416 1887 2470 pre-

294 2485 595 2540 tiosissimo
628 2485 901 2555 pudicitiae
950 2488 1243 2558 margarito
1273 2498 1544 2544 coruscet.
1577 2489 1683 2546 Pro
1722 2492 1886 2561 bysso

292 2585 354 2629 et
381 2576 581 2640 serico,
614 2576 997 2632 misericordiae
1036 2586 1093 2633 et
1133 2578 1351 2648 pietatis
1387 2581 1569 2636 tunica
1598 2584 1880 2651 vestiatur,

293 2666 598 2721 Secundum
651 2667 795 2736 quod
844 2667 1107 2736 scriptum
1160 2677 1292 2725 est:
1331 2669 1546 2727 Induite
1597 2689 1719 2743 ergo
1769 2690 1881 2741 vos,

292 2756 433 2809 sicut
463 2754 615 2810 electi
645 2757 774 2823 Dei,
803 2759 975 2812 sancti
1012 2766 1062 2812 et
1109 2757 1308 2827 dilecti,
1348 2762 1545 2816 viscera
1585 2763 1886 2819 misericor-

290 2834 433 2909 diae,
481 2845 884 2916 benignitatem,
935 2846 1313 2917 humilitatem,
1356 2859 1463 2908 etc.
1509 2851 1732 2924 (Coloss.
1763 2857 1879 2930 tn).

294 2934 617 3004 llujusmodi
655 2932 801 2991 Deus»
839 2938 1033 3006 quaerit
1080 2949 1494 3007 ornamentum,
1539 2949 1595 2997 et
1642 2945 1880 3002 animam

293 3024 481 3078 taliter
512 3025 871 3094 compositam
905 3026 1262 3097 concupiscit.
1290 3028 1558 3086 Memento
1589 3041 1641 3088 te
1678 3034 1772 3089 Dei
1818 3034 1883 3091 li—

293 3115 424 3169 liam
456 3114 589 3179 dici,
622 3116 915 3171 secundum
962 3121 1106 3188 quod
1147 3119 1262 3174 ait:
1291 3121 1463 3189 Audi,
1501 3123 1650 3192 ﬁlia,
1676 3135 1725 3180 et
1767 3128 1881 3183 vide

1990 1931 2056 1986 de
2108 1930 2266 1986 bonis
2328 1930 2478 2001 loqui
2537 1945 2826 1997 assuesce,
2893 1941 2949 1987 et
3001 1935 3243 1989 auditum
3307 1944 3458 1993 tuum
3505 1942 3576 1996 ad

1987 2020 2198 2075 laudem
2226 2021 2490 2076 bonorum
2515 2022 2709 2093 magis,
2736 2036 2896 2091 quam
2936 2024 3005 2079 ad
3047 2024 3311 2081 malorum
3357 2028 3573 2100 vitupe-

1986 2116 2251 2171 rationem
2277 2116 2581 2172 commoda.
2612 2116 2747 2172 Vide
2778 2124 2838 2172 ut
2863 2119 3046 2173 omnia
3075 2134 3412 2191 quaecunque
3434 2124 3573 2178 bene

1986 2207 2122 2263 facis
2145 2216 2369 2280 propter
2402 2208 2693 2264 Dominum
2725 2209 2892 2266 facias
2914 2251 2931 2277 ,
2969 2210 3149 2267 sciens
3190 2211 3309 2282 ejus
3340 2215 3417 2269 rei
3454 2224 3574 2271 tan—

1987 2309 2101 2356 tum
2130 2309 2184 2357 te
2209 2318 2241 2356 a
2281 2302 2509 2357 Domino
2546 2310 2886 2372 recepturam
2917 2318 3039 2359 esse
3068 2306 3365 2370 mercedis,
3396 2322 3571 2377 quan-

1986 2401 2099 2448 tum
2142 2394 2260 2464 ejus
2317 2394 2530 2449 timoris
2577 2402 2634 2449 et
2681 2389 2987 2449 dilectionis
3038 2410 3202 2450 causa
3255 2395 3571 2466 perfeceris.

1985 2487 2187 2541 Sancta
2228 2486 2401 2555 magis
2448 2500 2571 2542 esse
2614 2502 2777 2557 quam
2817 2486 2986 2540 videri
3027 2487 3203 2540 stude.
3244 2486 3302 2540 In
3344 2486 3576 2555 jejuniis

1983 2589 2112 2630 vero
2142 2577 2316 2646 magis
2354 2592 2518 2646 quam
2563 2576 2618 2631 in
2655 2576 2829 2646 epulis
2862 2575 3168 2639 delectare,
3207 2576 3353 2631 illius
3398 2578 3575 2633 vidua:

1983 2680 2194 2720 memor
2221 2681 2341 2736 quae
2372 2681 2480 2721 non
2518 2666 2832 2722 discedebat
2881 2667 2948 2721 de
2993 2665 3228 2736 templo,
3255 2665 3477 2737 jejuniis
3519 2676 3575 2723 et

1982 2755 2453 2812 obsecrationibus
2480 2757 2721 2812 serviens
2761 2757 2990 2812 Domino
3029 2764 3188 2813 nocte
3221 2773 3287 2813 ac
3323 2758 3430 2812 die.
3478 2758 3570 2812 Di-

1983 2846 2122 2901 vina:
2146 2845 2321 2918 magis
2364 2846 2612 2902 lectionis
2638 2847 2945 2902 convivium
2984 2846 3168 2918 dilige,
3217 2855 3277 2902 et
3309 2847 3570 2917 spiritali-

1983 2936 2084 2991 bus
2110 2944 2165 2991 te
2205 2936 2440 2991 saturari
2480 2937 2710 3008 dapibus
2739 2938 3064 3008 concupisce
3100 2957 3113 2991 :
3143 2946 3198 2994 et
3234 2938 3357 2993 illos
3385 2940 3568 3008 potius

1982 3040 2166 3095 quaere
2203 3026 2356 3081 cibos
2403 3026 2600 3096 quibus
2632 3027 2812 3082 anima
2846 3041 3010 3097 quam
3045 3042 3244 3096 corpus
3275 3028 3567 3083 reﬁciatur.

1981 3114 2174 3171 Carnis
2198 3123 2254 3170 et
2282 3116 2391 3170 vini
2424 3117 2656 3187 species,
2683 3116 2838 3187 quasi
2870 3117 3068 3174 caloris
3091 3108 3334 3173 fomenta
3366 3127 3424 3173 et
3452 3117 3574 3174 libi-

292 3204 472 3277 (Psal.
504 3206 674 3278 xuv).
711 3206 816 3262 Sed
857 3216 911 3262 et
959 3174 1013 3263 tu
1059 3210 1195 3280 ipsa,
1231 3174 1660 3287 quotiesctinque
1694 3219 1877 3274 Domi-
1906 3174 1952 3235 Ο
1983 3204 2124 3260 diuis
2154 3174 2503 3262 incitamenta
2544 3207 2683 3280 fuge.
2700 3174 3060 3264 .lracundiam
3088 3210 3273 3275 vince,
3308 3210 3571 3266 animosi-

292 3312 425 3351 nuin
467 3294 682 3351 Patrem
725 3298 997 3364 nominas,
1028 3301 1123 3355 Dei
1166 3309 1217 3357 te
1248 3281 1428 3359 wtibiam
1468 3281 1587 3362 esse
1637 3311 1875 3366 testaris.

293 3387 441 3458 Ergo
473 3387 517 3441 si
547 3387 639 3441 Dei
674 3387 780 3442 lilia
810 3404 888 3454 es,
920 3389 1039 3446 vide
1067 3407 1135 3447 ne
1164 3393 1293 3463 quid
1322 3410 1511 3450 eorum
1548 3395 1721 3455 facias
1759 3416 1881 3471 qua:

294 3476 408 3532 Deo
456 3475 603 3531 Patri
659 3478 953 3549 incongrua
1013 3490 1173 3549 sunt;
1220 3485 1312 3538 sed
1354 3501 1454 3558 age
1496 3489 1681 3544 omnia
1726 3492 1881 3560 quasi

296 3568 408 3623 lilia
457 3568 573 3623 Dei.
621 3569 896 3640 Originem
942 3579 1090 3627 tuam
1138 3575 1369 3645 respice,
1411 3594 1580 3649 genus
1647 3580 1879 3649 intuere,

293 3660 522 3732 gloriam
567 3660 868 3715 nobilitatis
910 3661 1152 3718 adverte.
1182 3664 1431 3735 Agnosce
1464 3680 1516 3724 te
1546 3684 1653 3725 non
1700 3670 1879 3726 homi-

296 3750 477 3815 nibus,
504 3752 600 3806 sed
626 3750 721 3806 Dei
751 3752 1054 3809 divinitatis
1103 3756 1387 3814 nobilitate
1434 3759 1769 3817 decoratam.
1802 3762 1881 3818 Ita

294 3853 351 3897 te
379 3843 597 3907 exhibe,
634 3853 693 3897 ut
723 3843 775 3897 in
821 3852 875 3899 te
912 3845 1150 3902 cmlestis
1181 3848 1438 3906 nativitas
1462 3862 1673 3921 pareat,
1708 3861 1767 3908 ut
1800 3855 1884 3909 in-

294 3934 545 4003 genuitas
585 3933 768 3988 divina
815 3934 1096 3991 clarescat.
1129 3936 1212 3995 Sit
1245 3940 1300 3994 in
1344 3949 1399 3996 te
1438 3958 1578 3997 nova
1618 3944 1877 4014 gravitas,

296 4024 559 4078 honestas
605 4023 970 4092 admirabilis,
1016 4029 1277 4098 stupenda
1342 4034 1692 4098 verecundia,
1743 4036 1881 4091 mira

295 4115 580 4185 patientia,
612 4115 889 4186 virginalis
916 4118 1184 4185 incessus,
1213 4129 1269 4174 et
1311 4136 1440 4176 vere
1474 4123 1746 4192 pudicitiae
1786 4125 1883 4181 ha-

295 4206 467 4270 bitus,
492 4212 547 4260 et
573 4220 754 4261 sermo
787 4222 1001 4276 semper
1029 4208 1324 4276 modestus,
1349 4219 1404 4265 et
1434 4228 1531 4267 suo
1558 4214 1611 4269 in
1639 4222 1882 4285 tempore

297 4295 685 4366 proferendus,
733 4305 795 4352 ut
832 4298 1080 4368 quisquis
1130 4308 1184 4355 te
1217 4300 1417 4355 viderit
1460 4304 1775 4371 admiretur,
1825 4314 1882 4361 et

295 4384 628 4452 dicat:Qua:
658 4387 774 4442 haec
810 4404 962 4443 nova:
1003 4388 1145 4443 inter
1174 4389 1425 4446 homines
1455 4393 1738 4463 gravitatis
1783 4409 1882 4463 pa-

1980 3305 2146 3353 tatem
2177 3300 2399 3363 cohibe,
2435 3308 2491 3354 et
2526 3300 2792 3370 quidquid
2840 3301 2972 3356 illud
3010 3310 3093 3356 est
3124 3303 3269 3370 quod
3318 3310 3441 3370 post
3486 3300 3573 3357 fa~

1979 3396 2127 3442 ctum
2174 3372 2550 3457 pmnitentiam
2593 3389 2819 3460 ingerit,
2860 3389 3007 3445 velut
3048 3391 3283 3460 proximi
3320 3391 3570 3446 criminis

1980 3479 2442 3535 abominationem
2475 3479 2705 3535 declina.
2758 3480 2904 3535 Satis
2945 3481 3291 3550 tranquillam
3321 3489 3379 3535 et
3411 3481 3565 3550 quie-

1980 3578 2092 3625 tam
2113 3570 2364 3626 convenit
2383 3585 2504 3626 esse
2525 3580 2780 3636 mentem,
2807 3579 2863 3627 et
2887 3572 2955 3626 ab
2980 3571 3127 3626 omni
3155 3572 3567 3642 perturbatione

1978 3661 2179 3718 furoris
2194 3662 2446 3728 alienam,
2469 3678 2590 3733 qua:
2612 3663 2708 3718 Dei
2731 3663 3097 3718 habitaculum
3117 3677 3240 3717 esse
3275 3662 3568 3717 desiderat.

1979 3753 2112 3809 Cum
2135 3754 2436 3810 orationem
2458 3754 2734 3810 celebrare
2760 3755 3057 3820 desideras,
3086 3754 3247 3809 talem
3271 3760 3322 3809 te
3339 3754 3558 3819 exhibe,

1980 3848 2134 3919 quasi
2159 3864 2281 3918 quae
2305 3847 2381 3903 sis
2406 3844 2528 3919 etim
2561 3847 2789 3903 Domino
2826 3847 3085 3903 locutura.
3129 3845 3262 3901 Cum
3292 3846 3563 3915 psalmum

1980 3938 2156 4005 dicis,
2199 3937 2353 4009 cujus
2404 3938 2569 3994 verba
2622 3938 2760 3994 dicis
2802 3952 3076 4009 agnosce:
3125 3945 3182 3992 et
3215 3937 3268 3990 in
3301 3951 3561 4006 compun-

1980 4029 2159 4083 ctione
2186 4028 2360 4102 magis
2399 4028 2607 4094 animi,
2641 4043 2804 4099 quam
2849 4028 2904 4082 in
2941 4027 3161 4082 tinnulas
3192 4028 3343 4082 vocis
3386 4026 3571 4084 dulce-

1980 4117 2105 4172 dine
2126 4117 2414 4172 delectare.
2442 4117 2735 4189 Lacrymas
2756 4118 2901 4174 enim
2922 4118 3201 4189 psallentis
3227 4117 3369 4172 Deus
3395 4119 3570 4189 magis

1983 4223 2149 4277 quam
2194 4208 2344 4263 vocis
2388 4208 2618 4278 gratiam
2660 4208 2998 4276 comprobat.
3054 4206 3310 4261 Omnium
3342 4221 3570 4274 operum

1980 4306 2038 4354 et
2073 4298 2457 4368 cogitationum
2504 4308 2716 4352 tuarum
2754 4296 3150 4366 speculatorem
3177 4295 3345 4352 Deum
3379 4297 3561 4362 crede,

1982 4397 2038 4444 et
2066 4403 2195 4444 cave
2226 4403 2293 4442 ne
2322 4388 2451 4457 quid
2478 4387 2622 4457 quod
2650 4386 2845 4441 divinis
2873 4387 3045 4441 oculis
3068 4386 3345 4456 indignum
3374 4385 3445 4441 sit
3477 4394 3573 4441 aut

298 4478 495 4547 tientia,
518 4479 635 4534 est?
658 4494 776 4549 qua:
802 4480 1023 4551 pudoris
1046 4481 1407 4537 verecundia?
1429 4500 1550 4553 qua:
1574 4485 1880 4541 honestatis
1907 4522 1961 4581 D
1985 4478 2228 4548 ορετθτίε
2258 4485 2353 4531 aut
2380 4477 2606 4547 θοςὶιθε·
2641 4476 2864 4532 Crescat
2882 4476 2936 4530 in
2964 4483 3017 4531 ιθ
3038 4490 3159 4531 cum
3187 4474 3342 4529 anuis
3369 4475 3567 4546 gratia.

296 4571 607 4627 modestia?
648 4588 769 4643 qua:
809 4574 1095 4627 maturitas
1141 4574 1449 4643 sapientiae?
1481 4574 1598 4632 Non
1644 4586 1731 4632 est
1778 4577 1881 4632 ista

297 4663 539 4717 humana
571 4662 856 4729 institutio,
886 4678 987 4719 nec
1015 4662 1298 4733 disciplina
1351 4664 1630 4720 mortalis:
1660 4665 1884 4721 caeleste

295 4754 433 4811 mihi
465 4754 667 4824 aliquid
708 4754 763 4809 in
795 4764 1011 4810 terreno
1044 4769 1271 4825 corpore
1313 4755 1535 4810 redolet.
1573 4755 1710 4809 Puto
1739 4757 1884 4811 enim

294 4845 446 4917 quod
478 4844 687 4899 habitat
710 4846 762 4899 in
785 4845 1107 4917 quibusdam
1137 4846 1447 4901 hominibus
1476 4845 1636 4901 Deus.
1666 4846 1733 4899 Et
1761 4861 1886 4900 cum

293 4950 351 4995 te
398 4938 602 4995 Christi
650 4939 903 4994 famulam
947 4956 1067 4995 esse
1136 4940 1471 5012 cognoverit,
1511 4939 1714 5010 majore
1768 4949 1887 4994 stu-

295 5046 433 5104 pore
487 5041 756 5098 teneatur,
801 5042 855 5088 et
900 5034 1101 5103 cogitet
1141 5034 1320 5104 qualis
1359 5035 1431 5090 sit
1473 5034 1563 5089 ille
1625 5033 1887 5089 Dominus

295 5122 459 5192 cujus
493 5123 613 5179 talis
646 5134 702 5179 et
740 5124 937 5179 ancilla
966 5133 1068 5179 est.
1114 5125 1172 5180 Si
1215 5127 1297 5181 vis
1325 5142 1448 5181 esse
1477 5142 1600 5181 cum
1644 5124 1883 5190 Christo,

296 5224 361 5289 et
386 5229 510 5269 cum
538 5213 756 5270 Christo
778 5224 985 5285 partem
1013 5216 1232 5280 habere,
1277 5215 1479 5270 Christi
1511 5216 1606 5269 tibi
1637 5214 1887 5285 exemplo

297 5300 592 5354 vivendum
635 5309 741 5365 est,
784 5300 876 5371 qui
917 5302 986 5356 ab
1016 5302 1160 5355 omni
1198 5301 1400 5356 malitia
1432 5300 1536 5355 fuit
1571 5307 1888 5356 extraneus.

302 5391 477 5446 Nemo
525 5399 576 5445 te
621 5392 1053 5457 circumveniat;
1104 5407 1263 5446 nemo
1313 5400 1363 5445 te
1415 5389 1592 5444 fallaci
1639 5404 1890 5444 sermone

300 5481 550 5537 scducat.
591 5482 707 5536 Non
757 5483 859 5538 nisi
909 5491 1156 5548 sanctos,
1199 5489 1254 5536 et
1302 5481 1606 5552 simplices,
1642 5487 1698 5535 et
1732 5479 1891 5536 inno-

302 5579 525 5636 centes,
556 5580 613 5627 ct
652 5588 817 5642 puros
860 5572 1098 5628 cmlestis
1133 5571 1254 5625 aula
1287 5571 1544 5640 suscipit,
1590 5578 1647 5623 et
1682 5569 1886 5625 nullum

303 5662 450 5731 apud
480 5660 647 5716 Deum
688 5663 851 5717 habet
891 5662 1093 5717 malitia
1130 5662 1323 5716 locum.
1370 5661 1451 5716 Ah
1472 5661 1618 5716 omni
1644 5661 1883 5731 nequitia

306 5762 366 5809 et
407 5753 531 5810 dolo
571 5756 825 5811 mundum
868 5772 987 5812 esse
1030 5772 1249 5839 necesse
1300 5762 1420 5819 est,
1464 5754 1554 5824 qui
1597 5752 1751 5823 cupis
1794 5768 1883 5808 ro-

1988 4577 2200 4624 crescat
2226 4584 2348 4624 cum
2374 4576 2536 4623 tctate
2575 4566 2808 4636 justitia.
2843 4567 3014 4624 Omne
3052 4577 3265 4637 tempus
3295 4567 3349 4621 in
3376 4583 3485 4637 quo
3515 4576 3570 4623 te

1989 4675 2095 4715 non
2121 4658 2402 4715 meliorem
2446 4658 2716 4724 senseris,
2749 4658 2854 4714 hoc
2881 4665 2934 4713 te
2961 4658 3214 4714 existima
3248 4658 3567 4727 perdidisse.

1990 4747 2236 4820 Captum
2280 4749 2608 4820 virginitatis
2661 4749 3029 4820 prepositum,
3072 4749 3142 4803 ad
3189 4748 3352 4805 linem
3396 4765 3570 4820 usque

1991 4856 2283 4906 conserva,
2332 4841 2459 4911 quia
2494 4856 2602 4896 non
2633 4840 2921 4903 inchoasse
2951 4849 3160 4896 tantum
3185 4880 3200 4906 ,
3244 4841 3340 4896 sed
3390 4839 3573 4911 perfe-

1992 4932 2131 4988 cisse
2156 4933 2371 4988 virtutis
2400 4942 2505 4988 est.
2542 4932 2673 4987 Esto
2705 4947 2836 5004 ergo
2858 4932 3109 4988 omnibus
3133 4930 3349 4987 vivendi
3372 4930 3569 4997 forma,

1988 5033 2106 5080 esto
2150 5024 2475 5094 exemplum.
2521 5023 2801 5096 Virginem
2846 5032 2899 5079 te
2947 5024 3003 5078 in
3050 5025 3302 5079 omnibus
3348 5023 3566 5079 exhibe.

1990 5112 2073 5167 Sit
2105 5120 2161 5168 et
2201 5111 2525 5168 inviolabilis
2573 5113 2916 5169 conversatio
2961 5130 2976 5167 :
3022 5122 3081 5167 ut
3125 5113 3372 5183 quisquis
3402 5113 3568 5167 vitam

1989 5210 2135 5257 tuam
2165 5202 2352 5258 audire
2394 5202 2585 5258 saltem
2627 5202 2933 5272 contigerit,
2984 5203 3038 5258 in
3091 5211 3297 5258 tantum
3338 5202 3440 5257 sibi
3487 5202 3570 5256 in-

1990 5296 2194 5365 telligat
2222 5295 2450 5365 gratiam
2478 5308 2543 5349 ex
2572 5303 2665 5348 tua
2693 5293 3107 5350 conversatione
3141 5292 3475 5355 transfundi,
3509 5299 3571 5345 ut

1990 5387 2118 5441 dum
2142 5394 2194 5441 te
2222 5386 2422 5440 imitari
2450 5385 2784 5441 concupiscit
2836 5385 2930 5440 Dei
2962 5384 3232 5441 sacrificio
3260 5390 3317 5436 et
3348 5394 3463 5452 ipse
3496 5381 3570 5437 sit

1991 5477 2202 5548 dignus.

2060 5566 2199 5621 Ecce
2228 5566 2424 5637 quibus
2453 5565 2824 5621 saluberrimis
2854 5562 3193 5620 documentis
3235 5557 3565 5616 sanctissimi

1986 5666 2043 5712 et
2087 5658 2437 5713 eruditissimi
2483 5656 2583 5711 viri
2635 5658 2746 5711 Deo
2808 5655 3014 5711 dicatas
3073 5653 3141 5707 ad
3192 5650 3569 5709 castimoniale

1985 5749 2316 5820 propositum
2347 5748 2669 5804 servandum
2713 5746 3021 5801 instituunt.
3063 5743 3202 5799 Ecce
3242 5744 3440 5815 quibus
3473 5743 3558 5798 iu-
