3890 6180
1439 295 1836 356 AMALARIUS
1874 294 2034 352 PRES

2134 293 2284 348 'TEB
2323 293 2682 351 METENSIS.
3168 334 3184 340 —
3510 306 3586 360 960

444 422 676 493 signium
719 420 973 474 virtutum
1014 414 1342 471 indumentis
1390 428 1484 469 eas
1520 421 1816 477 exornant,
1854 418 1913 465 ut
1949 410 2013 466 il-
2039 409 2090 471 Α
2116 407 2379 463 tissimam
2407 423 2596 463 curam
2631 416 2852 478 gerant,
2892 425 2959 464 ne
2995 411 3095 465 illis
3131 413 3414 472 absentibus
3447 425 3597 489 praeda:

447 515 551 572 lius
597 512 808 582 sponsi,
838 500 946 564 icui
985 522 1047 562 se
1093 508 1426 569 dicaverunt.
1473 503 1809 575 amplexibus
1848 504 2021 573 dignae

450 608 601 662 ﬂant.
643 601 797 660 Unde
842 600 1072 656 solerter
1124 594 1625 653 sanctimonialibus
1686 593 2019 664 vigilandum

448 704 561 759 est,
615 700 675 746 ut
724 697 993 744 tantorum
1038 685 1254 739 Patrem
1296 683 1610 738 obedienter
1651 681 2022 752 obtemperent

450 782 666 839 monitis
711 796 725 834 :
784 793 851 833 ne
899 776 1107 831 scilicet
1159 775 1244 829 his
1292 773 1637 838 resultando,
1687 787 1811 827 cum
1859 771 2022 826 fatuis

447 872 744 945 virginibus
787 868 1183 939 reprobentur,
1230 865 1323 920 sed
1381 863 1561 932 potius
1606 861 1844 931 parendo
1897 875 2020 915 cum

448 960 801 1031 prudentibus
866 955 1065 1011 Christi
1141 953 1377 1008 thalamo
1442 951 1815 1005 admittuntur.
1892 949 2023 1003 Dili-

446 1061 638 1125 genter
679 1053 861 1121 itaque
909 1047 1222 1104 eorumdem
1276 1054 1588 1101 sanctorum
1630 1043 1853 1097 Patrum
1894 1056 2020 1096 sen-

450 1144 632 1199 tentiis
674 1142 968 1214 prmlibatis
994 1180 1010 1205 ,
1056 1140 1274 1211 dignum
1313 1145 1368 1191 et
1412 1136 1775 1191 necessarium
1819 1134 2024 1205 judica-

450 1236 645 1299 vitnus,
671 1248 769 1303 per
790 1230 998 1301 singula
1032 1230 1209 1299 capita
1243 1227 1577 1297 distinguere
1605 1226 1733 1294 quid
1764 1225 2018 1294 praelatis,

448 1324 644 1392 quidve
678 1322 908 1376 subditis
944 1320 1338 1376 observandum
1386 1318 1475 1372 sit.
1513 1316 1579 1370 Et
1615 1316 1866 1385 quoniam
1900 1316 2024 1370 sub-

449 1414 684 1467 ditatum
725 1411 834 1464 vita
873 1410 1210 1465 nrmlatarum
1246 1417 1328 1462 est
1361 1407 1622 1477 exemplis
1658 1405 2021 1471 informanda,

451 1503 685 1571 primum
714 1501 903 1570 quales
933 1500 1163 1554 debeant
1184 1498 1470 1552 abbatissa:
1494 1497 1772 1562 constitui,
1796 1495 2026 1565 qualiter

451 1595 531 1647 cis
550 1592 858 1655 vivendum,
888 1591 1117 1661 qualiter
1144 1589 1386 1644 subditas
1420 1588 1846 1659 gubernandum,
1893 1601 2026 1655 qua-

453 1687 644 1741 literve
670 1686 723 1739 in
759 1683 1101 1739 monasteriis
1132 1681 1473 1736 residendum
1496 1720 1510 1744 ,
1544 1687 1601 1734 et
1629 1680 1890 1733 instanter
1923 1678 2026 1731 Do-

2116 494 2248 551 ﬁant
2285 496 2515 551 subditae
2556 498 2839 553 invisibilis
2865 499 2991 569 lupi.
3032 499 3220 568 Quales
3240 504 3385 560 etiam
3411 523 3510 565 esse
3530 514 3601 568 de.

2116 585 2280 639 beant
2307 585 2578 642 ductrices
2599 587 2927 654 animarum,
2960 599 3170 647 sanctus
3193 592 3433 653 Caesarius
3456 600 3500 654 in
3520 605 3604 672 epi-

2118 675 2254 732 stola
2291 691 2453 747 quam
2492 677 2557 731 ad
2589 678 2893 733 Oratoriam
2934 680 3251 737 abbatissam
3291 686 3493 756 scripsit,
3520 692 3605 760 ple-

2117 765 2339 819 nissime
2363 766 2560 821 docet:
2594 782 2661 820 ex
2696 782 2802 836 qua
2843 770 3086 839 quaedam
3128 772 3341 842 capitula
3362 776 3421 829 ob
3456 776 3608 835 instru-

2118 858 2352 912 ctionem
2401 858 2795 912 abbatissarum
2839 874 3157 930 excerpere,
3198 870 3250 917 et
3281 865 3393 919 huic
3424 868 3608 936 capitulo

2120 956 2407 1000 anneCIere
2431 947 2763 1002 curavimus.
2792 945 2935 1002 Dicit
2955 949 3094 1004 enim
3120 950 3194 1003 ita
3218 969 3229 1002 :
3261 952 3385 1007 Audi
3404 969 3511 1026 ergo
3529 974 3607 1024 me,

2120 1035 2429 1091 dulcissima
2466 1051 2641 1101 soror,
2676 1046 2733 1091 et
2763 1038 2893 1092 lilia.
2941 1038 3018 1092 Tu
3046 1048 3478 1113 quantumcunque
3505 1062 3611 1101 seiu-

2120 1144 2217 1199 per
2257 1129 2312 1183 in
2358 1131 2549 1186 studiis
2593 1120 2927 1200 spiritalibus
2950 1135 3198 1203 occupari
3228 1134 3495 1201 desideras,
3520 1154 3612 1208 pro-

2122 1228 2242 1288 pter
2278 1234 2491 1274 sorores
2537 1229 2716 1275 tamen
2758 1222 3048 1292 aliquando
3088 1223 3248 1277 etiam
3277 1225 3504 1279 exteriora
3543 1227 3614 1281 tibi

2122 1317 2281 1363 erunt
2312 1311 2525 1379 negotia
2554 1310 2876 1366 dirimenda.
2917 1311 3220 1368 Curandum
3258 1330 3373 1386 ergo
3402 1316 3482 1371 tibi
3506 1333 3612 1371 sum-

2124 1416 2344 1469 mopere
2399 1410 2483 1456 est
2530 1414 2592 1456 ut
2644 1402 2691 1457 si
2743 1405 3060 1473 temporalia
3106 1406 3255 1475 quasi
3298 1421 3387 1477 pro
3430 1415 3615 1475 tempore

2125 1507 2286 1561 agas;
2320 1500 2377 1546 at
2402 1508 2618 1563 semper
2662 1494 2906 1550 tenacius
2951 1495 3006 1549 in
3054 1496 3274 1566 spiritali
3317 1497 3551 1551 devotione
3579 1503 3618 1551 et

2125 1597 2310 1638 amore
2335 1582 2623 1650 inhaerens,
2654 1593 2713 1639 ut
2738 1601 2860 1640 cum
2888 1588 3199 1655 temporalia
3229 1589 3373 1643 citius
3398 1590 3617 1658 dispensa-

2126 1674 2290 1740 veris,
2330 1674 2397 1729 ad
2441 1676 2744 1731 orationem
2791 1677 2934 1732 illico
2972 1678 3059 1734 vel
3099 1678 3386 1743 lectionem,
3413 1680 3540 1750 quasi
3570 1679 3619 1733 ad

454 1776 601 1831 mino
624 1782 734 1830 tota
763 1774 961 1829 mentis
987 1780 1042 1828 et
1070 1772 1315 1841 corporis
1347 1771 1627 1826 devotione
1653 1769 2024 1833 serviendum;
2055 1753 2102 1813 Β
2130 1766 2320 1819 matris
2368 1766 2567 1831 sinum,
2620 1782 2895 1823 recurras.
2942 1767 3142 1840 Optare
3181 1770 3362 1840 quippe
3398 1771 3531 1824 debes
3562 1778 3619 1833 ut,

453 1868 576 1922 dein
630 1867 758 1937 quid
799 1866 1058 1936 subjectis
1106 1864 1415 1936 specialiter
1468 1863 1865 1919 observandum
1918 1861 2025 1927 sit,

454 1958 759 2028 ponendum
788 1957 1123 2012 censuimus.

1052 2087 1281 2144 CAPUT
1318 2085 1428 2143 Vll.

526 2199 685 2255 Tales
731 2199 1018 2255 abbatissa:
1074 2200 1434 2271 regendarum
1488 2199 1790 2254 animarum
1843 2211 2028 2252 curam

457 2290 731 2359 suscipere
763 2291 982 2356 debent,
1030 2307 1149 2361 qua:
1184 2292 1414 2346 subditis
1450 2290 1630 2346 verbis
1677 2297 1733 2345 et
1771 2288 2032 2359 exemplis

457 2382 711 2435 ducatum
756 2382 1032 2451 praebeant
1086 2389 1285 2436 sanctae
1346 2380 1621 2452 religionis
1673 2399 1686 2435 ς
1757 2396 1877 2449 quae
1922 2395 2031 2434 non

457 2470 691 2538 propriis
735 2470 1102 2526 voluntatibus
1133 2471 1460 2536 deserviant,
1500 2471 1591 2525 sed
1636 2470 1807 2541 magis
1849 2468 2033 2524 subdi-

458 2565 634 2613 tarum
663 2559 1072 2615 solertissimam
1109 2577 1293 2617 curam
1320 2574 1514 2632 gerant
1541 2581 1555 2615 :
1603 2577 1724 2631 quae
1753 2577 1812 2616 se
1840 2562 2030 2628 etiam,

462 2647 709 2718 illasque,
745 2657 804 2703 ut
844 2658 969 2719 pote
1010 2665 1139 2706 vasa
1178 2661 1365 2707 sancta
1391 2693 1405 2719 ,
1445 2653 1501 2707 in
1538 2652 1733 2721 quibus
1761 2653 2034 2707 instanter

458 2741 736 2794 incensum
783 2741 1046 2797 orationis
1099 2743 1207 2798 Deo
1263 2743 1420 2815 digne
1469 2742 1654 2799 oll‘erri
1704 2744 1912 2814 possit,
1965 2744 2034 2799 ab

459 2829 605 2883 omni
657 2828 778 2884 labe
821 2830 1072 2886 vitiorum
1119 2834 1392 2890 custodire
1432 2834 1618 2888 norint
1659 2852 1673 2888 :
1721 2841 1778 2889 et
1824 2834 1900 2888 ita
1941 2848 2035 2890 eas

459 2933 643 2973 secum
678 2922 731 2973 in
775 2929 964 2976 sancto
1005 2924 1280 2991 proposito
1323 2924 1612 2994 pervigiles
1658 2924 1928 2987 reddant,
1977 2932 2036 2977 ut

462 3020 566 3059 una
605 3006 673 3060 ad
705 3007 871 3061 vitam
903 3009 1181 3065 tendentes
1214 3020 1499 3075 aeternam,
1534 3012 1794 3067 societate
1849 3027 2035 3082 super-

460 3111 653 3151 norum
698 3099 894 3154 civium
934 3113 1246 3156 mereantur
1287 3102 1511 3173 perfrui.
1565 3105 1680 3171 Qua
1724 3105 1888 3176 igitur
1935 3121 2033 3159 au-
2062 3092 2106 3155 C

459 3189 712 3245 ctoritate
737 3232 752 3257 ,
783 3200 878 3247 aut
905 3193 1100 3263 quibus
1142 3206 1451 3251 sanctorum
1483 3197 1702 3252 Patrum
1743 3198 2037 3253 documen-

458 3281 569 3348 tis,
624 3283 728 3339 sibi
771 3285 1072 3340 attribuunt
1121 3286 1397 3343 licentiam
1448 3289 1593 3345 foras
1638 3291 1898 3362 vagandi,
1945 3299 2040 3346 aut

460 3387 558 3442 per
592 3372 746 3428 villas
786 3375 1057 3431 resideudi
1082 3419 1096 3443 ,
1137 3386 1231 3432 aut
1279 3379 1483 3435 sericas
1520 3389 1698 3437 vestes
1742 3382 2034 3450 induendi,

461 3470 554 3516 aut
598 3464 808 3535 pompis
836 3466 989 3521 vanis
1036 3468 1397 3525 inserviendi?
1435 3470 1541 3527 Sed
1582 3473 1707 3542 quia
1747 3475 1850 3529 hoc
1892 3475 2038 3529 nulla

461 3554 783 3609 auctoritate
829 3557 931 3611 sibi
976 3556 1183 3613 licitum
1222 3559 1398 3617 facere
1436 3572 1694 3631 possunt,
1739 3567 2038 3636 praesertim

460 3657 582 3696 cum
616 3657 646 3696 a
674 3644 874 3701 sanctis
916 3646 1167 3704 Patribus
1207 3650 1262 3704 in
1299 3653 1669 3722 superioribus
1702 3656 1951 3725 capitulis
1988 3658 2041 3713 id

463 3735 676 3802 penitus
713 3738 1212 3797 sanctimonialibus
1258 3742 1466 3813 legatur
1509 3746 1830 3813 inhibitum,
1872 3757 2043 3803 restat

465 3831 524 3878 ut
579 3826 775 3881 abhinc
830 3818 1196 3899 hujuscemodi
1236 3849 1365 3890 usus
1408 3837 1476 3891 ah
1517 3835 1602 3893 his
1652 3841 1829 3895 modis
1864 3842 2041 3896 omni-

465 3918 598 3980 bus,
647 3931 905 3987 quantum
951 3921 1210 3979 Dominus
1257 3943 1416 3996 posse
1463 3931 1709 3997 dederit,
1767 3943 2039 3989 caveatur.

466 4002 602 4068 Quia
645 4006 891 4072 quamvis
931 4006 987 4060 in
1037 4009 1279 4065 saeculari
1316 4012 1577 4084 dignitate
1627 4018 1816 4087 posita:
1859 4019 2044 4073 multi-

466 4093 618 4161 genis
666 4094 873 4151 deliciis
913 4098 1231 4168 voluptuose
1282 4102 1651 4171 hujuscemodi
1694 4109 1907 4164 ‘soleant
1942 4112 2043 4176 uti,

467 4186 522 4240 in
577 4190 922 4246 monasteriis
972 4199 1184 4260 tamen,
1232 4196 1286 4251 in
1327 4199 1521 4267 quibus
1569 4200 1773 4257 Christi
1832 4218 2044 4272 sponsae

468 4279 769 4347 sumptibus
799 4280 1090 4338 Dominicis
1115 4289 1475 4342 communiter
1501 4300 1628 4345 sunt
1660 4292 2041 4362 gubernandte,

468 4384 689 4438 prorsus
711 4379 795 4426 est
817 4375 919 4430 hoc
939 4390 1167 4431 censura
1188 4380 1454 4448 aequitatis
1482 4383 1848 4439 inhibendum.
1876 4384 2046 4442 Nosse

470 4461 667 4515 etenim
710 4477 802 4518 eas
845 4474 1086 4534 oportet,
1136 4469 1261 4539 quia
1304 4486 1410 4525 non
1457 4472 1578 4528 ideo
1618 4475 1852 4544 praelatae
1894 4486 2038 4543 sunt,

471 4557 532 4603 ut
579 4565 636 4606 se
681 4553 1017 4611 solummodo
1042 4598 1055 4622 ,
1111 4559 1206 4613 sed
1250 4562 1430 4630 potius
1466 4571 1526 4617 ut
1560 4579 1653 4628 se,
1694 4566 2042 4636 subditasque

472 4650 735 4709 pascant,
776 4646 1066 4701 carnaliter
1106 4650 1385 4716 videlicet,
1439 4663 1494 4708 et
1542 4655 1899 4725 Spiritaliter:
1942 4675 2042 4717 nec
2116 4665 2124 4672 '

473 4737 533 4784 ut
559 4734 779 4800 praesint
815 4743 1025 4791 tantum
1050 4778 1065 4803 ,
1099 4740 1193 4794 sed
1235 4752 1294 4795 ut
1321 4745 1558 4813 prosint,
1600 4761 1629 4799 a
1661 4745 1887 4803 Domino
1917 4760 2042 4805 sunt

474 4818 595 4873 aliis
623 4822 874 4890 praelatae.
918 4825 1056 4895 Ergo
1096 4844 1321 4885 necesse
1357 4840 1442 4885 est
1479 4841 1538 4886 ut
1571 4849 1630 4888 se
1672 4835 1882 4904 sibique
1918 4841 2044 4894 sub-

474 4911 614 4965 ditas
663 4913 716 4966 in
764 4917 1038 4985 proposito
1082 4931 1282 4976 sanctae
1329 4923 1604 4993 religionis
1644 4925 1873 4983 solerter
1922 4945 2050 4985 con-

475 5001 763 5072 stringant.
800 5004 869 5059 Et
913 5007 1054 5061 sicut
1100 5010 1233 5066 alias
1277 5013 1587 5080 przecedunt
1627 5016 1898 5083 prioratus
1949 5019 2048 5074 ho-

476 5106 628 5179 nore,
660 5097 967 5165 praecedant
991 5103 1151 5158 etiam
1185 5106 1286 5175 pia:
1315 5112 1738 5168 conversationis
1767 5116 2043 5186 exemplo;

450 5190 532 5239 ‘et
587 5200 709 5277 quas
758 5186 878 5242 aliis
923 5188 1100 5248 facere
1144 5195 1462 5264 prohibent,
1514 5200 1816 5260 nullatenus
1856 5220 2048 5277 perpe-

478 5280 637 5328 trent.
683 5275 844 5331 Recte
870 5278 1035 5347 enim,
1070 5290 1143 5337 utr
1159 5283 1319 5340 habet
1346 5288 1532 5345 beatus
1562 5290 1875 5365 Gregorius,
1906 5275 2043 5352 alio-

478 5379 595 5420 rum
617 5378 797 5423 errata
821 5372 1062 5442 corrigit,
1089 5377 1181 5445 qui
1208 5392 1270 5433 ea
1297 5395 1416 5449 quae
1453 5386 1799 5454 reprehendit
1822 5389 2044 5446 minime

479 5456 607 5527 agit.
651 5457 758 5515 Sed
804 5462 929 5530 quia
979 5467 1211 5533 pastoris
1246 5469 1487 5526 absentia
1526 5475 1707 5529 ovium
1746 5477 1877 5532 soch
1923 5479 2040 5535 ﬁeri

478 5546 679 5613 prada,
702 5565 920 5607 necesse
948 5563 1032 5609 est
1057 5558 1118 5611 ut
1151 5558 1433 5615 abbatissae
1460 5562 1515 5616 in
1540 5568 1882 5621 monasteriis
1910 5584 2042 5624 con-

480 5634 673 5691 sistant
714 5645 960 5712 assiduc,
1001 5656 1053 5702 et
1092 5649 1272 5703 ovium
1315 5651 1417 5705 sibi
1460 5652 1794 5709 subditarum
1825 5657 2044 5729 vigilan-

2131 1853 2342 1922 abjecta
2366 1855 2725 1911 sollicitudine
2763 1858 2972 1923 mundi,
3014 1874 3223 1928 semper
3255 1860 3437 1931 cogites
3458 1859 3511 1913 de
3539 1876 3623 1914 ser-

2129 1946 2264 2001 vitio
2290 1945 2514 2012 Christi,
2540 1946 2761 2017 prbpter
2786 1948 2915 2004 illud
2936 1950 3080 2018 quod
3108 1951 3296 2006 dicitur
3323 1968 3334 2003 :
3364 1950 3502 2004 Nemo
3522 1950 3624 2002 mili-

2129 2045 2248 2089 tans
2270 2034 2377 2089 Deo
2393 2035 2627 2100 implicat
2648 2053 2702 2090 se
2718 2039 2934 2107 negotiis
2966 2039 3302 2094 swrularibus
3326 2039 3403 2112 (II
3425 2038 3534 2095 Tim.
3563 2039 3621 2109 II).

2128 2131 2187 2179 et
2225 2131 2440 2179 caetera.
2485 2124 2542 2179 ln
2583 2126 2863 2192 omnibus,
2906 2125 3063 2197 juxta
3100 2129 3393 2199 Apostolum
3430 2127 3533 2199 (Tit.
3557 2128 3622 2197 ιι),

2130 2216 2470 2284 temetipsam
2502 2216 2683 2284 prmbe
2707 2218 3016 2287 exemplum
3046 2220 3303 2274 bonorum
3324 2234 3540 2289 operum,
3567 2218 3624 2270 vi-

2132 2314 2295 2376 taque
2338 2315 2430 2362 tua
2475 2310 2622 2362 velut
2654 2317 2947 2377 pennatnm
2995 2311 3194 2366 animal
3232 2312 3293 2365 ad
3334 2312 3429 2365 alta
3468 2324 3626 2378 semper

2132 2413 2230 2467 per
2258 2398 2584 2454 desiderium
2627 2400 2823 2466 evolet,
2866 2415 2965 2470 per
2993 2403 3215 2457 verbum
3260 2408 3467 2463 resonet,
3498 2399 3626 2452 luceat

2134 2504 2231 2558 per
2260 2489 2586 2558 exemplum.
2620 2488 2754 2545 Cum
2777 2506 2904 2545 vero
2933 2491 3002 2545 ad
3030 2491 3432 2547 annuntiandum
3458 2490 3626 2545 verbum

2133 2578 2230 2633 Dei
2270 2586 2324 2633 te
2357 2579 2637 2636 sororibus
2666 2578 3040 2644 all‘ectaveris,
3078 2583 3226 2653 prius
3260 2590 3401 2635 cauta
3438 2578 3625 2634 conside-

2133 2670 2344 2725 ratione
2369 2685 2537 2740 pensa
2559 2712 2573 2737 ,
2612 2679 2671 2725 ut
2699 2672 2839 2741 quod
2865 2688 2960 2728 ore
3000 2673 3202 2743 promis
3221 2714 3235 2737 ,
3268 2671 3410 2729 factis
3440 2668 3627 2739 impleas.

2133 2769 2192 2815 et
2238 2763 2383 2831 quod
2426 2762 2546 2817 aliis
2590 2764 2854 2833 praedicas
2882 2805 2897 2829 ,
2946 2766 3207 2835 operibus
3249 2765 3479 2836 prmbeas.
3520 2759 3631 2813 Prior

2135 2851 2190 2904 in
2220 2852 2451 2907 ecclesia
2498 2853 2796 2909 inveniaris
2820 2895 2833 2918 ,
2872 2854 3151 2924 postrema
3195 2870 3361 2911 exeas.
3391 2853 3481 2908 l‘ar
3508 2850 3566 2907 sis
3590 2848 3630 2904 in

2134 2944 2412 2997 communi
2461 2944 2582 2999 cibo
2631 2959 2754 2999 cum
2802 2946 3001 3015 quibus
3050 2949 3164 3016 pari
3217 2946 3375 3002 uteris
3412 2945 3457 2998 in
3495 2954 3629 2996 mensa

2135 3051 2415 3091 consessu.
2470 3037 2863 3094 Abstinentiam
2891 3081 2909 3105 ,
2968 3058 3135 3113 quam
3184 3040 3354 3113 lingua
3404 3037 3632 3110 praedicat.

2138 3131 2398 3200 proximae
2453 3130 2667 3199 fauces,
2725 3132 2809 3188 vel
2860 3134 3078 3191 vicinus
3130 3136 3419 3191 stomachus
3455 3129 3630 3191 sentiat,

2138 3237 2207 3276 ne
2234 3222 2460 3279 forsitan
2509 3226 2736 3282 subdita:
2775 3227 3064 3283 audientes
3100 3229 3274 3284 tacitis
3304 3220 3635 3297 cogitationibus

2138 3311 2324 3367 dicant
2347 3331 2359 3366 :
2381 3312 2424 3368 0
2444 3329 2604 3383 quam
2633 3314 2857 3385 pulchre
2878 3316 3042 3371 nobis
3061 3314 3422 3372 abstinentiam
3444 3307 3637 3380 praedicat

2137 3402 2329 3473 plenus
2355 3406 2572 3459 venter!
2612 3404 2680 3459 Et
2699 3405 2753 3459 in
2776 3404 2862 3460 his
2882 3407 3140 3461 omnibus
3163 3404 3452 3471 caeterisque
3469 3400 3549 3454 hoc
3564 3392 3633 3447 tibi

2138 3496 2358 3550 noveris
2383 3497 2694 3558 convenire,
2721 3504 2782 3551 ut
2806 3499 3024 3568 angusti
3060 3498 3213 3553 callis
3243 3496 3436 3556 itinera,
3456 3505 3531 3563 per
3551 3498 3634 3555 φη

2140 3585 2318 3640 socias
2348 3587 2606 3642 admones
2654 3587 3015 3654 gradientium
3041 3628 3056 3653 ,
3106 3588 3253 3658 prior
3281 3587 3388 3657 ipsa
3418 3576 3632 3653 gradiaris-

2142 3674 2261 3729 Non
2285 3676 2359 3730 sis
2379 3676 2621 3731 vestibus
2649 3676 2894 3731 ornatior
2917 3678 3157 3744 caeteris,
3181 3677 3271 3732 sed
3302 3673 3538 3730 moribus:
3562 3680 3634 3719 non

2144 3781 2264 3836 qua:
2300 3766 2395 3819 tibi
2438 3764 2589 3819 vultu
2628 3767 2935 3837 intuituque
2961 3767 3258 3838 placuerit,
3293 3780 3389 3819 non
3421 3773 3548 3831 quam
3569 3752 3634 3808 tibi

2144 3854 2213 3908 ad
2241 3854 2454 3909 oculum
2483 3857 2830 3924 cognoveris,
2868 3856 2952 3911 vel
2986 3858 3144 3928 cujus
3179 3853 3423 3912 blandiori
3447 3843 3637 3915 obsequio

2144 3948 2313 4004 fueris
2341 3950 2562 4004 delinita
2581 3991 2595 4015 ,
2625 3950 2718 4005 sed
2742 3966 2903 4022 quam
2930 3966 3091 4006 amor
3122 3950 3315 4006 Christi
3341 3955 3390 4001 et
3412 3937 3639 4012 religiosior

2147 4041 2603 4096 demonstraverit
2623 4042 2733 4096 vita
2765 4057 3076 4112 praeponas.
3113 4040 3331 4112 Oportet
3350 4036 3477 4093 enim
3494 4041 3534 4086 te
3554 4043 3639 4098 pro-

2143 4136 2266 4200 pter
2290 4131 2551 4201 quasda‘m
2586 4130 2818 4186 cultrum
2860 4146 3249 4202 nonnunquam
3285 4127 3462 4184 habere
3486 4123 3529 4176 in
3556 4124 3640 4188 gul-

2145 4227 2287 4285 ture,
2337 4222 2637 4275 cauterium
2680 4222 2734 4276 in
2785 4222 2971 4294 lingua
3005 4232 3240 4294 gestare,
3284 4220 3466 4290 virgam
3501 4210 3571 4266 tibi
3603 4213 3643 4259 et

2144 4309 2395 4365 baculum
2443 4311 2496 4365 in
2536 4326 2698 4366 manu
2742 4311 2886 4367 ferre
2931 4332 2944 4367 :
2985 4322 3047 4368 ut
3091 4329 3192 4384 per
3230 4311 3439 4380 cultrum
3478 4304 3640 4358 6858085

2070 4435 2122 4496 Β
2147 4400 2276 4454 vitia
2297 4441 2311 4465 ,
2343 4416 2439 4471 per
2464 4401 2763 4457 cauterium
2802 4419 2929 4458 vero
2964 4404 3037 4459 ad
3072 4404 3356 4459 sanitatem
3383 4404 3506 4496 secta
3528 4390 3643 4496 1'de

2150 4507 2243 4547 cas
2268 4533 2283 4558 ,
2331 4508 2428 4562 per
2454 4493 2620 4563 virga:
2660 4494 2997 4565 disciplinam
3032 4497 3298 4569 corrigas,
3332 4507 3421 4562 per
3453 4483 3641 4543 baculum

2148 4597 2278 4637 vero
2309 4582 2705 4654 disciplinatam
2744 4594 3036 4641 sustentes.
3086 4585 3145 4641 Si
3191 4583 3394 4656 quando
3418 4591 3529 4634 vero
3556 4586 3643 4627 wm

2148 4672 2496 4729 saecularibus
2523 4674 2589 4729 ad
2623 4675 3035 4747 colloquendum
3085 4676 3250 4731 fueris
3285 4680 3507 4730 evocata.
3535 4663 3643 4736 l’rius

2149 4777 2299 4817 arma
2323 4762 2555 4819 frontem
2598 4776 2801 4835 tropaeo
2831 4768 3039 4830 crucis,
3078 4765 3274 4822 vexillo
3301 4758 3480 4819 Christi

2149 4856 2442 4928 ingemina,
2470 4866 2529 4911 ut
2564 4874 2685 4912 cum
2718 4875 2812 4913 sua
2848 4859 3167 4928 virguncula
3202 4855 3432 4913 Christus
3458 4844 3644 4904 comilari

2149 4946 2417 5016 dignetur.
2468 4948 2845 5005 Confabulatio
2888 4965 3016 5005 vero
3060 4959 3150 5005 tua
3187 4960 3387 5016 semper
3424 4942 3487 4996 sit
3521 4934 3644 4990 mixta

2147 5037 2410 5106 gravitate
2439 5046 2599 5107 atque
2624 5038 2926 5104 dulcedine,
2955 5047 3010 5094 et
3046 5047 3256 5093 tantum
3283 5029 3498 5102 loquaris
3516 5034 3644 5107 quin:

2148 5104 2257 5179 tum
2307 5104 2681 5200 opportunitas
2728 5128 3053 5200 ﬂagitaverit
3098 5129 3178 5185 rei
3220 5142 3284 5182 ac
3322 5116 3560 5191 temporis.
3604 5104 3644 5161 Si

2146 5214 2274 5283 finid
2306 5196 2442 5271 Ivero
2477 5218 2543 5272 ab
2587 5219 2666 5273 eis
2702 5196 2929 5290 petitum
2973 5219 3142 5275 fuerit
3174 5216 3311 5288 quod
3339 5217 3559 5284 praestare
3584 5200 3648 5253 ἀι·

2147 5302 2367 5369 liberas,
2401 5320 2521 5360 cum
2562 5307 2710 5362 vultu
2738 5308 2897 5363 hilari
2928 5316 3144 5377 praesta.
3182 5306 3240 5362 Si
3272 5305 3393 5375 quid
3416 5313 3527 5357 vero
3546 5301 3629 5366 91⁵³

2149 5400 2293 5447 stare
2335 5408 2440 5447 non
2477 5395 2761 5461 convenit,
2795 5397 3108 5466 petitionem
3148 5397 3353 5451 illorum
3389 5391 3551 5448 saltem
3580 5383 3646 5433 δο-

2150 5489 2359 5536 nestate
2397 5484 2663 5539 sermonis
2690 5485 2956 5541 mollillca.
3001 5484 3208 5541 Nomen
3236 5493 3376 5539 tuum
3407 5480 3557 5551 plures
3577 5479 3644 5521 ηο·

2147 5571 2358 5636 verint,
2406 5571 2665 5628 beneﬁcia
2712 5583 2802 5629 tua
2851 5575 2903 5631 in
2939 5583 3202 5643 quantum
3240 5571 3476 5643 pnevalt’s
3509 5560 3644 5632 Ph"?s

2148 5662 2398 5727 sentiant,
2427 5663 2632 5718 vultum
2664 5667 2769 5720 rari
2808 5675 3152 5738 cognoscant.
3195 5664 3247 5719 Si
3283 5661 3476 5733 quando
3507 5658 3642 5705 autem
