3890 6180
302 369 402 427 tibi
420 368 527 439 pro
551 361 873 418 necessitate
904 350 1216 411 monasterii
1247 361 1493 404 seorsum
1525 340 1689 397 fuerit
1718 336 1820 393 coll

308 461 600 536 quendum,
627 470 749 512 cum
781 451 1007 513 duabus,
1035 446 1118 501 vel
1151 452 1296 499 certe
1327 453 1449 496 cum
1488 436 1661 491 tribus
1700 428 1887 487 electis

305 553 585 612 sororibus
605 547 787 602 facito.
806 530 945 610 Quia
972 537 1153 609 opinio
1179 537 1334 590 bona:
1359 531 1535 594 famae,
1560 527 1700 595 sicut
1722 522 1887 577 etiam

304 646 562 719 perfecta:
587 640 711 694 vitae
736 633 1001 697 custodia,
1035 629 1130 684 tibi
1162 621 1468 681 necessaria
1494 626 1579 673 est
1620 634 1633 671 :
1671 624 1727 669 et
1762 624 1891 667 tunc

308 740 547 812 primum
569 728 912 803 despicienda
937 726 1172 779 humana
1205 715 1466 774 detractio
1491 727 1613 768 cum
1644 707 1891 764 Christus

310 835 366 889 in
405 844 568 887 causa
612 833 713 879 est.
752 819 940 876 Omnis
982 827 1194 885 quoque
1238 808 1378 865 actio
1416 806 1520 859 ‘tua
1561 814 1774 869 semper
1822 797 1892 850 sit

310 928 534 994 prepter
569 916 773 975 Deum,
821 922 1034 977 semper
1061 905 1127 958 de
1171 904 1280 956 Deo
1308 894 1559 968 cogitatio
1602 891 1656 945 in
1699 889 1887 942 Deum.

314 1012 382 1067 Et
427 1007 667 1076 exceptis
703 1001 882 1065 vitiis,
923 997 1119 1068 quibus
1156 1009 1262 1046 non
1293 985 1629 1057 compassio,
1669 982 1761 1037 sed
1809 995 1893 1033 rc-

314 1099 524 1157 ctitndo
559 1095 822 1156 debetur,
863 1088 1115 1145 omnibus
1163 1094 1215 1138 te
1260 1079 1417 1149 cupio
1446 1090 1565 1132 esse
1606 1070 1895 1141 compassi—

315 1193 505 1255 bilem,
527 1187 775 1242 omnibus
795 1192 1026 1254 gratam,
1047 1173 1296 1230 omnibus
1325 1180 1376 1224 te
1396 1165 1706 1239 praefectam
1729 1163 1894 1232 piam.

321 1284 397 1340 Ut
438 1279 690 1336 videlicet
733 1273 885 1344 juxta
933 1267 1159 1324 Paulum
1192 1261 1241 1335 (1
1272 1259 1394 1316 Cor.
1434 1255 1530 1329 vn)
1579 1255 1654 1310 sis
1687 1260 1895 1316 sancta,

322 1387 551 1443 corpore
578 1378 633 1424 et
661 1365 874 1436 spiritu,
903 1361 1021 1431 ipso
1043 1369 1262 1426 sponso,
1291 1360 1346 1405 et
1374 1347 1602 1402 Domino
1626 1353 1718 1399 tuo
1743 1356 1899 1396 men-

326 1474 433 1519 tem
463 1471 610 1517 tuam
639 1462 891 1527 regente,
920 1459 975 1505 et
1006 1449 1121 1502 vias
1158 1453 1280 1499 tuas
1307 1447 1527 1496 sanctas
1555 1436 1897 1504 disponente,

321 1556 418 1627 qui
443 1532 578 1609 vivit
597 1557 654 1605 et
681 1552 870 1618 regnat
896 1543 952 1598 in
981 1537 1177 1596 saecula
1205 1532 1547 1592 saeculorum.
1578 1528 1771 1583 Amen.

915 1679 1142 1739 CAPUT
1178 1676 1313 1735 vnI.
1522 1692 1527 1695 -
1935 1684 1983 1743 Β

398 1802 736 1859 Studendum
763 1807 1104 1865 summopere
1126 1786 1417 1845 abbatissis
1436 1791 1521 1839 est
1541 1790 1602 1837 ut
1633 1788 1713 1837 tot
1740 1779 1902 1834 tales-

328 1912 437 1969 que
473 1895 526 1948 in
572 1872 919 1946 monasteriis
955 1883 1245 1940 admittant
1274 1870 1716 1932 sanctimoniales
1739 1910 1754 1934 ,
1785 1883 1906 1938 qua:

330 1958 388 2041 et
425 1997 635 2039 morum
667 1979 938 2050 probitate
970 1968 1435 2030 eommendentur,
1471 1971 1525 2018 et
1574 1958 1908 2016 ecclesiasti-

331 2078 413 2131 cis
438 2072 647 2145 possint
670 2049 1080 2124 rationabiliter
1104 2056 1399 2117 sustentari
1436 2052 1738 2125 stipendiis.
1779 2049 1909 2114 Quae

333 2184 465 2224 vero
501 2166 676 2222 adhuc
723 2158 1034 2218 carnalibus
1084 2148 1530 2209 delectationibus
1572 2143 1908 2205 irrctiuntur,

336 2269 677 2327 nequaquam
720 2259 846 2307 sunt
890 2249 944 2302 in
985 2240 1331 2300 monasteriis
1362 2233 1705 2292 admittendae
1729 2273 1743 2296 ,
1786 2230 1912 2299 quia

337 2319 649 2407 satius-est
697 2344 838 2408 illis,
866 2339 1023 2409 juxta
1070 2333 1298 2391 Paulum
1342 2326 1645 2399 apostolum
1684 2323 1736 2396 (I
1785 2319 1910 2375 Cor.

337 2440 464 2512 vn),
496 2436 627 2492 foris
653 2433 878 2497 nubere,
914 2435 1125 2483 tantum
1150 2424 1205 2478 in
1231 2420 1484 2482 Domino,
1524 2430 1685 2485 quam
1712 2413 1768 2467 in
1800 2427 1917 2466 mo-

342 2504 597 2586 nasteriis
624 2522 869 2587 admitti,
898 2528 953 2576 et
980 2517 1080 2574 sub
1109 2514 1340 2584 imagine
1366 2509 1630 2566 simulata:
1659 2504 1917 2560 sanctita-

343 2623 418 2677 tis
446 2618 703 2676 dissolute
727 2615 931 2670 vivere.
961 2609 1094 2666 Cum
1119 2606 1286 2677 igitur
1311 2599 1619 2670 huiusmodi
1643 2593 1919 2667 religionis

348 2712 527 2784 gratia
564 2705 893 2764 monasteria
934 2698 1324 2772 expetiverint,
1359 2709 1465 2748 non
1495 2691 1574 2745 eis
1620 2687 1795 2743 facilis
1824 2685 1921 2739 tri-

349 2807 552 2862 buatur
579 2803 877 2873 ingressus,
917 2796 1087 2850 donec
1126 2790 1277 2861 prius
1300 2788 1379 2842 eis
1408 2784 1525 2839 haec
1546 2782 1799 2852 legantur
1823 2792 1919 2831 ca-

350 2894 525 2967 pitula
554 2912 567 2947 :
598 2871 660 2947 ut
684 2891 768 2945 his
788 2885 1041 2960 perlectis
1065 2881 1312 2938 noverint
1335 2876 1462 2947 quid
1487 2874 1640 2930 eisin
1669 2871 1923 2926 castimo-

351 2960 484 3043 niali
509 2981 784 3055 proposito
824 2973 1249 3035 observandum,
1282 2966 1479 3037 quidve
1507 2962 1787 3019 vitandum
1829 2960 1920 3013 sit.

796 241 1078 301 REGULA
1113 224 1743 295 SANCTIMONIALIUM
1778 222 1868 279 AB
1906 211 2266 275 AMALARIO
2299 201 2678 266 COLLECTA.
2720 230 2790 240 -——
2826 197 2955 252 LIB.
2998 194 3059 247 ll.

1822 351 1880 388 ο-
1908 336 1961 395 Α
1984 329 2106 385 fidei
2137 326 2347 390 amico,
2379 321 2474 393 qui
2510 333 2603 375 eas
2631 316 2752 385 jure
2798 314 2903 367 fori
2943 309 3214 366 defendat.
3248 304 3555 360 Secundum

3450 184 3555 243 96'!

1984 422 2125 475 hanc
2171 418 2339 488 igitur
2387 407 2794 468 constitutionis
2840 403 3088 461 formam,
3120 391 3564 454 sanctimoniam

1987 524 2117 564 suas
2156 505 2405 577 proprias
2459 516 2547 554 res
2593 495 2895 551 deliberent
2934 499 2991 545 et
3029 489 3339 557 disponant,
3371 492 3428 539 et
3468 491 3566 538 aut

1989 573 2192 663 servis,
2225 573 2317 650 aut
2355 600 2503 648 certe
2531 589 2652 643 aliis
2677 628 2692 652 ,
2723 585 2917 654 quibus
2945 581 3051 636 illis
3081 578 3325 639 libuerit,
3365 589 3462 632 cas
3494 573 3566 629 ad

1989 688 2418 759 procurandum.
2449 681 2661 749 sibique
2689 675 2918 730 fideliter
2940 685 3126 725 earum
3159 667 3367 722 fructus
3395 666 3568 720 admi-

1992 776 2349 839 nistrandum,
2389 768 2790 830 commendent,
2820 762 3075 833 quoniam
3104 767 3231 813 ante
3261 759 3565 829 ingressum

1993 866 2322 928 monasterii,
2352 871 2567 925 cuncta,
2597 867 2659 913 ut
2685 856 3024 927 praemissum
3045 859 3149 915 est,
3174 848 3571 904 rationabiliter

1994 958 2100 1012 illis
2125 952 2451 1025 disponenda
2479 958 2638 1014 sunt,
2666 957 2727 1002 ut
2753 953 2963 1001 remota
2991 941 3357 1014 quarumlibet
3385 938 3569 994 foren-

1995 1049 2133 1103 sium
2164 1061 2343 1100 rerum
2371 1041 2723 1111 occupatione
2742 1079 2756 1101 ,
2785 1051 2941 1092 suum
2968 1035 3218 1097 liberius,
3252 1043 3309 1087 et
3337 1032 3573 1103 quietius

1993 1137 2205 1209 possint
2248 1106 2521 1189 custodire
2570 1128 2929 1201 propositum.
2999 1124 3105 1180 Sed
3159 1133 3214 1180 et
3269 1125 3338 1180 de
3395 1106 3578 1180 adole-

1999 1226 2346 1289 scentulis,et
2373 1224 2440 1278 de
2463 1223 2548 1277 his
2579 1233 2808 1290 quarum
2836 1216 3246 1272 conversatione
3272 1215 3576 1271 simultates

2000 1324 2056 1371 et
2097 1314 2459 1370 dissentiones
2498 1311 2815 1381 plerumque
2861 1307 2971 1375 pati
3015 1303 3192 1360 solent
3228 1304 3577 1366 monasteria.

2001 1406 2298 1462 cavendum
2345 1403 2635 1457 abbatissis
2661 1410 2767 1466 est,
2813 1414 2884 1453 ne
2928 1399 3145 1453 incaute
3191 1405 3246 1450 et
3285 1396 3581 1451 indiscrete

2002 1512 2096 1552 eas
2124 1495 2176 1549 in
2205 1493 2624 1563 congregatione
2651 1491 2966 1554 admittant,
3005 1504 3074 1544 ne
3104 1488 3243 1543 forte
3271 1501 3458 1542 earum
3487 1486 3583 1540 ad-

2003 1589 2193 1644 missio
2215 1586 2431 1656 aliquod
2453 1586 2508 1641 in
2537 1592 2811 1656 posterum
2841 1590 3065 1654 generet
3096 1580 3435 1637 scandalum.

2625 1698 2852 1757 CAPUT
2886 1696 2957 1751 X.

2076 1793 2383 1850 Meminisse
2430 1792 2629 1849 debent
2674 1806 2795 1861 quae
2835 1804 2895 1844 se
2924 1784 3317 1842 castimonialis
3348 1785 3587 1841 nominis

2006 1884 2342 1956 professione
2372 1883 2600 1938 Domino
2631 1878 3006 1943 devi'nxerunt,
3036 1877 3088 1931 in
3122 1874 3468 1930 monasteriis
3498 1872 3588 1943 ju-

2008 1976 2149 2047 giter
2194 1975 2451 2039 residere,
2498 1980 2555 2029 et
2600 1972 2828 2026 Domino
2863 1977 2973 2024 tota
3020 1969 3218 2022 mentis
3256 1974 3310 2020 et
3343 1964 3591 2035 corporis

2010 2065 2309 2120 intentione
2363 2065 2629 2119 instanter
2679 2059 2953 2115 deservire
2998 2056 3193 2111 debere
3219 2095 3233 2122 ,
3280 2070 3380 2108 nec
3419 2052 3591 2109 solum

2011 2155 2371 2210 velamentum
2432 2151 2676 2222 corporis
2722 2150 2839 2205 sine
2882 2154 3204 2202 ornamento
3248 2144 3447 2199 mentis
3491 2142 3592 2198 sibi

2013 2248 2269 2317 prodesse
2319 2260 2495 2315 posse.
2529 2241 2797 2309 Quoniam
2837 2238 2971 2293 nihil
3016 2236 3240 2307 prodest
3278 2248 3475 2306 corpus
3506 2249 3597 2289 ve-

2015 2339 2128 2394 lare
2154 2380 2168 2405 ,
2208 2346 2264 2393 et
2292 2336 2487 2392 mentis
2521 2334 2777 2388 vitiorum
2818 2329 3085 2400 portentis
3115 2327 3410 2382 maculare.
3451 2325 3593 2392 Quid
3646 2339 3655 2347 '

2016 2429 2158 2485 enim
2185 2428 2404 2499 prodest
2424 2439 2621 2495 corpus
2641 2422 2839 2486 velare,
2864 2427 2918 2474 et
2944 2418 3183 2472 animum
3208 2417 3409 2472 habere
3436 2430 3596 2470 vene-

2018 2518 2238 2574 natum?
2269 2515 2410 2584 Quid
2434 2512 2656 2585 prodest
2679 2510 2848 2581 nigris
2873 2507 3114 2563 vestibus
3148 2506 3329 2572 indui,
3361 2514 3416 2560 et
3443 2522 3474 2560 a
3505 2505 3598 2559 de-

2017 2611 2299 2677 tractione,
2352 2609 2589 2678 linguam
2639 2620 2745 2659 non
2798 2601 3098 2658 cohibere?
3144 2615 3267 2655 cum
3307 2598 3599 2668 Apostolus

2020 2702 2164 2758 dicat
2193 2720 2206 2754 :
2247 2697 2308 2755 Si
2339 2700 2455 2770 quis
2475 2688 2623 2768 putat
2647 2693 3022 2763 se_religiosum
3042 2708 3170 2753 esse,
3199 2707 3303 2744 non
3330 2688 3603 2758 refrenari:

2022 2795 2257 2866 linguam
2294 2807 2444 2847 suam
2471 2830 2485 2856 ,
2516 2788 2606 2843 sed
2646 2786 2895 2841 seducens
2924 2800 3016 2838 cor
3043 2798 3195 2837 suum
3221 2823 3236 2847 ,
3271 2781 3430 2850 hujus
3470 2795 3607 2833 vana

2022 2894 2097 2940 est
2127 2883 2309 2954 religio
2354 2879 2496 2953 (Jac.
2530 2878 2591 2950 ι).
2620 2876 2874 2945 Nunquid
2905 2873 3049 2928 enim
3077 2873 3438 2927 velamentum
3480 2884 3604 2923 cor-

2024 2977 2173 3048 poris
2199 2974 2376 3031 celare
2402 2978 2582 3043 potest
2619 2967 2971 3038 cupiditatem
2998 2962 3232 3048 mentis?
3278 2961 3415 3029 Quia
3443 2961 3610 3032 igitur

352 3078 493 3145 Quia
516 3081 818 3146 Ῥοειψηω
863 3085 922 3123 se
963 3064 1193 3120 Domino
1224 3062 1278 3116 in
1308 3062 1411 3115 hac
1438 3055 1631 3112 mimi”
1669 3035 1996 3146 ἀθτίηιθξε
2027 3035 2197 3124 oculis
2248 3066 2345 3121 Dei
2393 3035 2589 3118 cuncta
2636 3035 2801 3129 opera
2854 3056 3087 3111 filiorum
3134 3040 3304 3107 Adam
3355 3050 3497 3106 nuda
3552 3057 3608 3106 et

354 3142 489 3233 rint,
519 3142 856 3233 nequaquam
886 3156 989 3212 sibi
1021 3155 1228 3210 licitum
1258 3151 1364 3206 erit
1387 3146 1622 3220 propriis
1650 3145 1729 3198 uti
1758 3142 1931 3197 consi-

357 3254 467 3318 liis,
498 3266 601 3307 nec
643 3244 975 3305 secularibus
1019 3243 1235 3314 penitus
1272 3235 1535 3307 implicari
1570 3245 1728 3302 posse
1764 3244 1931 3299 nego-

360 3346 454 3400 tiis
482 3362 496 3398 :
530 3355 631 3397 nec
677 3336 1035 3408 frequentiam
1072 3333 1313 3387 virorum
1337 3369 1351 3394 ,
1392 3332 1485 3380 aut
1516 3320 1931 3378 collocutionem

362 3436 686 3507 familiarem
716 3432 919 3500 absque
963 3440 1125 3482 causa
1164 3418 1458 3477 inevitabili
1488 3417 1689 3471 habere
1715 3412 1932 3467 debent.

323 3543 327 3546 '
362 3528 599 3584 Proinde
643 3530 955 3581 scrutentur
983 3517 1135 3589 prius
1158 3527 1358 3568 arcana
1391 3508 1572 3564 cordis
1599 3506 1707 3571 sui,
1752 3500 1941 3558 simul-

365 3631 476 3689 que
506 3629 668 3684 super
695 3613 977 3667 adnotatas
1020 3610 1332 3661 sanctorum
1372 3599 1595 3654 Patrum
1640 3592 1941 3651 sententias

368 3687 589 3765 assidua
632 3702 983 3759 meditatione
1033 3696 1345 3770 perlegaut,
1397 3706 1467 3747 ne
1512 3687 1845 3751 inconsulte,
1887 3690 1944 3739 et

369 3799 554 3855 minus
599 3803 755 3851 caute
800 3790 1076 3846 vinculum
1127 3782 1477 3842 continentiae
1522 3787 1577 3834 et
1616 3774 1945 3847 virginitatis

372 3890 716 3961 arripientes,
746 3884 969 3940 redeant
994 3887 1117 3952 post
1150 3878 1337 3949 satan,
1373 3882 1430 3930 et
1461 3873 1593 3927 fiant
1622 3869 1765 3924 sicut
1795 3864 1947 3922 canis

374 3993 630 4038 reversus
660 3976 730 4032 ad
752 3973 1034 4031 vomitum.

973 4078 1199 4140 CAPUT
1237 4075 1330 4133 IX.

448 4199 848 4257 Providendum
875 4200 957 4251 est
984 4192 1069 4247 his
1103 4204 1222 4259 quae
1248 4187 1318 4241 ob
1347 4196 1590 4238 amorem
1619 4176 1823 4234 Christi
1860 4189 1952 4230 ca—

382 4292 652 4351 stimoniae
686 4304 747 4345 se
773 4284 1101 4346 dicaverint,
1128 4288 1184 4335 et
1224 4279 1279 4332 in
1308 4274 1531 4345 collegio
1570 4267 1955 4326 sanctimonia-

383 4385 519 4439 lium
544 4396 602 4436 se
624 4375 836 4434 admitti
865 4369 1268 4444 postulaverint,
1292 4375 1460 4420 utres
1485 4377 1631 4425 suas,
1665 4368 1952 4428 antequam
1980 4372 2032 4429 ι)
2058 4340 2227 4412 patris
2269 4344 2323 4391 et
2371 4336 2425 4389 in

384 4472 777 4533 monasterium
818 4467 1211 4539 ingrediantur,
1241 4459 1314 4513 ita
1342 4456 1617 4526 sapienter
1638 4451 1960 4523 prudenter-

388 4580 498 4639 que
546 4562 846 4618 deliberent
889 4566 1052 4624 atque
1087 4552 1401 4619 disponant,
1441 4552 1501 4598 ut
1547 4542 1615 4596 ad
1642 4542 1806 4595 vitam
1843 4548 1963 4592 ten-

391 4658 585 4712 dentes
611 4660 867 4708 aeternam
889 4688 903 4713 ,
937 4644 1136 4701 nullam
1164 4653 1350 4696 earum
1374 4633 1659 4691 occasione
1686 4630 1964 4700 patiantur

391 4741 878 4817 perturbationem.
921 4734 1155 4791 Proinde
1183 4731 1227 4786 si
1257 4728 1433 4798 aliqua
1471 4718 1961 4779 sanctimonialium

396 4852 486 4893 res
513 4848 644 4889 suas
671 4830 920 4901 proprias
948 4826 1189 4882 ecclesia:
1215 4823 1288 4878 ita
1312 4816 1622 4881 contulerit,
1650 4821 1710 4868 ut
1739 4809 1963 4866 nihilex

397 4927 486 4981 his
512 4922 615 4979 sibi
640 4918 920 4993 proprium
959 4914 1235 4971 vindicare
1252 4951 1267 4977 ,
1297 4910 1391 4966 sed
1418 4915 1626 4963 tantum
1662 4902 1823 4958 rebus
1846 4913 1966 4953 sus.

399 5016 600 5075 tentari
628 4992 760 5069 velit
791 5006 1059 5069 ecclesiae,
1087 5001 1215 5056 huic
1242 4995 1568 5054 sullicienter
1598 4992 1652 5045 in
1685 5002 1981 5060 congrega-

399 5108 547 5165 tione
576 5099 845 5173 stipendia
875 5095 1177 5166 largiantur
1202 5083 1528 5142 necessaria.
1564 5080 1625 5161 Si
1669 5087 1848 5133 autem
1883 5091 1978 5134 ec-

399 5195 581 5253 clesiae
619 5165 714 5248 eas
754 5165 1061 5245 tradiderit,
1107 5185 1161 5233 et
1198 5167 1600 5230 usufructuario
1653 5165 1856 5220 habere
1883 5179 1981 5219 vo-

401 5285 589 5351 luerit,
635 5288 875 5353 qutestor
913 5270 1156 5331 ecclesiae
1197 5280 1311 5329 eas,
1343 5270 1400 5317 ut
1428 5269 1548 5330 pote
1579 5257 1842 5321 ecclesize,
1887 5257 1980 5311 de-

402 5375 608 5433 fendat.
654 5350 819 5439 Quod
875 5368 922 5424 si
976 5379 1069 5420 eas
1114 5356 1354 5415 ecclesia)
1406 5350 1653 5407 conferre
1708 5354 1979 5413 notuent,

409 5470 710 5530 abbatissa,
737 5470 794 5517 et
814 5456 1027 5515 caeteris
1054 5442 1558 5508 sanctimonialibus
1583 5437 1981 5494 conniventiam

404 5526 807 5615 adhibentibus,
852 5530 1165 5605 committat
1199 5553 1292 5594 eas
1336 5550 1433 5607 per
1473 5532 1731 5602 scriptum
1771 5526 1984 5598 publice

410 5651 746 5713 roboratum,
790 5649 885 5699 aut
922 5637 1244 5712 pmpinquo,
1293 5637 1384 5685 aut
1425 5626 1531 5683 alio
1566 5622 1787 5679 cuilibet
1825 5617 1984 5675 bona:

2031 3172 2214 3231 aperta
2255 3165 2405 3222 sunt,
2436 3163 2493 3211 et
2535 3152 2812 3209 humilitas
2832 3150 3083 3227 ’vestium
3127 3147 3261 3201 nihil
3307 3144 3451 3200 valet
3495 3145 3615 3199 sine

2032 3251 2336 3308 humilitate
2370 3244 2669 3310 mentium',
2701 3252 2755 3298 et
2784 3244 2910 3314 quia
2939 3256 3044 3295 non
3076 3239 3179 3293 nisi
3215 3237 3380 3292 corde
3413 3237 3616 3291 mundo

2034 3344 2177 3409 Dens
2203 3340 2372 3396 videri
2401 3345 2607 3408 potest;
2645 3350 2867 3390 necesse
2894 3341 2978 3387 est
3007 3331 3147 3399 quod
3174 3329 3363 3384 habitu
3392 3328 3614 3384 demon-

2037 3441 2234 3498 strant,
2264 3445 2429 3502 opere
2458 3429 2772 3500 perficiant,
2801 3435 2855 3481 et
2880 3422 3191 3487 humilitas,
3223 3435 3384 3491 quam
3415 3419 3469 3473 in
3499 3434 3623 3473 cor-

2037 3541 2170 3599 pore
2217 3529 2477 3595 gestant,
2525 3521 2580 3575 in
2636 3526 2818 3573 mente
2868 3513 3207 3586 potissimum
3259 3509 3617 3579 resplendeat.

2041 3618 2177 3673 Nam
2208 3618 2277 3682 si,
2306 3610 2757 3687 quemadmodum
2786 3607 2926 3678 apud
2959 3605 3299 3660 Salomonem
3323 3601 3544 3671 legitur,
3567 3600 3623 3654 in

2043 3709 2202 3764 domo
2228 3706 2399 3777 patris
2434 3703 2626 3774 positas
2651 3742 2666 3767 ,
2713 3700 2978 3753 instanter
3007 3702 3135 3751 sunt
3180 3692 3403 3748 monitis
3433 3699 3619 3761 pater-

2044 3800 2129 3855 nis
2174 3797 2513 3861 erudiendze;
2560 3802 2616 3848 et
2661 3807 2803 3846 nexu
2830 3786 3093 3856 coniugali
3131 3785 3430 3849 devinctae,
3464 3781 3620 3851 juxta

2046 3888 2403 3960 Apostolum,
2465 3886 2663 3941 debent
2717 3882 2846 3936 viris
2895 3894 3016 3934 csse
3069 3877 3297 3932 subditae
3343 3893 3356 3929 :
3419 3882 3624 3944 quanto

2049 3980 2220 4048 magis
2271 3979 2327 4033 in
2375 3976 2534 4031 domo
2573 3972 2697 4035 Dei,
2739 3986 2858 4041 quae
2906 3984 2965 4023 se
3004 3967 3250 4038 religiose
3301 3963 3485 4017 vivere
3529 3963 3626 4017 de-

2053 4075 2350 4132 voverunt,
2401 4064 2596 4120 divinis
2650 4070 2775 4116 sunt
2825 4056 3133 4113 erudiendae
3182 4052 3520 4122 disciplinis,
3574 4060 3630 4106 et

2053 4175 2250 4233 sponso
2280 4173 2377 4213 suo
2403 4154 2620 4210 Christo
2650 4149 2880 4203 Domino
2908 4161 3030 4201 eum
3060 4144 3206 4198 omni
3237 4143 3540 4197 humilitate
3575 4150 3632 4195 et

2053 4252 2302 4307 castitate
2331 4245 2558 4302 subditae
2582 4240 2742 4298 esse?
2775 4238 2908 4293 lllud
2948 4250 3182 4304 namque
3209 4235 3349 4303 quod
3384 4233 3437 4286 in
3469 4237 3631 4286 domo

2469 4332 2684 4387 vinculo
2731 4326 2995 4399 conjugali
3054 4324 3362 4380 constitutis
3409 4336 3632 4392 prorsus

2060 4435 2160 4489 fuit
2187 4431 2452 4491 illicitum,
2481 4441 2587 4496 qua
2610 4423 2950 4484 auctoritate,
2983 4420 3091 4473 imo
3117 4432 3224 4487 qua
3255 4414 3548 4478 dementia,
3577 4415 3633 4468 in

2062 4522 2404 4581 monasteriis
2442 4519 2632 4589 posita:
2676 4514 2816 4579 sibi,
2864 4511 2967 4566 nisi
3007 4510 3075 4563 ob
3113 4522 3263 4561 suam
3313 4503 3633 4576 perniciem,

2062 4617 2241 4671 facere
2270 4618 2520 4684 poterunt
2545 4605 2791 4662 licitum?
2816 4600 3115 4673 prmscrtfm
3140 4613 3262 4652 cum
3291 4596 3483 4651 beatus
3512 4594 3638 4648 Hie-

2061 4721 2320 4778 ronymus
2370 4701 2534 4765 dicat,
2581 4697 2828 4769 pessimae
2872 4707 2995 4747 esse
3038 4686 3463 4752 consuetudinis,
3508 4701 3634 4759 cum

2066 4776 2270 4869 fragilis
2296 4809 2479 4858 sexus,
2526 4799 2578 4846 et
2606 4785 2887 4843 imbecillis
2912 4792 3045 4838 retas
3077 4796 3174 4835 suo
3211 4778 3436 4834 arbitrio
3464 4776 3643 4832 abuti-

2065 4898 2193 4955 tur,
2243 4896 2297 4943 et
2338 4891 2493 4957 putat
2541 4881 2704 4935 licere
2748 4877 2892 4949 quod
2945 4890 3053 4929 non
3110 4871 3254 4926 licet.
3304 4869 3643 4939 Quapropter

2068 4986 2280 5051 oportet
2306 4988 2363 5032 ut
2392 4975 2495 5031 sibi
2527 4970 2710 5028 illicita
2736 4981 3078 5039 nequaquam
3105 4962 3306 5018 faciant
3337 4960 3506 5025 licita,
3546 4957 3643 5013 sed

2070 5047 2260 5127 earum
2311 5066 2557 5121 voluntas
2612 5060 2824 5117 Domini
2871 5054 3169 5118 voluntati,
3222 5048 3330 5107 imo
3373 5047 3642 5111 servituti,

2071 5156 2405 5216 succumbat.
2443 5155 2501 5210 ln
2539 5148 2884 5208 monasteriis
2923 5158 3138 5217 quoque
3172 5142 3362 5211 posita:
3392 5153 3500 5193 non
3530 5135 3645 5195 otio

2070 5256 2348 5319 torpeant,
2378 5260 2487 5300 non
2516 5240 2939 5299 detractionibus
2966 5247 3021 5292 et
3048 5232 3296 5291 obscenis
3329 5225 3647 5285 confabula-

2071 5316 2305 5395 tionibus
2338 5336 2649 5393 incumbant
2680 5350 2694 5387 :
2729 5330 2823 5386 sed
2852 5338 2945 5384 aut
2968 5327 3295 5398 psalmorum
3323 5316 3642 5374 modulatio—

2075 5431 2261 5494 nibus,
2309 5436 2401 5484 aut
2447 5438 2704 5480 manuum
2748 5417 3149 5492 Operationibus
3193 5410 3488 5473 insistant,
3551 5415 3649 5463 aut

2076 5534 2223 5580 certe
2271 5519 2469 5577 divinis
2495 5514 2813 5572 lectionibus
2840 5525 3026 5565 aurem
3054 5502 3482 5560 accommodent.
3521 5499 3651 5557 Fre-

2078 5613 2328 5685 quentius
2353 5617 2404 5664 et
2438 5605 2834 5662 familiaritates
2854 5642 2868 5666 ,
2894 5608 3054 5671 atque
3087 5593 3547 5651 confabulationes
3572 5590 3649 5643 vi-
