3890 6180
393 219 499 277 963
536 258 539 263 .

1390 209 1791 267 ΑΠΑΜΕΙυὸ
1829 205 2244 263 PRESBYTER
2286 204 2649 285 METENSlS.

3488 214 3567 268 μω

399 348 606 397 rorutn,
654 332 797 389 sicut
841 346 871 385 a
920 329 1126 386 sanctis
1171 326 1425 381 Patribus
1465 322 1763 388 inhibetur,
1811 320 1986 377 modis
2012 326 2063 384 Α
2090 316 2249 372 tissas
2273 316 2608 387 negligenter
2636 325 2692 370 et
2725 316 2903 384 tepide
2925 317 3146 374 subditis
3174 320 3409 391 stipendia
3430 339 3558 382 neces

395 425 651 481 omnibus
686 430 934 479 caveant.
975 420 1177 476 Omnes
1220 419 1275 473 in
1321 415 1642 472 dormitorio
1679 413 1974 478 dormiant,

399 515 630 587 singulae
660 513 864 570 scilicet
901 512 957 566 in
997 509 1221 581 singulis
1252 508 1427 564 lectis.
1454 507 1513 561 In
1541 505 1830 562 refectorio
1851 519 1980 574 quo-

402 606 531 661 tidie
556 594 775 673 “pariter
807 600 1139 665 reﬁciantur,
1189 599 1296 655 nisi
1345 613 1509 669 quam
1536 596 1849 662 inﬁrmitas,
1886 603 1980 650 aut

399 693 572 749 aetatis
600 689 941 745 imbecillitas
964 688 1017 744 id
1041 686 1220 743 facere
1244 686 1606 756 prohibuerit.
1641 682 1844 739 Omnes
1875 681 1977 737 sibi

399 781 683 840 charitatis
724 778 900 836 oilicio
933 778 1173 834 vicissim
1221 778 1483 833 serviant.
1526 774 1636 829 illis
1661 788 1897 843 namque
1923 773 1976 827 in

401 872 688 928 refectorio
731 868 1139 926 comedentibus
1161 908 1176 934 ,
1207 874 1264 922 et
1304 867 1553 937 religiose
1595 864 1870 920 silentium
1900 870 1981 915 te-

402 964 673 1029 nentibus,
701 962 1059 1018 continuatim
1098 960 1310 1031 legatur
1334 959 1496 1013 lectio
1529 966 1585 1013 et
1614 955 1980 1011 intensissime

399 1054 469 1108 ab
492 1054 579 1109 his
603 1052 872 1126 audiatur.
900 1052 984 1107 Ad
1015 1050 1358 1107 collationem
1387 1047 1627 1119 quotidie
1652 1048 1894 1111 veniant,
1925 1053 1981 1100 et

401 1143 543 1198 hanc
569 1142 985 1207 institutionem,
1013 1141 1128 1195 sive
1155 1139 1380 1194 aliarum
1405 1138 1712 1193 divinarum
1737 1136 1983 1207 Scriptu-

400 1249 586 1289 rarum
626 1233 888 1288 lectiones
923 1231 1221 1303 perlegam,
1265 1241 1321 1285 et
1354 1230 1420 1284 de
1451 1229 1646 1284 animae
1672 1242 1785 1282 sua:
1811 1226 1981 1282 salute

401 1335 732 1399 pertractant
766 1326 870 1382 Ubi
887 1325 1049 1381 etiam
1077 1324 1447 1393 delinquentes
1461 1320 1617 1390 juxta
1645 1321 1862 1375 modum
1888 1318 1980 1373 de-

402 1420 516 1475 licti
539 1416 926 1487 corripiantur.
968 1414 1142 1470 Horas
1172 1412 1465 1467 canonieas
1502 1423 1625 1465 eum
1647 1407 1796 1463 omni
1820 1407 1982 1462 devo-

404 1508 550 1562 tione
577 1504 902 1568 custodiant,
923 1510 979 1558 et
1003 1503 1088 1556 his
1115 1500 1355 1556 divinum
1382 1497 1616 1554 cilicium
1638 1497 1864 1553 honeste
1888 1510 1981 1550 ex-

402 1599 603 1670 pleant.
632 1599 898 1654 Honorem
918 1597 1021 1653 sibi
1043 1595 1274 1651 invicem
1300 1592 1577 1649 humiliter
1592 1588 1857 1646 deferant.
1891 1586 1983 1643 Mi-

439 1704 564 1745 ores
581 1699 709 1744 natu
724 1703 818 1743 eas
836 1703 954 1758 quae
969 1694 1237 1756 provectae
1250 1682 1563 1741 suntzetatis
1584 1681 1845 1749 obsequio
1858 1693 1983 1734 san-

401 1779 608 1837 ctitatis
635 1784 982 1834 venerentur.
1028 1777 1304 1832 Provecta:
1327 1788 1540 1844 quoque
1562 1771 1720 1826 annis
1734 1769 1980 1839 iuniores

404 1868 568 1923 dictis
595 1876 650 1922 et
673 1866 933 1937 exemplis
955 1864 1023 1921 ad
1044 1866 1184 1921 bene
1205 1864 1495 1920 vivendum
1531 1849 1842 1916 inform'ent.
1874 1858 1981 1913 No-

400 1954 534 2010 biles
561 1971 756 2025 genere
783 1969 1120 2025 nequaquam
1145 1953 1552 2026 ignobilioribus
1582 1966 1642 2007 se
1663 1948 1979 2021 prmferant,

400 2047 635 2101 scientes
682 2046 809 2114 quia
847 2061 1199 2116 personarum
1245 2052 1498 2115 acceptor
1544 2058 1653 2099 non
1690 2050 1774 2098 est
1816 2042 1977 2096 Deus.

402 2138 587 2208 Neque
628 2137 934 2207 enimquat
974 2137 1222 2192 castitate
1267 2143 1322 2190 et
1363 2143 1680 2191 czcterorum
1712 2134 1980 2189 bonorum

401 2243 624 2297 Operum
679 2225 1079 2298 prmrogativis,
1134 2234 1226 2281 aut
1277 2224 1515 2281 scientiae
1557 2222 1822 2279 doctrinis
1867 2222 1984 2293 pol-

403 2316 535 2381 lent,
562 2330 621 2372 se
642 2318 853 2372 caeteris
874 2314 1165 2386 prteferant
1194 2334 1208 2370 :
1243 2317 1337 2372 sed
1360 2317 1539 2387 potius
1567 2316 1633 2395 de
1669 2318 1984 2373 muneribus

403 2409 509 2479 sibi
535 2408 794 2464 divinitus
820 2408 1028 2464 collatis
1050 2409 1159 2464 Deo
1182 2409 1386 2480 gratias
1411 2419 1649 2480 agentes,
1665 2417 1982 2465 caeterarum

407 2496 867 2555 imbecillitatibus
913 2498 1193 2554 charitatis
1235 2498 1411 2554 oﬁicio
1471 2499 1750 2554 humiliter
1787 2499 1984 2555 conde-

407 2591 689 2656 scendant,
740 2605 955 2661 semper
995 2591 1124 2645 illud
1161 2590 1401 2663 Apostoli
1425 2592 1839 2663 perpendentes,
1880 2606 1988 2663 quo

408 2680 609 2735 dicitur
631 2698 645 2734 :
675 2679 778 2747 Qui
800 2698 854 2734 se
868 2689 1018 2752 putat
1042 2690 1203 2748 stare,
1227 2680 1396 2737 videat
1418 2698 1479 2736 ne
1504 2682 1659 2736 cadat
1684 2682 1738 2755 (Ι
1754 2682 1874 2737 Cor.
1902 2682 1981 2753 x).

402 2770 470 2824 Et
494 2769 621 2825 illud
650 2770 962 2843 Hieronymi
990 2790 1002 2825 :
1031 2770 1370 2837 Timendum,
1394 2772 1587 2842 inquit,
1610 2782 1663 2828 et
1685 2773 1985 2828 cavendum

401 2866 504 2923 est,
533 2874 603 2914 ne
629 2868 867 2915 veterem
888 2861 1135 2932 gloriam,
1156 2870 1210 2917 et
1230 2862 1457 2918 solidam
1480 2861 1793 2919 ﬁrmitatem
1826 2864 1987 2920 unius

403 2950 551 3006 horae
577 2950 808 3022 procella
837 2953 1138 3008 subvertat.

1009 3043 1239 3101 CAPUT
1288 3044 1379 3101 XI.

473 3133 697 3190 Summa
734 3135 1039 3191 intensione
1085 3135 1372 3192 abbatissis
1412 3134 1766 3208 satagendum
1804 3142 1890 3192 est
1922 3143 1985 3191 ut

405 3227 731 3282 monasteria
772 3225 1074 3297 puellarum
1113 3226 1187 3281 ita
1224 3227 1459 3298 undique
1495 3226 1824 3282 ﬁrmissimis
1877 3227 1984 3283 cir-

403 3319 661 3374 cumdcnt
684 3319 1095 3384 munitionibus,
1112 3320 1314 3375 utnulli
1340 3319 1595 3386 intrandi,
1622 3320 1981 3387 autexeundi,
2014 3348 2019 3359 ι

405 3411 509 3465 nisi
550 3426 647 3481 per
679 3417 889 3480 portam
931 3416 1116 3479 pateat
1156 3408 1335 3464 aditus
1377 3424 1392 3462 :
1437 3418 1703 3480 quatenus
1744 3424 1847 3465 nec
1880 3408 1983 3463 viri

403 3500 657 3570 quiddam
684 3499 829 3569 quod
863 3515 971 3554 non
1000 3500 1156 3556 decet
1184 3499 1239 3554 in
1264 3514 1450 3554 earum
1481 3499 1736 3556 claustris
1762 3500 1982 3581 agendi,

405 3606 503 3645 nec
523 3589 964 3645 sanctimoniales
980 3588 1126 3645 foras
1147 3589 1372 3661 vagandi
1399 3589 1633 3646 habeant
1650 3589 1981 3646 facultatem.

408 3678 661 3733 Habeant
702 3678 886 3747 itaque
926 3678 1154 3734 interius
1201 3678 1638 3734 sanctimoniales
1672 3676 1982 3745 refectoria,

408 3769 653 3833 cellaria,
693 3767 1035 3834 dormitoria,
1083 3776 1139 3823 et
1191 3776 1417 3824 caeteras
1461 3768 1575 3823 suis
1613 3769 1805 3824 usibus
1833 3769 1987 3825 habi-

407 3858 641 3913 tationes
688 3856 1026 3911 necessarias
1070 3865 1423 3926 przeparatas,
1469 3857 1549 3911 uti
1595 3872 1715 3927 quae
1758 3857 1987 3914 Domino

407 3951 761 4013 devoverunt,
799 3946 1097 4018 postposita
1124 3947 1271 4002 omni
1294 3947 1668 4016 excusatione,
1699 3947 1986 4004 inviolabi-

407 4040 532 4095 liter
568 4038 845 4096 custodire
873 4036 1107 4094 valeant.

1009 4126 1237 4185 CAPUT
1272 4126 1369 4185 XII

485 4217 650 4274 Usum
686 4214 1169 4289 reprehensihilem
1195 4228 1252 4275 et
1274 4219 1652 4277 emendatione
1681 4222 1902 4295 dignum
1932 4222 1986 4280 in

408 4306 681 4363 nonnullis
713 4308 1058 4363 monasteriis
1090 4308 1423 4378 puellaribus
1447 4325 1567 4366 esse
1594 4315 1984 4383 comperimus,

408 4413 475 4454 eo
520 4398 663 4468 quod
696 4397 1135 4454 sanctimoniales
1170 4399 1436 4470 stipendia
1471 4401 1839 4458 ecclesiastica
1878 4419 1987 4458 non

410 4490 691 4560 aequaliter
717 4491 1007 4562 accipiant,
1036 4506 1158 4544 cum
1188 4492 1378 4562 utique
1407 4493 1510 4548 hoc
1541 4494 1615 4547 ita
1648 4494 1766 4548 ﬁeri
1790 4496 1989 4550 debere

412 4598 676 4652 nusquam
721 4584 988 4638 sancitum
1033 4584 1206 4653 possit
1251 4585 1498 4655 reperiri.
1558 4584 1666 4639 Sed
1712 4587 1839 4655 quia
1885 4588 1990 4641 hoc

411 4671 555 4724 nulla
581 4673 903 4728 auctoritate
931 4671 1177 4737 fulcitur,
1220 4675 1315 4727 sed
1350 4674 1522 4744 magis
1550 4675 1794 4729 avaritiae
1824 4690 1987 4731 causa

413 4768 507 4813 aut
542 4775 897 4829 personarum
943 4764 1253 4832 acceptione
1282 4771 1496 4817 constat
1532 4779 1652 4819 esse
1693 4765 1986 4831 insolitum,

414 4863 637 4903 necesse
666 4857 752 4903 est
790 4859 848 4904 ut
881 4850 1151 4919 aequitatis
1178 4866 1405 4906 censura
1435 4851 1504 4905 ab
1529 4852 1731 4907 eisdem
1764 4853 1895 4909 locis
1934 4857 1988 4910 in

412 4938 608 5008 quibus
649 4938 720 4993 sit
765 4955 989 5010 prorsus
1017 4941 1315 4995 abdicetur.
1364 4941 1597 5011 Dignum
1634 4959 1867 5015 namque
1903 4946 1991 5015 ju-

413 5037 667 5098 stumque
709 5038 794 5084 est
826 5044 1008 5085 coram
1060 5030 1171 5086 Deo
1213 5039 1267 5085 et
1313 5030 1641 5097 hominibus,
1698 5041 1757 5088 ut
1802 5050 1992 5091 omnes

415 5133 534 5188 qure
557 5117 628 5172 ob
658 5133 898 5173 amorem
944 5117 1148 5173 Christi
1198 5118 1252 5172 in
1291 5118 1650 5185 castimoniali
1690 5123 1990 5192 proposito,

416 5210 471 5264 in
510 5224 614 5264 una
664 5208 919 5267 videlicet
955 5209 1236 5276 societate,
1275 5224 1335 5265 se
1363 5209 1544 5267 vivere
1572 5223 1988 5284 proposuerunt,

416 5300 626 5357 seclusa
678 5316 840 5357 causa
883 5300 1123 5355 avaritiae
1178 5308 1229 5355 et
1278 5314 1633 5372 personarum
1676 5307 1989 5376 acceptione

414 5389 595 5445 cibum
615 5400 670 5448 et
695 5399 881 5464 potum
909 5390 1190 5462 atqualiter
1218 5391 1506 5462 accipiant.

1002 5479 1229 5537 CAPUT
1264 5479 1402 5535 XIII.

488 5569 626 5629 Quia
674 5570 955 5659 perspicue
984 5580 1321 5644 compertum
1356 5579 1460 5643 est,
1498 5573 1784 5631 nonnullas
1819 5576 1987 5634 abba-

2079 408 2225 462 saria
2260 405 2543 470 conferre,
2586 406 3065 476 opportunissime,
3113 407 3217 463 imo
3255 411 3573 470 rationabiliten

2080 505 2347 553 statutum
2370 506 2479 564 est,
2506 506 2567 551 ut
2594 498 2647 551 in
2670 498 2924 554 omnibus
2949 502 3276 561 monasteriis
3294 504 3577 572 puellaribus,

2079 590 2134 645 in
2195 590 2394 661 quibus
2461 590 2721 645 canonice
2782 590 2984 644 vivitur
3008 632 3022 653 ,
3090 593 3297 662 singula.-
3344 599 3577 652 sanctimo-

2079 679 2250 735 niales
2277 695 2375 749 per
2402 679 2520 735 dies
2554 680 2807 750 singulos
2837 688 2946 736 tres
2982 681 3144 738 libras
3174 685 3318 753 panis
3349 688 3579 758 accipiant,

2078 779 2132 824 et
2163 771 2217 824 in
2247 771 2333 826 his
2358 771 2701 842 regionibus,
2730 784 2850 839 qua:
2876 772 3115 828 vinii‘eraa
3141 788 3289 841 sunt,
3324 786 3421 831 tres
3453 778 3580 832 libras

2078 861 2188 915 vini
2215 902 2230 927 ,
2257 862 2302 916 si
2333 861 2592 916 sterilitas
2614 862 2876 931 temporis
2898 878 3002 917 non
3032 863 3348 936 impedierit;
3380 866 3418 922 si
3442 878 3580 923 autem

2079 953 2239 1024 plene
2265 953 2457 1008 eadem
2488 954 2637 1023 regio
2661 954 2771 1008 vini
2796 953 2956 1027 ferax
2990 970 3092 1009 non
3120 954 3291 1021 fuerit,
3319 957 3434 1012 duas
3457 958 3583 1016 libris

2079 1043 2216 1109 vini,
2246 1052 2303 1099 et
2331 1044 2467 1099 duas
2492 1043 2738 1099 cervisiae
2768 1062 2781 1097 :
2810 1052 2865 1099 et
2888 1044 2934 1098 si
2971 1044 3186 1100 minime
3214 1046 3313 1100 vini
3341 1047 3467 1101 ferax
3499 1047 3584 1101 lue-

2082 1134 2189 1200 rit,
2229 1142 2341 1190 tres
2376 1134 2543 1189 libras
2580 1134 2857 1199 cervisiae,
2906 1142 2962 1189 et
2999 1135 3045 1188 si
3081 1133 3295 1189 facultas
3317 1138 3582 1206 permiserit.

2079 1225 2274 1282 libram
2314 1226 2446 1281 vini.
2477 1226 2536 1280 In
2563 1224 2698 1281 locis
2719 1240 2851 1281 vero
2885 1225 3201 1291 minoribus,
3225 1227 3459 1296 accipiant
3484 1227 3585 1281 duas

2080 1316 2249 1370 libras
2282 1313 2432 1380 vini;
2465 1324 2523 1368 et
2559 1314 2603 1369 si
2643 1314 2835 1368 eadem
2874 1314 3057 1384 regio,
3088 1323 3147 1369 ut
3171 1315 3471 1384 praemissum
3503 1326 3581 1377 est,

2079 1405 2194 1459 vini
2229 1403 2382 1460 ferax
2414 1392 2531 1457 non
2557 1402 2743 1468 fuerit,
2777 1403 2914 1458 duas
2936 1403 3102 1458 libras
3129 1404 3386 1469 cervisitc,
3409 1415 3456 1459 et
3477 1406 3512 1459 si
3532 1404 3586 1457 ia-

2081 1495 2256 1551 cultas
2281 1494 2540 1565 suppetit,
2576 1494 2772 1550 libram
2800 1494 2934 1550 vini.
2963 1494 3114 1550 Licet
3139 1496 3275 1551 enim
3296 1497 3344 1551 in
3371 1497 3585 1551 nonnullis

2081 1586 2375 1655 provinciis
2412 1585 2567 1656 copia
2619 1585 2757 1640 desit
2792 1584 2937 1650 vini,
2989 1584 3221 1640 abundat
3249 1593 3408 1639 tamen
3443 1593 3584 1639 sancta

2011 1676 2056 1735 B
2084 1676 2179 1730 Dei
2218 1674 2485 1739 Ecclesia,
2533 1674 2766 1729 Domino
2810 1675 3171 1740 a‘ttribuente,
3214 1673 3419 1728 aliarum
3448 1689 3585 1728 rerum

2079 1766 2250 1836 copiis
2272 1805 2288 1831 ,
2317 1778 2349 1819 e
2381 1765 2578 1835 quibus
2613 1765 2880 1819 industria
2905 1765 3246 1834 praelatarum
3283 1779 3343 1819 ex
3369 1763 3472 1818 aliis
3494 1778 3586 1832 pro-

2083 1856 2272 1911 vinciis
2301 1856 2485 1910 vinum
2518 1854 2770 1925 adipisci,
2802 1856 3018 1926 sibique
3046 1855 3269 1911 subditis
3285 1854 3424 1924 juxta
3454 1853 3582 1907 facul-

2082 1957 2246 2004 tatem
2284 1949 2478 2019 pocula
2521 1944 2770 2004 conferre
2814 1957 3064 2019 possunt.
3104 1948 3158 2004 ln
3205 1948 3495 2018 locis'igitur
3522 1946 3586 2000 ubi

2080 2041 2405 2112 permodica:
2440 2049 2569 2097 sunt
2597 2056 2685 2096 res
2707 2042 2984 2107 Ecclesiae,
3018 2050 3112 2097 aut
3146 2042 3278 2097 torte
3300 2040 3587 2111 quorumdam

2081 2131 2355 2187 abstractu
2391 2132 2546 2187 valde
2573 2141 2893 2200 attenuatae,
2927 2142 3013 2189 tot
3051 2126 3281 2204 talesque
3301 2132 3587 2187 admittantur

2081 2222 2285 2293 quibus
2324 2222 2516 2279 saltem
2556 2225 2836 2293 praemissa
2863 2226 3045 2280 minor
3080 2239 3319 2280 mensura
3345 2231 3478 2293 potus
3503 2220 3590 2275 sine

2083 2313 2399 2370 dilﬁcultate
2439 2315 2558 2370 dari
2584 2316 2777 2386 possit.
2810 2315 2869 2371 In
2906 2317 2998 2372 his
3024 2317 3203 2387 itaque
3226 2316 3363 2379 locis,
3392 2314 3467 2369 ubi
3486 2312 3589 2367 forte

2084 2404 2356 2460 nonnulla:
2411 2404 2671 2474 praelatae,
2725 2407 2940 2476 piarum
2997 2407 3330 2478 praelatarum
3375 2404 3590 2460 imitantes

2083 2496 2415 2567 exemplum,
2446 2497 2620 2568 magis
2648 2498 2881 2553 subditis
2905 2498 3041 2554 dare
3072 2498 3240 2553 solitae
3265 2506 3394 2562 sunt,
3416 2493 3591 2550 nullate-

2085 2603 2189 2644 nus
2212 2586 2417 2645 bonum
2458 2588 2601 2657 quod
2630 2587 2837 2644 faciunt
2865 2591 3144 2647 omittant.
3184 2589 3286 2646 Sed
3310 2597 3361 2644 et
3381 2588 3421 2644 si
3445 2586 3513 2641 cui
3540 2585 3591 2639 ob

2084 2687 2341 2734 aeternam
2369 2679 2782 2735 retributionem
2822 2681 3002 2752 magis
3034 2682 3256 2737 subditis
3276 2691 3590 2750 supererogare

2084 2769 2323 2836 libuerit,
2355 2770 2604 2833 hilariter
2638 2773 2784 2842 quod
2818 2774 3026 2843 poterit
3065 2775 3294 2840 tribuat;
3334 2772 3406 2827 sin
3437 2779 3590 2827 autem.

2087 2861 2393 2919 nullatenus
2416 2877 2727 2918 mensuram
2756 2865 3079 2934 praedictam
3109 2866 3187 2920 eis
3212 2863 3479 2919 subtrahat.
3499 2859 3591 2912 Die.

2018 2974 2019 2977 η
2089 2954 2190 3010 bus
2211 2969 2341 3010 vero
2384 2955 2560 3021 festis,
2606 2967 2663 3011 et
2704 2957 2846 3012 sicut
2874 2958 3047 3013 moris
3085 2965 3171 3013 est
3207 2954 3451 3019 Ecclesiae,
3474 2956 3592 3022 proni

2009 3022 2056 3086 Ο
2087 3048 2282 3104 melius
2324 3058 2573 3120 possunt,
2612 3050 3126 3108 sanctimonialibus
3172 3049 3416 3121 stipendia
3440 3043 3591 3098 -admi-

2083 3139 2335 3198 nistrent.
2360 3141 2419 3197 ln
2440 3141 2732 3212 pulmentis
2746 3155 2983 3212 namque
3009 3143 3091 3198 eis
3110 3141 3294 3197 dandis
3312 3133 3592 3194 nihilominus

2086 3228 2446 3287 solertissime
2481 3231 2709 3302 vigilare
2745 3231 2907 3287 debet
2942 3232 3332 3287 abbatissarum
3366 3224 3589 3283 industria.

2085 3326 2148 3374 ut
2162 3319 2315 3388 juxta
2337 3319 2754 3390 possibilitatem
2775 3321 2856 3376 eis
2876 3336 3126 3389 carnem,
3154 3322 3340 3393 pisces,
3359 3313 3592 3387 legumina.

2072 3424 2131 3471 ct
2165 3411 2335 3478 olera,
2379 3412 2524 3484 ligna
2548 3453 2564 3478 ,
2607 3422 2662 3468 et
2686 3424 2883 3469 caetera
2913 3414 3227 3470 necessaria
3254 3409 3527 3469 attribuant,
3549 3411 3594 3455 ut

2086 3500 2172 3556 his
2203 3500 2599 3557 adminiculatre
2630 3503 2999 3573 promptiores
3021 3504 3077 3558 in
3104 3503 3199 3558 Dei
3228 3500 3488 3557 consistant
3511 3507 3593 3547 ser-

2085 3589 2239 3645 vitio.
2284 3588 2417 3645 Nam
2457 3599 2514 3646 et
2537 3590 2664 3647 talia
2704 3591 2785 3646 eis
2821 3591 3023 3647 debent
3060 3591 3372 3647 constituere
3408 3586 3519 3650 loca,
3553 3581 3593 3633 in

2083 3680 2281 3750 quibus
2320 3679 2600 3749 aptissime
2629 3681 2875 3735 nutriant
2915 3695 3140 3751 pecora,
3187 3690 3242 3736 et
3274 3678 3398 3733 horti
3432 3672 3589 3729 olerum

2084 3770 2298 3840 possint
2339 3769 2480 3837 ﬁeri,
2531 3771 2676 3826 unde
2709 3771 2990 3842 pulmenta
3023 3772 3271 3837 habeant,
3302 3766 3506 3836 exceptis
3534 3760 3594 3815 his

2085 3875 2209 3932 quas
2234 3860 2303 3916 de
2324 3860 2469 3916 villis
2506 3861 2750 3918 ecclesia:
2776 3870 2833 3918 et
2863 3862 2931 3917 de
2951 3864 3400 3933 eleemosynarum
3419 3851 3593 3911 oblatio-

2086 3951 2250 4007 nibus
2272 3951 2561 4022 accipiant.
2590 3952 2829 4007 Caveant
2850 3953 3123 4022 siquidem
3154 3968 3220 4006 ne
3238 3956 3437 4021 propter
3454 3953 3594 3999 earnm

2086 4041 2351 4096 incuriam
2385 4049 2441 4096 ct
2470 4041 2814 4098 insolentiam
2843 4043 3086 4113 aliquam
3120 4044 3173 4098 in
3207 4035 3504 4096 monasteriis
3525 4044 3596 4101 pa-
3654 4105 3661 4116 .

2087 4130 2296 4185 tiantur
2322 4129 2562 4201 inopiam
2580 4171 2595 4196 ,
2625 4140 2683 4186 ut
2712 4147 2814 4186 nec
2847 4132 2949 4187 sibi
2996 4134 3051 4188 in
3083 4139 3373 4205 peccatum,
3400 4140 3481 4180 nec
3501 4136 3594 4175 san-

2089 4222 2492 4278 ctimonialibus
2521 4225 2811 4294 proveniat
2845 4225 2899 4279 in
2947 4223 3383 4281 murmurationis
3415 4220 3594 4286 lapsum-

2092 4313 2214 4369 Sint
2267 4330 2484 4384 quoque
2531 4316 2613 4371 eis
2651 4317 2706 4369 in
2760 4315 3055 4371 refectorio
3100 4317 3344 4378 convivae,
3392 4317 3599 4379 quatenus

2092 4403 2596 4460 sanctimonialibus
2632 4404 2887 4460 alimenta
2936 4407 3161 4462 uberius
3201 4402 3594 4460 administrentur.

2090 4505 2147 4550 et
2183 4511 2303 4565 quze
2332 4494 2474 4550 forte
2518 4496 2697 4552 minus
2724 4497 3023 4562 habentur,
3064 4497 3281 4568 aequiori
3308 4494 3466 4548 animo
3490 4499 3597 4542 coni—

2092 4587 2335 4641 muniter
2374 4589 2694 4643 tolerentur.
2743 4589 3009 4657 Quoniam
3052 4591 3097 4645 si
3127 4603 3308 4644 carum
3346 4583 3596 4640 societatem

2091 4691 2387 4747 curamque
2406 4678 2878 4749 parvipendentes,
2907 4680 3164 4735 lautiores
3196 4677 3294 4733 sibi
3314 4674 3445 4731 cibos
3464 4667 3598 4740 νήπι’

2092 4770 2188 4823 tim
2218 4770 2364 4825 domi
2406 4773 2849 4841 prteparaverint,
2893 4783 3118 4845 excepta
3144 4786 3301 4828 causa
3329 4759 3598 4824 inﬁrmitatis

2090 4868 2182 4911 aut
2204 4859 2499 4927 hospitum,
2531 4860 2716 4931 procul
2746 4862 2909 4917 dubio
2939 4862 2990 4915 in
3018 4858 3357 4917 detractionis
3382 4862 3461 4911 aut
3488 4860 3599 4905 mnf-

2090 4950 2412 5004 murationis
2433 4965 2630 5005 noxam
2655 4950 2755 5007 sibi
2784 4952 3027 5007 subditas
3048 4964 3297 5008 corruere
3317 4941 3596 5014 compelle“-

2089 5040 2229 5094 Dent
2258 5042 2426 5096 etiam
2465 5044 2546 5098 eis
2592 5045 2749 5099 annis
2796 5045 3020 5117 singulis
3067 5045 3242 5100 lanam
3294 5050 3345 5098 et
3390 5039 3548 5097 linum.
3576 5042 3600 5084 θ

2090 5130 2287 5199 quibus
2324 5130 2425 5187 sibi
2466 5131 2758 5187 conﬁciant
2813 5134 3120 5190 necessaria
3163 5132 3484 5189 indumenta,
3530 5135 3599 5176 εἰσ

2090 5219 2264 5289 “Diis
2304 5220 2534 5277 inﬁrrnis
2573 5229 2629 5276 et
2671 5222 2964 5287 debilibus,
3014 5237 3136 5293 quae
3164 5228 3373 5294 propter
3407 5208 3599 5285 θοι-νοτὶς

2090 5309 2581 5366 incommoditatem
2609 5312 2726 5369 haec
2754 5314 2857 5369 sibi
2886 5313 3152 5369 conﬁcere
3183 5315 3452 5382 nequeunt,
3470 5314 3515 5360 et
3536 5299 3598 5354 his

2091 5413 2211 5468 quze
2251 5398 2386 5455 nihil
2423 5402 2701 5470 proprium
2741 5403 2944 5459 habere
2971 5402 3161 5467 velint,
3208 5401 3388 5471 quibus
3433 5387 3591 5450 miseri

2090 5489 2327 5545 corditer
2356 5490 2611 5545 studeant
2642 5492 2950 5549 necessaria
2976 5504 3203 5562 queque
3224 5490 3459 5561 praebere.
3482 5479 3599 5536 Elec-

2090 5596 2441 5653 mosynarurn
2480 5598 2608 5640 vero
2635 5584 2938 5641 oblationes
2965 5583 3242 5656 aequaliter
3268 5577 3515 5649 accipiant-

2014 4366 2067 4426 D
