3890 6180
273 208 380 265 965

876 317 1102 376 CAPUT
1128 314 1269 371 XIV.

347 422 504 478 Sicut
546 432 609 473 ea
642 429 762 484 qua:
797 410 1048 481 superius
1084 406 1365 476 praemissa
1404 407 1531 457 sunt
1571 396 1860 456 abbatissis

271 513 346 569 ob
386 506 744 564 necessitates
788 512 1076 570 corporum
1107 493 1464 564 impendenda
1499 498 1625 546 sunt
1663 487 1862 544 sancti-

273 597 620 658 monialibus,
652 594 728 647 ita
758 603 979 645 necesse
1005 594 1089 642 est
1115 594 1175 640 ut
1210 585 1264 639 in
1298 598 1428 655 agro
1460 580 1720 636 mentium
1757 578 1862 634 sibi

274 687 618 744 subditarum
656 682 910 738 studeant
939 678 1184 749 plantare
1223 667 1548 730 documenta
1575 671 1860 734 virtutum,

275 794 446 847 seque
471 777 525 830 in
548 774 801 830 omnibus
832 771 958 836 illis,
989 769 1118 832 vita,
1159 767 1424 830 moribus,
1454 773 1602 828 actu,
1642 761 1856 825 habitu,

275 875 397 944 ipso
441 869 604 924 etiam
636 868 852 922 incessu
889 858 1445 932 irreprebensibiliter
1478 855 1708 910 vivendo
1743 854 1865 908 imi—

277 962 472 1018 tabiles
508 958 824 1022 exhibeant,
864 970 932 1010 ne
973 968 1074 1024 per
1095 965 1282 1006 earum
1320 947 1566 1017 exempla
1594 945 1850 1017 perversi-

278 1065 451 1110 tatum
507 1053 562 1107 in
615 1051 827 1118 lapsum
882 1053 1174 1102 occurrant
1227 1044 1569 1114 voraginum.
1625 1042 1866 1096 Doceant

277 1163 411 1217 ergo
449 1161 542 1200 eas
588 1140 822 1213 qualiter
877 1138 1048 1192 vitent
1080 1135 1410 1206 superbiam,
1443 1149 1562 1203 qua:
1588 1134 1740 1188 radix
1781 1140 1866 1186 est

276 1235 520 1290 omnium
564 1230 850 1295 malorum,
887 1225 1190 1291 avaritiam,
1230 1223 1508 1289 invidiam,
1542 1223 1746 1288 odium,
1780 1223 1868 1277 de-

280 1324 626 1384 tractionem,
651 1315 1102 1378 susurrationem,
1132 1312 1638 1375 murmurationem,
1663 1310 1867 1366 scurri-

280 1413 462 1468 litates
489 1453 504 1477 ,
540 1409 909 1480 hilinguitates
935 1446 950 1470 ,
1015 1403 1379 1458 dissensiones
1401 1441 1416 1466 ,
1467 1399 1860 1462 simulationes,

279 1519 449 1558 vanas
490 1501 782 1555 verborum
827 1493 1322 1556 confabulationes,
1364 1500 1419 1546 et
1451 1498 1647 1544 caetera
1684 1489 1769 1543 his
1794 1487 1869 1542 si-

278 1593 453 1658 milia,
481 1605 600 1661 quae
623 1603 749 1644 suos
779 1593 1080 1641 sectatores
1117 1583 1184 1636 ad
1219 1581 1495 1636 interitum
1519 1578 1862 1650 pertrahunt.

758 196 1042 254 REGULA
1083 187 1714 250 SANCTIMONIALIUM
1749 187 1837 243 AB
1887 183 2245 243 AMAIARIO
2284 182 2663 240 COLLECTA.
2705 211 2775 222 -—-
2814 181 2941 236 LIB.
2982 182 3043 236 ll.

1885 306 1938 367 Α
1963 313 2011 358 et
2041 303 2254 357 dabitur
2297 301 2473 365 vobis;
2521 301 2774 371 quwrite,
2819 309 2868 352 et
2903 298 3203 364 invenietis;
3243 301 3448 370 pulsate
3491 311 3540 355 et

3429 182 3532 236 966

1965 396 2232 467 aperietur
2252 395 2395 448 vobis
2425 391 2641 464 (Matth.
2668 390 2786 463 vn).
2819 388 2925 444 Sed
2955 391 2998 444 si
3030 389 3184 445 nobis
3202 391 3544 460 pulsantibus

1962 487 2163 558 aperiri
2189 488 2465 556 gestimus,
2491 491 2704 554 oportet
2729 491 2789 536 ut
2812 483 3039 537 Domino
3059 483 3124 536 ad
3152 498 3250 538 nos
3275 483 3536 549 venienti,

1960 588 2016 633 et
2042 579 2239 633 ostium
2279 577 2540 631 mentium
2575 583 2881 630 nostrarum
2912 573 3144 643 pulsanti
3164 614 3179 638 ,
3226 575 3430 629 aditum
3459 576 3534 630 di-

1963 686 2124 741 gnum
2147 670 2467 739 pandamus,
2483 677 2542 721 ut
2557 667 2842 738 impleatur
2867 665 2994 722 illud
3021 684 3035 720 :
3067 664 3126 722 Si
3140 668 3254 737 quis
3276 667 3536 738 aperuerit

1962 760 2111 823 mihi,
2159 758 2366 813 intrabo
2404 758 2474 812 ad
2517 757 2692 823 illum,
2733 767 2780 812 et
2807 759 3018 812 caenabo
3053 774 3172 812 cum
3201 757 3315 824 illo,
3348 767 3395 812 et
3436 759 3545 830 ipse

1963 867 2164 905 mecum
2192 851 2374 922 (Apoc.
2392 849 2497 919 ιιι).
2525 849 2659 917 Quia
2688 866 2817 922 ergo
2842 858 3053 906 constat
3075 836 3394 908 assiduitate
3417 867 3541 905 ora-

1965 941 2172 996 tionum
2215 941 2590 994 remissionem
2619 940 2844 1009 adipisci
2885 955 3044 1010 posse
3074 949 3418 1010 peccatorum
3443 981 3458 1005 ,
3498 942 3545 995 si

1965 1039 2144 1086 tamen
2169 1029 2310 1083 labia
2342 1029 2489 1083 cordi
2527 1046 2632 1083 non
2665 1031 3110 1101 discrepaverint,
3145 1031 3395 1086 studeant
3421 1048 3546 1087 san-

1965 1120 2301 1177 ctimoniales
2331 1129 2566 1175 mentem
2595 1121 2771 1176 noxiis
2806 1122 3226 1192 cogitationibus
3257 1122 3543 1186 mundare,

1966 1221 2021 1268 et
2047 1213 2217 1267 Deum
2247 1211 2450 1283 jugiter
2475 1212 2683 1266 orando
2711 1212 2927 1282 placare
2961 1231 2974 1266 :
3008 1214 3240 1270 scientes
3262 1215 3386 1285 quia
3417 1223 3547 1269 tunc

1967 1319 2120 1358 mens
2146 1303 2284 1357 bene
2316 1304 2481 1357 Deum
2507 1303 2714 1370 orando
2737 1304 3154 1373 contemplatur,
3178 1305 3395 1373 quando
3421 1306 3544 1358 nul-

1966 1392 2034 1447 lis
2067 1401 2403 1447 terrenarum
2442 1408 2621 1446 rcrum
2653 1393 2817 1456 curis,
2859 1401 2954 1448 aut
2987 1394 3242 1449 vitiorum
3280 1396 3548 1451 illecebris

1971 1484 2298 1553 implicatur.
2340 1484 2627 1551 Quoniam,
2676 1492 2736 1539 ut
2769 1486 2846 1539 ait
2873 1485 3144 1551 Isidorus,
3186 1503 3406 1544 necesse
3443 1498 3546 1554 est,

1968 1590 2030 1632 ut
2057 1594 2178 1632 cum
2217 1578 2282 1632 ad
2327 1579 2664 1649 impetranda
2695 1583 3009 1637 muneribus
3050 1581 3303 1654 suffragia
3347 1585 3551 1640 assisti-

276 1683 640 1740 Curiositates
670 1680 834 1736 etiam
877 1676 1231 1731 nihilominus
1257 1675 1463 1737 vitent,
1491 1671 1686 1740 quibus
1712 1669 1865 1725 femi-
1891 1673 1940 1733 Β
1972 1675 2080 1733 tur,
2109 1669 2306 1722 munda
2333 1667 2672 1738 simplexque
2695 1670 2839 1724 acies
2863 1671 3041 1726 cordis
3065 1671 3132 1727 ad
3161 1673 3448 1729 Dominum
3473 1675 3550 1730 di-

278 1787 418 1828 neus
451 1787 613 1826 sexus
635 1769 978 1838 potissimum
1001 1764 1327 1834 implicatur.
1364 1760 1600 1815 Deﬂeant
1623 1760 1863 1829 propria,

276 1863 454 1918 aliena
503 1860 719 1916 curiose
775 1874 881 1912 non
928 1857 1290 1926 interrogent,
1342 1852 1680 1907 attendentes
1734 1851 1866 1906 illud

278 1952 597 2023 Hieronymi
624 1969 636 2004 :
671 1948 902 2013 Sullicit,
930 1947 1125 2016 inquit,
1157 1945 1448 2014 unicuique
1470 1959 1565 1999 sua
1587 1944 1864 2014 plangere,

281 2059 394 2100 non
435 2043 613 2096 aliena
643 2055 887 2109 carpere.
935 2039 1210 2092 lnstruant
1235 2035 1402 2090 etiam
1430 2050 1525 2090 eas
1562 2037 1628 2091 ad
1656 2043 1869 2090 sectan-

278 2136 380 2190 das
403 2134 672 2188 bonorum
700 2146 923 2202 Operum
955 2130 1206 2192 virtutes,
1236 2128 1488 2182 videlicet
1514 2127 1862 2191 charitatem,

281 2225 676 2289 humilitatem,
708 2220 1023 2291 patientiam
1045 2260 1059 2284 ,
1091 2218 1416 2281 castitatem,
1451 2216 1863 2280 continentiam,

280 2318 657 2380 sobrietatem,
693 2313 1084 2382 benignitatem
1114 2351 1128 2376 ,
1183 2310 1568 2374 obedientiam,
1616 2321 1868 2362 mansue-

281 2408 548 2472 tudinem,
595 2413 648 2460 et
699 2411 924 2458 caeteras
968 2401 1196 2455 virtutes
1237 2401 1432 2469 quibus
1463 2399 1674 2452 animus
1712 2397 1879 2452 Chri-

280 2499 494 2556 stianus
523 2495 590 2550 ad
630 2503 888 2550 teternam
918 2492 1152 2562 patriam
1207 2492 1430 2545 tendens
1463 2489 1666 2560 jugiter
1693 2489 1865 2542 famu—

282 2590 388 2644 lari
411 2589 586 2644 debet.
616 2587 940 2642 Provideant
968 2585 1132 2640 etiam
1161 2593 1221 2638 ιιι
1245 2585 1356 2638 οιίο
1384 2597 1578 2637 vacare
1606 2597 1712 2636 non
1744 2596 1868 2651 pos-

283 2683 414 2745 sint,
453 2679 546 2735 sed
584 2679 762 2750 potius
787 2686 880 2732 aut
906 2677 1170 2742 orationi,
1211 2686 1305 2730 aut
1342 2675 1595 2740 lectioni,
1633 2683 1727 2729 aut
1753 2689 1868 2728 ma-

290 2788 460 2826 nuum
485 2771 786 2842 operationi
821 2769 1096 2834 insistant,
1136 2775 1229 2822 aut
1261 2776 1408 2822 certe
1437 2767 1635 2822 divinis
1674 2767 1866 2820 lectio-

285 2863 449 2918 nibus
463 2878 647 2918 aurem
661 2859 1470 2930 accommodent,quatenussibi
1485 2858 1713 2914 subditis
1724 2858 1866 2913 hanc

285 2953 557 3026 geminam
605 2953 902 3023 pastionem
950 2953 1270 3016 tribuentes,
1305 2966 1423 3021 quae
1459 2951 1694 3006 cavenda
1739 2960 1865 3005 sunt

284 3045 484 3110 vitare,
508 3061 699 3114 quaeve
723 3043 967 3100 facienda
993 3044 1190 3100 sectari
1219 3058 1313 3097 eas
1339 3043 1616 3107 docentes,
1655 3058 1760 3096 non
1797 3042 1863 3096 de
1891 3021 1934 3083 (ἶ

285 3133 514 3199 infideli,
561 3142 616 3188 et
656 3134 946 3205 negligenti
994 3134 1461 3189 administratione
1491 3133 1864 3199 condemnari,

287 3222 384 3278 sed
413 3223 592 3293 potius
615 3223 681 3277 de
706 3223 846 3278 fideli
870 3238 901 3276 a
925 3223 1152 3278 Domino
1187 3232 1498 3277 mereantur
1523 3222 1754 3276 feliciter
1783 3239 1868 3277 re—

288 3316 586 3370 munerari.
628 3314 937 3370 Meminisse
981 3315 1163 3383 itaque
1199 3323 1253 3369 et
1291 3323 1414 3369 ante
1452 3314 1638 3368 oculos
1666 3329 1867 3384 ponere

287 3422 384 3462 eas
414 3413 646 3476 oportet,
676 3405 822 3474 quod
848 3406 913 3459 de
948 3402 1050 3458 sibi
1077 3404 1382 3459 commissis
1416 3404 1642 3459 Domino
1680 3403 1868 3474 procul

288 3497 456 3553 dubio
483 3497 770 3552 redditum
796 3503 919 3550 sunt
941 3495 1199 3551 rationes.

888 3584 1113 3642 CAPUT
1150 3585 1266 3641 XV.

360 3679 584 3751 Oportet
612 3688 690 3745 ut,
721 3688 932 3735 remoto
975 3679 1138 3734 totius
1167 3679 1534 3734 excusationis
1565 3679 1865 3746 obstaculo,

288 3770 540 3840 expedite
559 3777 720 3838 atque
741 3770 968 3823 honeste
989 3768 1426 3823 sanctimoniales
1450 3768 1543 3823 Dei
1567 3783 1870 3837 exsequan-

289 3869 384 3914 tur
418 3859 776 3914 ministerium
798 3898 812 3919 .
855 3858 1031 3928 sitque
1055 3872 1242 3912 earum
1281 3856 1693 3927 vigilantissima
1735 3871 1869 3911 cura

291 3961 356 4006 ut
379 3951 446 4004 ad
475 3950 637 4006 horas
661 3950 970 4015 canon‘icas,
998 3962 1121 4003 mox
1149 3958 1208 4002 ut
1236 3948 1446 4017 signum
1475 3948 1659 4002 datum
1682 3947 1867 4013 fuerit,

293 4041 527 4112 impigre
562 4049 886 4104 occurrant,
930 4039 1322 4108 ecclesiamque
1370 4053 1492 4093 cum
1542 4038 1636 4092 Dei
1678 4039 1870 4093 timore

293 4141 353 4186 et
370 4130 671 4186 reverentia
693 4130 1080 4200 ingredientes,
1097 4129 1294 4182 divinae
1307 4127 1562 4197 potentia:
1588 4127 1869 4182 famulatui

295 4221 699 4290 religiosissime
738 4221 1050 4275 inserviant.
1107 4218 1345 4288 illudque
1389 4234 1602 4288 semper
1637 4228 1871 4274 caveant

294 4311 435 4364 utin
471 4311 630 4364 domo
659 4310 752 4363 Dei
779 4309 912 4362 nihil
939 4309 1294 4362 inhonestatis
1317 4307 1508 4370 corde,
1538 4318 1632 4362 aut
1653 4309 1866 4378 lingua,

292 4403 384 4458 vel
415 4418 578 4472 opere
605 4409 944 4472 perpetrent,
983 4400 1074 4454 sed
1099 4399 1278 4467 potius
1318 4407 1409 4452 aut
1437 4408 1626 4463 orent,
1672 4410 1764 4453 aut
1790 4400 1870 4454 le-

294 4503 446 4564 gant,
497 4502 592 4548 aut
635 4494 876 4546 audiant.
920 4491 976 4546 Si
1017 4505 1143 4545 vero
1183 4489 1347 4543 fuerit
1387 4490 1586 4558 aliqua,
1635 4493 1874 4561 exceptis

298 4588 386 4641 his
418 4601 546 4657 qua;
577 4594 670 4640 aut
711 4586 941 4654 quadam
988 4582 1429 4639 incommoditate
1475 4585 1741 4652 corporis,
1782 4593 1874 4638 aut

295 4677 608 4731 obedientia
647 4677 748 4731 sibi
793 4677 1026 4747 injuncta
1059 4676 1406 4738 detinentur,
1453 4689 1573 4742 qua:
1619 4674 1871 4743 praefatas

299 4768 466 4822 horas
510 4770 796 4822 canonicas
842 4767 1207 4837 frequentare,
1256 4765 1649 4837 diligenterque
1688 4773 1870 4820 custo-

295 4864 452 4926 dire,
495 4871 548 4916 et
590 4863 641 4915 in
683 4862 800 4926 his,
831 4870 890 4914 ut
917 4861 1135 4932 dignum
1167 4869 1283 4924 est,
1324 4859 1543 4915 cmleste
1583 4856 1878 4927 neglexerit

293 4951 538 5008 olliciutn
584 4951 921 5020 persolvere,
975 4951 1131 5021 digna
1170 4951 1473 5005 invectione
1527 4950 1898 5020 corripiatur.,

295 5044 566 5100 Custodes
609 5057 840 5111 namque
888 5040 1128 5096 ecclesiae
1167 5040 1356 5093 barum
1399 5041 1653 5094 horarum
1705 5040 1877 5109 spatia

295 5139 445 5193 bene
471 5136 680 5201 norint,
713 5144 773 5188 ut
798 5135 1006 5189 scilicet
1034 5133 1185 5203 signa
1211 5133 1376 5188 certis
1406 5133 1734 5199 temporibus
1757 5131 1874 5199 pul-

298 5236 450 5292 sent,
479 5226 673 5296 quibus
711 5226 876 5281 etiam
913 5225 984 5279 sit
1019 5223 1182 5280 studii
1222 5231 1281 5277 ut
1318 5222 1449 5277 nihil
1487 5223 1551 5276 de
1586 5223 1686 5276 sibi
1730 5236 1877 5275 com-

299 5317 492 5375 missis
516 5317 678 5372 rebus
701 5315 944 5371 ecclesiae
967 5321 1175 5384 pereat.

891 5428 1116 5486 CAPUT
1153 5428 1289 5482 XVI.

383 5524 462 5580 Ad
483 5523 814 5595 tmploranda
839 5523 1030 5580 divinae
1051 5520 1269 5592 pietatis
1295 5517 1503 5581 solatia,
1529 5517 1641 5569 hzec
1666 5515 1878 5569 Domini

305 5625 476 5677 verba
507 5619 800 5690 petentium
833 5618 1069 5674 animum
1097 5613 1390 5669 informant
1426 5627 1437 5662 :
1477 5608 1661 5674 Petito,
1686 5607 1876 5677 inquit,

1896 4359 1950 4420 D

1967 1760 2175 1830 rigatur
2207 1775 2222 1813 :
2255 1769 2522 1829 quatenus
2566 1762 2694 1818 illuc
2728 1764 2998 1832 dirigatur
3039 1765 3382 1834 deprecantis
3424 1783 3550 1822 ora-

1969 1853 2065 1917 tio,
2097 1867 2205 1922 quo
2245 1853 2515 1924 Propheta
2544 1868 2697 1908 suam
2723 1855 2884 1926 dirigi
2913 1857 3137 1926 optabat
3174 1858 3358 1912 dicens
3395 1876 3408 1912 :
3456 1858 3549 1912 Di-

1969 1943 2171 2013 rigatur
2198 1944 2368 1998 oratio
2400 1961 2518 1998 mea
2556 1945 2690 1998 sicut
2727 1946 2996 2000 incensum
3037 1948 3090 2001 in
3117 1957 3390 2017 conspectu
3432 1958 3548 2014 tuo,

1966 2036 2190 2090 Domine
2233 2034 2406 2106 (Psal.
2445 2036 2588 2113 CXL).
2631 2036 2821 2092 Oratio
2859 2053 3122 2108 namque,
3166 2048 3226 2094 ut
3254 2041 3331 2094 ait
3358 2040 3550 2096 beatus

1967 2123 2284 2194 Gregorius,
2336 2127 2517 2181 cordis
2555 2126 2717 2182 debet
2761 2142 2896 2193 esse,
2939 2143 3046 2183 non
3083 2129 3373 2196 labiorum,
3421 2132 3548 2201 quia

1966 2228 2312 2285 nequaquam
2353 2215 2496 2271 Deus
2541 2217 2706 2271 verba
2743 2217 3084 2287 deprecantis
3127 2218 3395 2283 intendit,
3451 2220 3546 2274 sed

1966 2306 2174 2361 orantis
2196 2321 2292 2362 cor
2321 2307 2534 2377 aspicit.

2543 2397 2770 2455 CAPUT
2799 2399 2959 2456 XVII.

2038 2485 2374 2556 Vespertinis
2410 2486 2600 2544 ofﬁciis
2627 2489 2977 2545 devotissimo
3018 2490 3279 2562 obsequio
3309 2493 3552 2548 celebra—

1965 2577 2056 2644 tis,
2087 2586 2143 2632 et
2169 2577 2454 2634 collatione
2478 2580 2780 2634 divinarum
2799 2581 3204 2652 Scripturarum
3236 2584 3551 2639 solenmiter

1968 2672 2172 2737 habita,
2220 2672 2345 2727 dato
2389 2673 2544 2744 signo
2590 2675 2656 2729 ad
2688 2675 3098 2746 completorium
3142 2679 3546 2744 celebrandum,

1966 2763 2407 2818 sanctimoniales
2446 2765 2654 2834 pariter
2697 2767 3046 2823 devotissime
3088 2779 3397 2824 occurrant.
3431 2769 3551 2837 Quo

1966 2857 2202 2927 expleto,
2232 2873 2339 2912 non
2369 2859 2436 2911 ad
2459 2859 2783 2928 epulandum
2824 2870 2880 2916 et
2907 2861 3222 2929 bibendum,
3258 2871 3313 2919 et
3361 2880 3553 2934 super-

1967 2949 2155 3004 vacuis
2197 2949 2426 3020 loquelis
2469 2952 2780 3006 instandum
2826 2967 2886 3008 se
2935 2943 3276 3020 convertant,
3327 2955 3422 3009 sed
3467 2955 3554 3010 his

1967 3041 2287 3109 postpositis
2326 3041 2552 3096 honeste
2601 3043 2977 3098 dormitorium
3022 3052 3230 3114 petant.
3279 3044 3552 3100 Caveatur

1968 3131 2134 3185 etiam
2168 3132 2236 3185 ab
2266 3131 2376 3186 illis
2405 3141 2466 3187 ut
2511 3134 2646 3188 nihil
2693 3134 3038 3190 inhonestum
3083 3144 3176 3190 aut
3212 3137 3467 3192 indecens
3499 3138 3553 3191 in

1969 3223 2285 3277 dormitorio
2313 3234 2568 3294 geratur,
2609 3241 2710 3280 nec
2741 3226 2977 3296 aliquam
3015 3228 3321 3298 inquietare
3351 3245 3555 3299 praesu-

1969 3324 2102 3379 mat,
2135 3329 2236 3368 nec
2265 3315 2333 3368 ad
2373 3315 2537 3369 verba
2565 3316 2774 3371 inutilia
2799 3325 2853 3372 et
2883 3319 3058 3372 otiosa
3078 3333 3432 3387 prorumpere
3458 3335 3553 3374 co-

1968 3417 2078 3479 gat.
2126 3407 2318 3477 Siqua
2363 3423 2492 3462 vero
2527 3408 2577 3461 id
2613 3407 2825 3474 fecerit,
2866 3409 3210 3465 severissima
3250 3411 3556 3466 invectione

1969 3498 2315 3568 corripiatur.
2391 3496 2634 3552 Lucerna
2692 3513 2907 3568 quoque
2968 3499 3146 3554 noctis
3203 3506 3446 3569 tempore
3500 3499 3555 3554 in

1966 3588 2157 3643 eodem
2184 3587 2502 3642 dormitorio
2520 3587 2724 3658 jugiter
2746 3588 2954 3642 ardeat.

2540 3678 2770 3734 CAPUT
2800 3678 2980 3734 XVIII.

2043 3767 2382 3825 Studendum
2422 3770 2710 3841 vigilanter
2750 3770 3039 3825 abbatissis
3083 3779 3169 3826 est
3211 3779 3271 3826 ut
3319 3771 3557 3826 subdita-

1971 3875 2088 3914 rum
2103 3859 2233 3913 vitia
2257 3860 2563 3915 nullatenus
2578 3861 2942 3926 dissimulent,
2960 3861 3053 3916 sed
3074 3877 3197 3917 mox
3214 3869 3275 3916 ut
3294 3861 3426 3916 oriri
3445 3875 3554 3916 cce-

1969 3949 2169 4020 pcrint,
2215 3965 2278 4004 ea
2309 3949 2571 4006 radicitus
2599 3951 2856 4018 evellant,
2898 3968 2963 4006 ne
3004 3968 3101 4022 per
3135 3967 3320 4007 carum
3348 3953 3556 4007 scilicet

1971 4043 2234 4099 desidiam
2281 4052 2441 4113 atque
2502 4043 2769 4098 incuriam
2833 4045 3027 4099 anima:
3079 4043 3292 4096 illarum
3346 4043 3555 4112 laqueis

1973 4134 2290 4189 irrctiantur
2326 4135 2542 4214 diaboli.
2575 4134 2789 4200 Quanto
2815 4137 2957 4188 enim
3002 4135 3146 4189 idem
3193 4151 3356 4189 sexus
3396 4135 3555 4207 fragi-

1973 4224 2076 4280 lior
2109 4240 2230 4279 esse
2281 4225 2633 4294 dignoscitur,
2691 4232 2840 4278 tanto
2896 4240 3117 4278 necesse
3159 4233 3244 4278 est
3293 4223 3554 4292 majorem

1974 4330 2103 4386 erga
2145 4330 2267 4368 eum
2313 4315 2614 4369 custodiam
2662 4315 2928 4369 adhiberi.
2966 4313 3153 4369 Modus
3196 4330 3325 4371 vero
3373 4330 3556 4369 corrc-

1977 4407 2174 4479 ptionis
2213 4408 2356 4462 circa
2402 4407 2778 4478 delinquentes
2828 4408 3288 4474 sanctimoniales,
3339 4409 3556 4463 omissis

1978 4500 2063 4555 liis
2100 4515 2331 4569 quarum
2363 4497 2558 4563 latera,
2593 4497 2750 4566 juxta
2797 4497 3138 4553 Salomonem
3171 4497 3359 4570 (Eccli.
3401 4498 3553 4567 xxx),

1978 4607 2045 4646 ne
2078 4593 2462 4656 indurescant,
2500 4590 2663 4661 virgis
2697 4593 2965 4645 tundenda
3015 4599 3178 4656 sunt,
3229 4593 3327 4646 iste
3357 4591 3556 4646 obnixe

1979 4682 2048 4736 ab
2085 4681 2377 4736 abbatissis
2423 4688 2688 4736 teneatur.
2737 4679 2796 4735 Si
2825 4681 3004 4750 aliqua
3049 4682 3101 4735 in
3131 4685 3553 4753 congregatione

1979 4771 2472 4826 sanctimonialium
2519 4770 2683 4825 horas
2732 4770 3021 4824 canonicas
3075 4770 3421 4839 frequentare
3461 4789 3557 4827 ne—

1976 4865 2224 4938 glexerit,
2258 4872 2313 4919 et
2341 4879 2477 4936 opus
2509 4863 2607 4918 Dei
2637 4861 2971 4933 negligenter
2999 4871 3252 4916 exsecuta
3280 4862 3461 4929 fuerit,
3489 4865 3555 4918 ad

1977 4957 2317 5011 collationem
2352 4956 2536 5010 venire
2574 4953 2865 5020 distulerit,
2907 4954 3271 5008 obedientiam
3320 4954 3424 5008 sibi
3477 4955 3554 5007 iu-

1971 5050 2216 5120 junctam
2258 5064 2418 5118 agere
2461 5046 2818 5113 recusaverit,
2871 5046 2925 5099 in
2971 5046 3242 5102 discendis
3285 5047 3548 5102 bonorum

1979 5155 2202 5208 Operutu
2233 5139 2610 5193 instrumentis
2639 5137 2796 5206 juxta
2833 5137 2977 5192 vires
3004 5153 3227 5208 operam
3255 5154 3360 5192 non
3391 5137 3554 5191 dede-
3606 5197 3610 5200 ,

1983 5231 2074 5296 rit,
2123 5230 2175 5283 in
2214 5229 2531 5284 dormitorio
2573 5229 2774 5297 aliquid
2807 5227 3065 5284 indecens
3088 5236 3182 5281 aut
3207 5227 3550 5282 inhonestum

1983 5325 2162 5380 verbis
2187 5333 2278 5379 aut
2313 5324 2518 5378 actibus
2552 5324 2962 5394 perpetraverit,
2993 5323 3120 5377 alibi
3153 5335 3315 5390 quam
3348 5321 3400 5375 in
3426 5319 3551 5374 dor-

1985 5417 2200 5473 mitorio
2239 5418 2443 5486 absque
2477 5431 2640 5470 causa
2685 5414 2979 5469 inevitabili
3011 5412 3248 5468 dormire
3291 5426 3550 5481 praesum—

1982 5513 2184 5583 pscrit,
2214 5508 2490 5565 sororibus
2525 5508 2810 5562 charitatis
2844 5505 3026 5559 ofﬁcio
3064 5503 3265 5558 servire
3297 5503 3548 5573 neglexe-

1985 5605 2084 5668 rit;
2134 5603 2246 5668 irae,
2280 5599 2620 5668 detractioni,
2663 5595 3022 5654 susurrationi
3052 5633 3065 5660 ,
3111 5591 3451 5656 scurrilitati,
3479 5590 3553 5647 bi-
