3890 6180
257 241 264 247 ’
312 241 443 320 '90?

1374 256 1776 312 AMALABIUS
1812 256 2226 314 PRESBYTER
2267 257 2628 315 METENSIS.

3513 269 3628 322 9-38

337 371 615 447 linguitati
638 411 656 438 ,
685 367 1021 428 verbositati,
1063 366 1408 430 dissensioni,
1448 367 1803 433 simulationi,
1832 384 1925 422 cu-
1953 378 1998 433 Α
2031 370 2187 424 nibus
2225 369 2425 424 bonum
2474 370 2578 424 sibi
2619 370 2850 425 subditis
2891 373 3199 444 exemplum
3231 376 3530 447 praebeant.
3564 379 3632 432 Si

340 460 574 519 riosimﬁ
622 459 887 526 vanisque
934 455 1221 509 verborum
1272 451 1802 511 confabulationibus
1852 457 1930 510 in-

338 554 635 616 servierit;
691 547 1020 604 discordiam
1082 545 1226 598 inter
1278 560 1496 601 sorores
1556 548 1927 612 seminaverit,

341 651 468 703 huic
497 641 825 701 institutioni
875 646 1164 694 contumax
1187 679 1202 702 ,
1245 645 1340 692 aut
1377 640 1627 707 superba,
1665 648 1758 693 aut
1786 656 1930 694 mur-

344 751 590 799 murans,
614 749 706 787 seu
739 733 790 785 in
818 730 1001 800 aliquo
1026 730 1300 785 contraria
1330 731 1621 795 exstiterit,
1651 740 1704 785 et
1734 741 1928 785 cmtera

341 822 651 894 hujusmodi
691 835 852 893 agere
884 821 1175 876 teutaverit
1204 839 1215 873 :
1255 821 1464 890 prituo,
1502 822 1799 876 secundum
1833 822 1932 875 Do-

340 913 470 966 mini
506 921 856 981 przeceptum,
892 926 1002 964 non
1033 909 1208 964 solum
1243 910 1433 974 semel,
1475 918 1530 963 et
1569 911 1827 976 secundo,
1867 927 1932 965 ac

341 1003 525 1064 tertio,
559 1003 688 1072 quin
717 1002 882 1056 etiam
905 1001 1154 1056 crebrius
1177 1000 1552 1063 admoneatur,
1583 1011 1638 1055 et
1657 1002 1700 1054 si
1727 1002 1809 1055 his
1837 1003 1930 1056 ad—

339 1093 730 1147 monitionibus
777 1108 884 1146 non
942 1092 1220 1160 paruerit,
1276 1091 1492 1158 publica
1551 1091 1932 1160 objurgatione

338 1183 688 1253 corripiatur.
729 1183 882 1250 Quod
933 1183 977 1237 si
1017 1191 1070 1235 et
1113 1182 1240 1235 huic
1278 1182 1456 1236 renisa
1507 1181 1686 1246 fuerit,
1721 1185 1932 1238 ereteris

336 1275 612 1329 alimentis
639 1275 739 1328 sibi
764 1273 1086 1334 interdictis,
1125 1287 1267 1341 pane
1303 1280 1512 1326 tantum
1549 1288 1716 1341 usque
1754 1275 1820 1326 ad
1854 1274 1933 1327 di—

335 1381 496 1438 gnam
536 1366 870 1436 poenitentiae
909 1364 1333 1418 satisfactionem
1375 1371 1559 1417 utatur
1596 1372 1649 1417 et
1679 1379 1838 1432 aqua.
1874 1364 1931 1418 Si

336 1473 464 1513 vero
502 1473 602 1512 nec
631 1459 710 1512 sic
744 1473 802 1512 se
841 1455 1159 1518 correxerit,
1195 1463 1480 1524 separetur
1509 1470 1539 1508 a
1572 1471 1778 1519 mensa,
1818 1466 1873 1510 et
1901 1472 1930 1509 a

335 1558 656 1605 eteterarum
679 1548 1176 1604 sanctimonialium
1205 1547 1257 1599 iu
1283 1547 1452 1600 choro
1476 1546 1821 1617 psallentium
1848 1563 1934 1602 so-

337 1642 538 1697 cietate
559 1683 573 1706 ,
602 1651 656 1697 et
693 1655 937 1696 seorsum
969 1641 1023 1693 in
1055 1639 1174 1693 loco
1207 1639 1576 1709 hujuscemodi
1617 1640 1934 1710 negligenti-

2032 461 2246 529 quando
2274 467 2454 513 autem
2489 461 2570 514 eis
2595 461 2990 517 sermocinandi
3020 465 3323 519 necessitas
3365 466 3630 521 incubue—

2033 551 2123 612 rit,
2151 551 2304 620 juxta
2345 565 2508 619 supra
2549 557 2788 602 notatam
2836 553 3162 606 scntentiam
3200 554 3346 608 beati
3375 554 3635 621 Ctesarii,

2031 639 2291 693 adhibitis
2340 653 2524 692 secum
2578 639 3082 695 sanctimonialibus
3128 658 3263 711 quas
3295 651 3350 696 et
3385 653 3538 704 aetas,
3577 657 3643 699 et

2032 746 2242 783 morum
2276 729 2539 799 probitas,
2571 739 2625 783 et
2671 731 2796 784 vitzc
2853 731 3159 788 innocentia
3211 737 3640 800 commendant,

2034 819 2085 873 id
2111 819 2332 883 faciant,
2359 829 2412 872 et
2436 819 2577 888 quod
2607 819 3013 876 deliberandum
3038 834 3139 887 est,
3171 827 3464 892 prudenter
3490 828 3629 884 deli-

2031 911 2250 975 berent;
2281 920 2337 965 et
2384 912 2527 980 quod
2573 912 2999 980 disponendum,
3040 917 3246 970 utiliter
3288 919 3638 989 disponant:

2032 1003 2157 1071 quia
2187 1002 2230 1056 si
2258 1017 2445 1055 carum
2475 1001 2702 1056 consilio
2731 1014 2786 1056 et
2821 1007 3104 1073 praesentia
3144 1024 3253 1062 usa:
3285 1009 3487 1066 fuerint
3526 1053 3542 1076 ,
3577 1023 3644 1067 et

2031 1107 2273 1144 morsum
2326 1090 2681 1144 detractionis
2738 1091 2985 1146 vitabunt
3017 1135 3030 1157 ,
3071 1104 3127 1149 et
3163 1099 3473 1167 exemplum
3512 1099 3631 1154 sibi

2034 1185 2260 1238 subditis
2287 1183 2556 1238 salubrius
2602 1185 2938 1252 praebebunt.
2972 1185 3123 1241 Licet
3172 1189 3317 1242 enim
3364 1191 3645 1261 hujusce—

2035 1277 2178 1330 modi
2221 1276 2660 1330 sanctimoniales
2717 1276 2906 1330 talium
2956 1280 3292 1348 negotiorum
3332 1284 3644 1350 experien-

2036 1367 2164 1421 tiam
2197 1382 2301 1419 nou
2333 1365 2585 1429 habeant,
2618 1381 2802 1419 earum
2833 1375 3012 1420 tamen
3054 1371 3345 1437 praisentia
3378 1387 3642 1440 capaces

2034 1461 2160 1515 boui
2191 1459 2401 1514 consilii
2426 1459 2668 1529 castique
2703 1457 2856 1512 facta:
2885 1468 3029 1512 sunt.

2635 1550 2862 1606 CAPUT
2903 1551 3020 1606 XX.

2108 1638 2244 1706 Quia
2284 1639 2526 1694 virorum
2556 1636 2891 1709 frequentius
2918 1640 3353 1696 sanctimoniales
3390 1683 3405 1706 ,
3456 1641 3646 1710 juxta

341 1735 443 1789 bus
471 1735 540 1788 ab
576 1733 866 1788 abbatissis
892 1731 1194 1786 constituto
1224 1739 1368 1785 stare
1399 1739 1723 1799 cogatur,ut
1747 1733 1930 1786 statim
1962 1720 2006 1778 Β
2036 1731 2375 1800 superiorum
2419 1729 2636 1783 Patrum
2667 1732 2984 1796 sententias,
3043 1732 3253 1801 penitus
3296 1734 3468 1787 vitare
3534 1734 3650 1788 de.»

340 1825 537 1878 rubore
585 1822 1039 1892 sequestrationis
1097 1821 1434 1875 emendetur.
1494 1820 1552 1874 Si
1608 1830 1787 1874 autem
1844 1821 1928 1875 his

337 1911 513 1969 modis
540 1915 818 1970 admonita
842 1923 1005 1984 atque
1031 1914 1320 1983 castigata,
1349 1913 1735 1983 incorrigibilis
1755 1913 1930 1968 adlmc

334 2005 626 2069 exstiterit,
675 2019 936 2072 congrue,
985 2005 1030 2058 si
1064 2011 1246 2056 tamen
1277 2011 1410 2057 aetas
1438 2004 1770 2074 permiserit,
1807 2020 1928 2058 ver-

337 2099 528 2151 berum
556 2097 879 2150 adhibeatur
913 2095 1220 2165 castigatio.
1256 2094 1457 2148 Verum
1501 2094 1546 2148 si
1587 2094 1711 2149 talis
1741 2094 1926 2160 fuerit,

333 2204 496 2259 quam
519 2197 614 2242 aut
656 2197 806 2250 aetas,
840 2195 934 2242 aut
960 2188 1192 2256 qualitas
1223 2199 1470 2256 personae
1503 2187 1779 2243 verberari
1819 2205 1924 2243 non

336 2281 550 2345 siverit,
586 2281 702 2334 haec
739 2288 792 2334 et
830 2279 1042 2350 publica
1071 2278 1444 2349 objurgatione
1473 2319 1488 2344 ,
1521 2290 1575 2334 et
1595 2279 1924 2349 jejuniorum

339 2375 750 2428 continuatione
783 2414 796 2437 ,
848 2382 902 2426 et
976 2371 1426 2442 sequestrationis
1484 2372 1685 2427 rubore
1741 2373 1926 2427 tandiu

344 2463 711 2534 corripiatur,
759 2463 932 2519 donec
975 2463 1138 2533 digna
1189 2463 1523 2533 pmnitcntia:
1559 2461 1926 2519 satisfactione

338 2555 551 2610 veniam
589 2555 848 2625 consequi
877 2570 1038 2626 posse
1083 2556 1354 2610 videatur.
1405 2554 1462 2610 Si
1515 2556 1676 2627 igitur
1713 2571 1775 2610 ea
1805 2571 1926 2627 quae

333 2645 656 2717 flagellatur,
698 2657 752 2702 et
791 2660 853 2701 ea
883 2663 1044 2716 quam
1071 2646 1330 2716 ﬂagellari
1359 2655 1452 2701 aut
1477 2655 1630 2713 tetas,
1668 2655 1762 2702 aut
1791 2663 1926 2719 qua-

335 2740 460 2795 litas
498 2755 742 2811 persona:
787 2740 1054 2809 prohibet,
1107 2739 1504 2810 ineorrigibiles
1534 2740 1920 2809 apparuerint;

337 2832 408 2886 sit
437 2831 588 2886 locus
624 2832 766 2885 intra
803 2830 1038 2885 claustra
1066 2846 1173 2901 quo
1198 2833 1266 2884 ad
1291 2839 1506 2899 tempus
1532 2831 1883 2885 retrudantur
1903 2871 1919 2896 ,

335 2929 392 2976 et
439 2923 734 2976 secundum
787 2921 1004 2976 modum
1057 2922 1229 2991 culpw
1275 2924 1628 2990 castigentur.
1676 2922 1830 2990 Quod
1877 2925 1923 2978 si

338 3015 504 3070 etiam
551 3015 729 3084 aliqua
784 3014 839 3067 in
888 3021 1090 3068 tantam
1135 3014 1402 3068 insaniam
1446 3013 1756 3079 devenerit,
1802 3030 1922 3084 qua}

2031 1825 2216 1888 beant,
2247 1825 2380 1878 satis
2426 1823 2630 1894 liquido
2661 1833 2809 1893 patet
2841 1842 2853 1876 :
2886 1833 3054 1879 restat
3075 1834 3133 1878 ut
3159 1827 3470 1880 imminente
3510 1828 3650 1882 ine~

2029 1916 2236 1970 vitabili
2266 1916 2615 1980 necessitate,
2671 1916 2904 1986 qualiter
2938 1917 2988 1970 id
3021 1916 3200 1973 facere
3233 1917 3493 1981 debeant,
3540 1921 3651 1974 de-

2030 2016 2381 2062 monstretur.
2415 2007 2577 2062 Decet
2606 2023 2770 2077 porro
2800 2017 2860 2062 ut
2897 2008 3183 2063 abbatissae
3215 2019 3322 2064 tres
3355 2019 3446 2062 aut
3479 2026 3648 2080 qna-

2031 2095 2602 2154 tuor'sanctimoniales
2618 2099 2740 2152 vita:
2752 2099 3044 2169 probabilis
3059 2102 3408 2168 constituant,
3424 2117 3648 2157 coram

2029 2193 2225 2260 quibus
2277 2201 2487 2248 caetera:
2539 2194 3013 2258 sanctimoniales,
3061 2203 3155 2248 aut
3207 2211 3326 2250 cum
3374 2201 3648 2268 propriis

2029 2283 2209 2352 equis,
2239 2292 2334 2337 aut
2371 2299 2492 2338 eum
2533 2283 2768 2354 propriis
2815 2285 2986 2339 servis
3017 2299 3106 2339 res
3136 2285 3234 2340 sibi
3275 2292 3651 2345 necessarias

2028 2371 2419 2438 deferentibus,
2457 2382 2701 2442 tempore
2731 2374 3082 2442 competenti,
3121 2375 3175 2428 in
3219 2375 3332 2432 loco
3359 2376 3652 2435 videlicet

2027 2465 2094 2518 ad
2121 2465 2226 2520 hoc
2243 2466 2520 2538 negotium
2542 2467 2839 2522 constituto
2852 2467 3160 2538 loquantur,
3174 2478 3229 2524 et
3246 2469 3298 2524 id
3313 2471 3450 2539 quod
3467 2471 3654 2527 dela-

2027 2562 2141 2608 tum
2155 2553 2317 2610 fuerit
2329 2557 2613 2626 recipiant.
2634 2557 2704 2612 Ut
2718 2557 2964 2613 videlicet
2979 2559 3342 2630 hujuscemodi
3359 2560 3656 2617 confabu-

2026 2643 2156 2700 latio
2172 2646 2372 2701 nullam
2388 2648 2560 2717 possit
2582 2648 2634 2701 in
2650 2664 2920 2718 quoquam
2937 2648 3171 2704 sinistra:
3182 2650 3656 2719 opinionisaﬂ'er»

2029 2749 2086 2790 re
2103 2735 2484 2805 suspicionem.
2519 2735 2625 2791 Sed
2655 2745 2711 2791 et
2731 2745 2973 2808 tempore
2989 2754 3249 2794 novarum
3271 2739 3514 2809 frugum,
3537 2757 3656 2797 co-

2026 2843 2141 2881 ram
2169 2829 2481 2882 memoratis
2511 2815 3028 2895 sanctimonialibus,
3059 2831 3314 2900 quidquid
3348 2831 3430 2886 eis
3466 2837 3654 2889 reci-

2023 2919 2280 2990 piendum
2309 2928 2401 2973 aut
2439 2920 2842 2975 recondendum
2873 2932 2976 2986 est,
3003 2923 3285 2992 recipiant,
3325 2931 3381 2976 et
3426 2938 3654 2978 recon-

2026 3009 2173 3064 dant.
2206 3009 2469 3065 Similiter
2494 3026 2728 3081 quoque,
2761 3013 2976 3081 quando
3000 3013 3078 3067 eis
3110 3013 3163 3066 in
3194 3015 3424 3084 propriis
3454 3030 3651 3071 man-

334 3114 457 3176 post
490 3112 569 3159 tot
608 3075 992 3158 saluberrimas
1025 3103 1422 3159 admonitiones
1453 3113 1506 3159 et
1535 3075 1921 3176 castigationes
1949 3075 1993 3136 ς·
2027 3101 2286 3157 siunculis
2349 3101 2554 3172 aliquid
2602 3103 2781 3171 operis
2827 3104 3093 3174 agendum
3151 3114 3254 3169 est,
3308 3105 3450 3173 quod
3511 3123 3652 3164 non

339 3198 570 3252 necdum
601 3212 662 3252 se
705 3197 1028 3261 correxerit,
1065 3197 1384 3265 deprecetur
1418 3213 1516 3267 pro
1545 3212 1609 3251 ea
1653 3197 1927 3253 communi

341 3298 468 3344 voto
498 3291 564 3344 ah
593 3290 738 3344 omni
768 3289 1210 3359 congregatione,
1245 3299 1303 3343 ut
1330 3291 1397 3346 ab
1422 3291 1532 3353 illo,
1561 3291 1645 3344 cui
1682 3289 1816 3344 nihil
1844 3298 1927 3343 est

341 3382 693 3453 impossibile,
717 3390 958 3438 sanetur.
984 3383 1289 3447 Postremo,
1317 3384 1360 3437 si
1385 3384 1468 3438 his
1498 3383 1748 3438 omnibus
1773 3383 1929 3436 exhi-

345 3475 476 3529 bitis
514 3475 925 3529 inemendabilis
971 3483 1133 3544 atque
1167 3476 1551 3546 incorrigibilis
1590 3475 1926 3546 apparuerit,

343 3569 467 3637 quia
515 3566 821 3623 nullatenus
863 3568 988 3622 huic
1028 3569 1280 3623 sreeulum
1318 3578 1564 3638 repetere
1595 3568 1674 3624 fas
1703 3576 1806 3633 est,
1843 3571 1930 3622 ad-

339 3669 589 3724 vocetur,
626 3661 672 3715 si
716 3676 936 3716 necesse
965 3670 1067 3725 est,
1102 3661 1420 3731 episcopus,
1454 3670 1507 3715 et
1546 3661 1690 3716 illius
1718 3661 1928 3731 sapien-

340 3751 549 3805 tissimo
593 3766 656 3806 ac
687 3752 1081 3806 discretissimo
1121 3753 1351 3821 judicio,
1403 3753 1475 3806 ita
1509 3753 1749 3822 ejusdem
1797 3754 1925 3817 vita,

343 3857 464 3910 quze
495 3856 552 3894 se
591 3849 671 3894 tot
701 3831 846 3894 vitiis
888 3840 1162 3907 fmdanlo,
1213 3851 1268 3895 et
1297 3843 1347 3895 in
1395 3842 1694 3912 pertinacia
1723 3858 1932 3912 perma-

343 3931 535 3993 nendo,
577 3946 606 3983 a
641 3930 868 4001 collegio
896 3932 1388 3986 sanctimonialium
1425 3933 1823 4001 quodammodo
1845 3948 1932 3987 se-

347 4020 539 4085 crevit,
573 4020 713 4074 intra
743 4029 894 4089 septa
925 4022 1239 4074 monasterii
1285 4022 1630 4086 moderetur,
1661 4033 1930 4092 quatenus

343 4121 398 4165 et
427 4112 801 4182 paenitentiam
834 4113 934 4166 sibi
976 4113 1042 4166 ab
1075 4128 1138 4166 eo
1174 4113 1467 4182 injunctam
1513 4114 1802 4169 salubriter
1839 4131 1931 4186 ge-

345 4213 450 4267 rat,
493 4211 549 4258 ct
576 4205 787 4258 czetcris
817 4203 1016 4258 nullius
1053 4205 1393 4274 contagionis
1431 4205 1682 4258 morbum
1732 4205 1930 4261 inferre

343 4294 542 4348 valeat.
588 4291 718 4360 Qua:
747 4301 924 4347 autem
955 4292 1235 4346 criminale
1271 4300 1548 4362 peccatum
1573 4295 1927 4359 commiserit,

344 4383 469 4437 huic
509 4383 815 4437 nullatenus
847 4381 1143 4436 differenda
1187 4391 1270 4437 est
1310 4384 1670 4452 correptionis
1700 4385 1925 4450 utilitas,
1956 4424 2006 4483 D

344 4473 474 4541 quin
504 4482 597 4527 aut
617 4473 1036 4543 sponte‘pcceati
1061 4474 1140 4527 sui
1160 4473 1368 4528 facinus
1389 4475 1697 4543 paenitendo
1724 4476 1926 4541 abluat,

346 4571 441 4618 aut
468 4566 512 4619 si
545 4565 597 4620 id
625 4579 786 4635 agere
821 4566 1085 4628 renuerit,
1117 4565 1185 4618 ab
1211 4567 1486 4635 episcopo,
1509 4575 1569 4620 ut
1591 4569 1926 4635 prtemissum

345 4663 451 4718 est,
489 4654 643 4722 juxta
691 4655 906 4710 modum
935 4663 1174 4708 laxatum
1215 4656 1534 4710 sententiam
1566 4657 1932 4711 excommuni-

344 4745 598 4810 cationis,
647 4753 702 4800 et
743 4745 958 4798 modum
1003 4745 1333 4813 pteuitentize
1371 4745 1623 4814 excipiat.
1666 4744 1722 4798 In
1771 4747 1932 4800 casti-

346 4832 536 4902 gandis
581 4849 816 4903 namque
867 4841 1029 4904 atque
1085 4835 1418 4904 corrigendis
1468 4835 1926 4904 delinquentibus,

342 4935 501 4991 Opem
544 4919 686 4976 ferre
720 4937 826 4976 non
869 4923 1133 4979 desistant
1161 4924 1452 4980 abbatissis
1480 4932 1689 4980 σείει-ω
1722 4927 1924 4980 sancti-

347 5009 631 5065 moniales.

935 5103 1162 5160 CAPUT
1193 5104 1331 5159 XIX.

415 5193 819 5266 Scripturarum
848 5206 1156 5253 sanctarum
1184 5199 1448 5253 doctrinis
1497 5199 1922 5266 demonstratur,

343 5287 487 5357 quod
526 5287 865 5342 subditarum
899 5290 1009 5344 vita
1060 5289 1402 5359 prazlatarum
1450 5290 1522 5344 sit
1548 5292 1806 5362 exemplis
1847 5293 1925 5347 in-

343 5377 646 5435 formanda.
687 5379 754 5434 Et
800 5381 928 5451 quia
971 5379 1408 5435 sanctimoniales
1436 5421 1452 5445 ,
1486 5381 1780 5436 secundum
1821 5381 1925 5435 Pa-

344 5474 488 5523 trum
519 5469 842 5525 documenta
875 5509 891 5536 ,
920 5470 1164 5525 virorum
1194 5470 1393 5526 debent
1429 5471 1604 5526 vitare
1651 5470 1928 5527 familiari-

346 5565 486 5614 tates
509 5569 565 5614 et
603 5560 1120 5628 sermocinationes,
1153 5556 1306 5616 decet
1336 5569 1396 5616 ut
1423 5560 1712 5617 abbatissae
1741 5602 1756 5626 ,
1785 5561 1928 5618 sicut

349 5647 404 5702 in
435 5653 665 5718 caeteris,
695 5652 768 5708 ita
810 5666 1024 5725 quoque
1074 5659 1133 5708 et
1163 5650 1217 5707 in
1247 5650 1487 5708 virorum
1535 5651 1923 5710 confabulatio-

2026 3193 2144 3247 siue
2167 3195 2406 3248 virorum
2429 3194 2612 3248 labore
2634 3195 2819 3265 perfici
2848 3205 3045 3265 potest,
3073 3197 3156 3250 hte
3169 3198 3654 3256 sanctimoniales

2026 3298 2211 3338 coram
2243 3284 2371 3349 siut,
2397 3293 2458 3339 ut
2480 3284 2656 3338 nullus
2688 3285 2742 3338 in
2773 3286 2857 3340 his
2886 3287 3118 3356 negotiis
3155 3287 3322 3358 possit
3349 3288 3490 3341 oriri
3535 3290 3654 3344 de-

2030 3374 2277 3428 trahendi
2323 3382 2418 3428 aut
2441 3375 2700 3445 peccandi
2741 3376 2912 3430 locus.
2949 3377 3055 3431 Sed
3087 3378 3264 3432 ethoc
3299 3377 3648 3446 abbatissae,

2030 3479 2138 3542 non
2169 3464 2344 3518 solum
2366 3465 2774 3534 praepositarum
2805 3481 3022 3520 suarum
3051 3484 3179 3521 cura
3212 3509 3225 3532 ,
3251 3477 3304 3522 et
3330 3483 3644 3524 memora—

2029 3563 2205 3607 tarum
2244 3556 2734 3610 sanctimonialium
2763 3558 3153 3614 instantissima
3207 3563 3640 3630 procuratione,

2027 3660 2213 3700 verum
2245 3646 2407 3700 etiam
2449 3663 2546 3701 suo
2576 3648 2755 3703 studio
2789 3691 2803 3714 ,
2837 3649 2946 3704 imo
2977 3651 3273 3720 smpissima
3319 3652 3642 3723 investiga-

2031 3737 2196 3801 tione,
2214 3739 2446 3804 scrutari
2465 3748 2626 3810 atque
2641 3741 2867 3796 solerter
2883 3743 3153 3812 inquirere
3169 3744 3381 3808 debent,
3399 3761 3468 3799 ne
3482 3763 3570 3816 qu
3584 3749 3641 3801 id

2030 3834 2389 3889 inhonestatis
2439 3836 2490 3889 in
2539 3838 2928 3892 mansiunculis
2968 3841 3464 3896 sanctimonialium
3531 3856 3644 3899 aut

2031 3928 2083 3982 in
2116 3942 2304 3983 earum
2350 3928 2604 3983 claustris
2635 3931 2903 4001 quispiam
2949 3933 3190 4002 quolibet
3225 3934 3382 3988 modo
3422 3951 3644 4007 perpe-

2030 4027 2198 4082 trare,
2229 4026 2324 4072 aut
2352 4019 2418 4070 ah
2446 4018 2625 4087 aliqua
2656 4021 2882 4089 alicujus
2911 4021 3293 4078 familiaritatis
3319 4026 3642 4082 occasione

2031 4112 2228 4181 suscipi
2260 4153 2272 4174 ,
2303 4119 2396 4164 aut
2422 4111 2664 4167 clanculo
2713 4114 2971 4169 abscon'li
2999 4118 3185 4186 possit.
3218 4117 3390 4172 Tanta
3442 4120 3635 4190 igitur

2031 4202 2536 4256 sanctimonialibus
2583 4204 2634 4257 in
2665 4204 3060 4262 confabulando
3089 4223 3210 4262 cum
3245 4209 3374 4264 viris
3403 4213 3642 4279 pudici—

2032 4296 2120 4349 tia:
2152 4295 2345 4349 fiducia
2379 4296 2554 4351 inesse
2583 4295 2781 4362 debet,
2829 4307 2890 4352 ut
2917 4300 3038 4353 aliis
3090 4302 3480 4370 aspicientibus
3517 4309 3644 4360 mi-

2034 4386 2179 4439 nime
2207 4386 2554 4440 erubescant.
2593 4385 2662 4440 Ut
2711 4388 2855 4442 enim
2886 4389 3078 4445 beatus
3103 4391 3462 4462 Hieronymus
3484 4395 3643 4450 dicit

2035 4476 2109 4546 (in
2140 4477 2289 4545 epist.
2316 4477 2384 4529 ad
2414 4475 2694 4547 Furiam):
2729 4477 3016 4548 Speculum
3067 4484 3263 4537 mentis
3291 4493 3373 4538 est
3424 4483 3638 4549 facies,

2033 4569 2260 4623 ettaciti
2295 4569 2437 4623 oculi
2490 4571 2672 4626 cordis
2734 4570 2974 4628 fatentur
3002 4590 3223 4629 arcana.
3268 4576 3421 4630 Unde
3451 4578 3534 4631 ait
3573 4593 3638 4634 et

2033 4659 2296 4728 quidam:
2337 4659 2510 4715 Frons
2542 4661 2776 4717 hominis
2827 4666 3058 4734 pr0prize
3099 4669 3297 4722 mentis
3344 4668 3636 4736 depromit

2034 4750 2290 4805 amictum
2323 4769 2335 4803 :
2387 4751 2560 4819 qualis
2613 4753 2790 4808 vultus
2819 4756 2924 4809 erit
2954 4797 2968 4820 ,
3014 4757 3136 4811 talia
3165 4759 3326 4814 corda
3357 4760 3524 4829 gerit.
3564 4761 3630 4816 Si

2033 4853 2139 4908 qua
2167 4855 2295 4893 vero
2321 4840 2534 4894 inventa
2566 4840 2730 4897 fuerit
2752 4844 2836 4898 his
2862 4845 3386 4903 confabulationibus
3407 4851 3630 4915 dedita,

2034 4930 2108 4983 ita
2132 4929 2289 4998 juxta
2317 4933 2652 5000 superiorem
2686 4935 2906 4990 modum
2934 4938 3279 5008 corripiatur,
3323 4948 3384 4993 ut
3408 4947 3462 4993 et
3494 4939 3628 5010 ipsa

2030 5022 2369 5086 emendetur,
2394 5031 2447 5076 et
2469 5033 2678 5080 caetera;
2721 5025 2971 5082 timorem
3007 5029 3269 5085 habentes
3320 5030 3453 5085 nihil
3501 5034 3632 5090 tale

2031 5124 2190 5180 agere
2215 5118 2536 5179 pertentent.

2614 5203 2838 5261 CAPUT
2875 5206 3012 5262 XXI.

2103 5292 2241 5360 Quia
2284 5293 2492 5350 licitum
2517 5306 2602 5352 est
2641 5299 2750 5353 Deo
2781 5301 2972 5355 dicatis
2997 5303 3256 5356 canonice
3301 5304 3630 5362 viventibus

2029 5384 2284 5439 vernulas
2347 5401 2529 5440 secum
2576 5385 2871 5444 famulandi
2929 5392 3102 5462 gratia
3157 5393 3212 5448 in
3263 5397 3627 5452 monasteriis

2028 5471 2246 5538 habere,
2277 5476 2572 5528 cavendum
2608 5484 2690 5530 est
2737 5476 2844 5532 illis
2879 5486 2940 5532 ut
2982 5478 3036 5533 in
3085 5479 3164 5534 eis
3194 5481 3388 5536 anima:
3419 5482 3615 5553 potius

2031 5561 2259 5618 salutem
2279 5578 2440 5633 quam
2465 5567 2808 5622 commodum
2834 5576 3108 5624 terrenum
3135 5580 3400 5640 qurerant.
3421 5571 3622 5628 Solent

2029 5653 2175 5708 enim
2231 5643 2604 5724 hujuscemodi
2655 5654 2884 5714 effrenes
2943 5667 2997 5712 et
3051 5659 3335 5731 impudicae
3379 5662 3618 5719 effecta.
