3890 6180
268 274 376 333 969

764 264 1041 323 RECULA
1083 255 1717 319 SANCTlMONiAUUM
1752 258 1845 311 ΔΒ

1965 254 2243 309 mutuo
2273 247 2652 307 meA.
2694 278 2765 288 —
2801 245 2928 302 LIB.
2968 246 3034 302 Il.

3418 249 3527 306 970

269 385 425 445 cultu
448 381 773 441 meretricio
795 388 1005 436 ornata
1032 376 1306 437 incederet
1334 381 1391 430 et
1419 370 1598 440 turpia
1621 382 1850 439 qumque
1878 370 1929 431 Α
1955 366 2125 422 Deum
2148 372 2208 421 et
2250 361 2499 419 heluius
2526 373 2773 417 crescere
2802 360 3050 431 coeperit.
3086 369 3276 433 percu
3297 363 3367 419 ad
3399 372 3532 421 tom-

268 479 744 545 otobsceuarquc
769 469 1177 542 forisvagando
1191 466 1427 536 viderint
1445 470 1540 519 aut
1554 461 1852 523 audierint,

266 567 497 624 auribus
518 564 864 622 dominarum
886 574 1110 615 suarum
1139 555 1481 628 impudenter
1508 553 1781 624 ingerere,
1799 558 1857 609 et

262 659 482 725 animos
528 670 721 714 earum
746 669 779 709 a
809 653 989 723 rigore
1017 649 1212 706 divina:
1257 645 1539 703 servitutis
1586 640 1851 699 emollire.

267 748 611 818 Quapropter
656 757 882 799 necesse
907 747 992 795 est
1026 747 1089 794 ut
1120 738 1177 793 in
1211 735 1413 791 talibus
1462 727 1856 802 congregandis

266 839 493 899 modum
541 833 836 892 adhibeant
903 828 1299 888 discretionis:
1346 833 1407 882 ut
1460 839 1570 879 non
1618 820 1854 891 amplius

267 948 435 1006 quam
455 929 755 989 necessitas
772 925 962 997 exigit,
1008 924 1115 980 sibi
1139 923 1208 978 ad
1249 919 1597 977 serviendum
1624 927 1855 1006 congre-

264 1004 424 1096 éeat,
453 1028 511 1078 et
534 1034 664 1090 ergo
693 1023 1055 1088 congregatas
1086 1028 1275 1069 curam
1300 1010 1619 1072 adhibeant,
1651 1021 1721 1061 ne
1748 1004 1856 1061 illis

267 1112 517 1184 quolibet
540 1116 765 1181 peccato
791 1105 1096 1170 ruentibus,
1116 1101 1541 1159 illarumruinae
1558 1096 1855 1170 participes

266 1206 531 1265 existant.
565 1201 626 1257 Si
677 1215 809 1256 vero
837 1199 923 1254 hac
977 1195 1221 1259 famula,
1280 1200 1378 1249 aut
1430 1190 1851 1252 abbatissamm,

256 1303 367 1359 aut
400 1301 552 1350 certe
600 1286 1111 1350 sanctimonialium.
1158 1285 1212 1340 in
1237 1282 1492 1341 claustris
1540 1276 1853 1335 monasterii

269 1382 550 1456 quippiam
573 1380 835 1439 indecens
854 1374 1177 1435 admiserint
1204 1414 1223 1441 ,
1266 1382 1324 1430 et
1342 1369 1542 1431 crebri!
1565 1367 1855 1428 admonita:

269 1484 437 1545 atque
460 1480 724 1542 correptae
749 1509 765 1536 ,
798 1484 909 1525 non
935 1483 994 1523 se
1027 1465 1391 1531 correxerint,
1418 1468 1574 1518 extra
1614 1459 1855 1514 claustra

268 1559 595 1623 monasterii
621 1557 809 1631 procul
831 1556 1112 1628 eiiciendae
1138 1563 1305 1625 atque
1328 1549 1673 1609 eliminande
1701 1554 1851 1604 sunt.

854 1711 1083 1771 CAPUT
1120 1710 1285 1773 XXII.

342 1829 554 1901 Religio
577 1828 944 1889 ecclesiastica
997 1828 1157 1886 docet
1180 1835 1240 1884 ιιι
1267 1825 1461 1898 puellae
1505 1841 1627 1898 quae
1654 1827 1709 1881 in
1741 1842 1855 1884 mi»

266 1919 532 1979 nasteriis
577 1918 930 1985 erudiuntur,
967 1933 1093 1974 cum
1130 1917 1281 1975 omni
1319 1916 1536 1987 pietatis
1572 1914 1769 1984 aﬁ‘ectu
1801 1925 1858 1975 et

264 2009 705 2082 vigilantissimae
736 2024 883 2065 cura:
909 2008 1088 2064 studio
1116 2007 1425 2063 nutriantur
1452 2022 1468 2072 ;
1503 2020 1573 2061 ne
1607 2006 1655 2063 si
1687 2005 1858 2062 lubri-

266 2117 352 2157 cae
370 2100 547 2156 aetatis
572 2114 745 2154 annos
786 2098 1185 2169 indisciplinatc
1214 2096 1444 2153 vivendo
1468 2085 1855 2167 transegerint,

265 2199 367 2247 aut
377 2192 465 2247 vix
479 2200 572 2246 aut
591 2191 898 2246 nullatenus
923 2189 1123 2261 corrigi
1137 2196 1323 2260 postea
1333 2187 1563 2259 possint.
1581 2186 1858 2257 Quaprop-

268 2293 359 2339 ter
368 2282 724 2354 prret'erantur
736 2283 815 2339 eis
828 2297 894 2337 ex
918 2280 1418 2337 sanctimonialibus
1431 2280 1567 2337 tales
1581 2280 1858 2355 magistrae

266 2390 396 2446 quae
423 2374 611 2445 utique
634 2382 691 2429 et
708 2372 1003 2444 probabilis
1027 2373 1298 2439 sintvitaa,
1324 2381 1380 2427 et
1403 2387 1532 2444 erga
1555 2386 1648 2426 eas
1686 2369 1853 2425 talem

267 2468 570 2535 exhibeant
599 2482 788 2523 curam
808 2475 867 2523 ιιι
898 2453 1240 2538 ηεᾳιιιιᾳιιιιιιι
1269 2458 1391 2521 Ιιιιιῖ
1409 2474 1572 2537 atque
1594 2463 1719 2519 illuc
1737 2477 1859 2537 pos-

267 2559 600 2616 sinthabcre
630 2572 1005 2630 progressum,
1031 2564 1086 2611 et
1118 2563 1213 2611 aut
1231 2555 1470 2620 desidia),
1508 2564 1601 2609 aut
1622 2548 1858 2611 lascivia:

270 2650 409 2706 vitio
453 2649 831 2715 maeulentur;
860 2648 991 2719 quin
1018 2648 1198 2720 potius
1230 2646 1404 2703 sacris
1432 2646 1753 2702 imbuantur
1774 2640 1856 2697 di-

271 2743 525 2815 sciplinis
555 2783 570 2810 ,
596 2726 868 2812 quatenus
906 2740 992 2796 his
1021 2740 1338 2812 mancipatae
1366 2738 1596 2809 vagandi
1627 2737 1738 2794 otio
1764 2754 1856 2794 εει-ρ

272 2840 456 2891 reant.
491 2832 597 2889 Sed
635 2834 729 2904 qui
757 2832 949 2889 modus
997 2831 1368 2902 hujuscemodi
1415 2831 1728 2887 erudiendis
1778 2839 1858 2886 te-

273 2924 493 2980 nendus
528 2924 623 2991 sit,
645 2923 837 2980 beatus
862 2922 1219 2997 Hieronymus
1250 2924 1303 2978 in
1332 2920 1578 2993 epistola,
1602 2938 1765 2993 quam
1790 2921 1857 2979 ad

272 3015 479 3083 laetam
503 3014 570 3071 de
594 3015 934 3071 institutione
956 3014 1080 3071 ﬁlia?
1093 3014 1328 3087 scripsit,
1350 3013 1662 3087 plenissime
1678 3000 1855 3085 docet,

273 3105 471 3162 dicens
500 3123 513 3159 :
538 3103 707 3177 igitur
735 3120 854 3175 qua:
902 3102 969 3161 de
1009 3106 1429 3176 repromissione
1456 3090 1581 3161 nata
1630 3115 1740 3172 est,
1773 3105 1857 3163 di-

273 3210 446 3272 gnam
476 3198 676 3253 habeat
714 3204 834 3253 ortu
867 3213 965 3254 suo
1000 3197 1392 3255 institutionem
1423 3208 1732 3268 parentum.
1766 3198 1860 3277 sa-

274 3288 430 3345 muel
455 3289 598 3344 enim
618 3288 681 3343 in
725 3287 927 3359 templo
958 3288 1195 3344 nutritus
1222 3297 1306 3344 est
1335 3306 1348 3342 :
1372 3287 1610 3346 Joannes
1652 3290 1708 3345 in
1734 3290 1862 3346 soli-

277 3380 473 3436 tudine
489 3387 842 3451 prmparatur,
869 3379 1091 3437 locustis
1119 3379 1300 3445 alitur,
1331 3387 1388 3435 et
1415 3379 1573 3435 melle
1599 3380 1859 3448 silvestri,

273 3480 337 3526 et
379 3469 435 3525 in
477 3480 660 3542 typum
714 3458 1042 3540 paenitentia:
1070 3469 1428 3542 praedicanda
1475 3469 1863 3531 tortuosissimi

274 3560 536 3619 animalis
565 3561 797 3618 vestitur
826 3562 1057 3618 cx'uviis.
1095 3560 1187 3618 Sic
1214 3562 1511 3618 erudienda
1539 3571 1624 3618 est
1658 3564 1860 3630 anima,

273 3666 408 3723 qum
440 3650 623 3706 futura
648 3658 733 3708 est
781 3646 1037 3721 templum
1066 3651 1302 3708 Domini.
1350 3650 1495 3706 Nihil
1520 3652 1665 3709 aliud
1690 3653 1867 3719 discat

272 3741 475 3798 audire
498 3782 514 3809 ,
545 3738 683 3798 nihil
706 3741 855 3816 inqui
884 3785 898 3811 ,
928 3744 1032 3800 nisi
1074 3744 1219 3815 quod
1243 3745 1311 3800 ad
1341 3747 1593 3802 timorem
1623 3742 1717 3802 Dei
1744 3761 1865 3817 per-

275 3834 465 3898 tinet,
512 3833 691 3903 turpia
732 3834 900 3891 verba
948 3848 1054 3890 non
1092 3834 1400 3907 intelligat,
1437 3821 1649 3892 cantica
1680 3836 1866 3891 mundi

273 3924 519 3995 ignoret.
569 3920 764 3980 Adhuc
810 3932 998 3981 tenera
1028 3924 1208 3995 lingua
1235 3925 1457 3995 psalmis
1496 3926 1740 3982 dulcibus
1768 3926 1868 3983 im-

274 4014 507 4079 buatur,
553 4013 740 4084 procul
790 4015 863 4071 sit
887 4022 1021 4071 mtas
1066 4013 1267 4071 lasciva
1318 4031 1606 4086 puerorum
1632 4057 1648 4083 ,
1673 4016 1871 4073 habeat

274 4105 592 4160 modestam
622 4104 1160 4178 gerulam,nutricem
1182 4121 1423 4177 gravem.
1455 4104 1639 4161 Discat
1662 4106 1717 4161 in
1741 4121 1870 4178 pue-

275 4193 416 4249 ritia
432 4194 518 4249 cui
544 4195 856 4266 imperatori
886 4196 1160 4252 tiruncula
1188 4198 1476 4253 nutriatur.
1504 4197 1623 4270 Ipse
1653 4198 1871 4255 habitus

273 4290 342 4339 et
370 4281 601 4339 reatitus
618 4283 808 4340 doceat
826 4299 946 4340 eam
974 4324 990 4350 ,
1014 4286 1099 4341 cui
1128 4287 1397 4355 promissa
1434 4288 1525 4344 sit.
1558 4288 1734 4344 Aures
1753 4289 1871 4361 ejus

1957 456 2103 528 plum
2131 455 2242 510 veri
2269 453 2446 508 Patris
2475 467 2598 508 eum
2621 452 2938 521 parentibus
2964 452 3078 509 suis
3102 467 3118 507 :
3140 453 3236 510 sed
3270 469 3401 511 eum
3425 455 3531 519 illis

1955 561 2062 600 non
2089 545 2440 616 egrediature
2465 541 2685 613 templo,
2715 551 2771 597 et
2798 556 3064 614 nusquam
3095 546 3165 600 ab
3185 547 3266 602 eis
3294 546 3533 604 invenia-

1955 644 2062 701 tur,
2085 635 2191 693 nisi
2214 635 2267 689 in
2290 635 2474 690 auditu
2497 640 2810 691 sanctarum
2827 634 3240 705 scripturarum.
3257 635 3533 707 Nusquam

1953 732 2115 780 cacat
2136 723 2306 791 foras,
2353 737 2423 780 ne
2445 724 2726 780 inveniant
2753 739 2877 781 eam
2910 725 3002 795 qui
3028 726 3374 782 circumeunt
3396 728 3534 785 civi-

1956 825 2145 883 tatem,
2162 824 2224 873 et
2249 817 2537 873 vulnerent
2569 816 2891 887 pudicitiam
2909 814 3037 885 eius
3049 816 3360 875 auferentes
3370 820 3541 879 theri-

1954 919 2151 975 strum,
2176 917 2234 964 et
2251 909 2535 964 nudam-ia
2561 909 2823 979 sanguine
2848 908 3249 980 derelinquant.
3276 910 3393 966 Non
3426 926 3541 968 ves-

1952 999 2191 1054 caturia
2233 998 2471 1069 publiw,
2510 1012 2582 1054 ne
2621 998 2806 1054 videat
2859 998 3197 1070 cibos-quos
3240 1000 3536 1057 desideret.

1955 1089 2143 1146 Discat
2164 1088 2283 1159 jam
2303 1106 2448 1145 nunc
2480 1089 2667 1146 vinum
2702 1105 2812 1145 non
2838 1090 3068 1158 bibere,
3102 1093 3158 1148 in
3203 1109 3313 1163 quo
3347 1095 3540 1151 estiu-

1954 1179 2112 1237 xuria
2152 1198 2164 1232 :
2198 1179 2789 1250 usqueadperfectam
2838 1189 3022 1238 tamen
3061 1190 3281 1239 aetatem
3314 1193 3539 1256 propta'

1956 1271 2345 1343 indulgentiam
2370 1271 2585 1327 modico
2608 1279 2795 1326 utatur
2824 1273 2971 1335 vino.
3000 1281 3060 1327 et
3088 1275 3337 1331 carnium
3358 1276 3540 1333 edulio

1956 1371 2310 1421 sustentetur.
2347 1362 2534 1420 Nullus
2582 1365 2641 1420 ei
2667 1363 2926 1433 juvenis,
2965 1364 3147 1421 nullus
3200 1366 3543 1425 cincinnatus

1954 1455 2218 1515 arrident.
2253 1455 2572 1525 Vigiliarum
2608 1455 2728 1511 dies
2754 1464 2812 1511 et
2860 1456 3133 1513 solemnes
3170 1461 3538 1528 pernoctaue-

1955 1563 2055 1605 nos
2073 1549 2154 1604 sic
2178 1547 2437 1613 celebret,
2469 1554 2535 1604 ut
2569 1560 2638 1603 ne
2666 1554 3038 1604 transversum
3060 1549 3280 1618 quidm
3302 1567 3541 1622 unguem

1955 1655 1989 1695 a
2018 1639 2235 1697 nutrice
2266 1637 2540 1694 discedat.
2571 1636 2688 1692 Non
2710 1651 2834 1691 cum
2879 1638 3092 1694 ancillis
3122 1641 3177 1693 in
3209 1640 3432 1697 auribus
3452 1656 3545 1696 su-

1878 1715 1929 1777 B
1956 1736 2159 1795 met,
2192 1730 2288 1787 sed
2319 1728 2467 1799 quod
2500 1729 2593 1783 uni
2614 1728 2855 1799 loquitur
2891 1743 3081 1809 omnes
3106 1731 3430 1801 inteiligaut.
3456 1731 3543 1789 Sit

1954 1820 2007 1878 ei
2029 1835 2214 1877 comes
2238 1834 2347 1875 non
2393 1828 2629 1891 compta,
2657 1828 2820 1889 atque
2845 1818 3106 1887 formosa,
3161 1835 3282 1891 quae
3317 1831 3537 1893 gutum

1953 1924 2182 1967 carmen
2209 1910 2368 1967 dulce
2392 1911 2700 1968 moduietur
2730 1928 2743 1964 :
2769 1912 2866 1967 sed
2898 1912 3080 1983 gravis
3102 1951 3116 1977 ,
3150 1912 3381 1982 pallens,
3410 1914 3539 1970 sub-

1955 2000 2148 2067 tristis,
2177 2007 2236 2057 et
2270 2001 2544 2072 pudicitia:
2568 2008 2827 2057 veterana
2853 2042 2868 2066 ,
2895 2016 3015 2072 quae
3042 2002 3191 2057 illam
3221 2003 3415 2060 doceat
3444 2045 3459 2071 ,
3480 2016 3541 2061 et

1956 2100 2238 2148 assuescat
2280 2091 2529 2161 exemplo
2551 2131 2566 2157 ,
2612 2092 2681 2148 ad
2710 2093 2987 2149 orationes
3028 2103 3083 2150 et
3111 2095 3350 2165 psalmos
3379 2105 3540 2154 nocte

1956 2196 2287 2253 consurgere
2311 2223 2328 2249 ,
2359 2197 2519 2239 maiae
2567 2182 2798 2254 hymnos
2833 2199 3033 2241 canere
3076 2194 3134 2241 et
3171 2195 3319 2242 stare
3344 2188 3400 2244 in
3422 2190 3542 2245 acie

1955 2274 2113 2345 quasi
2138 2273 2472 2329 bellatricem
2497 2273 2722 2330 Christi.
2757 2274 3030 2331 Horarum
3078 2278 3187 2355 diei
3213 2294 3377 2335 cursu
3413 2295 3540 2349 pcr-

1956 2371 2103 2428 acto,
2146 2378 2484 2434 accensaque
2510 2363 2790 2420 lucernula
2812 2405 2828 2430 ,
2859 2366 3061 2422 reddat
3090 2368 3420 2425 sacriﬁcium
3449 2387 3541 2425 ve-

1958 2455 2283 2526 spertinum.
2312 2454 2407 2525 Sic
2439 2456 2565 2512 dies
2584 2465 2856 2525 transeat,
2884 2458 3095 2515 sicnox
3125 2461 3364 2517 inveniat
3386 2461 3537 2517 labe.

1959 2554 2193 2602 rantem.
2225 2544 2392 2603 Cibus
2414 2545 2531 2616 ejus
2554 2547 2855 2605 olusculum
2886 2550 2977 2616 sit,
3001 2557 3057 2606 et
3083 2550 3283 2618 simila,
3306 2566 3541 2623 raroque

1958 2636 2225 2707 pisciculi.
2256 2637 2348 2692 Sic
2384 2637 2634 2693 comedat
2661 2646 2718 2692 ut
2740 2640 2958 2708 semper
2993 2641 3220 2707 esuriat,
3252 2650 3315 2696 ut
3351 2643 3539 2698 statim

1958 2737 2084 2800 post
2126 2729 2308 2787 cibum
2345 2729 2521 2800 possit
2574 2730 2760 2801 legere
2785 2771 2801 2797 ,
2831 2746 2992 2788 orare
3022 2740 3079 2788 et
3123 2733 3379 2804 psallere.
3422 2733 3545 2790 Non

1960 2819 2163 2877 habeat
2191 2819 2458 2891 colloquia
2483 2821 2833 2876 saicnlariunr
2848 2822 3172 2893 puellarum,
3195 2834 3252 2880 et
3276 2824 3544 2881 malarum

1958 2912 2237 2986 virginum
2274 2913 2646 2970 contuberniis
2699 2929 2813 2971 non
2852 2916 3164 2971 rnisceatnr.
3218 2916 3541 2972 Balnearum

1957 3020 2091 3063 vero
2124 3005 2407 3063 fomitibus
2427 3007 2637 3078 sopitos
2657 3023 2767 3064 non
2803 3009 3031 3064 suscitet
3054 3008 3226 3080 ignes.
3252 3007 3368 3065 Pro
3396 3018 3545 3082 gem;

1961 3099 2067 3155 mis
2084 3106 2147 3153 et
2171 3099 2348 3154 serico
2376 3138 2392 3166 ,
2425 3099 2638 3154 divinos
2660 3099 2882 3171 codices
2917 3108 3084 3155 amet.
3137 3100 3320 3155 Discat
3365 3090 3546 3170 primo

1960 3188 2285 3247 Psalterium
2316 3231 2331 3267 ,
2376 3192 2660 3246 erudiatur
2688 3190 2745 3245 in
2782 3191 3094 3248 Proverbiis
3126 3192 3435 3251 Salomonis
3478 3198 3546 3253 ad

1960 3281 2146 3344 vitam,
2178 3289 2500 3337 consuescat
2520 3281 2575 3336 in
2609 3281 2939 3338 Ecclesiaste
2972 3282 3187 3338 calcare
3209 3294 3335 3353 quae,
3353 3287 3544 3343 mundi

1960 3382 2115 3429 sunt:
2141 3372 2393 3430 Seetetur
2416 3376 2471 3429 in
2512 3374 2615 3430 Job
2640 3375 2858 3430 virtutis
2882 3382 2937 3430 et
2966 3376 3244 3445 patientiae
3273 3377 3543 3448 exempla.

1962 3464 2045 3519 Ad
2080 3465 2373 3534 Evangelia
2419 3473 2678 3533 transeat,
2737 3478 3016 3538 nunquam
3073 3480 3138 3523 ea
3169 3469 3416 3539 positura
3475 3469 3544 3525 de

1962 3557 2231 3613 manibus.
2265 3555 2646 3627 Apostolorum
2680 3556 2817 3613 Acta
2866 3565 2923 3615 et
2971 3557 3243 3629 Epistolas
3274 3564 3389 3614 tota
3421 3568 3547 3615 cor-

1965 3647 2049 3703 dis
2083 3647 2310 3703 imbibat
2334 3646 2632 3703 voluntate.
2679 3649 2748 3704 Et
2790 3650 2871 3705 sic
2917 3665 3016 3722 per
3041 3652 3290 3708 ordinem
3347 3653 3547 3709 seriem

1964 3737 2099 3793 Novi
2130 3737 2450 3808 Veterisque
2495 3738 2852 3797 Testamenti.
2904 3740 3150 3813 Cumque
3186 3743 3422 3813 pectoris
3462 3746 3547 3801 sui

1965 3823 2244 3885 cellarium
2272 3828 2359 3885 his
2381 3829 2576 3903 opibus
2624 3831 3033 3902 locupletarerit
3058 3874 3076 3901 ,
3108 3842 3241 3891 tunc
3286 3834 3545 3893 virtutum

1966 3917 2190 3975 ﬂoribus
2240 3917 2505 3977 adornata
2534 3960 2550 3987 ,
2584 3920 2686 3977 soli
2738 3937 2939 3993 sponso
2974 3924 3197 3982 calcati
3222 3966 3238 3991 ,
3276 3926 3367 3982 cui
3402 3942 3553 3984 corn-

1968 4012 2138 4067 missa
2155 3997 2260 4079 est,
2280 4011 2505 4071 calcatis
2532 4014 2748 4070 cunctis
2782 4030 2905 4085 qua
2933 4018 3119 4073 mundi
3160 4026 3317 4085 sunt,
3334 4018 3553 4088 placere

1969 4101 2207 4161 studeat.

2540 4194 2772 4250 CAPUT
2795 4195 2984 4251 XXIII.
3174 4192 3212 4215 "

2041 4282 2363 4353 Quanquam
2414 4284 2556 4339 intra
2602 4284 2849 4340 claustra
2886 4286 3207 4342 monasterii
3256 4288 3554 4344 sanctimo-

271 4384 402 4427 non
424 4371 787 4442 perforentur,
819 4387 922 4430 nec
949 4388 1046 4429 ora
1071 4372 1291 4431 Christo
1332 4387 1652 4433 consecrata
1684 4394 1869 4435 cerus-
1893 4414 1947 4477 Β
1973 4373 2146 4435 ιιίειιθδ
2172 4373 2434 4429 canonice
2457 4373 2701 4430 Vivent“
2725 4376 2975 4445 proprias
3011 4376 3185 4433 solitis
3211 4379 3553 4438 sint-habere

270 4476 350 4518 sa
382 4468 441 4517 et
466 4462 781 4532 purpurisso
805 4460 1167 4534 depinguntnr
1198 4481 1212 4518 :
1257 4480 1358 4521 nec
1386 4481 1577 4521 aurum
1605 4509 1619 4535 ,
1647 4477 1703 4523 et
1724 4485 1869 4523 mar-

268 4552 481 4626 garita
502 4552 697 4608 collum
742 4553 859 4625 eius
888 4554 1228 4625 deprimant;
1262 4570 1363 4610 nec
1403 4565 1564 4626 caput
1594 4567 1867 4614 sacratum

270 4642 522 4718 gemmis
552 4651 809 4698 oneretur
834 4662 846 4698 :
873 4644 969 4700 sed
1006 4644 1205 4701 habeat
1228 4645 1364 4701 alias
1386 4648 1729 4719 margaritas,
1751 4650 1872 4722 qui-

266 4736 400 4790 bus
454 4738 641 4800 postea
690 4731 925 4789 venditis
973 4742 1222 4806 emptura
1275 4744 1359 4791 est
1415 4737 1871 4807 pretiosissimum

268 4820 671 4890 margaritum.
709 4832 737 4865 II
760 4820 847 4878 Sit
878 4825 1062 4880 nutrix
1108 4823 1227 4894 ejus
1253 4824 1484 4882 sollicita
1513 4833 1569 4882 et
1611 4827 1868 4898 prudens,

269 4921 348 4969 ut
381 4926 481 4976 ea,
524 4926 647 4982 qua
693 4914 933 4969 nutritur
963 4955 978 4981 ,
1017 4931 1088 4972 ne
1129 4919 1521 4988 pereutiatura
1550 4918 1758 4990 vipera.
1796 4918 1877 4977 Ne

272 5004 450 5062 bibat
469 5002 537 5061 de
555 5019 723 5061 aureo
744 5005 912 5063 calice
932 5006 1258 5079 Babylonis;
1292 5025 1393 5069 nec
1418 5026 1542 5067 cum
1566 5011 1701 5067 Dina
1723 5025 1880 5081 θαι-θη

268 5096 485 5152 diutor
530 5093 717 5151 ridere
741 5094 881 5152 tilias
911 5096 1187 5168 regionis;
1230 5113 1301 5155 ne
1337 5100 1485 5154 ludat
1519 5100 1745 5170 pedibus
1774 5142 1789 5167 ,
1825 5110 1883 5158 et

269 5184 489 5244 trahat
513 5187 763 5242 tunicas:
800 5187 929 5267 quia
958 5203 1170 5259 {venena
1222 5206 1329 5245 non
1353 5192 1552 5247 dantur
1577 5192 1682 5248 nisi
1722 5192 1883 5249 melle

270 5273 629 5343 circumlita,
673 5284 729 5333 et
775 5278 907 5333 vitia
932 5293 1040 5335 non
1065 5276 1339 5350 decipiunt
1368 5322 1384 5347 ,
1417 5278 1524 5338 nisi
1572 5283 1674 5339 sub
1698 5280 1880 5354 specie

272 5366 590 5425 virtutum.
617 5366 915 5439 Postquam
934 5369 1313 5442 grandiuscula
1340 5370 1505 5428 fuerit
1525 5380 1581 5429 et
1612 5373 1668 5428 in
1697 5384 1884 5430 exent-

271 5459 469 5534 plum
499 5458 684 5529 sponsi
730 5460 856 5528 sui,
899 5461 1165 5533 sapientia
1190 5502 1205 5529 ,
1234 5470 1399 5520 aetate
1449 5470 1505 5519 et
1536 5465 1708 5536 gratia
1743 5466 1886 5538 apud

373 5580 406 5610 ο
443 5562 547 5647 Es
573 5567 892 5647 Hieronymi
922 5586 1010 5647 ep.
1036 5574 1090 5639 7,
1124 5573 1451 5647 adlatam,
1484 5575 1588 5646 legi
1624 5584 1884 5647 oportet:

276 5640 367 5700 Si
404 5640 584 5695 nutrix
619 5641 734 5710 ejus
774 5640 997 5696 iollicit'a
1033 5646 1289 5715 providet,
1324 5655 1380 5702 ιιι
1426 5662 1488 5703 ea
1516 5640 1634 5718 qius
1657 5640 1891 5704 nutritur
1998 5652 2064 5705 σὺ
2091 5640 2259 5706 emo
2279 5640 2470 5719 calice;
2491 5659 2597 5708 etc.
2632 5653 2837 5708 Hann.-

640 5730 917 5794 ΡΑτιιοι..
960 5730 1088 5796 CV.

1975 4462 2383 4521 mansiuuculas
2408 4502 2428 4529 ,
2452 4473 2676 4534 propter
2702 4479 2842 4521 anus
2883 4474 3065 4524 tamen
3089 4477 3147 4524 et
3176 4470 3421 4527 inﬁrmas
3459 4473 3557 4530 de-

1976 4554 2068 4610 bet
2114 4554 2258 4609 intra
2305 4553 2540 4610 claustra
2569 4556 2640 4621 ab
2690 4556 2980 4613 abbatissis
3012 4560 3225 4616 mansio
3262 4561 3405 4628 sileri,
3459 4565 3555 4619 ubi

1977 4659 2168 4703 earum
2189 4659 2310 4714 qua
2351 4643 2493 4701 forte
2521 4661 2654 4704 suas
2675 4662 2784 4705 non
2837 4649 3043 4705 habent
3084 4651 3558 4711 imbecellitatibus

1979 4742 2142 4805 atque
2177 4733 2585 4792 inﬁrmitatibus
2625 4738 3131 4797 misericordissima
3158 4743 3336 4813 possit
3384 4745 3563 4815 opitu-

1979 4824 2101 4880 lari.
2147 4825 2390 4893 Quarum
2431 4841 2621 4882 curam
2658 4829 2950 4893 abbatissae
2974 4871 2989 4898 ,
3019 4841 3232 4905 utpote
3284 4836 3560 4907 spiritales

1979 4925 2203 4985 matres,
2234 4927 2363 4975 ante
2382 4919 2566 4975 omnia
2594 4935 2785 4992 gerere
2818 4922 3040 4989 debent,
3067 4933 3127 4985 ut
3149 4926 3237 4983 his
3263 4942 3331 4983 ea
3359 4928 3560 4999 quibus

1980 5023 2116 5079 opus
2163 5008 2367 5067 habent
2419 5010 2850 5071 misericorditer
2888 5013 3294 5079 administrent.
3352 5017 3460 5075 Sed
3498 5026 3557 5075 et

1983 5090 2194 5154 cmteraa
2236 5100 2696 5170 sanctimoniales,
2725 5118 2949 5163 accessu
2975 5121 3071 5165 eas
3120 5105 3391 5178 frequenti
3429 5108 3561 5164 visi-

1982 5200 2183 5259 tantes,
2206 5192 2512 5249 divinarum
2546 5194 2957 5268 Scripturarum
2992 5201 3440 5265 couocutionibus
3464 5204 3569 5259 dem

1991 5281 2286 5351 mulceant,
2322 5292 2377 5339 et
2400 5286 2515 5343 suis
2541 5285 2888 5346 facultatibus
2912 5291 2993 5347 eis
3021 5291 3401 5359 adminiculum
3428 5304 3567 5360 prir-

1992 5372 2193 5438 beant,
2221 5386 2517 5446 earumque
2561 5376 2962 5434 imbecillitates
2991 5386 3047 5435 et
3073 5377 3415 5435 inﬁrmitates
3440 5394 3562 5441 cum

1995 5460 2258 5520 charitate
2284 5465 2662 5536 aequanimiter
2684 5472 2925 5537 portent,
2958 5477 3017 5523 ut
3037 5469 3233 5526 merito
3268 5484 3301 5525 a
3338 5468 3567 5527 Domino

1999 5595 2067 5673 ne
2098 5564 2383 5673 feriatur:
2408 5581 2584 5673 sipara
2614 5583 2843 5673 :“eadern
2872 5598 2998 5637 cura
3022 5583 3311 5655 provideat,
3340 5602 3401 5643 ne
3429 5583 3569 5642 bibat

3101 5748 3171 5810 31
