1945 3090
146 119 179 146 73
371 117 511 145 REGULA
531 114 845 145 SANCTIHONIALIUM
865 115 909 143 AB
926 113 1104 142 AMALARIO
1122 113 1311 142 COLLECTA.
1331 129 1366 133 —
1385 113 1448 140 LIB.
1469 113 1499 141 ll.

1696 113 1750 140 9η

124 176 274 211 Augustus,
297 174 444 202 venerabili
465 174 492 201 in
507 173 616 202 Christo
640 172 765 200 Sichario
783 172 913 206 archiepi—
926 173 951 202 Α
964 177 1038 198 cosse
1054 174 1096 198 est
1120 174 1149 197 ut
1164 170 1187 198 si
1206 170 1323 205 aliquem
1344 170 1371 197 in
1386 173 1431 197 tua
1444 169 1554 197 dimensi
1578 168 1631 196 tale
1649 168 1747 197 fecisse

123 228 209 256 scopo
223 220 249 247 in
264 219 378 246 Domino
390 219 503 246 salutem
526 225 550 246 α.

161 265 277 294 Sacrum
291 270 319 293 et
336 265 492 292 venerabile
507 264 662 297 concilium,
675 264 766 292 divino
782 268 848 291 nutu
862 271 913 291 no-

123 316 238 347 stroque
251 311 338 339 studio
350 311 377 339 in
391 311 553 346 Aquisgrani
569 310 671 346 palatio
686 318 772 345 nuper
786 316 914 345 aggrega-

124 364 194 392 tum,
214 359 241 386 in
260 366 314 393 quo
332 358 416 385 multa
435 358 469 385 ob
484 358 683 392 propagandam
701 356 912 384 ecclesiasticam

124 405 296 440 dignitatem,
321 403 490 438 praecedente
504 407 531 430 et
543 403 724 437 subsequente
734 401 821 436 gratia
835 401 915 428 Chri-

125 450 173 482 sti,
198 449 340 486 diligenter
356 452 472 476 tractata
494 452 576 482 atque
603 448 726 475 instituta
749 451 822 479 sunt,
841 450 914 475 tuam

125 494 279 521 nullatenus
302 493 437 520 credimus
455 493 539 520 latere
565 493 747 520 sanctitatem.
773 492 827 520 Sed
851 492 914 527 quia

126 539 260 574 contingit
274 538 363 565 eidem
377 542 472 566 sancto
490 543 518 565 et
531 539 678 566 venerabili
695 539 812 567 concilio
838 542 912 567 tuam

127 593 182 612 non
190 584 354 613 interfuisse
370 585 571 619 paternitatem,
584 585 618 612 ad
633 589 707 612 tuam
720 585 856 612 destinare
869 585 916 612 de-

127 630 263 657 crevimus
277 629 481 662 beatitudinem,
499 637 548 665 per
561 633 722 664 praesentem
740 630 853 659 missum
860 637 916 668 lno-

128 679 228 706 strum,
249 675 358 701 nomine
368 674 550 706 Adalelmum,
565 674 709 702 formulam
724 675 862 702 canonica:
878 674 916 701 in-

129 719 290 752 stitutionis,
313 719 346 746 ab
361 719 455 746 eodem
470 726 548 746 sacro
562 723 694 746 conventu
713 726 747 746 ex
761 723 917 746 sanctorum

130 763 240 791 Patrum
255 764 370 799 sparsim
385 764 498 797 digestis
522 764 665 791 sententiis
681 764 821 792 collectam
836 768 918 799 atque

129 810 159 837 in
175 817 257 837 unum
273 814 436 843 congestam.
461 809 544 842 Quam
558 810 637 836 etiam
656 809 757 836 idcirco
775 816 858 843 penes
870 816 916 843 pa-

965 217 1115 251 rcpcreris,
1136 216 1288 251 bujusmodi
1307 215 1409 243 factum
1432 222 1525 242 coram
1547 213 1751 249 provincialium

965 267 1072 289 tuorum
1088 262 1277 297 episcoporum
1292 265 1437 293 conventu,
1451 264 1480 288 et
1491 267 1583 288 coram
1593 260 1753 295 przscripto

964 307 1048 334 misso
1068 311 1162 334 nostro
1187 306 1339 338 frustreris,
1366 310 1394 333 et
1417 305 1488 333 hanc
1502 305 1696 338 authenticam,
1724 309 1756 332 ut

964 352 1155 387 praemisimus,
1171 352 1325 388 diligenter,
1350 351 1422 379 sicut
1439 351 1540 379 missus
1554 355 1647 378 noster
1660 351 1700 378 eis
1713 351 1755 378 in-

965 398 1125 430 sinuaverit,
1148 398 1295 425 transcribi
1310 404 1483 432 percenseas.
1510 397 1611 426 Omnes
1621 404 1687 433 ergo
1702 401 1755 424 tua:

966 443 1116 470 diteceseos
1133 443 1252 478 episcopi
1271 447 1299 470 et
1309 443 1400 470 caeleri
1419 442 1524 477 pmlati
1549 450 1610 470 eam
1632 442 1755 477 vigilanti

965 494 1031 514 cura
1044 488 1236 521 transcribere,
1257 488 1352 515 solerti
1363 488 1452 516 studio
1466 488 1626 521 intelligere,
1642 488 1750 515 instan—

967 532 1077 560 tissime:
1097 533 1263 561 assiduitatis
1279 534 1409 561 exercitio
1437 534 1566 561 divinitus
1591 533 1676 568 adiuti
1692 540 1757 569 ope-

969 577 1045 605 ribus
1067 578 1203 612 complere
1226 579 1365 606 decertth
1383 587 1389 605 :
1408 582 1439 606 ut
1458 586 1518 606 cum
1541 586 1591 606 nos
1617 578 1697 612 hujus
1716 578 1757 606 rei

967 621 1053 656 gratia
1076 622 1243 657 inquirendae
1264 623 1386 650 venturis
1401 622 1530 651 Kalendis
1542 623 1757 658 Septembribus,

968 665 1048 702 (sicut
1054 666 1141 694 e'nhm
1153 674 1233 695 sacro
1240 671 1268 695 et
1277 667 1445 695 memorabili
1455 668 1572 695 concilio
1585 668 1758 696 meminimus

968 717 1018 738 nos
1031 710 1132 738 dixisse
1153 710 1281 747 facturos)
1306 712 1404 740 missos
1415 717 1525 740 nostros
1545 720 1594 748 per
1610 712 1755 748 imperium

968 762 983 781 a
1000 755 1055 782 Deo
1074 755 1152 783 nobis
1168 756 1295 784 collatum
1315 757 1553 791 destinaverimus,
1582 762 1686 786 remota
1707 766 1758 786 cu-

966 800 1078 835 juslibet
1093 801 1260 829 difficultatis
1273 802 1455 837 oppositione,
1479 802 1600 836 ejusdem
1615 803 1761 831 salutifera

128 856 224 883 latium
235 859 357 882 nostrum
374 855 515 889 diligenter
530 855 611 882 scribi
628 855 750 887 fecimus,
765 859 795 882 ut
805 846 872 882 nihil
890 854 916 881 in

974 846 1146 874 institutionis
1158 847 1262 882 praelati
1279 852 1306 875 et
1318 848 1428 880 subditi,
1446 852 1525 883 prout
1536 848 1667 876 Dominus
1679 856 1760 884 posse

127 908 160 927 se
174 900 337 934 scriptorum
351 900 416 926 vitio
430 900 630 933 dcpravationis
646 905 692 926 aut
705 900 919 928 detruncationis

129 945 244 976 habens,
260 945 293 972 ad
309 950 336 973 te
350 952 437 979 usque
450 946 594 973 incolumis
607 944 783 979 perferretur.
798 944 920 979 Quapro-

128 995 193 1025 pter
209 990 332 1019 volumus
347 994 428 1024 atque
442 990 611 1018 decernimus
626 995 656 1018 ut
672 989 750 1024 juxta
765 985 921 1025 metropoli-

128 1041 203 1062 una:
224 1035 296 1064 sedis
309 1035 358 1062 tibi
380 1036 509 1063 canonice
529 1035 655 1067 collatam
674 1036 847 1072 dignitatem,
874 1044 921 1064 uo—

131 1085 254 1115 straeque
282 1080 452 1108 auctoritatis
484 1082 664 1114 sanctionem,
698 1081 847 1109 diceeeseos
870 1086 922 1109 tua:

127 1124 285 1159 episcopos,
311 1129 339 1152 et
365 1129 478 1153 ceteros
493 1125 622 1153 Ecclesia:
640 1126 778 1160 praelatos,
800 1131 922 1161 tempore

127 1172 159 1196 et
174 1168 232 1195 loco
245 1170 403 1205 congruenti
419 1170 453 1199 ad
469 1174 493 1198 te
508 1178 648 1198 accersere
662 1171 757 1204 facias,
774 1175 802 1199 et
815 1172 857 1199 his
871 1179 921 1199 co—

130 1221 193 1241 ram
209 1214 375 1249 capitulatim
392 1220 568 1243 memoratam
583 1215 761 1244 institutionis
779 1215 922 1244 formulam

130 1259 243 1294 prmlegi
256 1259 363 1293 jubeas,
382 1263 410 1287 et
422 1260 493 1295 quod
508 1261 543 1288 ob
560 1260 731 1289 exaltandum
746 1261 923 1289 ecclesiastici

131 1304 263 1331 culminis
279 1304 426 1339 fastigium,
438 1309 464 1332 et
478 1306 631 1334 animarum
649 1306 774 1340 salutem,
798 1307 869 1334 idem
882 1314 924 1335 sae

128 1358 181 1377 cer
190 1354 338 1377 conventus
348 1357 408 1377 eam
421 1351 546 1384 ediderit,
558 1351 661 1386 liquido
674 1352 845 1381 demonstres
857 1361 865 1386 ;
876 1353 923 1381 sed

130 1401 162 1423 et
170 1396 213 1423 his
224 1396 269 1430 qui
284 1396 309 1423 in
323 1403 377 1423 uno
390 1396 503 1432 collegio
514 1398 645 1426 canonice
657 1399 767 1434 degunt,
780 1399 923 1426 tenendam

131 1440 385 1476 observandumque
419 1449 512 1469 coram
535 1447 684 1471 memorato
710 1444 794 1471 misso
830 1449 925 1472 nostro

131 1485 278 1513 conferas:
293 1494 325 1513 ac
344 1486 367 1513 si
380 1486 495 1521 alicujus
513 1488 602 1515 cordis
622 1489 730 1516 obtusio
749 1497 809 1516 eam
824 1490 924 1517 intelli—

968 891 1009 918 eis
1020 891 1134 925 dederit,
1147 892 1249 920 strenui
1262 892 1435 920 inveniantur
1445 897 1611 928 operatores.
1625 893 1760 927 Quoniam

969 937 995 964 di
1007 937 1090 972 igenti
1111 938 1247 973 indagine,
1272 938 1328 965 vita
1348 938 1457 971 comite,
1478 938 1636 973 perquirere
1654 938 1759 972 jubebi-

969 989 1030 1009 mus
1044 982 1106 1017 quis
1132 982 1304 1017 prmlatorum
1324 981 1475 1017 injunctum
1490 982 1541 1010 sibi
1555 982 1671 1010 ofﬁcium
1684 986 1756 1010 stre-

970 1033 1023 1053 nue
1037 1027 1182 1062 peregerit,
1204 1026 1246 1053 vel
1260 1026 1322 1061 quis
1341 1026 1368 1054 in
1382 1026 1507 1054 claustris
1520 1027 1712 1054 canonicorum
1730 1031 1758 1055 ct

970 1072 1078 1100 caeteris
1092 1072 1106 1092 δ
1121 1072 1335 1100 habitationibus
1351 1071 1551 1104 construendis,
1572 1076 1600 1100 et
1621 1073 1649 1100 in
1663 1080 1759 1101 neces-

971 1118 1051 1146 sariis
1066 1118 1207 1153 stipendiis
1224 1118 1264 1145 eis
1275 1118 1436 1150 tribuendis,
1448 1110 1516 1146 et'in
1532 1118 1656 1146 domibus
1672 1118 1706 1145 ad
1719 1126 1762 1146 re-

972 1163 1110 1198 ceptacula
1133 1171 1279 1198 pauperum
1304 1163 1481 1198 reparandis,
1505 1163 1639 1191 sanctioni
1662 1168 1762 1191 nostra

972 1208 1105 1244 paruerit,
1119 1208 1214 1243 quisve
1225 1208 1327 1236 clerum
1341 1216 1420 1236 suum
1435 1209 1531 1236 eadem
1547 1209 1718 1236 institutione
1733 1212 1761 1235 et

972 1247 1079 1281 caeteris
1096 1252 1263 1287 spiritalibus
1276 1253 1446 1281 documentis
1461 1253 1596 1280 instruere
1610 1254 1757 1286 curaverit,

973 1299 1015 1326 vel
1028 1299 1089 1333 quis
1109 1306 1189 1326 causa
1203 1299 1323 1326 avaritia:
1340 1307 1388 1327 eos
1403 1307 1472 1334 quos
1486 1298 1586 1327 Christi
1602 1300 1698 1327 militia
1719 1307 1763 1327 ra—

974 1344 1139 1373 tionabiliter
1165 1344 1238 1372 alere
1257 1349 1372 1380 poterat,
1397 1345 1547 1381 propulerit
1565 1355 1572 1372 :
1596 1346 1661 1380 quia
1682 1346 1763 1373 unius

975 1391 1039 1419 anni
1059 1391 1176 1426 spatium
1192 1391 1327 1424 dedimus,
1354 1396 1385 1418 ut
1405 1399 1438 1418 ea
1459 1399 1520 1426 quae
1545 1392 1678 1426 promissa
1699 1396 1764 1420 sunt

975 1438 1078 1471 absque
1102 1437 1183 1464 ullius
1203 1436 1371 1465 difficultatis
1393 1437 1567 1464 excusatione
1589 1437 1693 1472 perfici,
1718 1438 1764 1465 ubi

976 1483 1090 1510 necdum
1106 1483 1178 1510 facta
1191 1487 1279 1515 erant,
1302 1483 1428 1510 facillime
1441 1487 1561 1519 possent.
1581 1483 1697 1511 Proinde
1718 1485 1764 1518 qui

131 1537 199 1565 gere
209 1531 375 1565 nequiverit,
394 1531 457 1559 huic
474 1532 531 1559 sive
550 1533 599 1560 abs
618 1537 655 1566 te,
670 1534 728 1561 sive
746 1534 781 1562 ab
793 1534 854 1562 aliis
866 1535 923 1570 epi-

975 1527 1026 1555 hoc
1043 1528 1106 1554 anni
1123 1533 1245 1562 tempore
1259 1528 1286 1555 in
1304 1528 1355 1555 hoc
1373 1516 1482 1563 negotio
1502 1531 1602 1555 nostrze
1620 1516 1765 1555 admodnm

131 1576 234 1610 scopis,
250 1576 524 1611 comprovincialibus
535 1578 640 1605 scilicet
656 1579 719 1611 tuis,
733 1579 862 1607 doctrina:
873 1579 925 1607 ful-

132 1628 203 1655 gore
227 1620 404 1649 renitentibus
426 1621 516 1648 sobrie
542 1621 673 1650 tradatur.
701 1622 754 1650 Sed
779 1628 807 1650 et
830 1623 857 1650 in
874 1624 925 1651 hoc

134 1665 313 1693 nihilominus
341 1666 565 1701 circumspectam
597 1675 739 1695 monemus
764 1675 825 1696 esse
851 1673 924 1696 tuam

134 1710 319 1746 prudentiam,
346 1715 376 1738 ut
393 1712 427 1739 ab
440 1712 483 1740 bis
497 1712 543 1747 qui
565 1720 626 1740 eam
650 1714 837 1748 transcripturi
853 1719 923 1745 sunt,

134 1757 177 1784 ita
197 1757 403 1790 transcribatur,
429 1761 518 1785 utnec
538 1758 684 1792 depravata
698 1758 763 1786 vitio
775 1758 925 1793 scriptoris,

135 1808 191 1829 nec
206 1801 363 1829 detruncata
379 1802 412 1829 ab
427 1802 517 1837 aliquo
531 1802 578 1829 fiat
593 1811 599 1829 :
615 1803 661 1830 sed
683 1803 754 1831 sicut
770 1811 785 1831 a
799 1804 927 1839 praedicto

135 1846 225 1873 misso
231 1852 322 1873 nostro
333 1846 373 1873 eis
384 1847 595 1874 demonstratum
610 1846 701 1879 fuerit,
718 1847 820 1882 absque
834 1848 925 1883 aliqua

135 1890 334 1924 depravatione
358 1890 399 1917 vel
413 1890 619 1918 detruncatione
644 1892 851 1920 transcribatur.
875 1892 928 1920 No-

135 1934 213 1961 veris
227 1933 318 1967 etiam,
336 1934 398 1968 quia
411 1935 471 1962 ideo
487 1934 558 1962 illius
571 1935 724 1970 exemplum
751 1937 822 1972 apud
836 1944 926 1965 arma—

136 1979 211 2007 rium
233 1978 325 2015 palatii
338 1980 422 2007 nostri
442 1980 582 2008 detentum
597 1986 649 2014 est,
661 1987 692 2009 ut
703 1989 736 2010 eo
749 1983 863 2017 probari
878 1991 928 2018 pa-

137 2030 231 2055 tenter
248 2027 336 2061 possit
358 2026 419 2061 quis
435 2035 494 2055 eam
507 2028 642 2056 incuriose
665 2029 874 2064 transcripserit,
887 2029 929 2057 vel

138 2071 203 2107 quis
217 2071 333 2107 aliquam
346 2071 404 2106 ejus
417 2077 520 2107 partem
532 2073 709 2101 detruncarit.
726 2074 760 2102 Ut
774 2075 846 2102 enim
858 2082 930 2103 com-

138 2116 272 2150 perimus,
287 2117 350 2144 dum
371 2117 398 2144 in
409 2118 502 2145 eodem
516 2125 594 2146 sacro
608 2119 723 2147 concilio
734 2120 928 2156 perlegeretur,

138 2164 287 2196 antequam
308 2169 400 2190 coram
412 2163 488 2190 nobis
506 2163 540 2191 ab
563 2163 658 2191 eodem
676 2166 791 2193 concilio
812 2166 927 2201 prolata,

139 2210 170 2233 et
194 2207 307 2234 necdum
329 2215 458 2235 mensura
472 2209 524 2236 cibi
549 2216 580 2237 ac
598 2213 676 2244 potus
702 2215 801 2239 statuta
824 2212 927 2245 fuisset,

138 2251 255 2286 quidam
268 2259 364 2286 magna
374 2260 408 2279 ex
420 2257 497 2287 parte
509 2253 580 2281 illam
595 2254 794 2289 detruncantes,
806 2257 929 2291 quaedam

136 2296 261 2331 capitula
276 2297 426 2325 inconsulte
439 2305 472 2325 ex
487 2305 518 2325 ea
532 2299 769 2334 transcripserunt.
796 2300 871 2329 Unde
883 2308 930 2329 ne-

177 2384 284 2423 :lianc
296 2385 436 2423 epistolam
452 2386 614 2423 encyclicam
626 2386 709 2415 fuisse
726 2392 841 2423 oportet,
866 2397 929 2416 nam

137 2418 387 2458 in__Goldas_titomo
404 2421 436 2458 ιν
451 2418 566 2458 Constit.
582 2422 727 2457 imperial.,
739 2418 799 2458 pag.
817 2418 851 2451 f2
865 2432 927 2451 nov.

136 2454 221 2494 edit?
252 2454 364 2482 aﬂ‘ertur
394 2456 456 2494 data
481 2457 514 2484 ad
534 2454 671 2485 Arnouem
694 2454 928 2494 arcliiEpiscopum

137 2489 379 2519 Salzburaensem.
395 2490 490 2519 usust.

182 2497 243 2516 iznu
277 2497 379 2517 ensem.
395 2497 490 2519 mum.

178 2497 422 2566 _bﬂarg'tatianibax
437 2525 602 2566 constructis.
628 2526 688 2566 Duo
705 2528 827 2566 praecipit
846 2529 932 2566 impe-

137 2563 230 2591 rator,
246 2560 365 2594 regulam
371 2560 520 2594 observari,
535 2566 563 2589 et
574 2560 737 2590 monasticas
750 2560 931 2591 habitationes

138 2594 300 2632 i_nstaurari.
328 2594 478 2632 Utrumque
501 2596 602 2630 pariter
620 2597 775 2632 complexus
797 2602 839 2625 est
858 2598 931 2625 Hetti

136 2628 317 2674 Trevirensis
322 2628 541 2674 archiepiscopus
549 2631 575 2658 in
586 2628 698 2674 epistola
710 2633 830 2673 quamde
837 2633 931 2660 eadem

138 2668 252 2702 re__tunc
265 2664 373 2702 scripsit
382 2664 579 2702 ad’Frotarium
587 2664 738 2694 Tullenscm
752 2667 907 2702 episcopum
922 2675 929 2694 :

141 2707 153 2724 ι
170 2697 231 2725 Non
245 2697 366 2736 nescitis,
391 2699 489 2736 inquit,
509 2708 569 2728 cum
585 2709 637 2736 qua
651 2702 755 2729 cautela
769 2697 930 2730 'mandatum

136 2733 314 2775 suscepimus
332 2733 438 2775 dominii
452 2733 623 2775 imperatoris
635 2743 698 2775 _nos
715 2737 742 2775 in
755 2736 864 2775 ὠφρεεί
883 2744 931 2775 no-

138 2772 261 2811 stranet
269 2769 384 2811 episcopi
402 2769 498 2811 singuli
511 2770 537 2811 in
553 2770 768 2811 parochiisisuis,
788 2771 875 2811 idest,
897 2771 931 2799 de

139 2803 239 2838 regula
257 2803 385 2838 augendm
405 2803 559 2840 religionis,
576 2810 603 2833 et
617 2804 866 2834 tle'lninislratoriis
886 2814 930 2834 ca-

971 1571 1088 1605 jussioni
1103 1580 1152 1607 pro
1167 1573 1270 1600 viribus
1290 1572 1401 1600 obedire
1413 1572 1572 1607 neglexerit,
1590 1573 1696 1600 caneris
1708 1572 1766 1599 sine

976 1617 1057 1645 dubio
1080 1619 1178 1645 terrori
1206 1618 1268 1651 erit,
1297 1626 1331 1645 ne
1350 1618 1403 1645 tale
1425 1618 1568 1646 admittere
1589 1622 1764 1653 praesumant.

976 1663 1130 1691 Diresimus
1150 1671 1216 1690 sane
1229 1663 1278 1690 tibi
1303 1663 1481 1691 institutionis
1504 1662 1663 1696 formulam,
1682 1671 1765 1698 quam

976 1707 1095 1742 ejusdem
1110 1707 1180 1734 sacri
1194 1707 1300 1734 concilii
1313 1715 1361 1742 par
1375 1714 1522 1735 consensus
1533 1715 1635 1742 parque
1646 1708 1765 1735 studium

976 1760 1009 1780 ex
1034 1756 1190 1780 sanctorum
1206 1752 1316 1779 Patrum
1340 1753 1420 1780 dictis
1435 1753 1595 1780 enucleatim
1612 1754 1758 1789 excerpsit,

977 1801 1005 1824 et
1028 1797 1195 1824 castimonia!
1211 1797 1308 1824 dicatis
1324 1797 1351 1824 in
1362 1805 1414 1824 una
1432 1797 1562 1825 societate
1573 1798 1703 1825 canonice
1720 1799 1765 1827 de-

977 1842 1102 1877 gentibus
1115 1843 1311 1870 observandam
1332 1843 1436 1870 statuit.
1461 1843 1545 1876 Quam
1560 1843 1683 1871 volumus
1700 1852 1715 1871 a
1729 1848 1765 1877 te,

978 1888 1035 1915 sive
1063 1895 1078 1914 a
1103 1887 1156 1915 tuis
1181 1888 1451 1923 comprovincialibus
1476 1888 1621 1924 episcopis,
1646 1889 1765 1917 studiose

975 1933 1073 1968 jubere
1088 1934 1244 1967 transcribi,
1269 1938 1297 1962 et
1310 1934 1481 1962 monasteriis
1493 1935 1660 1970 puellaribus
1677 1936 1704 1963 in
1722 1940 1767 1963 tua

979 1977 1090 2005 dioecesi
1109 1978 1331 2011 consistentibus,
1359 1979 1387 2006 in
1402 1979 1501 2014 quibus
1518 1972 1623 2007 scilicet
1635 1981 1766 2008 canonice

979 2023 1090 2068 vivitur,
1105 2024 1250 2052 tenendam
1262 2024 1392 2057 conferri,
1410 2025 1579 2060 qualiterque
1597 2026 1631 2053 ab
1643 2026 1763 2053 abbatis-

980 2069 1018 2097 sis
1031 2074 1058 2097 et
1070 2070 1176 2098 caeteris
1189 2070 1442 2098 sanctimonialibus
1457 2071 1662 2105 religiosissime
1675 2078 1708 2099 ac
1719 2071 1766 2098 de-

981 2116 1120 2143 votissime
1147 2115 1286 2143 observari
1306 2115 1409 2146 debeat,
1427 2115 1596 2150 apertissime
1609 2114 1765 2149 perdoceri.

980 2161 1131 2194 Quoniam,
1156 2161 1208 2188 nisi
1232 2161 1339 2195 quando
1360 2168 1411 2188 nos
1428 2160 1545 2195 aliquam
1569 2160 1767 2188 abbatissarum

981 2210 1101 2233 nostram
1117 2206 1192 2233 adire
1200 2204 1361 2239 jusserimus
1376 2206 1558 2241 praesentiam,
1579 2206 1632 2234 alio
1647 2210 1768 2242 tempore

980 2250 1103 2278 volumus
1112 2250 1139 2277 in
1149 2251 1320 2278 monasteriis
1333 2251 1478 2283 resideant,
1492 2254 1519 2279 et
1532 2252 1681 2279 secundum
1693 2252 1767 2287 ejus-

982 2298 1043 2325 dem
1069 2297 1247 2325 institutionis
1274 2296 1390 2324 formam
1417 2297 1500 2325 vitam
1525 2298 1635 2331 ducant,
1660 2299 1765 2335 sibique

982 2387 1139 2415 nonimrum
1150 2386 1272 2418 ofﬁcinis.
1286 2390 1315 2413 ut
1325 2386 1348 2414 si
1358 2386 1456 2422 quibus
1468 2386 1495 2422 in
1503 2386 1570 2414 locis
1582 2386 1649 2415 bene
1655 2392 1770 2422 compta:

981 2427 1083 2455 essent,
1104 2422 1230 2457 deinceps
1244 2429 1305 2449 cum
1322 2429 1427 2457 summa
1441 2421 1579 2456 diligentia
1593 2421 1768 2450 ornarentur.

981 2458 1058 2486 Nunc
1068 2463 1158 2484 autem
1169 2456 1331 2491 in'proximo
1343 2461 1385 2484 est
1395 2456 1534 2491 placitum,
1550 2464 1602 2491 quo
1614 2457 1673 2485 sine
1684 2458 1766 2486 dubio

980 2492 1161 2527 seiscitabitur
1189 2492 1222 2519 de
1244 2492 1478 2527 obtemperatione
1502 2491 1621 2519 mandati
1643 2492 1768 2520 dominus

981 2527 1112 2555 mandati.
1126 2526 1296 2562 Quapropter
1312 2526 1470 2562 scrutemini
1489 2527 1631 2562 diligenter
1650 2527 1677 2554 in
1689 2534 1769 2562 paro—

981 2563 1043 2591 chia
1062 2566 1162 2593 vestra,
1189 2562 1217 2589 in
1229 2561 1329 2597 vestris
1353 2561 1521 2597 aliorumque
1540 2561 1726 2594 monasteriis,
1747 2563 1770 2597 si

982 2597 1095 2632 pnefat‘a
1110 2596 1208 2632 regular
1220 2596 1366 2632 digne_per
1385 2596 1675 2628 omnia'conservetur,
1694 2601 1730 2632 _et
1746 2596 1769 2622 si

984 2630 1096 2659 ofﬁcina:
1110 2630 1187 2666 juxta
1203 2630 1287 2666 ipsius
1299 2630 1408 2659 decreta
1423 2636 1586 2659 constructa:
1597 2635 1678 2665 atque
1693 2630 1771 2657 inno-

985 2671 1056 2694 vatae
1070 2665 1262 2693 contineantur
1276 2673 1282 2692 :
1297 2670 1327 2692 ut
1343 2673 1403 2693 cum
1422 2665 1553 2699 imperiali
1572 2665 1688 2692 solertia:
1697 2671 1769 2699 prat-

984 2701 1162 2739 sentabimur,
1178 2699 1283 2739 dejecto
1299 2700 1393 2739 procul
1406 2699 1562 2739 molimento
1575 2699 1698 2739 aliorum,
1716 2706 1770 2726 una

983 2737 1122 2764 vobiscum
1134 2743 1167 2763 es
1182 2735 1306 2763 omnibus
1320 2735 1358 2763 illi
1370 2743 1385 2763 a
1396 2735 1474 2762 nobis
1484 2735 1584 2762 veritas
1594 2735 1742 2766 nuntietur,
1758 2744 1767 2760 ι

983 2775 1011 2799 et
1034 2775 1141 2803 cetera,
1166 2778 1226 2806 qua:
1238 2776 1389 2806 sequuntur
1404 2770 1430 2806 in
1453 2768 1675 2806 s_chedis_San§ti
1695 2768 1770 2796 Petri

984 2803 1251 2839 Carnolenslsfunde
1261 2803 1324 2834 olim
1341 2804 1538 2839 descripsimus.
1560 2803 1618 2831 Jac.
1632 2803 1711 2831 δικ..
