3890 6180
476 241 585 300 087

1496 229 1827 286 AMALARII
1869 226 2306 286 PRESBYTERI
2350 224 2693 286 METENSIS
3556 231 3636 287 988

471 360 606 406 ante
628 348 938 410 Dominum,
984 352 1041 399 et
1064 359 1160 399 cos
1184 343 1275 410 qui
1312 341 1533 412 vestigia
1561 349 1741 396 vestra
1775 339 2051 393 intuentur
2077 341 2127 401 Α
2152 338 2301 404 litur,
2349 351 2450 392 nec
2484 335 2704 390 omnino
2745 322 3020 390 mentitur.
3055 332 3196 389 inest
3235 335 3414 406 quippe
3457 337 3500 393 in
3531 356 3640 396 men-

479 441 756 511 sequendo
794 439 861 492 ab
892 436 1091 490 intimis
1124 443 1178 488 et
1205 431 1426 487 caducis
1465 430 1530 484 ad
1557 430 1810 484 sublimia
1833 437 1889 484 et
1910 444 2054 485 sem-

479 534 692 603 piterna
757 527 933 596 erigit.
987 524 1324 593 Quapropter
1375 521 1671 575 arbitratus
1721 534 1841 574 sum
1895 533 2055 588 posse

482 638 658 678 meam
685 619 1002 689 parvitatem
1028 615 1232 669 aditum
1265 612 1502 681 reperire
1529 611 1595 664 ad
1619 619 1855 666 vestram
1881 608 2056 664 excel-

481 709 833 766 lentissimam
865 705 1231 777 praesentiam.
1267 703 1491 771 Insuper
1525 716 1611 755 me
1633 701 1795 755 etiam
1826 701 2055 769 cognovi

479 800 777 856 debitorem
805 795 970 850 vestri
997 793 1222 857 servitii,
1255 791 1502 861 quamvis
1541 791 1736 845 absens
1778 791 2052 858 degerem,

478 899 533 944 et
549 901 665 944 non
697 903 924 943 vacuum
955 887 1131 941 redire
1173 886 1240 938 ad
1268 892 1500 938 vestram
1531 882 1973 952 gloriosissimam
2002 889 2058 937 ct

477 980 795 1048 piissimam.
828 980 1166 1045 praesentiam
1210 975 1429 1037 debere,
1464 973 1678 1028 dicente
1727 972 1954 1028 Domino
1999 973 2054 1027 in

478 1071 594 1141 lege
625 1088 637 1122 :
675 1069 796 1122 Non
823 1067 1093 1138 apparebis
1120 1069 1173 1120 in
1197 1075 1470 1136 conspectu
1501 1081 1614 1117 meo
1637 1081 1832 1118 vacuus
1855 1065 2050 1136 (Exod.

479 1159 656 1229 mu).
700 1158 766 1212 Et
813 1159 1008 1211 iterum
1048 1158 1101 1210 in
1140 1154 1427 1223 Evangelio
1459 1172 1470 1206 :
1499 1153 1718 1206 Reddite
1761 1169 1880 1223 quo:
1933 1162 2054 1207 sunt

479 1248 727 1313 Ca'saris,
774 1249 970 1302 Cwsari
1003 1247 1224 1318 (Matth.
1261 1246 1416 1316 xxxi).
1469 1247 1794 1315 Praesumpsi
1833 1255 2056 1316 propter

480 1341 704 1393 nimiam
755 1339 1113 1392 humilitatem
1140 1347 1412 1402 vestram,
1441 1337 1509 1391 de
1537 1353 1640 1406 qua
1669 1338 1925 1402 diximus,
1957 1352 2054 1392 ve-

479 1437 606 1483 strae
644 1427 1108 1481 excellentissimie
1137 1428 1389 1496 potestati
1420 1441 1483 1480 ea
1507 1425 1722 1492 olI‘crre,
1753 1427 2053 1494 prtesertim

477 1534 603 1575 cum
648 1519 883 1573 sciamus
915 1534 1007 1572 vos
1047 1527 1313 1573 rectorem
1361 1533 1481 1572 esse
1531 1518 1694 1572 totius
1739 1518 2056 1573 Christiana:

478 1608 777 1678 religionis,
829 1617 1088 1675 quantum
1146 1608 1213 1662 ad
1269 1607 1516 1662 homines
1569 1607 1823 1676 pertinet.
1879 1609 2055 1663 Ardor

481 1700 612 1753 mihi
643 1699 814 1752 inerat
847 1707 904 1752 ut
941 1700 1130 1754 scirem
1172 1700 1298 1769 quid
1333 1701 1542 1770 priores
1589 1709 1837 1756 auctores
1883 1701 2052 1757 habe-
2082 1681 2128 1740 Β

479 1797 602 1842 rent
635 1788 687 1841 in
715 1789 898 1853 corde,
920 1789 1011 1858 qui
1034 1799 1220 1844 nostra
1247 1788 1420 1845 cilicia
1445 1798 1770 1844 statuerunt.
1798 1791 1903 1846 Sed
1925 1791 2050 1861 quia

479 1879 581 1931 hoc
621 1875 988 1932 ditlicillimum
1037 1879 1169 1932 mihi
1209 1888 1295 1933 est
1330 1878 1618 1945 aliirmare,
1665 1887 1726 1934 ut
1759 1880 2048 1937 identidem

476 1965 815 2035 scripsissem
867 1967 1010 2037 quod
1051 1968 1126 2021 illi
1180 1969 1602 2034 meditabantur,
1655 1985 1823 2024 unum
1870 1978 2048 2027 tamen

477 2055 767 2126 suffugium
819 2057 953 2110 mihi
1005 2067 1106 2124 est,
1135 2059 1180 2112 si
1231 2075 1295 2114 ea
1323 2075 1443 2130 quae
1481 2061 1674 2130 scripsi
1722 2060 2050 2118 videbuntur

477 2158 670 2204 vestra:
720 2149 908 2218 pietati
936 2165 966 2204 a
994 2151 1079 2204 via
1105 2151 1382 2206 charitatis
1424 2169 1532 2206 non
1557 2152 1837 2208 excedere.
1877 2153 1958 2207 Ex
1985 2154 2050 2208 li-

473 2233 576 2293 bro
604 2239 887 2309 Augustini
925 2240 991 2296 de
1020 2240 1273 2297 Doctrina
1321 2241 1630 2298 Christiana
1677 2225 1937 2298 defendar
1980 2245 2048 2299 ab

478 2330 586 2384 illis
632 2332 724 2400 qui
781 2346 868 2386 me
920 2332 1188 2396 voluerint
1236 2349 1486 2404 carpere,
1539 2335 1693 2404 quasi
1747 2334 2050 2406 periculose

478 2421 838 2491 scripsissem,
867 2436 930 2476 eo
957 2421 1098 2492 quod
1127 2432 1333 2478 mentes
1360 2433 1639 2480 auctorum
1680 2423 1844 2480 ofﬁcii
1881 2425 2051 2481 nostri

477 2526 585 2566 non
614 2520 906 2580 prmsciites
932 2513 1208 2568 haberem.
1254 2515 1396 2569 Dicit
1431 2525 1761 2572 memoratus
1783 2515 1972 2574 doctor
1995 2515 2052 2572 in

478 2602 617 2658 libro
648 2613 946 2660 memorato
985 2606 1158 2676 primo
1190 2622 1205 2660 :
1237 2624 1254 2656 ι
1289 2607 1542 2676 Quisquis
1581 2622 1710 2662 vero
1741 2606 1900 2661 talem
1929 2606 2052 2663 inde

475 2697 799 2751 sententiam
844 2697 1062 2762 dixerit,
1111 2713 1231 2767 qua:
1281 2700 1406 2755 huic
1446 2699 1774 2756 aediﬁcanda
1797 2699 2052 2754 charitati

477 2784 549 2836 sit
573 2785 738 2849 utilis,
779 2800 878 2842 nec
905 2796 1083 2842 tamen
1109 2788 1214 2866 hoc
1249 2789 1464 2854 dixerit,
1503 2789 1646 2858 quod
1674 2789 1762 2844 ille
1784 2803 1943 2858 quem
1973 2786 2050 2845 le-

477 2875 558 2944 git
585 2891 650 2930 eo
681 2875 800 2931 loco
825 2879 1059 2933 sensisse
1096 2879 1433 2948 probabitur,
1479 2895 1586 2936 non
1612 2880 1912 2951 perniciose
1941 2879 2046 2935 fal-

2161 425 2327 479 tiente
2355 425 2598 479 voluntas
2622 422 2754 477 falsa
2785 423 3016 477 dicendi.
3053 446 3070 474 ι
3106 424 3168 477 Et
3191 425 3337 494 paulo
3356 434 3462 495 post
3485 445 3498 484 :
3524 447 3540 478 ι
3562 429 3642 485 Sed

2155 516 2402 588 quisquis
2449 515 2504 568 in
2554 515 2838 583 scripturis
2890 513 3031 568 aliud
3078 515 3240 569 sentit
3285 531 3431 585 quam
3470 519 3542 573 ille
3575 524 3642 592 qui

2157 609 2394 679 scripsit,
2436 608 2543 664 illis
2592 623 2697 662 non
2743 607 3150 669 mentientibus,
3197 606 3436 662 fallitur.»
3472 610 3558 666 Sed
3587 621 3646 666 ta-

2155 719 2305 769 men,
2338 711 2399 758 ut
2433 704 2616 759 dicere
2661 718 2955 772 cmperam,
3001 703 3047 757 si
3096 719 3159 758 ea
3207 704 3450 758 sententia
3487 703 3647 761 fallitur

2157 810 2277 864 qute
2303 793 2534 848 tedilicet
2561 794 2904 856 charitatem,
2933 808 3051 862 quae
3094 791 3211 847 linis
3238 794 3461 862 pmepti
3487 804 3568 857 est,
3593 796 3646 849 ita

2155 882 2360 936 fallitur
2381 898 2446 937 ac
2469 882 2513 938 si
2543 883 2830 952 quisquam
2865 896 3049 936 errore
3074 881 3316 938 deserens
3345 885 3485 947 viam,
3511 899 3564 939 eo
3587 892 3646 938 ta-

2157 988 2281 1029 men
2302 988 2399 1044 per
2429 988 2615 1040 agrum
2651 981 2839 1044 pergat
2875 989 2982 1044 quo
3006 973 3166 1028 etiam
3193 973 3273 1026 via
3316 973 3394 1027 illa
3417 974 3644 1043 perducit:

2156 1065 2509 1136 corrigendos
2537 1073 2620 1118 est
2642 1071 2843 1130 tamen,
2870 1073 2925 1118 et
2949 1079 3108 1134 quam
3149 1064 3220 1118 sit
3242 1064 3412 1118 utilius
3432 1065 3551 1117 viam
3567 1078 3646 1118 non

2157 1159 2408 1213 deserere
2451 1156 2932 1212 demonstrandum
2960 1163 3067 1222 est,
3099 1172 3167 1211 ne
3207 1156 3548 1211 consuetudine
3582 1158 3647 1211 de-

2157 1247 2341 1302 viandi
2378 1248 2540 1302 etiam
2585 1249 2638 1302 in
2668 1256 3032 1302 transversum
3066 1254 3160 1302 aut
3188 1263 3469 1317 perversum
3500 1249 3562 1302 ire
3583 1263 3647 1303 oo-

2156 1345 2330 1406 gatnr.
2383 1335 2683 1392 Notandum
2723 1346 2807 1392 est
2851 1339 3037 1402 etiam,
3079 1355 3146 1394 ne
3177 1340 3427 1393 videretur
3463 1341 3647 1408 parvitas

2157 1443 2276 1482 mea
2301 1429 2454 1497 quasi
2479 1427 2676 1482 furtum
2705 1428 3030 1498 interpolare
3057 1429 3192 1484 meis
3215 1415 3380 1484 verbis
3404 1439 3645 1484 sanctorum

2157 1517 2300 1572 dicta
2329 1517 2574 1582 Patrum,
2608 1518 2902 1588 interposui
2934 1518 2986 1572 in
3025 1518 3132 1574 line
3171 1534 3347 1574 eorum
3372 1529 3420 1574 et
3443 1519 3648 1590 principio

2157 1608 2370 1677 signum
2397 1609 2651 1676 crucis'ln
2685 1607 2819 1663 Divo
2857 1608 3150 1665 llludovioo
3191 1610 3314 1665 vita.
3355 1609 3484 1664 Novo
3523 1609 3648 1663 David

2155 1698 2488 1768 perennitas.
2521 1698 2598 1752 Da
2644 1700 2893 1769 principi,
2930 1700 3176 1768 Domine,
3209 1701 3383 1756 vitam.
3424 1701 3511 1770 [psi
3545 1715 3647 1756 novo

2161 1786 2436 1843 Salomoni
2478 1787 2729 1844 felicitas.
2773 1788 2884 1844 Pax
2923 1790 3111 1856 mundi
3139 1806 3229 1845 vos
3255 1791 3393 1846 estis.
3439 1789 3516 1843 Pio
3541 1791 3647 1859 prin-

2157 1881 2300 1949 cipio
2327 1880 2678 1950 prosperitas.
2715 1880 2962 1946 Domine,
2999 1882 3167 1935 vitam
3211 1882 3308 1950 ipsi
3343 1880 3556 1936 concede.
3576 1880 3646 1935 Vc-

2156 1969 2435 2025 strartides
2468 1984 2565 2024 vos
2593 1979 2789 2024 servet.
2833 1968 3082 2026 Christus
3111 1987 3265 2040 quem
3295 1987 3380 2027 vos
3415 1971 3644 2034 honoratis,

2156 2059 2271 2128 ipse
2302 2074 2398 2114 vos
2422 2066 2619 2114 servet.
2650 2058 2980 2115 Potestatem
3000 2071 3238 2117 vestram
3263 2061 3394 2118 Deus
3411 2067 3643 2116 conservet

2155 2152 2298 2208 Deus
2331 2152 2580 2222 pacificet
2623 2167 2848 2223 regnum
2876 2163 3140 2208 vestrum.
3186 2152 3358 2209 Iudith
3386 2153 3642 2214 orthodoxa,

2154 2245 2505 2300 nobilissima:
2535 2251 2695 2315 atque
2723 2245 3162 2314 prudentissima:
3190 2245 3425 2317 Augustae
3448 2243 3562 2300 salus
3579 2253 3646 2311 per

2155 2336 2356 2392 multos
2398 2351 2588 2394 annos.
2633 2335 2861 2392 Lumina
2906 2335 3079 2406 pacis,
3127 2337 3362 2400 Domine,
3406 2349 3550 2390 serva.
3573 2331 3647 2384 Ln-

2156 2427 2300 2480 mina
2330 2427 2538 2491 mundi,
2568 2426 2813 2491 Domine,
2853 2427 3032 2482 serva.
3059 2425 3195 2483 Vita
3225 2435 3388 2482 vestra
3418 2423 3549 2478 tutela
3569 2434 3649 2476 om-

2155 2516 2305 2573 nium
2333 2525 2437 2578 est.
2466 2517 2658 2572 Vestra
2686 2516 2819 2572 ﬁdes
2857 2517 3227 2573 Ecclesiarum
3259 2528 3336 2573 est
3361 2516 3519 2588 gloria.
3551 2512 3648 2566 Plis-

2155 2605 2322 2661 simos
2355 2595 2598 2662 dominos
2631 2617 2843 2663 nostros
2874 2608 3186 2679 imperiales
3213 2616 3359 2663 natos
3385 2603 3647 2660 Hlotharium

2155 2697 2605 2768 gleriosissimum
2629 2707 3052 2755 catillatum-et
3102 2699 3292 2756 fratres
3325 2698 3429 2768 ejus
3465 2696 3650 2752 Christus

2155 2797 2460 2856 conservet.
2492 2787 2572 2842 Ex
2617 2775 2834 2859 proavis
2865 2788 3226 2858 orthodoxos,
3253 2787 3478 2867 Destino,
3514 2795 3646 2838 serva.

2155 2878 2418 2935 Custodes
2443 2879 2589 2946 fidei,
2629 2881 2872 2947 Domine,
2904 2895 3082 2935 serva.

488 3015 3106 3046 ww

3119 3010 3644 3044 _———’—

1614 3127 2146 3231 Pinarum
2219 3152 2614 3231 ALTERA

1112 3303 1221 3364 Ex
1253 3300 1550 3365 Auctoris
1579 3302 1881 3366 sententia
1907 3303 1992 3365 ad
2017 3302 2282 3366 initium
2304 3301 2496 3383 hujus
2528 3301 2737 3382 operis
2767 3296 3080 3379 ponenda.

546 3519 834 3590 Postquam
880 3519 1073 3590 scripsi
1118 3521 1356 3577 libellum
1401 3523 1493 3592 qui
1541 3538 1571 3577 a
1617 3523 1887 3593 parvitate
1918 3536 2054 3577 mea
2081 3521 2128 3584 C
2157 3536 2254 3592 per
2289 3521 2591 3592 subjectum
2614 3518 2860 3575 ordinem
2890 3526 3152 3573 numerat
3179 3519 3474 3571 memoratas
3500 3504 3649 3562 oratio-

477 3621 701 3666 vocatur
737 3611 804 3666 de
841 3611 1209 3667 ecclesiastico
1261 3611 1480 3675 Oﬂicio,
1527 3613 1649 3667 veni
1699 3612 1948 3677 Romam,
1979 3612 2061 3666 in-

477 3701 854 3772 terrogavlque
901 3703 1177 3758 ministros
1215 3703 1459 3758 ecclesiae
1497 3702 1682 3759 Sancti
1716 3703 1884 3767 Petri,
1930 3710 2062 3772 quot

474 3790 750 3844 orationes
809 3791 952 3845 soliti
1009 3800 1194 3846 essent
1247 3792 1522 3848 celebrare
1582 3801 1710 3847 ante
1769 3792 2060 3862 epistolam

480 3881 660 3935 missre
696 3896 794 3950 per
819 3882 935 3936 dies
969 3881 1154 3949 festos,
1193 3885 1248 3936 in
1283 3884 1480 3952 quibus
1511 3883 1648 3940 duas
1690 3885 2061 3940 solemuitates

479 3973 834 4040 celebramus,
885 3975 1044 4030 sicuti
1076 3984 1160 4030 est
1190 3976 1244 4030 in
1273 3976 1564 4033 Nativitate
1597 3979 1812 4034 Domini
1835 3979 1902 4033 ad
1933 3979 2062 4034 mis-

481 4079 596 4119 sam
624 4066 916 4121 secundam
959 4067 1024 4121 de
1059 4075 1246 4131 nocte,
1281 4069 1335 4121 in
1373 4083 1481 4136 qua
1521 4069 1826 4125 continetur
1861 4069 2060 4139 duplex

480 4155 721 4212 omnium
753 4158 806 4212 in
844 4157 1304 4225 Sacramentario,
1337 4159 1391 4214 id
1417 4169 1522 4221 est.
1557 4177 1722 4215 unum
1761 4160 1831 4215 de
1868 4160 2061 4217 eadem

483 4243 774 4302 Nativitate
802 4247 1039 4313 Domini,
1071 4255 1126 4302 et
1155 4249 1384 4304 alterum
1415 4250 1482 4304 de
1509 4258 1700 4305 sancta
1736 4248 2056 4316 Anastasia;

480 4343 540 4393 et
566 4337 620 4390 in
660 4336 956 4392 Dominicis
983 4338 1174 4394 diebus
1208 4340 1262 4394 in
1294 4340 1490 4411 quibus
1512 4340 1828 4411 frequenter
1871 4341 2063 4397 recoli-

484 4443 607 4484 mus
636 4429 1012 4486 solemnitates
1052 4431 1406 4501 plurimorum
1445 4441 1778 4489 sanctorum.
1820 4433 2062 4502 Respon-

480 4532 602 4571 sum
638 4527 722 4573 est
761 4519 918 4584 mihi,
965 4517 1138 4576 Unam
1169 4530 1400 4575 tantum.
1454 4521 1568 4577 Hoc
1607 4523 1904 4588 sciscitato,
1935 4523 2062 4593 quia

481 4605 590 4660 vidi
619 4607 757 4676 apud
789 4608 1073 4678 plerosque
1099 4609 1314 4666 diverso
1340 4610 1500 4665 modo
1525 4611 1773 4665 eumdem
1815 4611 2062 4665 ordinem

483 4709 664 4765 agere,
717 4696 772 4750 id
803 4706 888 4752 est
923 4697 1133 4767 aliquos
1165 4707 1274 4754 tres
1299 4701 1594 4764 orationes,
1645 4699 1855 4775 aliquos
1904 4701 2059 4766 duas,

477 4785 635 4852 juxta
661 4786 913 4842 atl‘ectum
958 4789 1375 4860 uniuscujusque
1403 4789 1592 4856 animi,
1622 4806 1728 4844 non
1764 4807 1850 4846 me
1891 4792 2064 4863 piguit

2162 3625 2263 3667 nes
2290 3629 2304 3665 :
2332 3612 2628 3675 orationes,
2649 3608 3077 3672 obsecrationes,
3109 3607 3487 3678 postulationes,
3509 3594 3657 3670 ςηιίει·

2161 3716 2282 3756 rum
2313 3700 2574 3756 actiones.
2599 3698 2843 3756 Orationi
2873 3699 3155 3769 supponit,
3183 3695 3385 3768 quando
3409 3694 3524 3747 bona
3547 3682 3655 3740 nobis

2159 3793 2530 3865 postulamus;
2576 3791 2964 3856 obsecrationi,
3013 3792 3236 3860 quando
3273 3783 3599 3843 absolutionem
3633 3787 3655 3825 ι

2160 3871 2355 3949 malis;
2385 3881 2756 3953 postulationi,
2788 3895 3022 3951 pugnam
3055 3889 3248 3936 contra
3274 3876 3438 3933 omnia
3470 3871 3653 3926 adversa.

2161 3975 2229 4029 Ει
2256 3973 2561 4046 Ρτωεεΐίδὶῑ
2585 3988 2726 4044 sepe
2760 3986 2860 4028 nos
2887 3971 3088 4026 debere
3128 3972 3231 4028 hoc
3254 3968 3416 4024 facere
3437 3959 3604 4034 quando
3619 3953 3655 4006 in

2160 4081 2328 4120 unum
2363 4064 2735 4122 convenimus.
2780 4061 3017 4118 Sanctus
3042 4060 3371 4134 Augustinus
3401 4057 3464 4110 ita
3486 4071 3496 4105 :
3517 4050 3656 4143 Proca:

2162 4155 2358 4222 tiones,
2400 4155 2702 4220 orationes,
2754 4152 3245 4222 interpellationes,
3287 4150 3413 4214 sive,
3458 4151 3507 4199 ut
3536 4145 3657 4194 vesta

2163 4248 2380 4304 codices
2414 4248 2634 4312 habent,
2676 4246 3087 4316 postulationes,
3127 4245 3411 4317 gratiarum
3455 4233 3657 4292 actiones-

2160 4338 2228 4393 Et
2270 4337 2439 4394 dicit:
2470 4337 2618 4406 Quas
2648 4338 2849 4401 omnis,
2889 4337 3002 4392 sive
3047 4351 3190 4406 pene
3222 4332 3389 4390 omnis
3423 4322 3660 4393 fre-quemat

2159 4429 2404 4486 Ecclesia
2427 4429 2485 4485 in
2506 4429 2849 4491 solemnitate
2875 4437 3358 4482 sacramentorum.
3379 4412 3588 4476 Precatio
3603 4410 3662 4460 est

2159 4519 2335 4576 omnis
2380 4520 2557 4575 oratio
2607 4528 2734 4574 ante
2774 4518 2903 4574 illud
2940 4518 3085 4588 quod
3130 4517 3308 4587 agitur
3350 4513 3398 4568 in
3445 4498 3658 4588 Dominira

2160 4627 2367 4669 mensa.
2398 4611 2585 4668 Oratio
2616 4618 2704 4667 est
2727 4584 2986 4681 quidquid
3019 4584 3207 4680 postea
3253 4606 3425 4681 agitur.
3455 4606 3592 4664 omne
3608 4584 3657 4640 ad

2160 4703 2620 4760 communionem.
2671 4700 3040 4770 lnterpellatio
3063 4739 3078 4763 ,
3136 4699 3250 4754 sive
3289 4687 3547 4767 postulatio
3581 4683 3656 4777 est.

2163 4794 2382 4865 quando
2410 4792 2639 4862 populus
2662 4792 3020 4846 benedicitur.
3051 4789 3355 4845 Gratiarum
3379 4781 3506 4838 actio
3527 4778 3660 4830 sunt!

481 4875 723 4930 scribere
778 4878 1089 4945 inquisitum
1148 4895 1329 4934 meum
1378 4895 1541 4949 super
1596 4880 1697 4935 hac
1752 4895 1814 4936 re
1863 4897 1896 4934 a
1952 4881 2060 4936 Ro-
2084 4875 2454 4940 Dconcludit.
2483 4881 2584 4938 Ubi
2622 4889 2842 4936 sanctus
2865 4876 3198 4952 Augustinus
3232 4875 3359 4931 dicit
3377 4865 3656 4952 precationtfo

486 4965 678 5032 manis,
721 4977 776 5021 et
805 4968 859 5022 in
911 4968 1086 5024 fronte
1125 4984 1326 5038 ponere
1374 4970 1656 5024 memorati
1695 4969 1859 5026 libelli
1902 4986 2055 5026 meo-

486 5069 605 5108 rum
674 5054 990 5110 devotorum
1041 5059 1108 5112 ad
1171 5057 1421 5112 notitiam
1466 5074 1479 5111 :
1521 5073 1730 5114 necnon
1781 5058 1943 5113 etiam
2002 5065 2058 5113 et

485 5144 681 5201 iterare
723 5149 866 5216 quod
919 5163 987 5202 ex
1038 5149 1240 5219 scripto
1293 5149 1351 5204 S.
1404 5149 1674 5206 Ambrosii
1724 5157 1782 5206 et
1832 5149 1892 5205 S.
1947 5149 2058 5206 Au-

485 5238 683 5308 gustini
745 5238 906 5295 didici
956 5241 1024 5296 de
1080 5243 1269 5298 ordine
1327 5243 1635 5299 orationum
1683 5243 1738 5298 in
1799 5243 1958 5298 Missa
2003 5252 2060 5299 et

488 5332 542 5388 in
595 5333 715 5388 aliis
759 5332 979 5399 ciliciis,
1030 5335 1201 5390 secuti
1253 5344 1379 5390 sunt
1418 5336 1566 5390 enim
1613 5336 1860 5391 ordinem
1909 5335 2056 5390 beati

489 5423 640 5479 Pauli
683 5427 908 5494 apostoli
948 5427 1014 5481 ad
1060 5427 1423 5481 Timotheum.
1472 5427 1694 5499 Insuper
1731 5426 1898 5482 etiam
1936 5439 2057 5496 quae

492 5517 620 5571 mihi
665 5519 779 5572 visa
828 5528 956 5574 sunt
1005 5519 1196 5573 rationi
1245 5517 1483 5586 ejusdem
1517 5519 1722 5574 ordinis
1752 5532 2057 5587 congruere

491 5603 640 5671 iuxta
662 5611 1013 5681 capacitatem
1046 5611 1294 5682 iugcuioli
1322 5611 1445 5666 mci.
1479 5611 1710 5665 Sanctus
1734 5607 2054 5663 Ambrosius

2161 4971 2330 5026 nostri
2368 4970 2582 5025 codices
2622 4970 2844 5033 habent,
2883 4949 3282 5023 obsecrationes.
3330 4949 3659 5018 Obsecnlionio

2160 5071 2220 5116 ut
2246 5061 2450 5116 dictum
2489 5069 2591 5126 est,
2623 5060 2898 5130 supposita
2939 5067 3024 5114 est
3043 5055 3332 5130 postulatio
3354 5067 3384 5107 a
3406 5049 3461 5103 S.
3485 5038 3660 5130 Audior

2161 5151 2242 5208 sio
2272 5167 2370 5223 pro
2401 5122 2742 5207 absolutione
2780 5122 3144 5220 peccatorum.
3183 5145 3384 5200 Cetera
3424 5149 3520 5191 uno
3541 5122 3662 5184 ωοάο

2161 5242 2524 5306 nominamus,
2549 5251 2606 5296 ut
2628 5239 2964 5310 praelibatum
2987 5246 3074 5294 est
3093 5238 3156 5293 de
3177 5233 3236 5290 S.
3262 5226 3535 5301 Διιεηείίθθ
3551 5225 3663 5312 at

2159 5333 2388 5404 demque
2437 5332 2546 5385 vim
2591 5329 2842 5385 obtinent
2890 5329 3016 5400 quia
3056 5323 3263 5400 [quam]
3313 5321 3368 5376 S.
3403 5311 3663 5404 Αωιπθεπξ

2157 5396 2438 5493 supposuit
2467 5421 2567 5486 eis,
2595 5429 2650 5476 et
2695 5421 2750 5476 in
2780 5419 3144 5476 celebratione
3174 5411 3593 5470 sacramemowl‘
3621 5396 3663 5443 ⁸³

2157 5514 2212 5568 in
2243 5513 2453 5568 ceteris
2479 5510 2692 5568 ofﬁciis.
2737 5511 2794 5566 ln
2834 5511 3085 5566 omnibus
3109 5522 3229 5578 qum
3264 5501 3452 5560 scribo,
3489 5494 3662 5578 διιπικεξι·

2156 5607 2255 5661 dor
2281 5608 2517 5662 virorum
2549 5615 2861 5663 structorum
2891 5617 3053 5677 atque
3085 5603 3294 5676 piorum
3329 5573 3662 5652 Patruml‘l‘ﬁ‘
