1945 3090
168 158 222 186 989

508 158 552 186 DE
572 158 849 187 ECCLESIASTICIS
864 160 1014 188 OFFICIIS
1034 158 1121 187 LIBRI
1142 161 1185 188 IV.
1205 176 1238 182 —
1260 162 1455 192 l’llAtl‘ATlO.

1741 171 1797 199 990

168 217 232 244 cio:
248 215 359 242 interim
377 214 438 242 dico
453 221 513 249 qua:
523 215 620 243 sentio.
632 215 696 248 Quae
711 220 829 252 aguntur
846 216 872 243 in
887 216 957 244 cele-
970 218 996 247 Α
1009 222 1164 245 sanctorum
1179 218 1206 245 in
1229 226 1284 246 uno
1297 220 1359 247 die:
1379 228 1430 249 nec
1453 229 1506 249 non
1519 226 1548 249 et
1567 222 1672 251 Domini
1695 233 1799 260 praece—

168 261 294 289 bratione
306 260 405 292 misstc,
425 259 453 286 in
467 266 639 288 sacramento
659 261 806 289 Dominicaa
825 262 960 297 passionis

167 310 298 343 aguntur,
312 310 342 332 ut
352 306 410 340 ipse
424 307 563 340 praecepit,
577 307 671 335 dicens
684 316 690 334 τ
704 307 767 336 Haec
785 308 959 343 quotiescun-

168 359 221 387 que
242 350 373 382 feceritis,
401 350 427 376 iu
452 350 505 377 mei
526 351 686 378 memoriam
717 351 835 384 facietis,
856 352 959 380 Idcirco

165 395 310 430 presbyter
333 394 477 421 immolans
497 401 604 428 panem,
619 399 647 423 et
664 396 757 422 vinum
777 400 804 423 et
816 403 914 431 aquam
930 397 958 424 in

166 444 353 471 sacramento,
368 442 410 465 est
427 438 529 466 Christi
540 440 630 473 panis,
646 440 738 467 vinum
754 445 781 468 et
796 448 865 476 aqua
877 441 903 468 in
917 449 959 468 sa-

165 489 307 512 cramento
323 484 413 511 carnis
432 483 533 511 Christi
548 489 584 512 et
607 486 665 520 ejus
690 487 839 521 sanguinis.
861 486 958 514 Sacra—

164 533 258 557 menta
273 529 372 556 debent
390 529 490 556 habere
498 529 709 557 similitudinem
724 531 841 565 aliquam
863 538 956 558 earum

165 582 258 602 rerum
271 582 386 609 quarum
398 578 569 601 sacramenta
581 579 653 601 sunt.
666 574 848 609 Quapropter,
860 575 957 603 similis

164 621 201 646 sit
223 619 350 646 sacerdos
371 619 488 650 Christo,
509 620 579 646 sicut
602 620 679 654 panis
697 625 725 647 et
747 621 836 655 liquor
858 621 955 648 similia

165 666 343 699 suntcorpori
356 665 466 691 Clu-isti.
485 665 531 692 Sic
547 669 590 692 est
604 666 754 694 immolatio
768 667 917 694 sacerdotis
929 668 955 694 in

164 711 243 737 altari
258 711 457 744 quodammodo
481 715 511 737 ut
528 710 628 739 Christi
652 712 802 740 immolatio
815 713 843 739 in
863 720 953 740 cruce.

166 757 200 784 Ut
222 757 319 783 similis
342 761 384 783 est
411 757 491 783 homo
517 757 618 784 Christi
647 758 839 785 resurrectioni
867 757 955 792 aliquo

164 802 255 833 modo,
279 802 424 828 manducat
445 809 565 835 carnem,
579 806 606 829 et
626 802 695 830 bibit
714 803 871 838 sanguinem
885 801 952 836 ejus.

163 847 288 873 Christus
302 847 450 874 resurrexit
473 855 488 873 a
504 847 626 879 mortuis,
647 852 675 874 et
684 847 742 882 jam
754 855 807 875 non
821 847 954 874 moritur?

1011 267 1086 297 ptum
1112 263 1179 291 dicit
1197 273 1203 290 :
1219 264 1283 292 Haec
1302 266 1517 301 quotiescunque
1539 267 1669 301 feceritis,
1693 270 1720 297 in
1744 272 1798 299 mei

1010 308 1168 335 memoriam
1181 308 1296 337 facietis.
1310 311 1339 337 In
1353 312 1459 339 caneris
1470 313 1641 342 orationibus
1653 316 1799 351 missaepro

1008 352 1123 381 diversis
1149 355 1356 383 necessitatibus
1385 357 1536 385 inscribunt
1567 359 1639 386 sicut
1665 365 1737 388 sunt.
1767 362 1797 390 In

1007 401 1129 432 tempore
1143 398 1217 431 belli,
1227 404 1256 426 et
1271 407 1322 434 pro
1336 401 1389 428 iter
1402 403 1558 436 agentibus,
1572 411 1605 431 ac
1619 412 1668 438 pro
1682 405 1797 436 diversis

1006 442 1251 476 benedictionibus,
1272 445 1318 471 ubi
1342 453 1397 473 non
1423 447 1493 474 satis
1519 452 1562 475 est
1583 448 1685 476 homini
1709 451 1796 478 oratio

1006 487 1159 514 communis
1169 487 1228 514 sine
1245 495 1315 522 pane
1334 493 1362 516 et
1375 490 1489 524 liquore,
1509 492 1574 525 quid
1595 492 1669 520 aliud
1683 494 1740 529 agit
1752 502 1793 521 sa-

1005 532 1102 560 cerdos
1121 540 1202 567 quam
1220 539 1250 561 ut
1270 534 1406 563 Christum
1423 538 1624 572 quodammodo
1647 541 1795 569 contendat

1007 578 1153 610 recordari,
1179 580 1224 613 qui
1249 588 1386 615 nunquam
1405 582 1582 616 obliviscitur,
1603 585 1693 619 magni
1713 586 1793 620 pretii

1005 623 1144 657 sanguinis
1158 625 1210 657 sui,
1226 629 1253 652 et
1262 625 1340 659 juxta
1356 628 1570 662 magnitudinem
1593 631 1685 664 pretii,
1707 632 1793 659 maxi-

1005 676 1078 694 mum
1097 668 1262 702 adiutorium
1288 672 1347 706 ejus
1365 673 1491 707 precari?
1506 673 1606 701 Tamen
1629 675 1652 702 si
1667 676 1729 710 quis
1747 685 1793 704 vo-

1004 712 1086 739 luerit
1100 714 1244 749 diligenter
1256 717 1396 744 attendere
1411 725 1442 744 ea
1456 725 1516 751 quae
1529 718 1565 745 ibi
1578 724 1735 753 precantur,
1750 730 1793 749 re-

1003 758 1091 792 periet
1116 759 1143 785 in
1161 761 1338 794 sequentibus
1361 759 1538 791 orationibus
1556 764 1656 792 missae.
1682 765 1711 793 Si
1731 774 1793 801 pro-

1003 803 1070 838 priis
1079 805 1254 832 conscientiis
1267 805 1383 832 voluerit
1394 807 1573 840 intercedere,
1587 809 1671 836 habet
1681 810 1794 838 devotus

1004 849 1086 876 homo
1106 850 1193 877 locum
1218 851 1263 878 ubi
1283 859 1332 885 pro
1354 852 1394 879 eis
1414 857 1500 887 roget.
1531 853 1596 881 Post
1615 855 1793 883 salvationem

161 890 213 917 Per
237 898 334 925 corpus
360 891 460 918 Christi
482 892 553 926 quod
579 892 725 919 manducat
752 892 832 919 homo
860 891 951 927 digne,
967 886 991 916 Β
1004 896 1165 929 sacerdotis,
1187 897 1328 932 evangelio
1348 898 1428 930 lecto,
1443 886 1551 933 quando
1573 902 1699 929 sacerdos
1717 903 1791 934 dicit,

161 937 253 962 anima
277 937 477 963 resurrectione
503 941 613 971 accepta
636 945 685 971 per
699 937 874 971 baptismum,
896 937 953 964 sive

160 990 211 1016 per
235 983 432 1016 pmniteutiam,
459 983 535 1015 vivit,
568 990 655 1018 usque
681 983 744 1010 dum
773 983 953 1017 adimpleatur

161 1027 240 1061 plena
261 1028 427 1055 resurrectio
447 1029 473 1054 in
493 1032 589 1056 octavo
607 1029 660 1056 die.
682 1028 740 1062 Qua
753 1028 787 1056 de
800 1036 830 1055 re
844 1029 952 1063 quando

161 1073 188 1099 in
209 1077 332 1099 extremo
352 1074 413 1100 vita:
430 1078 470 1100 est
493 1075 585 1107 homo,
607 1078 638 1101 nt
657 1080 800 1110 separetur
814 1082 915 1109 corpus
925 1079 952 1102 ct

160 1119 262 1152 anima,
278 1120 359 1146 sumit
373 1120 461 1147 anima
476 1121 604 1148 viaticum
621 1121 672 1148 sibi
684 1129 784 1156 corpus
795 1121 908 1153 Christi,
922 1126 951 1149 ut

159 1170 271 1199 propter
287 1165 350 1192 illud
367 1174 465 1201 corpus
485 1167 512 1194 in
527 1175 573 1202 spe
593 1168 674 1195 homo
686 1168 769 1200 vivat,
785 1175 870 1202 usque
887 1168 949 1195 dum

160 1211 273 1245 recipiat
297 1219 395 1244 corpus
418 1212 444 1238 in
470 1212 678 1245 resurrectione,
699 1213 771 1247 quod
793 1213 950 1240 viviﬁcabat

159 1262 209 1288 per
230 1262 269 1286 sc,
291 1254 382 1286 idest,
404 1263 452 1289 per
474 1264 551 1283 suam
568 1256 842 1284 administrationem.
857 1256 950 1290 Quan-

158 1303 204 1329 diu
220 1302 263 1329 hic
278 1302 344 1329 vixit
358 1303 459 1335 anima,
477 1303 584 1331 vivebat
596 1308 707 1338 propter
721 1311 820 1339 corpus
833 1303 947 1336 Christi,

158 1353 186 1375 et
208 1348 347 1383 proprium
361 1357 460 1383 corpus
484 1353 593 1384 propter
608 1350 727 1377 animam
740 1358 747 1376 :
760 1349 885 1377 Christus
900 1357 949 1377 an-

159 1399 267 1427 tequam
288 1399 437 1427 paterclut‘,
455 1402 525 1428 smpe
543 1395 632 1421 oravit
658 1394 739 1430 solus,
765 1399 792 1421 et
805 1400 949 1429 pernocta-

158 1438 205 1464 bat
222 1438 249 1464 in
264 1439 395 1465 oratione.
412 1438 464 1466 Pro
484 1439 571 1472 nobis,
588 1447 641 1467 non
655 1447 705 1474 pro
716 1447 753 1472 se,
768 1441 876 1468 orabat.

195 1481 280 1510 Omne
291 1491 375 1518 genus
386 1484 533 1511 humanum
546 1485 682 1512 subditum
694 1490 752 1513 crat
763 1486 886 1514 diabolo:
899 1494 949 1521 pro

156 1528 210 1555 hac
234 1528 403 1556 absolutione
426 1530 568 1557 descendit
588 1530 622 1558 de
647 1531 727 1564 coelo,
748 1535 775 1559 et
793 1536 947 1567 susceptam

158 1572 385 1608 dispensationem
413 1574 545 1601 exercuit.
572 1573 706 1603 Sacerdos
730 1575 802 1603 enim
826 1584 947 1611 prmscus

158 1619 245 1646 instar
263 1620 322 1655 ejus
347 1621 488 1654 orationis,
509 1621 660 1649 orationem
684 1622 750 1650 facit
766 1631 816 1657 pro
839 1623 947 1650 absolu-

158 1664 232 1692 tione
244 1669 417 1699 peccatorum
433 1670 579 1701 antequam
598 1671 719 1694 transeat
737 1668 770 1695 ad
783 1668 948 1695 immolatio-

157 1718 232 1738 nem.
248 1711 330 1739 Multa
340 1711 453 1740 vulnera
466 1720 521 1739 uno
538 1712 718 1740 medicamine
730 1712 887 1747 frequenter
905 1721 947 1740 sa-

157 1757 326 1784 nanturzita
349 1761 377 1784 et
411 1765 466 1785 una
481 1758 605 1785 oratione
627 1759 776 1786 sacerdotis
799 1759 948 1786 creduntur

157 1800 241 1828 multa
260 1805 372 1835 peccata
389 1809 468 1836 posse
483 1801 586 1829 absolvi
610 1809 704 1829 eorum
724 1803 771 1837 qui
788 1802 947 1837 obsequun-

157 1850 214 1873 tur.
228 1846 305 1874 Dicta
329 1849 383 1874 sint
396 1847 446 1874 ista
468 1848 501 1875 de
521 1848 704 1876 immolatione
722 1848 891 1876 sacerdotis:
906 1848 948 1876 di-

156 1900 252 1920 camus
270 1893 303 1920 de
323 1893 417 1929 ordine
432 1888 597 1926 orationum,
614 1902 694 1930 quem
712 1895 945 1930 praetermisimus.

155 1937 323 1972 Principium
339 1938 434 1965 habuit
456 1938 526 1966 idem
540 1939 606 1966 ordo
620 1940 652 1966 de
668 1940 750 1966 missa
764 1940 791 1967 in
805 1943 884 1967 nocte
898 1939 948 1966 Na-

156 1983 272 2010 tivitatis
286 1984 403 2016 Domini,
425 1984 470 2011 ubi
488 1984 586 2019 duplex
600 1985 687 2012 oratio
702 1989 761 2011 est:
776 1992 828 2012 una
849 1984 882 2011 de
895 1984 948 2011 Na-

156 2028 263 2056 tivitate
277 2029 393 2062 Domini,
413 2033 441 2056 et
454 2030 538 2057 altera
549 2030 588 2066 Ide
611 2034 703 2057 sancta
726 2030 878 2057 Anastasis.
895 2030 947 2058 Ubi

155 2074 279 2109 reliquiae
292 2079 356 2102 sunt
372 2079 472 2103 sanctae
486 2076 646 2109 Anastasiat,
661 2076 703 2104 vel
713 2076 758 2103 ubi
769 2084 868 2111 corpus
886 2076 945 2110 ejus

156 2124 210 2153 est,
230 2120 356 2148 dicantur
376 2122 512 2149 orationes
531 2123 564 2150 de
587 2127 680 2150 sancta
698 2122 842 2151 Anastasia
866 2123 945 2157 juxta

157 2165 309 2193 Romanum
327 2174 446 2199 morem;
464 2167 508 2195 ubi
522 2168 574 2195 hoc
589 2176 642 2194 non
661 2169 805 2203 reperitur,
822 2168 948 2196 dicantur

156 2212 191 2239 de
211 2210 398 2239 incarnatione
422 2212 539 2240 Domini.
552 2213 664 2247 Quando
686 2214 712 2241 iu
738 2215 879 2242 Dominica
904 2215 947 2242 die

156 2256 242 2283 fuerit
260 2257 350 2292 aliqua
374 2257 507 2286 festivitas
528 2262 697 2292 sanctorum,
720 2260 843 2287 suilicere
858 2264 947 2295 potest

157 2300 205 2327 illa
217 2302 305 2329 oratio
320 2302 346 2329 in
361 2310 415 2337 qua
438 2307 566 2338 precatur
582 2304 676 2331 adesse
692 2312 754 2332 cum
768 2305 891 2333 oratione
904 2313 949 2333 sa-

155 2346 276 2376 cerdotis
293 2346 451 2375 intercessio
463 2348 551 2375 sancti
574 2348 646 2375 illius
664 2348 740 2382 cujus
757 2349 892 2377 festivitas
905 2357 949 2378 ce-

157 2391 288 2424 lebratur,
313 2393 347 2419 ad
368 2393 394 2420 id
407 2394 479 2427 quod
497 2394 656 2427 intenditur,
677 2395 703 2422 id
719 2399 771 2427 est,
790 2396 824 2423 ad
847 2403 950 2423 memo-

157 2436 227 2464 riam
251 2437 445 2466 immolationis
471 2439 584 2473 Cbristi,
615 2440 750 2476 praecipue
773 2448 835 2468 cum
859 2440 947 2468 oratio

157 2489 219 2516 quae
231 2481 259 2509 in
277 2482 417 2511 Dominica
431 2484 473 2512 die
485 2489 586 2512 statuta
604 2491 656 2518 est,
678 2486 764 2514 soleat
776 2494 888 2514 currere
899 2494 948 2521 per

157 2526 217 2555 dies
240 2529 377 2563 sequentis
394 2529 579 2558 hebdomadte.
601 2530 682 2559 Juvat
701 2532 813 2564 multos,
837 2531 947 2567 quando

160 2577 266 2607 tempus
278 2579 355 2601 vacat
374 2573 498 2603 lectionis
512 2580 540 2603 et
549 2576 717 2610 psalmodiis,
732 2581 813 2611 atque
833 2581 945 2605 uetera-

159 2626 220 2645 rum
241 2619 404 2651 oratiouum,
424 2627 547 2648 seorsum
565 2626 735 2649 sacramenta
757 2622 898 2649 celebrare
913 2622 947 2649 de

158 2663 306 2691 Dominicis
320 2664 423 2697 diebus,
439 2669 466 2692 et
487 2673 609 2693 seorsum
624 2666 656 2693 de
672 2665 867 2693 festivitatibus
884 2673 948 2693 san-

159 2712 265 2736 ctorum
278 2718 284 2735 :
298 2709 380 2736 simili
396 2710 476 2737 modo
498 2710 524 2737 in
537 2711 644 2738 ceteris
663 2711 766 2743 diebus,
782 2711 890 2746 quando
911 2710 948 2738 fe-

159 2753 267 2781 stivitas
289 2754 322 2781 ad
344 2754 522 2790 plurimorum
550 2761 705 2785 sanctorum
731 2757 798 2784 duas
824 2761 870 2783 aut
893 2760 948 2783 tres

160 2799 268 2826 missas.
296 2799 364 2827 lluic
386 2801 475 2828 ordini
497 2802 621 2837 congruit
641 2801 898 2832 Sacramentarium,
920 2805 948 2828 et

161 2843 316 2879 Cantorius,
333 2845 360 2873 in
381 2845 479 2881 quibus
502 2846 674 2874 inveniuntur
697 2853 767 2881 saepe
784 2846 836 2874 duo
859 2845 946 2873 cilicia

1005 939 1126 972 Oremus,
1149 944 1178 967 ct
1190 941 1251 968 dein
1267 942 1368 969 transit
1383 943 1417 969 ad
1438 943 1610 978 accipiendas
1629 945 1791 979 oblationes,

1002 988 1184 1018 congruenter
1205 989 1296 1020 potest
1323 986 1467 1014 multitudo
1489 988 1578 1023 populi
1605 996 1656 1023 pro
1674 990 1792 1024 propriis

1002 1029 1176 1057 eonscicutiis
1187 1030 1370 1064 intercedere,
1385 1036 1529 1067 antequam
1543 1037 1664 1061 transeat
1682 1034 1715 1061 ad
1726 1042 1789 1069 gra-

1001 1074 1054 1101 tias
1082 1075 1201 1109 agendas
1228 1075 1256 1102 in
1289 1075 1474 1105 Pratfatione:
1499 1078 1628 1106 sacerdos
1652 1080 1789 1114 propriis,

1000 1120 1110 1153 quando
1133 1125 1196 1155 post
1215 1125 1341 1156 acceptas
1364 1122 1516 1150 oblationes
1533 1124 1622 1158 primo
1644 1125 1743 1152 transit
1757 1125 1791 1152 ad

1000 1164 1096 1192 altare.
1109 1164 1241 1193 Cantores
1253 1167 1281 1194 in
1297 1174 1330 1195 eo
1342 1167 1483 1200 loco,.ubi
1510 1170 1638 1198 sacerdos
1653 1170 1793 1205 componit

1000 1210 1117 1238 hostiam
1134 1211 1160 1239 in
1184 1212 1274 1244 altari,
1301 1217 1329 1240 ct
1344 1213 1410 1241 facit
1426 1221 1488 1241 eam
1511 1216 1628 1243 transire
1645 1223 1695 1250 per
1714 1224 1791 1243 suam

999 1260 1132 1284 secretam
1148 1257 1298 1285 orationem
1321 1259 1354 1286 ad
1375 1267 1473 1287 nomen
1493 1260 1599 1293 hostiae,
1615 1261 1673 1288 sive
1697 1269 1791 1289 mune-

999 1302 1048 1334 ris,
1075 1302 1185 1335 donive,
1207 1303 1248 1329 vel
1276 1304 1414 1337 sacrificii,
1440 1312 1487 1332 seu
1512 1306 1668 1333 oblationis.
1693 1305 1722 1334 Si
1742 1315 1792 1341 pro

998 1347 1189 1381 conjunctione
1202 1353 1358 1376 sanctorum
1377 1350 1547 1385 angelorum,
1568 1351 1650 1378 habet
1667 1351 1694 1378 in
1717 1351 1791 1378 Prte-

999 1392 1119 1421 fatione:
1133 1393 1200 1421 Cum
1217 1394 1312 1429 quibus
1328 1399 1352 1422 et
1366 1400 1470 1422 nostra:
1486 1404 1558 1422 uoces
1577 1401 1606 1423 ut
1623 1396 1728 1423 admitti
1743 1396 1792 1431 ju-

999 1439 1059 1466 bcas
1084 1438 1265 1473 deprecamur.
1294 1438 1322 1466 Si
1340 1447 1390 1474 pro
1409 1447 1476 1475 pace
1499 1444 1587 1467 certat
1611 1440 1789 1473 intercedere,

999 1484 1082 1512 habet
1104 1484 1132 1512 in
1144 1484 1254 1512 Canone
1267 1493 1274 1511 :
1287 1484 1353 1518 Quw
1373 1486 1420 1512 tibi
1444 1486 1580 1520 offerimus
1602 1494 1650 1521 pro
1671 1486 1791 1513 Ecclesia

1000 1534 1092 1557 sancta
1106 1529 1247 1562 catholica,
1262 1538 1340 1565 quam
1352 1530 1502 1565 paci/imre.
1515 1530 1544 1557 Si
1557 1537 1606 1565 pro
1620 1531 1723 1558 unitate
1737 1530 1789 1558 Ec-

962 1559 984 1590 C
1000 1575 1099 1607 clesite,
1115 1575 1196 1602 habet
1210 1559 1245 1602 ibi
1260 1559 1453 1602 z'adun'are..Si
1465 1582 1515 1610 pro
1529 1559 1652 1602 etistodia
1666 1575 1718 1607 sui,
1740 1575 1790 1602 ba-

997 1621 1043 1647 bet
1056 1620 1092 1647 ibi
1106 1629 1113 1646 :
1127 1620 1269 1647 custodire.
1284 1619 1313 1647 Si
1329 1627 1378 1655 pro
1392 1620 1542 1647 directione
1553 1627 1694 1654 gressuum
1711 1626 1787 1646 men-

998 1665 1033 1692 tis
1044 1665 1101 1692 sive
1119 1665 1243 1699 corporis
1256 1665 1339 1692 habet
1352 1665 1388 1691 ibi
1401 1673 1407 1690 :
1421 1664 1520 1699 Regere
1533 1663 1649 1698 digneris
1660 1667 1714 1689 toto
1729 1663 1790 1690 orbe

997 1715 1137 1738 terrarum.
1153 1711 1221 1737 Ecce
1235 1710 1280 1736 hic
1292 1715 1399 1737 oratum
1412 1713 1454 1737 est
1472 1717 1522 1743 pro
1535 1708 1682 1735 universali
1697 1708 1790 1735 Eccle-

997 1756 1048 1783 sia.
1064 1756 1091 1783 Si
1106 1751 1223 1782 voluerit
1236 1763 1285 1790 pro
1305 1755 1419 1788 singulis
1439 1754 1534 1782 amicis
1549 1754 1727 1786 intercedere,
1739 1754 1790 1780 ba-

997 1801 1043 1828 bet
1057 1800 1093 1828 ibi
1108 1810 1115 1827 :
1129 1800 1271 1832 Memento,
1288 1799 1411 1833 Domine,
1427 1798 1588 1834 famulorum
1613 1798 1790 1833 famularum-

996 1854 1045 1881 que
1057 1850 1162 1872 tuarum
1175 1853 1183 1877 ;
1203 1844 1326 1872 nominet
1336 1844 1373 1871 ibi
1386 1851 1564 1879 quoscunque
1574 1843 1599 1870 ei
1612 1847 1640 1870 et
1654 1851 1722 1878 quas
1732 1843 1791 1879 pla-

996 1890 1084 1918 cuerit
1098 1890 1252 1925 singulasve
1272 1888 1468 1923 necessitates:
1485 1888 1546 1915 dein
1571 1887 1730 1914 recordetur
1745 1895 1792 1914 eo-

997 1944 1058 1964 rum
1080 1936 1127 1970 qui
1148 1936 1328 1963 circumstant
1339 1940 1367 1962 et
1391 1942 1511 1970 praesens
1532 1933 1696 1961 sacriﬁcium
1724 1932 1790 1960 οπε-

998 1986 1070 2009 runt.
1087 1981 1115 2008 Si
1138 1975 1205 2016 quis.
1214 1982 1330 2009 voluerit
1347 1989 1398 2016 pro
1417 1989 1466 2008 sua
1482 1980 1640 2009 defensione
1661 1979 1790 2012 clamare,

997 2026 1079 2053 habet
1104 2026 1141 2054 ibi
1155 2035 1161 2053 :
1173 2025 1401 2053 Communicantcs
1419 2030 1443 2052 et
1465 2026 1618 2052 memoriam
1638 2029 1788 2051 venerantes

997 2071 1141 2098 multorum
1167 2077 1334 2102 tumulorum,
1362 2079 1474 2105 quorum
1500 2071 1599 2097 meritis
1620 2069 1790 2104 precibusque

998 2117 1136 2150 concedas,
1157 2122 1185 2143 ut
1199 2117 1227 2144 in
1248 2117 1367 2143 omnibus
1384 2114 1550 2150 protectionis
1569 2119 1623 2140 tua:
1636 2114 1791 2140 muniamur

998 2161 1110 2188 auxilio.
1130 2161 1200 2188 Ecce
1213 2161 1258 2187 hic
1270 2164 1379 2187 oratum
1391 2163 1434 2186 est
1447 2166 1497 2193 pro
1514 2157 1579 2192 ipsis
1593 2157 1789 2184 sacerdotibus.

1000 2207 1028 2235 Si
1048 2207 1163 2235 voluerit
1188 2214 1237 2241 pro
1258 2213 1325 2240 pace
1345 2205 1463 2232 clamare
1486 2208 1568 2232 totius
1584 2203 1713 2238 temporis
1728 2202 1791 2230 vita:

1001 2261 1066 2285 suae,
1083 2253 1165 2280 habet
1177 2252 1213 2283 ibi
1231 2252 1258 2279 in
1272 2252 1365 2279 verbis
1384 2258 1445 2286 qua!
1459 2250 1561 2277 addidit
1576 2249 1605 2277 S.
1622 2248 1790 2283 Gregorius:

1001 2300 1113 2335 Diesque
1137 2304 1240 2326 nostros
1266 2299 1293 2325 in
1316 2304 1362 2325 tua
1385 2305 1448 2333 pace
1474 2296 1609 2331 disponas,
1629 2300 1652 2324 et
1674 2294 1735 2322 dein
1758 2294 1792 2321 ab

1001 2350 1100 2373 (eterna
1121 2345 1290 2373 damnatione
1313 2344 1389 2379 eripi,
1404 2348 1482 2379 atque
1495 2342 1590 2377 julmn
1606 2342 1634 2369 in
1651 2341 1792 2368 electorum

1000 2396 1105 2420 tuorum
1126 2398 1202 2426 grege
1228 2388 1372 2416 numerari.
1392 2388 1462 2415 Ecce
1480 2387 1525 2414 hic
1547 2391 1656 2414 oratum
1681 2390 1723 2413 est
1743 2393 1792 2420 pro

1000 2443 1102 2466 tetema
1111 2438 1176 2464 vita.
1189 2435 1270 2463 Juxta
1282 2436 1354 2463 dicta
1363 2434 1392 2462 S.
1404 2433 1552 2466 Ambrosii,
1564 2433 1590 2459 in
1605 2433 1655 2460 hac
1666 2432 1793 2459 oratione

998 2484 1070 2511 bona
1080 2483 1160 2511 nobis
1170 2481 1323 2510 necessaria
1339 2480 1519 2515 postulamus.
1531 2478 1560 2506 lu
1575 2479 1699 2505 oratione
1710 2485 1792 2513 quam

998 2528 1065 2555 dicit
1079 2526 1206 2555 sacerdos
1219 2530 1282 2561 post
1294 2525 1524 2556 communionem,
1540 2523 1606 2551 dicit
1618 2527 1728 2551 sanctus
1741 2521 1793 2548 Au-

998 2573 1123 2609 gustinus
1139 2572 1299 2600 benedicere
1312 2571 1483 2599 sacerdotem
1505 2570 1644 2605 populum,
1658 2573 1686 2597 et
1704 2573 1793 2596 trans-

997 2619 1039 2646 ire
1049 2616 1176 2653 populum
1199 2617 1232 2644 ad
1245 2624 1342 2644 manus
1363 2616 1523 2643 sacerdotis.
1540 2615 1604 2642 Haec
1623 2612 1792 2641 consuetudo

998 2671 1054 2691 non
1067 2663 1227 2690 observatur
1244 2661 1315 2696 apud
1327 2669 1377 2688 nos
1390 2667 1595 2696 usquequaque,
1611 2659 1662 2687 nisi
1677 2658 1711 2685 sit
1723 2657 1793 2684 forte

998 2710 1023 2736 id
1040 2709 1156 2736 transire
1173 2707 1301 2742 populum
1318 2708 1351 2734 ad
1367 2715 1465 2734 manus
1476 2705 1638 2736 sacerdotis,
1654 2703 1726 2737 quod
1737 2705 1790 2733 est,

998 2754 1122 2789 accipere
1137 2753 1171 2780 ab
1188 2760 1220 2790 eo
1237 2756 1410 2779 sacramenta
1434 2750 1556 2785 corporis
1585 2748 1701 2780 Domini,
1718 2747 1791 2782 quod

998 2807 1066 2834 pene
1077 2799 1166 2827 omnis
1185 2798 1305 2825 Romana
1321 2796 1441 2824 Ecclesia
1463 2800 1491 2822 ct
1505 2793 1652 2821 Orientalis
1668 2800 1717 2828 per
1732 2801 1791 2820 om-

998 2853 1047 2873 nes
1060 2844 1195 2872 solemncs
1209 2843 1266 2871 dies
1281 2843 1353 2879 agit;
1367 2845 1393 2869 et
1406 2841 1433 2869 id
1453 2840 1488 2868 sit
1504 2838 1638 2873 benedici,
1651 2839 1723 2875 quod
1740 2846 1790 2868 co-
