  <div class='ocr_page' id='page_1' title='image "/cluster/home/n/w/nwhite01/storage/ocr_20150623/105/hvd.32044054759709/503.png"; bbox 0 0 1945 3090; ppageno 0'>
   <div class='ocr_carea' id='block_1_1' title="bbox 244 154 294 182">
    <p class='ocr_par' dir='ltr' id='par_1_1' title="bbox 244 154 294 182">
     <span class='ocr_line' id='line_1_1' title="bbox 244 154 294 182; baseline 0 0"><span class='ocrx_word' id='word_1_1' title='bbox 244 154 294 182; x_wconf 76' lang='grc'><strong>991</strong></span> 
     </span>
    </p>
   </div>
   <div class='ocr_carea' id='block_1_2' title="bbox 244 202 1031 239">
    <p class='ocr_par' dir='ltr' id='par_1_2' title="bbox 244 202 1031 239">
     <span class='ocr_line' id='line_1_2' title="bbox 244 202 1031 239; baseline -0.013 -1"><span class='ocrx_word' id='word_1_2' title='bbox 244 210 362 239; x_wconf 80' lang='lat' dir='ltr'><strong>meditor</strong></span> <span class='ocrx_word' id='word_1_3' title='bbox 381 209 457 236; x_wconf 84' lang='lat' dir='ltr'><strong>cibus</strong></span> <span class='ocrx_word' id='word_1_4' title='bbox 472 207 637 236; x_wconf 80' lang='lat' dir='ltr'><strong>Dominicus.</strong></span> <span class='ocrx_word' id='word_1_5' title='bbox 661 206 707 233; x_wconf 89' lang='lat' dir='ltr'><strong>Sic</strong></span> <span class='ocrx_word' id='word_1_6' title='bbox 726 205 798 232; x_wconf 89' lang='lat' dir='ltr'><strong>enim</strong></span> <span class='ocrx_word' id='word_1_7' title='bbox 814 204 921 232; x_wconf 84' lang='lat' dir='ltr'><strong>canitur</strong></span> <span class='ocrx_word' id='word_1_8' title='bbox 936 203 963 229; x_wconf 88' lang='lat' dir='ltr'><strong>in</strong></span> <span class='ocrx_word' id='word_1_9' title='bbox 979 202 1031 230; x_wconf 82' lang='lat' dir='ltr'><strong>Ca-</strong></span> 
     </span>
    </p>
   </div>
   <div class='ocr_carea' id='block_1_3' title="bbox 244 250 1029 289">
    <p class='ocr_par' dir='ltr' id='par_1_3' title="bbox 244 250 1029 289">
     <span class='ocr_line' id='line_1_3' title="bbox 244 250 1029 289; baseline -0.01 -7"><span class='ocrx_word' id='word_1_10' title='bbox 244 263 335 283; x_wconf 78' lang='lat' dir='ltr'><strong>unne:</strong></span> <span class='ocrx_word' id='word_1_11' title='bbox 352 253 386 281; x_wconf 79' lang='lat' dir='ltr'><strong>Ut</strong></span> <span class='ocrx_word' id='word_1_12' title='bbox 402 258 526 289; x_wconf 73' lang='lat' dir='ltr'><strong>quotquot</strong></span> <span class='ocrx_word' id='word_1_13' title='bbox 543 261 575 280; x_wconf 70' lang='lat' dir='ltr'><strong>ex</strong></span> <span class='ocrx_word' id='word_1_14' title='bbox 589 253 638 279; x_wconf 83' lang='lat' dir='ltr'><strong>huc</strong></span> <span class='ocrx_word' id='word_1_15' title='bbox 655 251 747 279; x_wconf 82' lang='lat' dir='ltr'><strong>altaris</strong></span> <span class='ocrx_word' id='word_1_16' title='bbox 771 250 971 285; x_wconf 71' lang='lat' dir='ltr'><strong>participatione</strong></span> <span class='ocrx_word' id='word_1_17' title='bbox 985 257 1029 275; x_wconf 80' lang='lat' dir='ltr'><strong>sa-</strong></span> 
     </span>
    </p>
   </div>
   <div class='ocr_carea' id='block_1_4' title="bbox 245 294 1028 332">
    <p class='ocr_par' dir='ltr' id='par_1_4' title="bbox 245 294 1028 332">
     <span class='ocr_line' id='line_1_4' title="bbox 245 294 1028 332; baseline -0.009 -6"><span class='ocrx_word' id='word_1_18' title='bbox 245 303 409 326; x_wconf 77' lang='lat' dir='ltr'><strong>crosanctum</strong></span> <span class='ocrx_word' id='word_1_19' title='bbox 419 298 481 324; x_wconf 84' lang='lat' dir='ltr'><strong>Filii</strong></span> <span class='ocrx_word' id='word_1_20' title='bbox 492 299 530 324; x_wconf 86' lang='lat' dir='ltr'><strong>tui</strong></span> <span class='ocrx_word' id='word_1_21' title='bbox 538 305 632 332; x_wconf 77' lang='lat' dir='ltr'><strong>corpus</strong></span> <span class='ocrx_word' id='word_1_22' title='bbox 638 302 661 324; x_wconf 86' lang='lat' dir='ltr'><strong>et</strong></span> <span class='ocrx_word' id='word_1_23' title='bbox 668 296 821 331; x_wconf 75' lang='lat' dir='ltr'><strong>sanguinem</strong></span> <span class='ocrx_word' id='word_1_24' title='bbox 831 294 1028 329; x_wconf 71' lang='lat' dir='ltr'><strong>sumpserimus,</strong></span> 
     </span>
    </p>
   </div>
   <div class='ocr_carea' id='block_1_5' title="bbox 245 339 1030 376">
    <p class='ocr_par' dir='ltr' id='par_1_5' title="bbox 245 339 1030 376">
     <span class='ocr_line' id='line_1_5' title="bbox 245 339 1030 376; baseline -0.006 -6"><span class='ocrx_word' id='word_1_25' title='bbox 245 345 315 371; x_wconf 85' lang='lat' dir='ltr'><strong>omni</strong></span> <span class='ocrx_word' id='word_1_26' title='bbox 328 343 505 369; x_wconf 71' lang='lat' dir='ltr'><strong>benedictione</strong></span> <span class='ocrx_word' id='word_1_27' title='bbox 520 342 617 368; x_wconf 73' lang='lat' dir='ltr'><strong>caelesti</strong></span> <span class='ocrx_word' id='word_1_28' title='bbox 630 346 653 368; x_wconf 81' lang='lat' dir='ltr'><strong>et</strong></span> <span class='ocrx_word' id='word_1_29' title='bbox 668 342 753 376; x_wconf 82' lang='lat' dir='ltr'><strong>gratia</strong></span> <span class='ocrx_word' id='word_1_30' title='bbox 768 340 925 375; x_wconf 81' lang='lat' dir='ltr'><strong>repleantur.</strong></span> <span class='ocrx_word' id='word_1_31' title='bbox 941 339 1030 366; x_wconf 83' lang='lat' dir='ltr'><strong>Inten-</strong></span> 
     </span>
    </p>
   </div>
   <div class='ocr_carea' id='block_1_6' title="bbox 244 384 1030 421">
    <p class='ocr_par' dir='ltr' id='par_1_6' title="bbox 244 384 1030 421">
     <span class='ocr_line' id='line_1_6' title="bbox 244 384 1030 421; baseline -0.005 -7"><span class='ocrx_word' id='word_1_32' title='bbox 244 388 291 414; x_wconf 86' lang='lat' dir='ltr'><strong>dat</strong></span> <span class='ocrx_word' id='word_1_33' title='bbox 311 388 424 421; x_wconf 81' lang='lat' dir='ltr'><strong>diligens</strong></span> <span class='ocrx_word' id='word_1_34' title='bbox 446 387 562 418; x_wconf 81' lang='lat' dir='ltr'><strong>auditor,</strong></span> <span class='ocrx_word' id='word_1_35' title='bbox 583 394 633 420; x_wconf 87' lang='lat' dir='ltr'><strong>pro</strong></span> <span class='ocrx_word' id='word_1_36' title='bbox 652 386 749 420; x_wconf 82' lang='lat' dir='ltr'><strong>quibus</strong></span> <span class='ocrx_word' id='word_1_37' title='bbox 774 389 871 412; x_wconf 77' lang='lat' dir='ltr'><strong>sonent</strong></span> <span class='ocrx_word' id='word_1_38' title='bbox 892 384 1030 411; x_wconf 85' lang='lat' dir='ltr'><strong>orationes</strong></span> 
     </span>
    </p>
   </div>
   <div class='ocr_carea' id='block_1_7' title="bbox 244 428 1031 466">
    <p class='ocr_par' dir='ltr' id='par_1_7' title="bbox 244 428 1031 466">
     <span class='ocr_line' id='line_1_7' title="bbox 244 428 1031 466; baseline -0.004 -8"><span class='ocrx_word' id='word_1_39' title='bbox 244 440 311 466; x_wconf 88' lang='lat' dir='ltr'><strong>quas</strong></span> <span class='ocrx_word' id='word_1_40' title='bbox 339 431 465 458; x_wconf 80' lang='lat' dir='ltr'><strong>sacerdos</strong></span> <span class='ocrx_word' id='word_1_41' title='bbox 487 431 553 458; x_wconf 91' lang='lat' dir='ltr'><strong>dicit</strong></span> <span class='ocrx_word' id='word_1_42' title='bbox 575 434 635 465; x_wconf 90' lang='lat' dir='ltr'><strong>post</strong></span> <span class='ocrx_word' id='word_1_43' title='bbox 663 430 892 461; x_wconf 81' lang='lat' dir='ltr'><strong>communionem,</strong></span> <span class='ocrx_word' id='word_1_44' title='bbox 913 428 1031 463; x_wconf 88' lang='lat' dir='ltr'><strong>reperiet</strong></span> 
     </span>
    </p>
   </div>
   <div class='ocr_carea' id='block_1_8' title="bbox 244 474 1031 511">
    <p class='ocr_par' dir='ltr' id='par_1_8' title="bbox 244 474 1031 511">
     <span class='ocr_line' id='line_1_8' title="bbox 244 474 1031 511; baseline -0.005 -8"><span class='ocrx_word' id='word_1_45' title='bbox 244 485 342 511; x_wconf 82' lang='lat' dir='ltr'><strong>nempe</strong></span> <span class='ocrx_word' id='word_1_46' title='bbox 356 484 403 503; x_wconf 86' lang='lat' dir='ltr'><strong>eas</strong></span> <span class='ocrx_word' id='word_1_47' title='bbox 416 484 514 503; x_wconf 89' lang='lat' dir='ltr'><strong>sonare</strong></span> <span class='ocrx_word' id='word_1_48' title='bbox 526 484 576 511; x_wconf 90' lang='lat' dir='ltr'><strong>pro</strong></span> <span class='ocrx_word' id='word_1_49' title='bbox 590 476 633 503; x_wconf 85' lang='lat' dir='ltr'><strong>his</strong></span> <span class='ocrx_word' id='word_1_50' title='bbox 645 476 689 510; x_wconf 90' lang='lat' dir='ltr'><strong>qui</strong></span> <span class='ocrx_word' id='word_1_51' title='bbox 705 474 798 502; x_wconf 79' lang='lat' dir='ltr'><strong>refecti</strong></span> <span class='ocrx_word' id='word_1_52' title='bbox 812 478 874 501; x_wconf 90' lang='lat' dir='ltr'><strong>sunt</strong></span> <span class='ocrx_word' id='word_1_53' title='bbox 887 481 958 508; x_wconf 83' lang='lat' dir='ltr'><strong>pane</strong></span> <span class='ocrx_word' id='word_1_54' title='bbox 975 480 1031 500; x_wconf 72' lang='lat' dir='ltr'><strong>cm-</strong></span> 
     </span>
    </p>
   </div>
   <div class='ocr_carea' id='block_1_9' title="bbox 245 519 1030 553">
    <p class='ocr_par' dir='ltr' id='par_1_9' title="bbox 245 519 1030 553">
     <span class='ocr_line' id='line_1_9' title="bbox 245 519 1030 553; baseline -0.006 -4"><span class='ocrx_word' id='word_1_55' title='bbox 245 522 317 549; x_wconf 90' lang='lat' dir='ltr'><strong>lesti.</strong></span> <span class='ocrx_word' id='word_1_56' title='bbox 341 520 422 548; x_wconf 81' lang='lat' dir='ltr'><strong>Juxta</strong></span> <span class='ocrx_word' id='word_1_57' title='bbox 449 521 571 548; x_wconf 80' lang='lat' dir='ltr'><strong>ordinem</strong></span> <span class='ocrx_word' id='word_1_58' title='bbox 606 520 760 547; x_wconf 76' lang='lat' dir='ltr'><strong>orationum</strong></span> <span class='ocrx_word' id='word_1_59' title='bbox 782 523 809 546; x_wconf 87' lang='lat' dir='ltr'><strong>et</strong></span> <span class='ocrx_word' id='word_1_60' title='bbox 833 519 1030 553; x_wconf 72' lang='lat' dir='ltr'><strong>expositionem</strong></span> 
     </span>
    </p>
   </div>
   <div class='ocr_carea' id='block_1_10' title="bbox 244 564 1031 600">
    <p class='ocr_par' dir='ltr' id='par_1_10' title="bbox 244 564 1031 600">
     <span class='ocr_line' id='line_1_10' title="bbox 244 564 1031 600; baseline -0.005 -7"><span class='ocrx_word' id='word_1_61' title='bbox 244 570 455 594; x_wconf 91' lang='lat' dir='ltr'><strong>memoratorum</strong></span> <span class='ocrx_word' id='word_1_62' title='bbox 471 566 592 596; x_wconf 85' lang='lat' dir='ltr'><strong>Patrum,</strong></span> <span class='ocrx_word' id='word_1_63' title='bbox 604 569 745 600; x_wconf 88' lang='lat' dir='ltr'><strong>precatum</strong></span> <span class='ocrx_word' id='word_1_64' title='bbox 765 568 806 590; x_wconf 88' lang='lat' dir='ltr'><strong>est</strong></span> <span class='ocrx_word' id='word_1_65' title='bbox 826 564 853 590; x_wconf 91' lang='lat' dir='ltr'><strong>in</strong></span> <span class='ocrx_word' id='word_1_66' title='bbox 870 564 955 598; x_wconf 90' lang='lat' dir='ltr'><strong>prima</strong></span> <span class='ocrx_word' id='word_1_67' title='bbox 970 570 1031 590; x_wconf 87' lang='lat' dir='ltr'><strong>ora-</strong></span> 
     </span>
    </p>
   </div>
   <div class='ocr_carea' id='block_1_11' title="bbox 244 610 1029 645">
    <p class='ocr_par' dir='ltr' id='par_1_11' title="bbox 244 610 1029 645">
     <span class='ocr_line' id='line_1_11' title="bbox 244 610 1029 645; baseline -0.005 -7"><span class='ocrx_word' id='word_1_68' title='bbox 244 612 317 639; x_wconf 85' lang='lat' dir='ltr'><strong>tione</strong></span> <span class='ocrx_word' id='word_1_69' title='bbox 341 612 430 638; x_wconf 72' lang='lat' dir='ltr'><strong>missae</strong></span> <span class='ocrx_word' id='word_1_70' title='bbox 453 618 504 645; x_wconf 88' lang='lat' dir='ltr'><strong>pro</strong></span> <span class='ocrx_word' id='word_1_71' title='bbox 530 610 700 637; x_wconf 74' lang='lat' dir='ltr'><strong>absolutione</strong></span> <span class='ocrx_word' id='word_1_72' title='bbox 728 612 922 644; x_wconf 89' lang='lat' dir='ltr'><strong>peccatorum:</strong></span> <span class='ocrx_word' id='word_1_73' title='bbox 946 616 1029 643; x_wconf 86' lang='lat' dir='ltr'><strong>super</strong></span> 
     </span>
    </p>
   </div>
   <div class='ocr_carea' id='block_1_12' title="bbox 245 653 1031 690">
    <p class='ocr_par' dir='ltr' id='par_1_12' title="bbox 245 653 1031 690">
     <span class='ocr_line' id='line_1_12' title="bbox 245 653 1031 690; baseline -0.004 -7"><span class='ocrx_word' id='word_1_74' title='bbox 245 664 367 683; x_wconf 83' lang='lat' dir='ltr'><strong>mensam</strong></span> <span class='ocrx_word' id='word_1_75' title='bbox 381 663 458 688; x_wconf 88' lang='lat' dir='ltr'><strong>vero,</strong></span> <span class='ocrx_word' id='word_1_76' title='bbox 472 655 645 690; x_wconf 74' lang='lat' dir='ltr'><strong>postulantur</strong></span> <span class='ocrx_word' id='word_1_77' title='bbox 654 654 724 682; x_wconf 87' lang='lat' dir='ltr'><strong>bona</strong></span> <span class='ocrx_word' id='word_1_78' title='bbox 735 655 813 681; x_wconf 90' lang='lat' dir='ltr'><strong>nobis</strong></span> <span class='ocrx_word' id='word_1_79' title='bbox 832 654 918 680; x_wconf 85' lang='lat' dir='ltr'><strong>instar</strong></span> <span class='ocrx_word' id='word_1_80' title='bbox 932 653 1031 680; x_wconf 83' lang='lat' dir='ltr'><strong>oratio-</strong></span> 
     </span>
    </p>
   </div>
   <div class='ocr_carea' id='block_1_13' title="bbox 244 699 1029 736">
    <p class='ocr_par' dir='ltr' id='par_1_13' title="bbox 244 699 1029 736">
     <span class='ocr_line' id='line_1_13' title="bbox 244 699 1029 736; baseline -0.006 -6"><span class='ocrx_word' id='word_1_81' title='bbox 244 704 287 730; x_wconf 90' lang='lat' dir='ltr'><strong>nis</strong></span> <span class='ocrx_word' id='word_1_82' title='bbox 302 707 331 729; x_wconf 91' lang='lat' dir='ltr'><strong>et</strong></span> <span class='ocrx_word' id='word_1_83' title='bbox 343 702 435 736; x_wconf 87' lang='lat' dir='ltr'><strong>hymni</strong></span> <span class='ocrx_word' id='word_1_84' title='bbox 454 701 612 736; x_wconf 81' lang='lat' dir='ltr'><strong>evangelici,</strong></span> <span class='ocrx_word' id='word_1_85' title='bbox 634 708 712 735; x_wconf 85' lang='lat' dir='ltr'><strong>quem</strong></span> <span class='ocrx_word' id='word_1_86' title='bbox 727 699 851 727; x_wconf 87' lang='lat' dir='ltr'><strong>Christus</strong></span> <span class='ocrx_word' id='word_1_87' title='bbox 867 699 965 726; x_wconf 86' lang='lat' dir='ltr'><strong>cecinit</strong></span> <span class='ocrx_word' id='word_1_88' title='bbox 985 706 1029 726; x_wconf 88' lang='lat' dir='ltr'><strong>se-</strong></span> 
     </span>
    </p>
   </div>
   <div class='ocr_carea' id='block_1_14' title="bbox 243 742 1030 780">
    <p class='ocr_par' dir='ltr' id='par_1_14' title="bbox 243 742 1030 780">
     <span class='ocr_line' id='line_1_14' title="bbox 243 742 1030 780; baseline -0.001 -6"><span class='ocrx_word' id='word_1_89' title='bbox 243 748 361 775; x_wconf 87' lang='lat' dir='ltr'><strong>cundum</strong></span> <span class='ocrx_word' id='word_1_90' title='bbox 373 747 514 779; x_wconf 84' lang='lat' dir='ltr'><strong>Joannem,</strong></span> <span class='ocrx_word' id='word_1_91' title='bbox 526 742 740 774; x_wconf 84' lang='lat' dir='ltr'><strong>commendando</strong></span> <span class='ocrx_word' id='word_1_92' title='bbox 750 745 896 780; x_wconf 83' lang='lat' dir='ltr'><strong>discipulos</strong></span> <span class='ocrx_word' id='word_1_93' title='bbox 909 753 972 773; x_wconf 91' lang='lat' dir='ltr'><strong>suos</strong></span> <span class='ocrx_word' id='word_1_94' title='bbox 981 745 1030 773; x_wconf 87' lang='lat' dir='ltr'><strong>Pa-</strong></span> 
     </span>
    </p>
   </div>
   <div class='ocr_carea' id='block_1_15' title="bbox 244 791 1030 828">
    <p class='ocr_par' dir='ltr' id='par_1_15' title="bbox 244 791 1030 828">
     <span class='ocr_line' id='line_1_15' title="bbox 244 791 1030 828; baseline -0.004 -7"><span class='ocrx_word' id='word_1_95' title='bbox 244 794 278 821; x_wconf 87' lang='lat' dir='ltr'><strong>tri</strong></span> <span class='ocrx_word' id='word_1_96' title='bbox 292 798 354 821; x_wconf 82' lang='lat' dir='ltr'><strong>ante</strong></span> <span class='ocrx_word' id='word_1_97' title='bbox 368 794 520 828; x_wconf 79' lang='lat' dir='ltr'><strong>passionem</strong></span> <span class='ocrx_word' id='word_1_98' title='bbox 535 800 622 819; x_wconf 88' lang='lat' dir='ltr'><strong>suam.</strong></span> <span class='ocrx_word' id='word_1_99' title='bbox 637 792 665 818; x_wconf 91' lang='lat' dir='ltr'><strong>In</strong></span> <span class='ocrx_word' id='word_1_100' title='bbox 687 792 737 818; x_wconf 86' lang='lat' dir='ltr'><strong>ista</strong></span> <span class='ocrx_word' id='word_1_101' title='bbox 753 791 901 818; x_wconf 85' lang='lat' dir='ltr'><strong>novissima</strong></span> <span class='ocrx_word' id='word_1_102' title='bbox 919 791 1030 818; x_wconf 86' lang='lat' dir='ltr'><strong>benedi-</strong></span> 
     </span>
    </p>
   </div>
   <div class='ocr_carea' id='block_1_16' title="bbox 243 837 1029 875">
    <p class='ocr_par' dir='ltr' id='par_1_16' title="bbox 243 837 1029 875">
     <span class='ocr_line' id='line_1_16' title="bbox 243 837 1029 875; baseline 0 -9"><span class='ocrx_word' id='word_1_103' title='bbox 243 841 313 867; x_wconf 87' lang='lat' dir='ltr'><strong>citur</strong></span> <span class='ocrx_word' id='word_1_104' title='bbox 331 840 455 875; x_wconf 90' lang='lat' dir='ltr'><strong>populus.</strong></span> <span class='ocrx_word' id='word_1_105' title='bbox 478 839 547 871; x_wconf 89' lang='lat' dir='ltr'><strong>Quid</strong></span> <span class='ocrx_word' id='word_1_106' title='bbox 564 838 621 865; x_wconf 85' lang='lat' dir='ltr'><strong>vult</strong></span> <span class='ocrx_word' id='word_1_107' title='bbox 643 839 694 865; x_wconf 84' lang='lat' dir='ltr'><strong>ista</strong></span> <span class='ocrx_word' id='word_1_108' title='bbox 716 839 886 866; x_wconf 84' lang='lat' dir='ltr'><strong>benedictio?</strong></span> <span class='ocrx_word' id='word_1_109' title='bbox 905 837 1029 873; x_wconf 80' lang='lat' dir='ltr'><strong>Pugnare</strong></span> 
     </span>
    </p>
   </div>
   <div class='ocr_carea' id='block_1_17' title="bbox 244 883 1031 918">
    <p class='ocr_par' dir='ltr' id='par_1_17' title="bbox 244 883 1031 918">
     <span class='ocr_line' id='line_1_17' title="bbox 244 883 1031 918; baseline -0.001 -7"><span class='ocrx_word' id='word_1_110' title='bbox 244 885 300 911; x_wconf 82' lang='lat' dir='ltr'><strong>vult</strong></span> <span class='ocrx_word' id='word_1_111' title='bbox 325 885 418 918; x_wconf 82' lang='lat' dir='ltr'><strong>utique</strong></span> <span class='ocrx_word' id='word_1_112' title='bbox 442 888 536 911; x_wconf 90' lang='lat' dir='ltr'><strong>contra</strong></span> <span class='ocrx_word' id='word_1_113' title='bbox 559 883 697 910; x_wconf 90' lang='lat' dir='ltr'><strong>diabolum</strong></span> <span class='ocrx_word' id='word_1_114' title='bbox 719 887 746 910; x_wconf 90' lang='lat' dir='ltr'><strong>et</strong></span> <span class='ocrx_word' id='word_1_115' title='bbox 765 883 823 916; x_wconf 87' lang='lat' dir='ltr'><strong>ejus</strong></span> <span class='ocrx_word' id='word_1_116' title='bbox 844 883 965 910; x_wconf 86' lang='lat' dir='ltr'><strong>insidias.</strong></span> <span class='ocrx_word' id='word_1_117' title='bbox 987 883 1031 910; x_wconf 84' lang='lat' dir='ltr'><strong>ld—</strong></span> 
     </span>
    </p>
   </div>
   <div class='ocr_carea' id='block_1_18' title="bbox 234 928 1031 963">
    <p class='ocr_par' dir='ltr' id='par_1_18' title="bbox 234 928 1031 963">
     <span class='ocr_line' id='line_1_18' title="bbox 234 928 1031 963; baseline -0.001 -7"><span class='ocrx_word' id='word_1_118' title='bbox 234 930 331 963; x_wconf 85' lang='lat' dir='ltr'><strong>-ipsum</strong></span> <span class='ocrx_word' id='word_1_119' title='bbox 350 929 473 956; x_wconf 89' lang='lat' dir='ltr'><strong>meminit</strong></span> <span class='ocrx_word' id='word_1_120' title='bbox 489 932 599 956; x_wconf 86' lang='lat' dir='ltr'><strong>sanctus</strong></span> <span class='ocrx_word' id='word_1_121' title='bbox 612 928 774 955; x_wconf 81' lang='lat' dir='ltr'><strong>Ambrosius</strong></span> <span class='ocrx_word' id='word_1_122' title='bbox 788 929 814 955; x_wconf 90' lang='lat' dir='ltr'><strong>in</strong></span> <span class='ocrx_word' id='word_1_123' title='bbox 831 928 912 955; x_wconf 83' lang='lat' dir='ltr'><strong>tertio</strong></span> <span class='ocrx_word' id='word_1_124' title='bbox 924 928 1031 960; x_wconf 88' lang='lat' dir='ltr'><strong>ordine,</strong></span> 
     </span>
    </p>
   </div>
   <div class='ocr_carea' id='block_1_19' title="bbox 243 972 1032 1008">
    <p class='ocr_par' dir='ltr' id='par_1_19' title="bbox 243 972 1032 1008">
     <span class='ocr_line' id='line_1_19' title="bbox 243 972 1032 1008; baseline 0 -8"><span class='ocrx_word' id='word_1_125' title='bbox 243 974 286 1001; x_wconf 91' lang='lat' dir='ltr'><strong>ubi</strong></span> <span class='ocrx_word' id='word_1_126' title='bbox 304 974 450 1008; x_wconf 82' lang='lat' dir='ltr'><strong>postulatio</strong></span> <span class='ocrx_word' id='word_1_127' title='bbox 470 977 521 1001; x_wconf 90' lang='lat' dir='ltr'><strong>est.</strong></span> <span class='ocrx_word' id='word_1_128' title='bbox 537 972 616 999; x_wconf 85' lang='lat' dir='ltr'><strong>Juxta</strong></span> <span class='ocrx_word' id='word_1_129' title='bbox 630 972 821 1008; x_wconf 80' lang='lat' dir='ltr'><strong>Augustinum,</strong></span> <span class='ocrx_word' id='word_1_130' title='bbox 834 978 946 1007; x_wconf 87' lang='lat' dir='ltr'><strong>quartus</strong></span> <span class='ocrx_word' id='word_1_131' title='bbox 965 973 1032 1000; x_wconf 86' lang='lat' dir='ltr'><strong>ordo</strong></span> 
     </span>
    </p>
   </div>
   <div class='ocr_carea' id='block_1_20' title="bbox 242 1017 1032 1053">
    <p class='ocr_par' dir='ltr' id='par_1_20' title="bbox 242 1017 1032 1053">
     <span class='ocr_line' id='line_1_20' title="bbox 242 1017 1032 1053; baseline 0 -8"><span class='ocrx_word' id='word_1_132' title='bbox 242 1019 395 1045; x_wconf 83' lang='lat' dir='ltr'><strong>orationum</strong></span> <span class='ocrx_word' id='word_1_133' title='bbox 416 1019 564 1053; x_wconf 85' lang='lat' dir='ltr'><strong>gratiarum</strong></span> <span class='ocrx_word' id='word_1_134' title='bbox 583 1018 689 1044; x_wconf 80' lang='lat' dir='ltr'><strong>actione</strong></span> <span class='ocrx_word' id='word_1_135' title='bbox 704 1018 794 1044; x_wconf 81' lang='lat' dir='ltr'><strong>omnia</strong></span> <span class='ocrx_word' id='word_1_136' title='bbox 818 1017 964 1050; x_wconf 89' lang='lat' dir='ltr'><strong>concludit,</strong></span> <span class='ocrx_word' id='word_1_137' title='bbox 980 1018 1032 1045; x_wconf 91' lang='lat' dir='ltr'><strong>hoc</strong></span> 
     </span>
    </p>
   </div>
   <div class='ocr_carea' id='block_1_21' title="bbox 242 1062 1031 1099">
    <p class='ocr_par' dir='ltr' id='par_1_21' title="bbox 242 1062 1031 1099">
     <span class='ocr_line' id='line_1_21' title="bbox 242 1062 1031 1099; baseline -0.003 -8"><span class='ocrx_word' id='word_1_138' title='bbox 242 1068 294 1096; x_wconf 86' lang='lat' dir='ltr'><strong>est,</strong></span> <span class='ocrx_word' id='word_1_139' title='bbox 309 1064 419 1099; x_wconf 85' lang='lat' dir='ltr'><strong>quando</strong></span> <span class='ocrx_word' id='word_1_140' title='bbox 434 1064 548 1098; x_wconf 90' lang='lat' dir='ltr'><strong>populus</strong></span> <span class='ocrx_word' id='word_1_141' title='bbox 569 1063 725 1098; x_wconf 86' lang='lat' dir='ltr'><strong>respondet,</strong></span> <span class='ocrx_word' id='word_1_142' title='bbox 741 1063 796 1089; x_wconf 78' lang='lat' dir='ltr'><strong>Deo</strong></span> <span class='ocrx_word' id='word_1_143' title='bbox 808 1063 918 1098; x_wconf 77' lang='lat' dir='ltr'><strong>gratias.</strong></span> <span class='ocrx_word' id='word_1_144' title='bbox 931 1062 996 1096; x_wconf 68' lang='lat' dir='ltr'><strong>Qum</strong></span> <span class='ocrx_word' id='word_1_145' title='bbox 1008 1063 1031 1090; x_wconf 89' lang='lat' dir='ltr'><strong>si</strong></span> 
     </span>
    </p>
   </div>
   <div class='ocr_carea' id='block_1_22' title="bbox 243 1108 1030 1143">
    <p class='ocr_par' dir='ltr' id='par_1_22' title="bbox 243 1108 1030 1143">
     <span class='ocr_line' id='line_1_22' title="bbox 243 1108 1030 1143; baseline 0 -8"><span class='ocrx_word' id='word_1_146' title='bbox 243 1109 301 1143; x_wconf 68' lang='lat' dir='ltr'><strong>quis</strong></span> <span class='ocrx_word' id='word_1_147' title='bbox 321 1109 402 1143; x_wconf 84' lang='lat' dir='ltr'><strong>digna</strong></span> <span class='ocrx_word' id='word_1_148' title='bbox 424 1109 532 1136; x_wconf 74' lang='lat' dir='ltr'><strong>duxerit</strong></span> <span class='ocrx_word' id='word_1_149' title='bbox 554 1108 588 1135; x_wconf 87' lang='lat' dir='ltr'><strong>ad</strong></span> <span class='ocrx_word' id='word_1_150' title='bbox 602 1108 753 1143; x_wconf 72' lang='lat' dir='ltr'><strong>legendum,</strong></span> <span class='ocrx_word' id='word_1_151' title='bbox 769 1108 850 1135; x_wconf 87' lang='lat' dir='ltr'><strong>latius</strong></span> <span class='ocrx_word' id='word_1_152' title='bbox 863 1115 895 1135; x_wconf 85' lang='lat' dir='ltr'><strong>ea</strong></span> <span class='ocrx_word' id='word_1_153' title='bbox 912 1108 1030 1143; x_wconf 79' lang='lat' dir='ltr'><strong>reperiet</strong></span> 
     </span>
    </p>
   </div>
   <div class='ocr_carea' id='block_1_23' title="bbox 243 1152 1030 1188">
    <p class='ocr_par' dir='ltr' id='par_1_23' title="bbox 243 1152 1030 1188">
     <span class='ocr_line' id='line_1_23' title="bbox 243 1152 1030 1188; baseline 0 -8"><span class='ocrx_word' id='word_1_154' title='bbox 243 1154 341 1188; x_wconf 65' lang='lat' dir='ltr'><strong>scripta</strong></span> <span class='ocrx_word' id='word_1_155' title='bbox 370 1154 397 1180; x_wconf 93' lang='lat' dir='ltr'><strong>in</strong></span> <span class='ocrx_word' id='word_1_156' title='bbox 424 1153 547 1187; x_wconf 85' lang='lat' dir='ltr'><strong>sequenti</strong></span> <span class='ocrx_word' id='word_1_157' title='bbox 569 1153 716 1180; x_wconf 84' lang='lat' dir='ltr'><strong>volumine.</strong></span> <span class='ocrx_word' id='word_1_158' title='bbox 744 1152 794 1180; x_wconf 82' lang='lat' dir='ltr'><strong>Hic</strong></span> <span class='ocrx_word' id='word_1_159' title='bbox 814 1153 963 1180; x_wconf 81' lang='lat' dir='ltr'><strong>notandum</strong></span> <span class='ocrx_word' id='word_1_160' title='bbox 988 1157 1030 1180; x_wconf 89' lang='lat' dir='ltr'><strong>est</strong></span> 
     </span>
    </p>
   </div>
   <div class='ocr_carea' id='block_1_24' title="bbox 243 1198 1029 1233">
    <p class='ocr_par' dir='ltr' id='par_1_24' title="bbox 243 1198 1029 1233">
     <span class='ocr_line' id='line_1_24' title="bbox 243 1198 1029 1233; baseline 0.001 -8"><span class='ocrx_word' id='word_1_161' title='bbox 243 1199 315 1233; x_wconf 90' lang='lat' dir='ltr'><strong>quod</strong></span> <span class='ocrx_word' id='word_1_162' title='bbox 328 1198 355 1225; x_wconf 93' lang='lat' dir='ltr'><strong>in</strong></span> <span class='ocrx_word' id='word_1_163' title='bbox 365 1198 461 1226; x_wconf 87' lang='lat' dir='ltr'><strong>diebus</strong></span> <span class='ocrx_word' id='word_1_164' title='bbox 472 1198 702 1233; x_wconf 68' lang='lat' dir='ltr'><strong>Quadragesimte,</strong></span> <span class='ocrx_word' id='word_1_165' title='bbox 717 1198 826 1233; x_wconf 89' lang='lat' dir='ltr'><strong>quando</strong></span> <span class='ocrx_word' id='word_1_166' title='bbox 836 1198 949 1233; x_wconf 88' lang='lat' dir='ltr'><strong>populus</strong></span> <span class='ocrx_word' id='word_1_167' title='bbox 961 1199 1029 1226; x_wconf 85' lang='lat' dir='ltr'><strong>hora</strong></span> 
     </span>
    </p>
   </div>
   <div class='ocr_carea' id='block_1_25' title="bbox 243 1243 1029 1283">
    <p class='ocr_par' dir='ltr' id='par_1_25' title="bbox 243 1243 1029 1283">
     <span class='ocr_line' id='line_1_25' title="bbox 243 1243 1029 1283; baseline 0.003 -13"><span class='ocrx_word' id='word_1_168' title='bbox 243 1251 313 1270; x_wconf 85' lang='lat' dir='ltr'><strong>nona</strong></span> <span class='ocrx_word' id='word_1_169' title='bbox 337 1244 465 1271; x_wconf 79' lang='lat' dir='ltr'><strong>convenit</strong></span> <span class='ocrx_word' id='word_1_170' title='bbox 489 1243 523 1270; x_wconf 89' lang='lat' dir='ltr'><strong>ad</strong></span> <span class='ocrx_word' id='word_1_171' title='bbox 542 1244 697 1283; x_wconf 79' lang='lat' dir='ltr'><strong>ecclesiam,</strong></span> <span class='ocrx_word' id='word_1_172' title='bbox 720 1243 872 1271; x_wconf 83' lang='lat' dir='ltr'><strong>celebretur</strong></span> <span class='ocrx_word' id='word_1_173' title='bbox 891 1245 962 1279; x_wconf 88' lang='lat' dir='ltr'><strong>apud</strong></span> <span class='ocrx_word' id='word_1_174' title='bbox 979 1252 1029 1272; x_wconf 89' lang='lat' dir='ltr'><strong>no-</strong></span> 
     </span>
    </p>
   </div>
   <div class='ocr_carea' id='block_1_26' title="bbox 242 1288 1030 1324">
    <p class='ocr_par' dir='ltr' id='par_1_26' title="bbox 242 1288 1030 1324">
     <span class='ocr_line' id='line_1_26' title="bbox 242 1288 1030 1324; baseline 0.001 -9"><span class='ocrx_word' id='word_1_175' title='bbox 242 1293 313 1316; x_wconf 88' lang='lat' dir='ltr'><strong>stros</strong></span> <span class='ocrx_word' id='word_1_176' title='bbox 326 1288 481 1316; x_wconf 87' lang='lat' dir='ltr'><strong>benedictio</strong></span> <span class='ocrx_word' id='word_1_177' title='bbox 503 1296 582 1324; x_wconf 88' lang='lat' dir='ltr'><strong>super</strong></span> <span class='ocrx_word' id='word_1_178' title='bbox 605 1289 743 1324; x_wconf 88' lang='lat' dir='ltr'><strong>populum,</strong></span> <span class='ocrx_word' id='word_1_179' title='bbox 757 1293 784 1316; x_wconf 91' lang='lat' dir='ltr'><strong>et</strong></span> <span class='ocrx_word' id='word_1_180' title='bbox 802 1289 917 1324; x_wconf 89' lang='lat' dir='ltr'><strong>populus</strong></span> <span class='ocrx_word' id='word_1_181' title='bbox 936 1297 965 1317; x_wconf 89' lang='lat' dir='ltr'><strong>se</strong></span> <span class='ocrx_word' id='word_1_182' title='bbox 979 1289 1030 1316; x_wconf 84' lang='lat' dir='ltr'><strong>bu—</strong></span> 
     </span>
    </p>
   </div>
   <div class='ocr_carea' id='block_1_27' title="bbox 242 1327 1030 1370">
    <p class='ocr_par' dir='ltr' id='par_1_27' title="bbox 242 1327 1030 1370">
     <span class='ocr_line' id='line_1_27' title="bbox 242 1327 1030 1370; baseline 0 -9"><span class='ocrx_word' id='word_1_183' title='bbox 242 1334 326 1361; x_wconf 88' lang='lat' dir='ltr'><strong>miliet</strong></span> <span class='ocrx_word' id='word_1_184' title='bbox 336 1338 489 1369; x_wconf 83' lang='lat' dir='ltr'><strong>prostratus</strong></span> <span class='ocrx_word' id='word_1_185' title='bbox 501 1327 534 1362; x_wconf 81' lang='lat' dir='ltr'><strong>ad</strong></span> <span class='ocrx_word' id='word_1_186' title='bbox 555 1335 706 1361; x_wconf 90' lang='lat' dir='ltr'><strong>orationem</strong></span> <span class='ocrx_word' id='word_1_187' title='bbox 716 1335 795 1370; x_wconf 81' lang='lat' dir='ltr'><strong>juxta</strong></span> <span class='ocrx_word' id='word_1_188' title='bbox 805 1335 878 1362; x_wconf 86' lang='lat' dir='ltr'><strong>dicta</strong></span> <span class='ocrx_word' id='word_1_189' title='bbox 893 1334 922 1362; x_wconf 91' lang='lat' dir='ltr'><strong>S.</strong></span> <span class='ocrx_word' id='word_1_190' title='bbox 938 1335 1030 1370; x_wconf 82' lang='lat' dir='ltr'><strong>Augu-</strong></span> 
     </span>
    </p>
   </div>
   <div class='ocr_carea' id='block_1_28' title="bbox 241 1379 1028 1414">
    <p class='ocr_par' dir='ltr' id='par_1_28' title="bbox 241 1379 1028 1414">
     <span class='ocr_line' id='line_1_28' title="bbox 241 1379 1028 1414; baseline -0.001 -7"><span class='ocrx_word' id='word_1_191' title='bbox 241 1380 318 1407; x_wconf 79' lang='lat' dir='ltr'><strong>stini.</strong></span> <span class='ocrx_word' id='word_1_192' title='bbox 340 1380 373 1406; x_wconf 86' lang='lat' dir='ltr'><strong>Et</strong></span> <span class='ocrx_word' id='word_1_193' title='bbox 385 1384 475 1414; x_wconf 86' lang='lat' dir='ltr'><strong>potest</strong></span> <span class='ocrx_word' id='word_1_194' title='bbox 492 1380 577 1407; x_wconf 85' lang='lat' dir='ltr'><strong>videri</strong></span> <span class='ocrx_word' id='word_1_195' title='bbox 590 1380 625 1407; x_wconf 91' lang='lat' dir='ltr'><strong>ab</strong></span> <span class='ocrx_word' id='word_1_196' title='bbox 638 1380 773 1414; x_wconf 82' lang='lat' dir='ltr'><strong>aliquibus</strong></span> <span class='ocrx_word' id='word_1_197' title='bbox 785 1379 883 1414; x_wconf 77' lang='lat' dir='ltr'><strong>duplex</strong></span> <span class='ocrx_word' id='word_1_198' title='bbox 899 1379 988 1406; x_wconf 81' lang='lat' dir='ltr'><strong>oratio</strong></span> <span class='ocrx_word' id='word_1_199' title='bbox 1001 1379 1028 1406; x_wconf 91' lang='lat' dir='ltr'><strong>in</strong></span> 
     </span>
    </p>
   </div>
   <div class='ocr_carea' id='block_1_29' title="bbox 241 1424 1030 1460">
    <p class='ocr_par' dir='ltr' id='par_1_29' title="bbox 241 1424 1030 1460">
     <span class='ocr_line' id='line_1_29' title="bbox 241 1424 1030 1460; baseline 0.001 -9"><span class='ocrx_word' id='word_1_200' title='bbox 241 1425 323 1452; x_wconf 88' lang='lat' dir='ltr'><strong>tertio</strong></span> <span class='ocrx_word' id='word_1_201' title='bbox 337 1426 431 1452; x_wconf 89' lang='lat' dir='ltr'><strong>ordine</strong></span> <span class='ocrx_word' id='word_1_202' title='bbox 442 1426 595 1453; x_wconf 89' lang='lat' dir='ltr'><strong>orationum</strong></span> <span class='ocrx_word' id='word_1_203' title='bbox 610 1434 617 1452; x_wconf 73' lang='grc' dir='ltr'><strong>ι</strong></span> <span class='ocrx_word' id='word_1_204' title='bbox 631 1433 691 1460; x_wconf 73' lang='lat' dir='ltr'><strong>qua:</strong></span> <span class='ocrx_word' id='word_1_205' title='bbox 709 1425 861 1460; x_wconf 83' lang='lat' dir='ltr'><strong>duplicitas,</strong></span> <span class='ocrx_word' id='word_1_206' title='bbox 875 1425 899 1452; x_wconf 84' lang='lat' dir='ltr'><strong>si</strong></span> <span class='ocrx_word' id='word_1_207' title='bbox 915 1424 1030 1460; x_wconf 81' lang='lat' dir='ltr'><strong>diligen-</strong></span> 
     </span>
    </p>
   </div>
   <div class='ocr_carea' id='block_1_30' title="bbox 239 1470 1027 1505">
    <p class='ocr_par' dir='ltr' id='par_1_30' title="bbox 239 1470 1027 1505">
     <span class='ocr_line' id='line_1_30' title="bbox 239 1470 1027 1505; baseline 0.001 -9"><span class='ocrx_word' id='word_1_208' title='bbox 239 1474 283 1497; x_wconf 81' lang='lat' dir='ltr'><strong>ter</strong></span> <span class='ocrx_word' id='word_1_209' title='bbox 297 1470 493 1503; x_wconf 80' lang='lat' dir='ltr'><strong>consideretur,</strong></span> <span class='ocrx_word' id='word_1_210' title='bbox 515 1479 568 1498; x_wconf 92' lang='lat' dir='ltr'><strong>non</strong></span> <span class='ocrx_word' id='word_1_211' title='bbox 599 1471 750 1505; x_wconf 86' lang='lat' dir='ltr'><strong>reperietur</strong></span> <span class='ocrx_word' id='word_1_212' title='bbox 773 1471 852 1505; x_wconf 86' lang='lat' dir='ltr'><strong>quasi</strong></span> <span class='ocrx_word' id='word_1_213' title='bbox 869 1470 1027 1505; x_wconf 85' lang='lat' dir='ltr'><strong>duplicatio,</strong></span> 
     </span>
    </p>
   </div>
   <div class='ocr_carea' id='block_1_31' title="bbox 769 129 1366 176">
    <p class='ocr_par' dir='ltr' id='par_1_31' title="bbox 769 129 1366 176">
     <span class='ocr_line' id='line_1_31' title="bbox 769 129 1366 176; baseline -0.005 0"><span class='ocrx_word' id='word_1_214' title='bbox 769 147 935 176; x_wconf 77' lang='lat' dir='ltr'><strong>AMALARII</strong></span> <span class='ocrx_word' id='word_1_215' title='bbox 956 129 1173 174; x_wconf 71' lang='lat' dir='ltr'><strong>nassonem</strong></span> <span class='ocrx_word' id='word_1_216' title='bbox 1193 145 1366 173; x_wconf 70' lang='lat' dir='ltr'><strong>uerensrs</strong></span> 
     </span>
    </p>
   </div>
   <div class='ocr_carea' id='block_1_32' title="bbox 1793 147 1835 175">
    <p class='ocr_par' dir='ltr' id='par_1_32' title="bbox 1793 147 1835 175">
     <span class='ocr_line' id='line_1_32' title="bbox 1793 147 1835 175; baseline 0.024 -1"><span class='ocrx_word' id='word_1_217' title='bbox 1793 147 1835 175; x_wconf 69' lang='lat'><strong>992</strong></span> 
     </span>
    </p>
   </div>
   <div class='ocr_carea' id='block_1_33' title="bbox 1044 202 1836 237">
    <p class='ocr_par' dir='ltr' id='par_1_33' title="bbox 1044 202 1836 237">
     <span class='ocr_line' id='line_1_33' title="bbox 1044 202 1836 237; baseline 0.001 -6"><span class='ocrx_word' id='word_1_218' title='bbox 1044 202 1069 231; x_wconf 84' lang='lat' dir='ltr'><strong>A</strong></span> <span class='ocrx_word' id='word_1_219' title='bbox 1082 202 1130 228; x_wconf 84' lang='lat' dir='ltr'><strong>sed</strong></span> <span class='ocrx_word' id='word_1_220' title='bbox 1144 202 1222 237; x_wconf 82' lang='lat' dir='ltr'><strong>quasi</strong></span> <span class='ocrx_word' id='word_1_221' title='bbox 1237 202 1396 237; x_wconf 84' lang='lat' dir='ltr'><strong>simplicitas</strong></span> <span class='ocrx_word' id='word_1_222' title='bbox 1408 202 1441 229; x_wconf 83' lang='lat' dir='ltr'><strong>ad</strong></span> <span class='ocrx_word' id='word_1_223' title='bbox 1455 209 1535 229; x_wconf 84' lang='lat' dir='ltr'><strong>uuam</strong></span> <span class='ocrx_word' id='word_1_224' title='bbox 1551 210 1607 230; x_wconf 84' lang='lat' dir='ltr'><strong>rem</strong></span> <span class='ocrx_word' id='word_1_225' title='bbox 1618 203 1758 237; x_wconf 74' lang='lat' dir='ltr'><strong>pertinens,</strong></span> <span class='ocrx_word' id='word_1_226' title='bbox 1770 204 1792 231; x_wconf 84' lang='lat' dir='ltr'><strong>id</strong></span> <span class='ocrx_word' id='word_1_227' title='bbox 1803 209 1836 233; x_wconf 70' lang='lat' dir='ltr'><strong>est</strong></span> 
     </span>
    </p>
   </div>
   <div class='ocr_carea' id='block_1_34' title="bbox 1080 247 1836 284">
    <p class='ocr_par' dir='ltr' id='par_1_34' title="bbox 1080 247 1836 284">
     <span class='ocr_line' id='line_1_34' title="bbox 1080 247 1836 284; baseline 0 -9"><span class='ocrx_word' id='word_1_228' title='bbox 1080 247 1309 279; x_wconf 84' lang='lat' dir='ltr'><strong>benedictionem,</strong></span> <span class='ocrx_word' id='word_1_229' title='bbox 1331 255 1391 282; x_wconf 71' lang='lat' dir='ltr'><strong>qua:</strong></span> <span class='ocrx_word' id='word_1_230' title='bbox 1419 251 1509 274; x_wconf 84' lang='lat' dir='ltr'><strong>tamen</strong></span> <span class='ocrx_word' id='word_1_231' title='bbox 1531 255 1578 282; x_wconf 87' lang='lat' dir='ltr'><strong>pro</strong></span> <span class='ocrx_word' id='word_1_232' title='bbox 1601 248 1749 275; x_wconf 75' lang='lat' dir='ltr'><strong>diversitate</strong></span> <span class='ocrx_word' id='word_1_233' title='bbox 1764 250 1836 284; x_wconf 86' lang='lat' dir='ltr'><strong>populi</strong></span> 
     </span>
    </p>
   </div>
   <div class='ocr_carea' id='block_1_35' title="bbox 1080 291 1837 326">
    <p class='ocr_par' dir='ltr' id='par_1_35' title="bbox 1080 291 1837 326">
     <span class='ocr_line' id='line_1_35' title="bbox 1080 291 1837 326; baseline 0.007 -8"><span class='ocrx_word' id='word_1_234' title='bbox 1080 292 1236 319; x_wconf 85' lang='lat' dir='ltr'><strong>necessario</strong></span> <span class='ocrx_word' id='word_1_235' title='bbox 1258 291 1420 326; x_wconf 83' lang='lat' dir='ltr'><strong>duplicatur.</strong></span> <span class='ocrx_word' id='word_1_236' title='bbox 1442 291 1501 319; x_wconf 84' lang='lat' dir='ltr'><strong>Non</strong></span> <span class='ocrx_word' id='word_1_237' title='bbox 1525 292 1595 320; x_wconf 89' lang='lat' dir='ltr'><strong>enim</strong></span> <span class='ocrx_word' id='word_1_238' title='bbox 1615 293 1700 321; x_wconf 87' lang='lat' dir='ltr'><strong>omnis</strong></span> <span class='ocrx_word' id='word_1_239' title='bbox 1718 294 1837 323; x_wconf 83' lang='lat' dir='ltr'><strong>multitudo</strong></span> 
     </span>
    </p>
   </div>
   <div class='ocr_carea' id='block_1_36' title="bbox 1081 336 1838 372">
    <p class='ocr_par' dir='ltr' id='par_1_36' title="bbox 1081 336 1838 372">
     <span class='ocr_line' id='line_1_36' title="bbox 1081 336 1838 372; baseline 0.005 -10"><span class='ocrx_word' id='word_1_240' title='bbox 1081 336 1166 363; x_wconf 86' lang='lat' dir='ltr'><strong>currit</strong></span> <span class='ocrx_word' id='word_1_241' title='bbox 1184 336 1217 363; x_wconf 91' lang='lat' dir='ltr'><strong>ad</strong></span> <span class='ocrx_word' id='word_1_242' title='bbox 1234 336 1398 363; x_wconf 82' lang='lat' dir='ltr'><strong>sacriﬁcium</strong></span> <span class='ocrx_word' id='word_1_243' title='bbox 1419 344 1468 371; x_wconf 88' lang='lat' dir='ltr'><strong>per</strong></span> <span class='ocrx_word' id='word_1_244' title='bbox 1479 337 1620 364; x_wconf 88' lang='lat' dir='ltr'><strong>continuos</strong></span> <span class='ocrx_word' id='word_1_245' title='bbox 1632 337 1697 370; x_wconf 86' lang='lat' dir='ltr'><strong>dies,</strong></span> <span class='ocrx_word' id='word_1_246' title='bbox 1710 338 1752 372; x_wconf 87' lang='lat' dir='ltr'><strong>qui</strong></span> <span class='ocrx_word' id='word_1_247' title='bbox 1764 339 1794 366; x_wconf 83' lang='lat' dir='ltr'><strong>ad</strong></span> <span class='ocrx_word' id='word_1_248' title='bbox 1804 346 1838 367; x_wconf 83' lang='lat' dir='ltr'><strong>eo-</strong></span> 
     </span>
    </p>
   </div>
   <div class='ocr_carea' id='block_1_37' title="bbox 1081 380 1838 417">
    <p class='ocr_par' dir='ltr' id='par_1_37' title="bbox 1081 380 1838 417">
     <span class='ocr_line' id='line_1_37' title="bbox 1081 380 1838 417; baseline 0.007 -10"><span class='ocrx_word' id='word_1_249' title='bbox 1081 380 1192 408; x_wconf 87' lang='lat' dir='ltr'><strong>clesiam</strong></span> <span class='ocrx_word' id='word_1_250' title='bbox 1208 381 1373 408; x_wconf 86' lang='lat' dir='ltr'><strong>conveniunt</strong></span> <span class='ocrx_word' id='word_1_251' title='bbox 1387 380 1478 416; x_wconf 88' lang='lat' dir='ltr'><strong>(prout</strong></span> <span class='ocrx_word' id='word_1_252' title='bbox 1496 381 1598 409; x_wconf 76' lang='lat' dir='ltr'><strong>faciunt</strong></span> <span class='ocrx_word' id='word_1_253' title='bbox 1619 383 1665 416; x_wconf 89' lang='lat' dir='ltr'><strong>qui</strong></span> <span class='ocrx_word' id='word_1_254' title='bbox 1687 390 1731 417; x_wconf 90' lang='lat' dir='ltr'><strong>per</strong></span> <span class='ocrx_word' id='word_1_255' title='bbox 1743 383 1792 411; x_wconf 80' lang='lat' dir='ltr'><strong>dies</strong></span> <span class='ocrx_word' id='word_1_256' title='bbox 1803 392 1838 412; x_wconf 77' lang='lat' dir='ltr'><strong>so-</strong></span> 
     </span>
    </p>
   </div>
   <div class='ocr_carea' id='block_1_38' title="bbox 1081 424 1838 461">
    <p class='ocr_par' dir='ltr' id='par_1_38' title="bbox 1081 424 1838 461">
     <span class='ocr_line' id='line_1_38' title="bbox 1081 424 1838 461; baseline 0.007 -10"><span class='ocrx_word' id='word_1_257' title='bbox 1081 424 1185 452; x_wconf 86' lang='lat' dir='ltr'><strong>lemnes</strong></span> <span class='ocrx_word' id='word_1_258' title='bbox 1200 425 1392 461; x_wconf 89' lang='lat' dir='ltr'><strong>conveniunt);</strong></span> <span class='ocrx_word' id='word_1_259' title='bbox 1409 427 1455 461; x_wconf 88' lang='lat' dir='ltr'><strong>qui</strong></span> <span class='ocrx_word' id='word_1_260' title='bbox 1475 434 1528 454; x_wconf 89' lang='lat' dir='ltr'><strong>non</strong></span> <span class='ocrx_word' id='word_1_261' title='bbox 1542 427 1744 459; x_wconf 74' lang='lat' dir='ltr'><strong>communicant,</strong></span> <span class='ocrx_word' id='word_1_262' title='bbox 1760 433 1838 457; x_wconf 84' lang='lat' dir='ltr'><strong>utnon</strong></span> 
     </span>
    </p>
   </div>
   <div class='ocr_carea' id='block_1_39' title="bbox 1080 471 1838 506">
    <p class='ocr_par' dir='ltr' id='par_1_39' title="bbox 1080 471 1838 506">
     <span class='ocr_line' id='line_1_39' title="bbox 1080 471 1838 506; baseline 0.005 -9"><span class='ocrx_word' id='word_1_263' title='bbox 1080 471 1138 498; x_wconf 87' lang='lat' dir='ltr'><strong>sint</strong></span> <span class='ocrx_word' id='word_1_264' title='bbox 1149 474 1272 498; x_wconf 86' lang='lat' dir='ltr'><strong>extorres</strong></span> <span class='ocrx_word' id='word_1_265' title='bbox 1290 478 1305 498; x_wconf 93' lang='lat' dir='ltr'><strong>a</strong></span> <span class='ocrx_word' id='word_1_266' title='bbox 1330 471 1527 503; x_wconf 85' lang='lat' dir='ltr'><strong>benedictione,</strong></span> <span class='ocrx_word' id='word_1_267' title='bbox 1546 479 1628 506; x_wconf 87' lang='lat' dir='ltr'><strong>super</strong></span> <span class='ocrx_word' id='word_1_268' title='bbox 1647 479 1693 499; x_wconf 91' lang='lat' dir='ltr'><strong>eos</strong></span> <span class='ocrx_word' id='word_1_269' title='bbox 1712 473 1838 501; x_wconf 82' lang='lat' dir='ltr'><strong>benedictio</strong></span> 
     </span>
    </p>
   </div>
   <div class='ocr_carea' id='block_1_40' title="bbox 1082 515 1838 552">
    <p class='ocr_par' dir='ltr' id='par_1_40' title="bbox 1082 515 1838 552">
     <span class='ocr_line' id='line_1_40' title="bbox 1082 515 1838 552; baseline 0.005 -11"><span class='ocrx_word' id='word_1_270' title='bbox 1082 515 1232 542; x_wconf 87' lang='lat' dir='ltr'><strong>sacerdotis</strong></span> <span class='ocrx_word' id='word_1_271' title='bbox 1250 516 1356 548; x_wconf 86' lang='lat' dir='ltr'><strong>transit,</strong></span> <span class='ocrx_word' id='word_1_272' title='bbox 1371 523 1432 550; x_wconf 74' lang='lat' dir='ltr'><strong>qua:</strong></span> <span class='ocrx_word' id='word_1_273' title='bbox 1452 524 1505 544; x_wconf 95' lang='lat' dir='ltr'><strong>non</strong></span> <span class='ocrx_word' id='word_1_274' title='bbox 1521 517 1606 552; x_wconf 78' lang='lat' dir='ltr'><strong>tangit</strong></span> <span class='ocrx_word' id='word_1_275' title='bbox 1622 522 1780 544; x_wconf 84' lang='lat' dir='ltr'><strong>sacramenta</strong></span> <span class='ocrx_word' id='word_1_276' title='bbox 1789 526 1838 546; x_wconf 86' lang='lat' dir='ltr'><strong>eor-</strong></span> 
     </span>
    </p>
   </div>
   <div class='ocr_carea' id='block_1_41' title="bbox 1081 559 1838 596">
    <p class='ocr_par' dir='ltr' id='par_1_41' title="bbox 1081 559 1838 596">
     <span class='ocr_line' id='line_1_41' title="bbox 1081 559 1838 596; baseline 0.007 -11"><span class='ocrx_word' id='word_1_277' title='bbox 1081 559 1157 593; x_wconf 86' lang='lat' dir='ltr'><strong>poris</strong></span> <span class='ocrx_word' id='word_1_278' title='bbox 1172 563 1201 586; x_wconf 89' lang='lat' dir='ltr'><strong>et</strong></span> <span class='ocrx_word' id='word_1_279' title='bbox 1213 560 1353 594; x_wconf 84' lang='lat' dir='ltr'><strong>sanguinis</strong></span> <span class='ocrx_word' id='word_1_280' title='bbox 1373 561 1500 588; x_wconf 88' lang='lat' dir='ltr'><strong>Domini:</strong></span> <span class='ocrx_word' id='word_1_281' title='bbox 1513 561 1559 596; x_wconf 89' lang='lat' dir='ltr'><strong>qui</strong></span> <span class='ocrx_word' id='word_1_282' title='bbox 1578 569 1643 589; x_wconf 88' lang='lat' dir='ltr'><strong>vero</strong></span> <span class='ocrx_word' id='word_1_283' title='bbox 1657 563 1838 595; x_wconf 83' lang='lat' dir='ltr'><strong>communicant.</strong></span> 
     </span>
    </p>
   </div>
   <div class='ocr_carea' id='block_1_42' title="bbox 1081 606 1840 644">
    <p class='ocr_par' dir='ltr' id='par_1_42' title="bbox 1081 606 1840 644">
     <span class='ocr_line' id='line_1_42' title="bbox 1081 606 1840 644; baseline 0.007 -11"><span class='ocrx_word' id='word_1_284' title='bbox 1081 606 1278 634; x_wconf 88' lang='lat' dir='ltr'><strong>benedicuntur</strong></span> <span class='ocrx_word' id='word_1_285' title='bbox 1299 608 1356 642; x_wconf 85' lang='lat' dir='ltr'><strong>ipsa</strong></span> <span class='ocrx_word' id='word_1_286' title='bbox 1379 609 1583 642; x_wconf 84' lang='lat' dir='ltr'><strong>communione;</strong></span> <span class='ocrx_word' id='word_1_287' title='bbox 1603 614 1631 636; x_wconf 90' lang='lat' dir='ltr'><strong>et</strong></span> <span class='ocrx_word' id='word_1_288' title='bbox 1645 618 1692 644; x_wconf 92' lang='lat' dir='ltr'><strong>pro</strong></span> <span class='ocrx_word' id='word_1_289' title='bbox 1714 611 1751 637; x_wconf 89' lang='lat' dir='ltr'><strong>eis</strong></span> <span class='ocrx_word' id='word_1_290' title='bbox 1766 616 1840 638; x_wconf 84' lang='lat' dir='ltr'><strong>oratur</strong></span> 
     </span>
    </p>
   </div>
   <div class='ocr_carea' id='block_1_43' title="bbox 1081 651 1840 688">
    <p class='ocr_par' dir='ltr' id='par_1_43' title="bbox 1081 651 1840 688">
     <span class='ocr_line' id='line_1_43' title="bbox 1081 651 1840 688; baseline 0.007 -10"><span class='ocrx_word' id='word_1_291' title='bbox 1081 651 1109 679; x_wconf 89' lang='lat' dir='ltr'><strong>in</strong></span> <span class='ocrx_word' id='word_1_292' title='bbox 1123 653 1214 687; x_wconf 85' lang='lat' dir='ltr'><strong>priore</strong></span> <span class='ocrx_word' id='word_1_293' title='bbox 1225 653 1349 680; x_wconf 85' lang='lat' dir='ltr'><strong>oratione</strong></span> <span class='ocrx_word' id='word_1_294' title='bbox 1362 658 1423 688; x_wconf 87' lang='lat' dir='ltr'><strong>post</strong></span> <span class='ocrx_word' id='word_1_295' title='bbox 1444 655 1671 688; x_wconf 80' lang='lat' dir='ltr'><strong>communionem,</strong></span> <span class='ocrx_word' id='word_1_296' title='bbox 1685 659 1714 682; x_wconf 89' lang='lat' dir='ltr'><strong>ut</strong></span> <span class='ocrx_word' id='word_1_297' title='bbox 1731 661 1794 683; x_wconf 82' lang='lat' dir='ltr'><strong>tanto</strong></span> <span class='ocrx_word' id='word_1_298' title='bbox 1807 664 1840 683; x_wconf 82' lang='lat' dir='ltr'><strong>sa-</strong></span> 
     </span>
    </p>
   </div>
   <div class='ocr_carea' id='block_1_44' title="bbox 1081 701 1840 735">
    <p class='ocr_par' dir='ltr' id='par_1_44' title="bbox 1081 701 1840 735">
     <span class='ocr_line' id='line_1_44' title="bbox 1081 701 1840 735; baseline 0.005 -9"><span class='ocrx_word' id='word_1_299' title='bbox 1081 704 1220 727; x_wconf 85' lang='lat' dir='ltr'><strong>cramento</strong></span> <span class='ocrx_word' id='word_1_300' title='bbox 1238 705 1418 735; x_wconf 76' lang='lat' dir='ltr'><strong>congruenter</strong></span> <span class='ocrx_word' id='word_1_301' title='bbox 1441 701 1496 728; x_wconf 90' lang='lat' dir='ltr'><strong>sint</strong></span> <span class='ocrx_word' id='word_1_302' title='bbox 1518 702 1676 730; x_wconf 85' lang='lat' dir='ltr'><strong>concordes.</strong></span> <span class='ocrx_word' id='word_1_303' title='bbox 1696 702 1752 729; x_wconf 70' lang='lat' dir='ltr'><strong>Haec</strong></span> <span class='ocrx_word' id='word_1_304' title='bbox 1771 703 1792 730; x_wconf 86' lang='lat' dir='ltr'><strong>in</strong></span> <span class='ocrx_word' id='word_1_305' title='bbox 1808 703 1840 731; x_wconf 83' lang='lat' dir='ltr'><strong>eis</strong></span> 
     </span>
    </p>
   </div>
   <div class='ocr_carea' id='block_1_45' title="bbox 1082 745 1840 781">
    <p class='ocr_par' dir='ltr' id='par_1_45' title="bbox 1082 745 1840 781">
     <span class='ocr_line' id='line_1_45' title="bbox 1082 745 1840 781; baseline 0.004 -10"><span class='ocrx_word' id='word_1_306' title='bbox 1082 748 1156 776; x_wconf 88' lang='lat' dir='ltr'><strong>sunt,</strong></span> <span class='ocrx_word' id='word_1_307' title='bbox 1169 752 1229 779; x_wconf 62' lang='lat' dir='ltr'><strong>quin</strong></span> <span class='ocrx_word' id='word_1_308' title='bbox 1245 753 1261 772; x_wconf 87' lang='lat' dir='ltr'><strong>a</strong></span> <span class='ocrx_word' id='word_1_309' title='bbox 1276 745 1397 772; x_wconf 83' lang='lat' dir='ltr'><strong>Romana</strong></span> <span class='ocrx_word' id='word_1_310' title='bbox 1409 745 1474 773; x_wconf 89' lang='lat' dir='ltr'><strong>sedc</strong></span> <span class='ocrx_word' id='word_1_311' title='bbox 1484 747 1577 781; x_wconf 89' lang='lat' dir='ltr'><strong>accepi</strong></span> <span class='ocrx_word' id='word_1_312' title='bbox 1592 748 1624 773; x_wconf 88' lang='lat' dir='ltr'><strong>de</strong></span> <span class='ocrx_word' id='word_1_313' title='bbox 1644 748 1685 774; x_wconf 82' lang='lat' dir='ltr'><strong>his</strong></span> <span class='ocrx_word' id='word_1_314' title='bbox 1697 756 1751 781; x_wconf 68' lang='lat' dir='ltr'><strong>qum</strong></span> <span class='ocrx_word' id='word_1_315' title='bbox 1762 749 1796 774; x_wconf 75' lang='lat' dir='ltr'><strong>hic</strong></span> <span class='ocrx_word' id='word_1_316' title='bbox 1810 749 1840 774; x_wconf 91' lang='lat' dir='ltr'><strong>iu-</strong></span> 
     </span>
    </p>
   </div>
   <div class='ocr_carea' id='block_1_46' title="bbox 1081 791 1838 827">
    <p class='ocr_par' dir='ltr' id='par_1_46' title="bbox 1081 791 1838 827">
     <span class='ocr_line' id='line_1_46' title="bbox 1081 791 1838 827; baseline 0.001 -9"><span class='ocrx_word' id='word_1_317' title='bbox 1081 798 1174 818; x_wconf 85' lang='lat' dir='ltr'><strong>serere</strong></span> <span class='ocrx_word' id='word_1_318' title='bbox 1193 791 1263 823; x_wconf 90' lang='lat' dir='ltr'><strong>volo,</strong></span> <span class='ocrx_word' id='word_1_319' title='bbox 1286 792 1410 826; x_wconf 88' lang='lat' dir='ltr'><strong>quamvis</strong></span> <span class='ocrx_word' id='word_1_320' title='bbox 1425 792 1482 826; x_wconf 89' lang='lat' dir='ltr'><strong>jam</strong></span> <span class='ocrx_word' id='word_1_321' title='bbox 1497 792 1579 820; x_wconf 85' lang='lat' dir='ltr'><strong>latius</strong></span> <span class='ocrx_word' id='word_1_322' title='bbox 1603 793 1738 827; x_wconf 69' lang='lat' dir='ltr'><strong>explanata</strong></span> <span class='ocrx_word' id='word_1_323' title='bbox 1757 794 1801 820; x_wconf 81' lang='lat' dir='ltr'><strong>sint</strong></span> <span class='ocrx_word' id='word_1_324' title='bbox 1820 794 1838 819; x_wconf 86' lang='lat' dir='ltr'><strong>in</strong></span> 
     </span>
    </p>
   </div>
   <div class='ocr_carea' id='block_1_47' title="bbox 1083 836 1838 872">
    <p class='ocr_par' dir='ltr' id='par_1_47' title="bbox 1083 836 1838 872">
     <span class='ocr_line' id='line_1_47' title="bbox 1083 836 1838 872; baseline 0 -9"><span class='ocrx_word' id='word_1_325' title='bbox 1083 836 1206 870; x_wconf 87' lang='lat' dir='ltr'><strong>sequenti</strong></span> <span class='ocrx_word' id='word_1_326' title='bbox 1230 836 1378 864; x_wconf 88' lang='lat' dir='ltr'><strong>volumine.</strong></span> <span class='ocrx_word' id='word_1_327' title='bbox 1402 837 1492 864; x_wconf 86' lang='lat' dir='ltr'><strong>Prima</strong></span> <span class='ocrx_word' id='word_1_328' title='bbox 1515 837 1643 864; x_wconf 83' lang='lat' dir='ltr'><strong>salutatio</strong></span> <span class='ocrx_word' id='word_1_329' title='bbox 1670 839 1700 864; x_wconf 87' lang='lat' dir='ltr'><strong>ad</strong></span> <span class='ocrx_word' id='word_1_330' title='bbox 1726 838 1838 872; x_wconf 75' lang='lat' dir='ltr'><strong>populum,</strong></span> 
     </span>
    </p>
   </div>
   <div class='ocr_carea' id='block_1_48' title="bbox 1046 869 1839 915">
    <p class='ocr_par' dir='ltr' id='par_1_48' title="bbox 1046 869 1839 915">
     <span class='ocr_line' id='line_1_48' title="bbox 1046 869 1839 915; baseline 0 -8"><span class='ocrx_word' id='word_1_331' title='bbox 1046 869 1069 898; x_wconf 81' lang='lat' dir='ltr'><strong>B</strong></span> <span class='ocrx_word' id='word_1_332' title='bbox 1084 869 1144 907; x_wconf 48' lang='lat' dir='ltr'><strong>Pas:</strong></span> <span class='ocrx_word' id='word_1_333' title='bbox 1155 880 1225 907; x_wconf 78' lang='lat' dir='ltr'><strong>vobis</strong></span> <span class='ocrx_word' id='word_1_334' title='bbox 1234 881 1442 915; x_wconf 83' lang='lat' dir='ltr'><strong>pronuntiatur:</strong></span> <span class='ocrx_word' id='word_1_335' title='bbox 1456 888 1520 913; x_wconf 90' lang='lat' dir='ltr'><strong>non,</strong></span> <span class='ocrx_word' id='word_1_336' title='bbox 1536 881 1596 908; x_wconf 67' lang='lat' dir='ltr'><strong>Pus:</strong></span> <span class='ocrx_word' id='word_1_337' title='bbox 1609 869 1741 909; x_wconf 72' lang='lat' dir='ltr'><strong>vobiscum.</strong></span> <span class='ocrx_word' id='word_1_338' title='bbox 1752 869 1839 915; x_wconf 67' lang='lat' dir='ltr'><strong>Quando</strong></span> 
     </span>
    </p>
   </div>
   <div class='ocr_carea' id='block_1_49' title="bbox 1083 924 1838 961">
    <p class='ocr_par' dir='ltr' id='par_1_49' title="bbox 1083 924 1838 961">
     <span class='ocr_line' id='line_1_49' title="bbox 1083 924 1838 961; baseline 0.001 -9"><span class='ocrx_word' id='word_1_339' title='bbox 1083 932 1179 952; x_wconf 87' lang='lat' dir='ltr'><strong>versus</strong></span> <span class='ocrx_word' id='word_1_340' title='bbox 1195 924 1229 952; x_wconf 88' lang='lat' dir='ltr'><strong>de</strong></span> <span class='ocrx_word' id='word_1_341' title='bbox 1251 924 1367 953; x_wconf 76' lang='lat' dir='ltr'><strong>Alleluia</strong></span> <span class='ocrx_word' id='word_1_342' title='bbox 1382 926 1498 958; x_wconf 87' lang='lat' dir='ltr'><strong>canitur,</strong></span> <span class='ocrx_word' id='word_1_343' title='bbox 1514 926 1592 953; x_wconf 79' lang='lat' dir='ltr'><strong>exuit</strong></span> <span class='ocrx_word' id='word_1_344' title='bbox 1608 934 1635 953; x_wconf 83' lang='lat' dir='ltr'><strong>se</strong></span> <span class='ocrx_word' id='word_1_345' title='bbox 1652 927 1750 961; x_wconf 83' lang='lat' dir='ltr'><strong>planeta</strong></span> <span class='ocrx_word' id='word_1_346' title='bbox 1767 928 1838 953; x_wconf 87' lang='lat' dir='ltr'><strong>diaco-</strong></span> 
     </span>
    </p>
   </div>
   <div class='ocr_carea' id='block_1_50' title="bbox 1082 971 1838 1007">
    <p class='ocr_par' dir='ltr' id='par_1_50' title="bbox 1082 971 1838 1007">
     <span class='ocr_line' id='line_1_50' title="bbox 1082 971 1838 1007; baseline 0.004 -10"><span class='ocrx_word' id='word_1_347' title='bbox 1082 979 1145 1003; x_wconf 87' lang='lat' dir='ltr'><strong>nus,</strong></span> <span class='ocrx_word' id='word_1_348' title='bbox 1168 971 1321 1006; x_wconf 83' lang='lat' dir='ltr'><strong>stolamquc</strong></span> <span class='ocrx_word' id='word_1_349' title='bbox 1336 976 1399 1006; x_wconf 85' lang='lat' dir='ltr'><strong>post</strong></span> <span class='ocrx_word' id='word_1_350' title='bbox 1414 976 1518 1007; x_wconf 80' lang='lat' dir='ltr'><strong>tergum</strong></span> <span class='ocrx_word' id='word_1_351' title='bbox 1538 972 1613 1000; x_wconf 87' lang='lat' dir='ltr'><strong>ducit</strong></span> <span class='ocrx_word' id='word_1_352' title='bbox 1636 974 1724 1000; x_wconf 73' lang='lat' dir='ltr'><strong>subtus</strong></span> <span class='ocrx_word' id='word_1_353' title='bbox 1742 973 1838 1000; x_wconf 75' lang='lat' dir='ltr'><strong>dextram</strong></span> 
     </span>
    </p>
   </div>
   <div class='ocr_carea' id='block_1_51' title="bbox 1082 1017 1838 1053">
    <p class='ocr_par' dir='ltr' id='par_1_51' title="bbox 1082 1017 1838 1053">
     <span class='ocr_line' id='line_1_51' title="bbox 1082 1017 1838 1053; baseline 0.001 -10"><span class='ocrx_word' id='word_1_354' title='bbox 1082 1017 1154 1044; x_wconf 83' lang='lat' dir='ltr'><strong>alam</strong></span> <span class='ocrx_word' id='word_1_355' title='bbox 1170 1025 1223 1044; x_wconf 85' lang='lat' dir='ltr'><strong>una</strong></span> <span class='ocrx_word' id='word_1_356' title='bbox 1249 1024 1310 1045; x_wconf 92' lang='lat' dir='ltr'><strong>cum</strong></span> <span class='ocrx_word' id='word_1_357' title='bbox 1330 1017 1452 1052; x_wconf 83' lang='lat' dir='ltr'><strong>planeta,</strong></span> <span class='ocrx_word' id='word_1_358' title='bbox 1474 1023 1502 1045; x_wconf 87' lang='lat' dir='ltr'><strong>et</strong></span> <span class='ocrx_word' id='word_1_359' title='bbox 1520 1023 1601 1053; x_wconf 88' lang='lat' dir='ltr'><strong>parat</strong></span> <span class='ocrx_word' id='word_1_360' title='bbox 1621 1027 1648 1045; x_wconf 86' lang='lat' dir='ltr'><strong>se</strong></span> <span class='ocrx_word' id='word_1_361' title='bbox 1667 1020 1697 1046; x_wconf 84' lang='lat' dir='ltr'><strong>ad</strong></span> <span class='ocrx_word' id='word_1_362' title='bbox 1714 1020 1838 1046; x_wconf 84' lang='lat' dir='ltr'><strong>ministran-</strong></span> 
     </span>
    </p>
   </div>
   <div class='ocr_carea' id='block_1_52' title="bbox 1082 1062 1838 1098">
    <p class='ocr_par' dir='ltr' id='par_1_52' title="bbox 1082 1062 1838 1098">
     <span class='ocr_line' id='line_1_52' title="bbox 1082 1062 1838 1098; baseline 0.001 -9"><span class='ocrx_word' id='word_1_363' title='bbox 1082 1062 1158 1094; x_wconf 83' lang='lat' dir='ltr'><strong>dum,</strong></span> <span class='ocrx_word' id='word_1_364' title='bbox 1171 1070 1204 1089; x_wconf 86' lang='lat' dir='ltr'><strong>ac</strong></span> <span class='ocrx_word' id='word_1_365' title='bbox 1217 1062 1245 1089; x_wconf 91' lang='lat' dir='ltr'><strong>in</strong></span> <span class='ocrx_word' id='word_1_366' title='bbox 1257 1070 1290 1090; x_wconf 88' lang='lat' dir='ltr'><strong>eo</strong></span> <span class='ocrx_word' id='word_1_367' title='bbox 1304 1063 1397 1090; x_wconf 88' lang='lat' dir='ltr'><strong>habitu</strong></span> <span class='ocrx_word' id='word_1_368' title='bbox 1412 1068 1571 1098; x_wconf 87' lang='lat' dir='ltr'><strong>perseverat</strong></span> <span class='ocrx_word' id='word_1_369' title='bbox 1586 1072 1671 1097; x_wconf 89' lang='lat' dir='ltr'><strong>usque</strong></span> <span class='ocrx_word' id='word_1_370' title='bbox 1685 1064 1741 1090; x_wconf 73' lang='lat' dir='ltr'><strong>dum</strong></span> <span class='ocrx_word' id='word_1_371' title='bbox 1751 1064 1838 1098; x_wconf 72' lang='lat' dir='ltr'><strong>Aposto-</strong></span> 
     </span>
    </p>
   </div>
   <div class='ocr_carea' id='block_1_53' title="bbox 1083 1107 1837 1143">
    <p class='ocr_par' dir='ltr' id='par_1_53' title="bbox 1083 1107 1837 1143">
     <span class='ocr_line' id='line_1_53' title="bbox 1083 1107 1837 1143; baseline 0 -9"><span class='ocrx_word' id='word_1_372' title='bbox 1083 1107 1152 1135; x_wconf 87' lang='lat' dir='ltr'><strong>licus</strong></span> <span class='ocrx_word' id='word_1_373' title='bbox 1166 1108 1311 1135; x_wconf 86' lang='lat' dir='ltr'><strong>recesserit</strong></span> <span class='ocrx_word' id='word_1_374' title='bbox 1323 1107 1356 1135; x_wconf 89' lang='lat' dir='ltr'><strong>de</strong></span> <span class='ocrx_word' id='word_1_375' title='bbox 1370 1108 1461 1135; x_wconf 84' lang='lat' dir='ltr'><strong>altari.</strong></span> <span class='ocrx_word' id='word_1_376' title='bbox 1475 1107 1539 1135; x_wconf 84' lang='lat' dir='ltr'><strong>Post</strong></span> <span class='ocrx_word' id='word_1_377' title='bbox 1552 1109 1718 1143; x_wconf 76' lang='lat' dir='ltr'><strong>evangelium</strong></span> <span class='ocrx_word' id='word_1_378' title='bbox 1732 1116 1776 1134; x_wconf 90' lang='lat' dir='ltr'><strong>non</strong></span> <span class='ocrx_word' id='word_1_379' title='bbox 1789 1108 1837 1134; x_wconf 75' lang='lat' dir='ltr'><strong>offc-</strong></span> 
     </span>
    </p>
   </div>
   <div class='ocr_carea' id='block_1_54' title="bbox 1083 1153 1839 1188">
    <p class='ocr_par' dir='ltr' id='par_1_54' title="bbox 1083 1153 1839 1188">
     <span class='ocr_line' id='line_1_54' title="bbox 1083 1153 1839 1188; baseline -0.001 -8"><span class='ocrx_word' id='word_1_380' title='bbox 1083 1157 1146 1180; x_wconf 86' lang='lat' dir='ltr'><strong>runt</strong></span> <span class='ocrx_word' id='word_1_381' title='bbox 1158 1153 1298 1181; x_wconf 89' lang='lat' dir='ltr'><strong>incensum</strong></span> <span class='ocrx_word' id='word_1_382' title='bbox 1314 1160 1397 1188; x_wconf 85' lang='lat' dir='ltr'><strong>super</strong></span> <span class='ocrx_word' id='word_1_383' title='bbox 1412 1153 1507 1180; x_wconf 86' lang='lat' dir='ltr'><strong>altare.</strong></span> <span class='ocrx_word' id='word_1_384' title='bbox 1519 1153 1599 1181; x_wconf 79' lang='lat' dir='ltr'><strong>Calix</strong></span> <span class='ocrx_word' id='word_1_385' title='bbox 1615 1154 1742 1181; x_wconf 81' lang='lat' dir='ltr'><strong>involutus</strong></span> <span class='ocrx_word' id='word_1_386' title='bbox 1753 1153 1839 1180; x_wconf 80' lang='lat' dir='ltr'><strong>sudario</strong></span> 
     </span>
    </p>
   </div>
   <div class='ocr_carea' id='block_1_55' title="bbox 1081 1198 1838 1235">
    <p class='ocr_par' dir='ltr' id='par_1_55' title="bbox 1081 1198 1838 1235">
     <span class='ocr_line' id='line_1_55' title="bbox 1081 1198 1838 1235; baseline -0.004 -8"><span class='ocrx_word' id='word_1_387' title='bbox 1081 1200 1231 1235; x_wconf 77' lang='lat' dir='ltr'><strong>porrigitur</strong></span> <span class='ocrx_word' id='word_1_388' title='bbox 1257 1199 1292 1227; x_wconf 85' lang='lat' dir='ltr'><strong>ad</strong></span> <span class='ocrx_word' id='word_1_389' title='bbox 1318 1199 1418 1231; x_wconf 88' lang='lat' dir='ltr'><strong>altare,</strong></span> <span class='ocrx_word' id='word_1_390' title='bbox 1447 1199 1519 1234; x_wconf 93' lang='lat' dir='ltr'><strong>quod</strong></span> <span class='ocrx_word' id='word_1_391' title='bbox 1548 1200 1688 1227; x_wconf 83' lang='lat' dir='ltr'><strong>sudarium</strong></span> <span class='ocrx_word' id='word_1_392' title='bbox 1711 1199 1802 1233; x_wconf 89' lang='lat' dir='ltr'><strong>ponitur</strong></span> <span class='ocrx_word' id='word_1_393' title='bbox 1819 1198 1838 1225; x_wconf 86' lang='lat' dir='ltr'><strong>in</strong></span> 
     </span>
    </p>
   </div>
   <div class='ocr_carea' id='block_1_56' title="bbox 1082 1245 1837 1275">
    <p class='ocr_par' dir='ltr' id='par_1_56' title="bbox 1082 1245 1837 1275">
     <span class='ocr_line' id='line_1_56' title="bbox 1082 1245 1837 1275; baseline -0.003 -1"><span class='ocrx_word' id='word_1_394' title='bbox 1082 1254 1166 1275; x_wconf 88' lang='lat' dir='ltr'><strong>cornu</strong></span> <span class='ocrx_word' id='word_1_395' title='bbox 1182 1245 1285 1273; x_wconf 79' lang='lat' dir='ltr'><strong>altaris.</strong></span> <span class='ocrx_word' id='word_1_396' title='bbox 1301 1245 1378 1273; x_wconf 77' lang='lat' dir='ltr'><strong>Calix</strong></span> <span class='ocrx_word' id='word_1_397' title='bbox 1397 1246 1424 1273; x_wconf 92' lang='lat' dir='ltr'><strong>in</strong></span> <span class='ocrx_word' id='word_1_398' title='bbox 1449 1245 1534 1273; x_wconf 82' lang='lat' dir='ltr'><strong>latere</strong></span> <span class='ocrx_word' id='word_1_399' title='bbox 1547 1246 1648 1273; x_wconf 69' lang='lat' dir='ltr'><strong>oblata:</strong></span> <span class='ocrx_word' id='word_1_400' title='bbox 1666 1246 1691 1273; x_wconf 86' lang='lat' dir='ltr'><strong>in</strong></span> <span class='ocrx_word' id='word_1_401' title='bbox 1705 1245 1774 1273; x_wconf 81' lang='lat' dir='ltr'><strong>altari</strong></span> <span class='ocrx_word' id='word_1_402' title='bbox 1784 1251 1837 1272; x_wconf 86' lang='lat' dir='ltr'><strong>cont-</strong></span> 
     </span>
    </p>
   </div>
   <div class='ocr_carea' id='block_1_57' title="bbox 1076 1291 1837 1327">
    <p class='ocr_par' dir='ltr' id='par_1_57' title="bbox 1076 1291 1837 1327">
     <span class='ocr_line' id='line_1_57' title="bbox 1076 1291 1837 1327; baseline -0.001 -9"><span class='ocrx_word' id='word_1_403' title='bbox 1076 1291 1202 1327; x_wconf 69' lang='lat' dir='ltr'><strong>ponitur,</strong></span> <span class='ocrx_word' id='word_1_404' title='bbox 1225 1298 1279 1318; x_wconf 90' lang='lat' dir='ltr'><strong>non</strong></span> <span class='ocrx_word' id='word_1_405' title='bbox 1293 1294 1355 1325; x_wconf 88' lang='lat' dir='ltr'><strong>post</strong></span> <span class='ocrx_word' id='word_1_406' title='bbox 1369 1295 1485 1325; x_wconf 80' lang='lat' dir='ltr'><strong>tergum.</strong></span> <span class='ocrx_word' id='word_1_407' title='bbox 1507 1291 1626 1319; x_wconf 66' lang='lat' dir='ltr'><strong>Litanite</strong></span> <span class='ocrx_word' id='word_1_408' title='bbox 1644 1291 1680 1318; x_wconf 86' lang='lat' dir='ltr'><strong>ita</strong></span> <span class='ocrx_word' id='word_1_409' title='bbox 1698 1291 1837 1319; x_wconf 81' lang='lat' dir='ltr'><strong>celebrantur</strong></span> 
     </span>
    </p>
   </div>
   <div class='ocr_carea' id='block_1_58' title="bbox 1082 1334 1836 1373">
    <p class='ocr_par' dir='ltr' id='par_1_58' title="bbox 1082 1334 1836 1373">
     <span class='ocr_line' id='line_1_58' title="bbox 1082 1334 1836 1373; baseline -0.007 -8"><span class='ocrx_word' id='word_1_410' title='bbox 1082 1339 1109 1366; x_wconf 88' lang='lat' dir='ltr'><strong>in</strong></span> <span class='ocrx_word' id='word_1_411' title='bbox 1127 1337 1226 1373; x_wconf 74' lang='lat' dir='ltr'><strong>vigiliis</strong></span> <span class='ocrx_word' id='word_1_412' title='bbox 1242 1337 1366 1370; x_wconf 73' lang='lat' dir='ltr'><strong>Paschm,</strong></span> <span class='ocrx_word' id='word_1_413' title='bbox 1381 1341 1411 1364; x_wconf 94' lang='lat' dir='ltr'><strong>ut</strong></span> <span class='ocrx_word' id='word_1_414' title='bbox 1428 1341 1521 1364; x_wconf 81' lang='lat' dir='ltr'><strong>noster</strong></span> <span class='ocrx_word' id='word_1_415' title='bbox 1541 1345 1604 1365; x_wconf 83' lang='lat' dir='ltr'><strong>mos</strong></span> <span class='ocrx_word' id='word_1_416' title='bbox 1623 1337 1685 1365; x_wconf 90' lang='lat' dir='ltr'><strong>olim</strong></span> <span class='ocrx_word' id='word_1_417' title='bbox 1697 1336 1802 1366; x_wconf 82' lang='lat' dir='ltr'><strong>obtinuit,</strong></span> <span class='ocrx_word' id='word_1_418' title='bbox 1818 1334 1836 1361; x_wconf 78' lang='lat' dir='ltr'><strong>id</strong></span> 
     </span>
    </p>
   </div>
   <div class='ocr_carea' id='block_1_59' title="bbox 1081 1383 1838 1419">
    <p class='ocr_par' dir='ltr' id='par_1_59' title="bbox 1081 1383 1838 1419">
     <span class='ocr_line' id='line_1_59' title="bbox 1081 1383 1838 1419; baseline -0.003 -8"><span class='ocrx_word' id='word_1_419' title='bbox 1081 1389 1136 1416; x_wconf 80' lang='lat' dir='ltr'><strong>est,</strong></span> <span class='ocrx_word' id='word_1_420' title='bbox 1155 1388 1217 1419; x_wconf 90' lang='lat' dir='ltr'><strong>post</strong></span> <span class='ocrx_word' id='word_1_421' title='bbox 1243 1384 1407 1419; x_wconf 87' lang='lat' dir='ltr'><strong>baptismum</strong></span> <span class='ocrx_word' id='word_1_422' title='bbox 1434 1391 1484 1418; x_wconf 87' lang='lat' dir='ltr'><strong>per</strong></span> <span class='ocrx_word' id='word_1_423' title='bbox 1505 1384 1699 1419; x_wconf 87' lang='lat' dir='ltr'><strong>septenarium,</strong></span> <span class='ocrx_word' id='word_1_424' title='bbox 1724 1388 1748 1411; x_wconf 90' lang='lat' dir='ltr'><strong>et</strong></span> <span class='ocrx_word' id='word_1_425' title='bbox 1763 1383 1838 1419; x_wconf 80' lang='lat' dir='ltr'><strong>quina-</strong></span> 
     </span>
    </p>
   </div>
   <div class='ocr_carea' id='block_1_60' title="bbox 1082 1422 1553 1463">
    <p class='ocr_par' dir='ltr' id='par_1_60' title="bbox 1082 1422 1553 1463">
     <span class='ocr_line' id='line_1_60' title="bbox 1082 1422 1553 1463; baseline -0.002 -5"><span class='ocrx_word' id='word_1_426' title='bbox 1082 1422 1163 1463; x_wconf 75' lang='lat' dir='ltr'><strong>rium,</strong></span> <span class='ocrx_word' id='word_1_427' title='bbox 1179 1434 1207 1458; x_wconf 85' lang='lat' dir='ltr'><strong>et</strong></span> <span class='ocrx_word' id='word_1_428' title='bbox 1226 1430 1377 1459; x_wconf 86' lang='lat' dir='ltr'><strong>ternarium</strong></span> <span class='ocrx_word' id='word_1_429' title='bbox 1395 1437 1553 1457; x_wconf 86' lang='lat' dir='ltr'><strong>numerum.</strong></span> 
     </span>
    </p>
   </div>
   <div class='ocr_carea' id='block_1_61' title="bbox 247 1537 1822 1551">
    <p class='ocr_par' dir='ltr' id='par_1_61' title="bbox 247 1537 1822 1551">
     <span class='ocr_line' id='line_1_61' title="bbox 247 1537 1822 1551; baseline 0 -2"><span class='ocrx_word' id='word_1_430' title='bbox 247 1537 1822 1551; x_wconf 60' lang='lat'><strong>~—————-—————.————.—————-—-———————</strong></span> 
     </span>
    </p>
   </div>
   <div class='ocr_carea' id='block_1_62' title="bbox 578 1594 1528 1628">
    <p class='ocr_par' dir='ltr' id='par_1_62' title="bbox 578 1594 1528 1628">
     <span class='ocr_line' id='line_1_62' title="bbox 578 1594 1528 1628; baseline 0.002 -3"><span class='ocrx_word' id='word_1_431' title='bbox 578 1594 849 1626; x_wconf 79' lang='lat' dir='ltr'><strong>CONTINENTIA</strong></span> <span class='ocrx_word' id='word_1_432' title='bbox 870 1594 1009 1626; x_wconf 70' lang='lat' dir='ltr'><strong>CAUSE</strong></span> <span class='ocrx_word' id='word_1_433' title='bbox 1031 1595 1249 1627; x_wconf 73' lang='lat' dir='ltr'><strong>SECUTURIE</strong></span> <span class='ocrx_word' id='word_1_434' title='bbox 1271 1595 1528 1628; x_wconf 75' lang='lat' dir='ltr'><strong>SCRIPTIONIS.</strong></span> 
     </span>
    </p>
   </div>
   <div class='ocr_carea' id='block_1_63' title="bbox 277 1709 1029 1745">
    <p class='ocr_par' dir='ltr' id='par_1_63' title="bbox 277 1709 1029 1745">
     <span class='ocr_line' id='line_1_63' title="bbox 277 1709 1029 1745; baseline -0.001 -7"><span class='ocrx_word' id='word_1_435' title='bbox 277 1711 329 1739; x_wconf 87' lang='lat' dir='ltr'><strong>Ubi</strong></span> <span class='ocrx_word' id='word_1_436' title='bbox 354 1714 464 1738; x_wconf 82' lang='lat' dir='ltr'><strong>sanctus</strong></span> <span class='ocrx_word' id='word_1_437' title='bbox 483 1709 648 1744; x_wconf 80' lang='lat' dir='ltr'><strong>Augustinus</strong></span> <span class='ocrx_word' id='word_1_438' title='bbox 663 1709 773 1745; x_wconf 83' lang='lat' dir='ltr'><strong>exponit</strong></span> <span class='ocrx_word' id='word_1_439' title='bbox 798 1709 983 1745; x_wconf 80' lang='lat' dir='ltr'><strong>evangelicum</strong></span> <span class='ocrx_word' id='word_1_440' title='bbox 998 1709 1029 1737; x_wconf 91' lang='lat' dir='ltr'><strong>il-</strong></span> 
     </span>
    </p>
   </div>
   <div class='ocr_carea' id='block_1_64' title="bbox 241 1755 1028 1791">
    <p class='ocr_par' dir='ltr' id='par_1_64' title="bbox 241 1755 1028 1791">
     <span class='ocr_line' id='line_1_64' title="bbox 241 1755 1028 1791; baseline -0.001 -8"><span class='ocrx_word' id='word_1_441' title='bbox 241 1757 285 1783; x_wconf 89' lang='lat' dir='ltr'><strong>lud</strong></span> <span class='ocrx_word' id='word_1_442' title='bbox 299 1766 304 1783; x_wconf 91' lang='lat'>:</span> <span class='ocrx_word' id='word_1_443' title='bbox 319 1756 415 1783; x_wconf 85' lang='lat' dir='ltr'><strong>Omnia</strong></span> <span class='ocrx_word' id='word_1_444' title='bbox 436 1764 496 1790; x_wconf 88' lang='lat' dir='ltr'><strong>ergo</strong></span> <span class='ocrx_word' id='word_1_445' title='bbox 512 1764 671 1791; x_wconf 66' lang='lat' dir='ltr'><strong>qun’cunque</strong></span> <span class='ocrx_word' id='word_1_446' title='bbox 694 1755 772 1783; x_wconf 75' lang='lat' dir='ltr'><strong>mltis</strong></span> <span class='ocrx_word' id='word_1_447' title='bbox 789 1760 817 1782; x_wconf 84' lang='lat' dir='ltr'><strong>ut</strong></span> <span class='ocrx_word' id='word_1_448' title='bbox 834 1755 934 1791; x_wconf 81' lang='lat' dir='ltr'><strong>faciant</strong></span> <span class='ocrx_word' id='word_1_449' title='bbox 957 1755 1028 1783; x_wconf 77' lang='lat' dir='ltr'><strong>vobis</strong></span> 
     </span>
    </p>
   </div>
   <div class='ocr_carea' id='block_1_65' title="bbox 239 1800 1028 1837">
    <p class='ocr_par' dir='ltr' id='par_1_65' title="bbox 239 1800 1028 1837">
     <span class='ocr_line' id='line_1_65' title="bbox 239 1800 1028 1837; baseline -0.001 -8"><span class='ocrx_word' id='word_1_450' title='bbox 239 1802 365 1834; x_wconf 79' lang='lat' dir='ltr'><strong>homines,</strong></span> <span class='ocrx_word' id='word_1_451' title='bbox 387 1807 410 1828; x_wconf 78' lang='lat' dir='ltr'><strong>et</strong></span> <span class='ocrx_word' id='word_1_452' title='bbox 434 1810 476 1828; x_wconf 80' lang='lat' dir='ltr'><strong>vos</strong></span> <span class='ocrx_word' id='word_1_453' title='bbox 495 1801 573 1835; x_wconf 77' lang='lat' dir='ltr'><strong>facile</strong></span> <span class='ocrx_word' id='word_1_454' title='bbox 596 1800 658 1833; x_wconf 71' lang='lat' dir='ltr'><strong>illis,</strong></span> <span class='ocrx_word' id='word_1_455' title='bbox 686 1801 851 1829; x_wconf 82' lang='lat' dir='ltr'><strong>voluntatem</strong></span> <span class='ocrx_word' id='word_1_456' title='bbox 879 1805 989 1837; x_wconf 89' lang='lat' dir='ltr'><strong>separat</strong></span> <span class='ocrx_word' id='word_1_457' title='bbox 1013 1809 1028 1828; x_wconf 90' lang='lat' dir='ltr'><strong>a</strong></span> 
     </span>
    </p>
   </div>
   <div class='ocr_carea' id='block_1_66' title="bbox 241 1846 1028 1881">
    <p class='ocr_par' dir='ltr' id='par_1_66' title="bbox 241 1846 1028 1881">
     <span class='ocr_line' id='line_1_66' title="bbox 241 1846 1028 1881; baseline 0 -8"><span class='ocrx_word' id='word_1_458' title='bbox 241 1847 397 1880; x_wconf 83' lang='lat' dir='ltr'><strong>cupiditate,</strong></span> <span class='ocrx_word' id='word_1_459' title='bbox 427 1846 591 1873; x_wconf 88' lang='lat' dir='ltr'><strong>voluntatem</strong></span> <span class='ocrx_word' id='word_1_460' title='bbox 607 1846 684 1880; x_wconf 93' lang='lat' dir='ltr'><strong>ponit</strong></span> <span class='ocrx_word' id='word_1_461' title='bbox 708 1846 735 1873; x_wconf 91' lang='lat' dir='ltr'><strong>in</strong></span> <span class='ocrx_word' id='word_1_462' title='bbox 749 1846 830 1879; x_wconf 90' lang='lat' dir='ltr'><strong>bono,</strong></span> <span class='ocrx_word' id='word_1_463' title='bbox 854 1846 1028 1881; x_wconf 88' lang='lat' dir='ltr'><strong>cupiditatem</strong></span> 
     </span>
    </p>
   </div>
   <div class='ocr_carea' id='block_1_67' title="bbox 241 1888 1029 1924">
    <p class='ocr_par' dir='ltr' id='par_1_67' title="bbox 241 1888 1029 1924">
     <span class='ocr_line' id='line_1_67' title="bbox 241 1888 1029 1924; baseline 0 -8"><span class='ocrx_word' id='word_1_464' title='bbox 241 1891 267 1916; x_wconf 92' lang='lat' dir='ltr'><strong>in</strong></span> <span class='ocrx_word' id='word_1_465' title='bbox 292 1890 372 1916; x_wconf 90' lang='lat' dir='ltr'><strong>malo.</strong></span> <span class='ocrx_word' id='word_1_466' title='bbox 394 1889 452 1916; x_wconf 79' lang='lat' dir='ltr'><strong>Non</strong></span> <span class='ocrx_word' id='word_1_467' title='bbox 473 1889 545 1916; x_wconf 89' lang='lat' dir='ltr'><strong>enim</strong></span> <span class='ocrx_word' id='word_1_468' title='bbox 571 1888 697 1916; x_wconf 82' lang='lat' dir='ltr'><strong>convenit</strong></span> <span class='ocrx_word' id='word_1_469' title='bbox 723 1895 754 1916; x_wconf 87' lang='lat' dir='ltr'><strong>ut</strong></span> <span class='ocrx_word' id='word_1_470' title='bbox 770 1889 949 1924; x_wconf 85' lang='lat' dir='ltr'><strong>quodcunque</strong></span> <span class='ocrx_word' id='word_1_471' title='bbox 971 1889 1029 1916; x_wconf 87' lang='lat' dir='ltr'><strong>vult</strong></span> 
     </span>
    </p>
   </div>
   <div class='ocr_carea' id='block_1_68' title="bbox 242 1933 1028 1969">
    <p class='ocr_par' dir='ltr' id='par_1_68' title="bbox 242 1933 1028 1969">
     <span class='ocr_line' id='line_1_68' title="bbox 242 1933 1028 1969; baseline 0.001 -9"><span class='ocrx_word' id='word_1_472' title='bbox 242 1934 328 1960; x_wconf 90' lang='lat' dir='ltr'><strong>malus</strong></span> <span class='ocrx_word' id='word_1_473' title='bbox 346 1933 397 1960; x_wconf 88' lang='lat' dir='ltr'><strong>sibi</strong></span> <span class='ocrx_word' id='word_1_474' title='bbox 422 1933 490 1965; x_wconf 87' lang='lat' dir='ltr'><strong>licri,</strong></span> <span class='ocrx_word' id='word_1_475' title='bbox 507 1934 559 1960; x_wconf 92' lang='lat' dir='ltr'><strong>hoc</strong></span> <span class='ocrx_word' id='word_1_476' title='bbox 574 1934 670 1968; x_wconf 88' lang='lat' dir='ltr'><strong>possit,</strong></span> <span class='ocrx_word' id='word_1_477' title='bbox 685 1940 718 1960; x_wconf 79' lang='lat' dir='ltr'><strong>ex</strong></span> <span class='ocrx_word' id='word_1_478' title='bbox 736 1934 896 1964; x_wconf 85' lang='lat' dir='ltr'><strong>auctoritate</strong></span> <span class='ocrx_word' id='word_1_479' title='bbox 913 1941 1028 1969; x_wconf 76' lang='lat' dir='ltr'><strong>evange—</strong></span> 
     </span>
    </p>
   </div>
   <div class='ocr_carea' id='block_1_69' title="bbox 241 1978 1027 2014">
    <p class='ocr_par' dir='ltr' id='par_1_69' title="bbox 241 1978 1027 2014">
     <span class='ocr_line' id='line_1_69' title="bbox 241 1978 1027 2014; baseline 0.005 -10"><span class='ocrx_word' id='word_1_480' title='bbox 241 1979 292 2005; x_wconf 76' lang='lat' dir='ltr'><strong>lica</strong></span> <span class='ocrx_word' id='word_1_481' title='bbox 307 1978 447 2013; x_wconf 62' lang='lat' dir='ltr'><strong>prmsentis</strong></span> <span class='ocrx_word' id='word_1_482' title='bbox 458 1978 521 2010; x_wconf 93' lang='lat' dir='ltr'><strong>loci,</strong></span> <span class='ocrx_word' id='word_1_483' title='bbox 535 1978 562 2005; x_wconf 88' lang='lat' dir='ltr'><strong>in</strong></span> <span class='ocrx_word' id='word_1_484' title='bbox 574 1978 655 2005; x_wconf 90' lang='lat' dir='ltr'><strong>alium</strong></span> <span class='ocrx_word' id='word_1_485' title='bbox 667 1979 751 2006; x_wconf 88' lang='lat' dir='ltr'><strong>libere</strong></span> <span class='ocrx_word' id='word_1_486' title='bbox 764 1983 929 2014; x_wconf 86' lang='lat' dir='ltr'><strong>perpetrare.</strong></span> <span class='ocrx_word' id='word_1_487' title='bbox 945 1980 1027 2008; x_wconf 83' lang='lat' dir='ltr'><strong>Verbi</strong></span> 
     </span>
    </p>
   </div>
   <div class='ocr_carea' id='block_1_70' title="bbox 241 2022 1027 2058">
    <p class='ocr_par' dir='ltr' id='par_1_70' title="bbox 241 2022 1027 2058">
     <span class='ocr_line' id='line_1_70' title="bbox 241 2022 1027 2058; baseline 0.003 -10"><span class='ocrx_word' id='word_1_488' title='bbox 241 2023 340 2058; x_wconf 69' lang='lat' dir='ltr'><strong>gratia,</strong></span> <span class='ocrx_word' id='word_1_489' title='bbox 357 2025 387 2049; x_wconf 91' lang='lat' dir='ltr'><strong>ut</strong></span> <span class='ocrx_word' id='word_1_490' title='bbox 410 2022 432 2049; x_wconf 90' lang='lat' dir='ltr'><strong>si</strong></span> <span class='ocrx_word' id='word_1_491' title='bbox 457 2029 507 2057; x_wconf 90' lang='lat' dir='ltr'><strong>ego</strong></span> <span class='ocrx_word' id='word_1_492' title='bbox 524 2029 609 2057; x_wconf 83' lang='lat' dir='ltr'><strong>ganeo</strong></span> <span class='ocrx_word' id='word_1_493' title='bbox 627 2022 706 2057; x_wconf 89' lang='lat' dir='ltr'><strong>cupio</strong></span> <span class='ocrx_word' id='word_1_494' title='bbox 730 2022 869 2055; x_wconf 83' lang='lat' dir='ltr'><strong>inebriari,</strong></span> <span class='ocrx_word' id='word_1_495' title='bbox 886 2027 933 2050; x_wconf 86' lang='lat' dir='ltr'><strong>aut</strong></span> <span class='ocrx_word' id='word_1_496' title='bbox 947 2023 1027 2051; x_wconf 89' lang='lat' dir='ltr'><strong>nimis</strong></span> 
     </span>
    </p>
   </div>
   <div class='ocr_carea' id='block_1_71' title="bbox 241 2067 1027 2101">
    <p class='ocr_par' dir='ltr' id='par_1_71' title="bbox 241 2067 1027 2101">
     <span class='ocr_line' id='line_1_71' title="bbox 241 2067 1027 2101; baseline 0.003 -6"><span class='ocrx_word' id='word_1_497' title='bbox 241 2067 357 2095; x_wconf 83' lang='lat' dir='ltr'><strong>saturari</strong></span> <span class='ocrx_word' id='word_1_498' title='bbox 369 2067 402 2095; x_wconf 88' lang='lat' dir='ltr'><strong>ab</strong></span> <span class='ocrx_word' id='word_1_499' title='bbox 419 2067 481 2100; x_wconf 89' lang='lat' dir='ltr'><strong>alio,</strong></span> <span class='ocrx_word' id='word_1_500' title='bbox 497 2075 551 2094; x_wconf 88' lang='lat' dir='ltr'><strong>non</strong></span> <span class='ocrx_word' id='word_1_501' title='bbox 566 2071 672 2101; x_wconf 90' lang='lat' dir='ltr'><strong>oportet</strong></span> <span class='ocrx_word' id='word_1_502' title='bbox 688 2072 719 2095; x_wconf 93' lang='lat' dir='ltr'><strong>ut</strong></span> <span class='ocrx_word' id='word_1_503' title='bbox 734 2068 760 2095; x_wconf 92' lang='lat' dir='ltr'><strong>id</strong></span> <span class='ocrx_word' id='word_1_504' title='bbox 780 2068 863 2096; x_wconf 87' lang='lat' dir='ltr'><strong>libere</strong></span> <span class='ocrx_word' id='word_1_505' title='bbox 877 2069 904 2096; x_wconf 92' lang='lat' dir='ltr'><strong>in</strong></span> <span class='ocrx_word' id='word_1_506' title='bbox 920 2070 1027 2098; x_wconf 65' lang='lat' dir='ltr'><strong>caeteris</strong></span> 
     </span>
    </p>
   </div>
   <div class='ocr_carea' id='block_1_72' title="bbox 239 2113 1027 2155">
    <p class='ocr_par' dir='ltr' id='par_1_72' title="bbox 239 2113 1027 2155">
     <span class='ocr_line' id='line_1_72' title="bbox 239 2113 1027 2155; baseline 0.003 -14"><span class='ocrx_word' id='word_1_507' title='bbox 239 2123 335 2149; x_wconf 81' lang='lat' dir='ltr'><strong>agam;</strong></span> <span class='ocrx_word' id='word_1_508' title='bbox 357 2114 403 2141; x_wconf 90' lang='lat' dir='ltr'><strong>sed</strong></span> <span class='ocrx_word' id='word_1_509' title='bbox 417 2113 594 2148; x_wconf 88' lang='lat' dir='ltr'><strong>quodcunque</strong></span> <span class='ocrx_word' id='word_1_510' title='bbox 606 2114 671 2140; x_wconf 89' lang='lat' dir='ltr'><strong>mihi</strong></span> <span class='ocrx_word' id='word_1_511' title='bbox 684 2113 745 2141; x_wconf 87' lang='lat' dir='ltr'><strong>boui</strong></span> <span class='ocrx_word' id='word_1_512' title='bbox 759 2115 850 2149; x_wconf 89' lang='lat' dir='ltr'><strong>cupio,</strong></span> <span class='ocrx_word' id='word_1_513' title='bbox 864 2114 890 2142; x_wconf 92' lang='lat' dir='ltr'><strong>id</strong></span> <span class='ocrx_word' id='word_1_514' title='bbox 905 2115 932 2142; x_wconf 93' lang='lat' dir='ltr'><strong>in</strong></span> <span class='ocrx_word' id='word_1_515' title='bbox 948 2120 1027 2155; x_wconf 61' lang='lat' dir='ltr'><strong>cxte-</strong></span> 
     </span>
    </p>
   </div>
   <div class='ocr_carea' id='block_1_73' title="bbox 241 2158 1025 2195">
    <p class='ocr_par' dir='ltr' id='par_1_73' title="bbox 241 2158 1025 2195">
     <span class='ocr_line' id='line_1_73' title="bbox 241 2158 1025 2195; baseline 0.004 -10"><span class='ocrx_word' id='word_1_516' title='bbox 241 2159 278 2185; x_wconf 86' lang='lat' dir='ltr'><strong>ris</strong></span> <span class='ocrx_word' id='word_1_517' title='bbox 296 2159 381 2186; x_wconf 84' lang='lat' dir='ltr'><strong>debeo</strong></span> <span class='ocrx_word' id='word_1_518' title='bbox 399 2162 533 2194; x_wconf 81' lang='lat' dir='ltr'><strong>satagere.</strong></span> <span class='ocrx_word' id='word_1_519' title='bbox 559 2158 689 2186; x_wconf 86' lang='lat' dir='ltr'><strong>Voluntas</strong></span> <span class='ocrx_word' id='word_1_520' title='bbox 706 2159 782 2194; x_wconf 87' lang='lat' dir='ltr'><strong>quasi</strong></span> <span class='ocrx_word' id='word_1_521' title='bbox 806 2159 916 2194; x_wconf 86' lang='lat' dir='ltr'><strong>quidam</strong></span> <span class='ocrx_word' id='word_1_522' title='bbox 940 2160 1025 2195; x_wconf 89' lang='lat' dir='ltr'><strong>stipes</strong></span> 
     </span>
    </p>
   </div>
   <div class='ocr_carea' id='block_1_74' title="bbox 239 2203 1025 2240">
    <p class='ocr_par' dir='ltr' id='par_1_74' title="bbox 239 2203 1025 2240">
     <span class='ocr_line' id='line_1_74' title="bbox 239 2203 1025 2240; baseline 0 -8"><span class='ocrx_word' id='word_1_523' title='bbox 239 2210 292 2237; x_wconf 83' lang='lat' dir='ltr'><strong>est,</strong></span> <span class='ocrx_word' id='word_1_524' title='bbox 304 2213 363 2239; x_wconf 69' lang='lat' dir='ltr'><strong>qum</strong></span> <span class='ocrx_word' id='word_1_525' title='bbox 377 2212 392 2231; x_wconf 90' lang='lat' dir='ltr'><strong>a</strong></span> <span class='ocrx_word' id='word_1_526' title='bbox 406 2204 519 2231; x_wconf 89' lang='lat' dir='ltr'><strong>Domino</strong></span> <span class='ocrx_word' id='word_1_527' title='bbox 535 2203 618 2230; x_wconf 87' lang='lat' dir='ltr'><strong>menti</strong></span> <span class='ocrx_word' id='word_1_528' title='bbox 632 2204 719 2237; x_wconf 83' lang='lat' dir='ltr'><strong>datur,</strong></span> <span class='ocrx_word' id='word_1_529' title='bbox 736 2204 779 2231; x_wconf 92' lang='lat' dir='ltr'><strong>cui</strong></span> <span class='ocrx_word' id='word_1_530' title='bbox 802 2204 935 2232; x_wconf 70' lang='lat' dir='ltr'><strong>iubmrent</strong></span> <span class='ocrx_word' id='word_1_531' title='bbox 947 2206 1025 2240; x_wconf 89' lang='lat' dir='ltr'><strong>quasi</strong></span> 
     </span>
    </p>
   </div>
   <div class='ocr_carea' id='block_1_75' title="bbox 240 2248 1026 2285">
    <p class='ocr_par' dir='ltr' id='par_1_75' title="bbox 240 2248 1026 2285">
     <span class='ocr_line' id='line_1_75' title="bbox 240 2248 1026 2285; baseline 0.003 -10"><span class='ocrx_word' id='word_1_532' title='bbox 240 2249 348 2283; x_wconf 90' lang='lat' dir='ltr'><strong>quidam</strong></span> <span class='ocrx_word' id='word_1_533' title='bbox 369 2248 524 2279; x_wconf 83' lang='lat' dir='ltr'><strong>ramusculi,</strong></span> <span class='ocrx_word' id='word_1_534' title='bbox 551 2248 687 2282; x_wconf 88' lang='lat' dir='ltr'><strong>appetitus</strong></span> <span class='ocrx_word' id='word_1_535' title='bbox 705 2257 712 2274; x_wconf 88' lang='lat'>:</span> <span class='ocrx_word' id='word_1_536' title='bbox 731 2249 830 2283; x_wconf 91' lang='lat' dir='ltr'><strong>quibus</strong></span> <span class='ocrx_word' id='word_1_537' title='bbox 851 2250 1026 2285; x_wconf 80' lang='lat' dir='ltr'><strong>conjungitur</strong></span> 
     </span>
    </p>
   </div>
   <div class='ocr_carea' id='block_1_76' title="bbox 240 2293 1026 2329">
    <p class='ocr_par' dir='ltr' id='par_1_76' title="bbox 240 2293 1026 2329">
     <span class='ocr_line' id='line_1_76' title="bbox 240 2293 1026 2329; baseline 0.001 -8"><span class='ocrx_word' id='word_1_538' title='bbox 240 2302 283 2321; x_wconf 86' lang='lat' dir='ltr'><strong>res</strong></span> <span class='ocrx_word' id='word_1_539' title='bbox 303 2293 337 2320; x_wconf 87' lang='lat' dir='ltr'><strong>ab</strong></span> <span class='ocrx_word' id='word_1_540' title='bbox 352 2297 462 2320; x_wconf 84' lang='lat' dir='ltr'><strong>auctore</strong></span> <span class='ocrx_word' id='word_1_541' title='bbox 479 2293 600 2320; x_wconf 90' lang='lat' dir='ltr'><strong>omnium</strong></span> <span class='ocrx_word' id='word_1_542' title='bbox 616 2299 716 2325; x_wconf 78' lang='lat' dir='ltr'><strong>rerum,</strong></span> <span class='ocrx_word' id='word_1_543' title='bbox 731 2294 758 2320; x_wconf 92' lang='lat' dir='ltr'><strong>in</strong></span> <span class='ocrx_word' id='word_1_544' title='bbox 777 2301 831 2328; x_wconf 87' lang='lat' dir='ltr'><strong>qua</strong></span> <span class='ocrx_word' id='word_1_545' title='bbox 845 2294 945 2328; x_wconf 82' lang='lat' dir='ltr'><strong>aliquid</strong></span> <span class='ocrx_word' id='word_1_546' title='bbox 959 2303 1026 2329; x_wconf 89' lang='lat' dir='ltr'><strong>ope-</strong></span> 
     </span>
    </p>
   </div>
   <div class='ocr_carea' id='block_1_77' title="bbox 239 2339 1025 2372">
    <p class='ocr_par' dir='ltr' id='par_1_77' title="bbox 239 2339 1025 2372">
     <span class='ocr_line' id='line_1_77' title="bbox 239 2339 1025 2372; baseline 0.001 -6"><span class='ocrx_word' id='word_1_547' title='bbox 239 2344 313 2366; x_wconf 91' lang='lat' dir='ltr'><strong>rctur</strong></span> <span class='ocrx_word' id='word_1_548' title='bbox 324 2340 458 2371; x_wconf 80' lang='lat' dir='ltr'><strong>voluntas,</strong></span> <span class='ocrx_word' id='word_1_549' title='bbox 474 2340 516 2366; x_wconf 89' lang='lat' dir='ltr'><strong>cui</strong></span> <span class='ocrx_word' id='word_1_550' title='bbox 528 2339 549 2366; x_wconf 92' lang='lat' dir='ltr'><strong>si</strong></span> <span class='ocrx_word' id='word_1_551' title='bbox 563 2340 634 2366; x_wconf 85' lang='lat' dir='ltr'><strong>adsit</strong></span> <span class='ocrx_word' id='word_1_552' title='bbox 649 2340 728 2372; x_wconf 88' lang='lat' dir='ltr'><strong>ratio,</strong></span> <span class='ocrx_word' id='word_1_553' title='bbox 742 2340 830 2367; x_wconf 84' lang='lat' dir='ltr'><strong>aberit</strong></span> <span class='ocrx_word' id='word_1_554' title='bbox 841 2347 929 2368; x_wconf 86' lang='lat' dir='ltr'><strong>error.</strong></span> <span class='ocrx_word' id='word_1_555' title='bbox 942 2340 1025 2368; x_wconf 77' lang='lat' dir='ltr'><strong>Ratio</strong></span> 
     </span>
    </p>
   </div>
   <div class='ocr_carea' id='block_1_78' title="bbox 240 2384 1023 2419">
    <p class='ocr_par' dir='ltr' id='par_1_78' title="bbox 240 2384 1023 2419">
     <span class='ocr_line' id='line_1_78' title="bbox 240 2384 1023 2419; baseline 0.003 -9"><span class='ocrx_word' id='word_1_556' title='bbox 240 2384 332 2419; x_wconf 81' lang='lat' dir='ltr'><strong>dirigit</strong></span> <span class='ocrx_word' id='word_1_557' title='bbox 353 2385 443 2412; x_wconf 88' lang='lat' dir='ltr'><strong>radios</strong></span> <span class='ocrx_word' id='word_1_558' title='bbox 466 2385 600 2418; x_wconf 89' lang='lat' dir='ltr'><strong>appetitus</strong></span> <span class='ocrx_word' id='word_1_559' title='bbox 624 2385 658 2412; x_wconf 90' lang='lat' dir='ltr'><strong>ad</strong></span> <span class='ocrx_word' id='word_1_560' title='bbox 680 2393 774 2412; x_wconf 86' lang='lat' dir='ltr'><strong>verum</strong></span> <span class='ocrx_word' id='word_1_561' title='bbox 798 2386 882 2413; x_wconf 83' lang='lat' dir='ltr'><strong>solem</strong></span> <span class='ocrx_word' id='word_1_562' title='bbox 904 2385 1023 2419; x_wconf 85' lang='lat' dir='ltr'><strong>Domini,</strong></span> 
     </span>
    </p>
   </div>
   <div class='ocr_carea' id='block_1_79' title="bbox 238 2431 1021 2466">
    <p class='ocr_par' dir='ltr' id='par_1_79' title="bbox 238 2431 1021 2466">
     <span class='ocr_line' id='line_1_79' title="bbox 238 2431 1021 2466; baseline 0.005 -10"><span class='ocrx_word' id='word_1_563' title='bbox 238 2434 269 2457; x_wconf 90' lang='lat' dir='ltr'><strong>ut</strong></span> <span class='ocrx_word' id='word_1_564' title='bbox 293 2438 341 2457; x_wconf 88' lang='lat' dir='ltr'><strong>sua</strong></span> <span class='ocrx_word' id='word_1_565' title='bbox 365 2431 424 2457; x_wconf 89' lang='lat' dir='ltr'><strong>luce</strong></span> <span class='ocrx_word' id='word_1_566' title='bbox 447 2431 587 2466; x_wconf 83' lang='lat' dir='ltr'><strong>perspicue</strong></span> <span class='ocrx_word' id='word_1_567' title='bbox 606 2436 633 2459; x_wconf 92' lang='lat' dir='ltr'><strong>et</strong></span> <span class='ocrx_word' id='word_1_568' title='bbox 657 2432 791 2459; x_wconf 82' lang='lat' dir='ltr'><strong>veraciter</strong></span> <span class='ocrx_word' id='word_1_569' title='bbox 813 2432 880 2460; x_wconf 85' lang='lat' dir='ltr'><strong>sciat</strong></span> <span class='ocrx_word' id='word_1_570' title='bbox 895 2432 958 2466; x_wconf 78' lang='lat' dir='ltr'><strong>quid</strong></span> <span class='ocrx_word' id='word_1_571' title='bbox 979 2433 1021 2460; x_wconf 88' lang='lat' dir='ltr'><strong>vel</strong></span> 
     </span>
    </p>
   </div>
   <div class='ocr_carea' id='block_1_80' title="bbox 239 2473 1021 2511">
    <p class='ocr_par' dir='ltr' id='par_1_80' title="bbox 239 2473 1021 2511">
     <span class='ocr_line' id='line_1_80' title="bbox 239 2473 1021 2511; baseline 0.005 -11"><span class='ocrx_word' id='word_1_572' title='bbox 239 2473 319 2510; x_wconf 75' lang='lat' dir='ltr'><strong>quale</strong></span> <span class='ocrx_word' id='word_1_573' title='bbox 333 2475 369 2501; x_wconf 87' lang='lat' dir='ltr'><strong>sit</strong></span> <span class='ocrx_word' id='word_1_574' title='bbox 380 2476 449 2509; x_wconf 86' lang='lat' dir='ltr'><strong>quod</strong></span> <span class='ocrx_word' id='word_1_575' title='bbox 465 2476 575 2510; x_wconf 68' lang='lat' dir='ltr'><strong>appetit.</strong></span> <span class='ocrx_word' id='word_1_576' title='bbox 593 2476 669 2504; x_wconf 83' lang='lat' dir='ltr'><strong>Unde</strong></span> <span class='ocrx_word' id='word_1_577' title='bbox 684 2477 728 2511; x_wconf 89' lang='lat' dir='ltr'><strong>qui</strong></span> <span class='ocrx_word' id='word_1_578' title='bbox 742 2482 822 2511; x_wconf 87' lang='lat' dir='ltr'><strong>supra</strong></span> <span class='ocrx_word' id='word_1_579' title='bbox 835 2486 840 2503; x_wconf 87' lang='lat'>:</span> <span class='ocrx_word' id='word_1_580' title='bbox 855 2476 938 2504; x_wconf 85' lang='lat' dir='ltr'><strong>Nemo</strong></span> <span class='ocrx_word' id='word_1_581' title='bbox 949 2477 1021 2505; x_wconf 86' lang='lat' dir='ltr'><strong>enim</strong></span> 
     </span>
    </p>
   </div>
   <div class='ocr_carea' id='block_1_81' title="bbox 238 2519 1022 2556">
    <p class='ocr_par' dir='ltr' id='par_1_81' title="bbox 238 2519 1022 2556">
     <span class='ocr_line' id='line_1_81' title="bbox 238 2519 1022 2556; baseline 0.004 -10"><span class='ocrx_word' id='word_1_582' title='bbox 238 2519 305 2552; x_wconf 84' lang='lat' dir='ltr'><strong>vult,</strong></span> <span class='ocrx_word' id='word_1_583' title='bbox 331 2521 401 2555; x_wconf 88' lang='lat' dir='ltr'><strong>quod</strong></span> <span class='ocrx_word' id='word_1_584' title='bbox 419 2521 529 2548; x_wconf 87' lang='lat' dir='ltr'><strong>omnino</strong></span> <span class='ocrx_word' id='word_1_585' title='bbox 545 2521 610 2556; x_wconf 89' lang='lat' dir='ltr'><strong>quid</strong></span> <span class='ocrx_word' id='word_1_586' title='bbox 630 2522 672 2549; x_wconf 87' lang='lat' dir='ltr'><strong>vel</strong></span> <span class='ocrx_word' id='word_1_587' title='bbox 694 2522 771 2555; x_wconf 90' lang='lat' dir='ltr'><strong>quale</strong></span> <span class='ocrx_word' id='word_1_588' title='bbox 790 2521 834 2553; x_wconf 88' lang='lat' dir='ltr'><strong>sit,</strong></span> <span class='ocrx_word' id='word_1_589' title='bbox 859 2523 955 2549; x_wconf 84' lang='lat' dir='ltr'><strong>nescit.</strong></span> <span class='ocrx_word' id='word_1_590' title='bbox 970 2521 1022 2555; x_wconf 83' lang='lat' dir='ltr'><strong>Qui</strong></span> 
     </span>
    </p>
   </div>
   <div class='ocr_carea' id='block_1_82' title="bbox 238 2565 1024 2602">
    <p class='ocr_par' dir='ltr' id='par_1_82' title="bbox 238 2565 1024 2602">
     <span class='ocr_line' id='line_1_82' title="bbox 238 2565 1024 2602; baseline 0.003 -9"><span class='ocrx_word' id='word_1_591' title='bbox 238 2565 312 2593; x_wconf 88' lang='lat' dir='ltr'><strong>claro</strong></span> <span class='ocrx_word' id='word_1_592' title='bbox 328 2565 429 2593; x_wconf 89' lang='lat' dir='ltr'><strong>lumine</strong></span> <span class='ocrx_word' id='word_1_593' title='bbox 444 2566 543 2601; x_wconf 87' lang='lat' dir='ltr'><strong>pollent</strong></span> <span class='ocrx_word' id='word_1_594' title='bbox 557 2571 584 2594; x_wconf 89' lang='lat' dir='ltr'><strong>et</strong></span> <span class='ocrx_word' id='word_1_595' title='bbox 606 2567 679 2594; x_wconf 83' lang='lat' dir='ltr'><strong>sanis</strong></span> <span class='ocrx_word' id='word_1_596' title='bbox 694 2567 789 2599; x_wconf 81' lang='lat' dir='ltr'><strong>oculis,</strong></span> <span class='ocrx_word' id='word_1_597' title='bbox 805 2567 847 2594; x_wconf 89' lang='lat' dir='ltr'><strong>his</strong></span> <span class='ocrx_word' id='word_1_598' title='bbox 865 2568 1024 2602; x_wconf 75' lang='lat' dir='ltr'><strong>proponitur</strong></span> 
     </span>
    </p>
   </div>
   <div class='ocr_carea' id='block_1_83' title="bbox 238 2610 1021 2648">
    <p class='ocr_par' dir='ltr' id='par_1_83' title="bbox 238 2610 1021 2648">
     <span class='ocr_line' id='line_1_83' title="bbox 238 2610 1021 2648; baseline 0.003 -10"><span class='ocrx_word' id='word_1_599' title='bbox 238 2610 415 2639; x_wconf 84' lang='lat' dir='ltr'><strong>subtilissima</strong></span> <span class='ocrx_word' id='word_1_600' title='bbox 431 2620 474 2639; x_wconf 88' lang='lat' dir='ltr'><strong>res</strong></span> <span class='ocrx_word' id='word_1_601' title='bbox 485 2616 512 2639; x_wconf 91' lang='lat' dir='ltr'><strong>ct</strong></span> <span class='ocrx_word' id='word_1_602' title='bbox 525 2612 680 2646; x_wconf 79' lang='lat' dir='ltr'><strong>dignissima</strong></span> <span class='ocrx_word' id='word_1_603' title='bbox 692 2620 698 2645; x_wconf 89' lang='lat'>;</span> <span class='ocrx_word' id='word_1_604' title='bbox 715 2611 761 2646; x_wconf 90' lang='lat' dir='ltr'><strong>qui</strong></span> <span class='ocrx_word' id='word_1_605' title='bbox 772 2611 862 2647; x_wconf 88' lang='lat' dir='ltr'><strong>aliquo</strong></span> <span class='ocrx_word' id='word_1_606' title='bbox 872 2621 948 2640; x_wconf 77' lang='lat' dir='ltr'><strong>nzevo</strong></span> <span class='ocrx_word' id='word_1_607' title='bbox 959 2620 1021 2648; x_wconf 89' lang='lat' dir='ltr'><strong>pee-</strong></span> 
     </span>
    </p>
   </div>
   <div class='ocr_carea' id='block_1_84' title="bbox 240 2653 1022 2693">
    <p class='ocr_par' dir='ltr' id='par_1_84' title="bbox 240 2653 1022 2693">
     <span class='ocr_line' id='line_1_84' title="bbox 240 2653 1022 2693; baseline 0.001 -8"><span class='ocrx_word' id='word_1_608' title='bbox 240 2662 363 2685; x_wconf 86' lang='lat' dir='ltr'><strong>catorum</strong></span> <span class='ocrx_word' id='word_1_609' title='bbox 382 2657 534 2691; x_wconf 84' lang='lat' dir='ltr'><strong>fuscantur,</strong></span> <span class='ocrx_word' id='word_1_610' title='bbox 555 2658 598 2686; x_wconf 85' lang='lat' dir='ltr'><strong>his</strong></span> <span class='ocrx_word' id='word_1_611' title='bbox 625 2653 747 2693; x_wconf 78' lang='lat' dir='ltr'><strong>grossior</strong></span> <span class='ocrx_word' id='word_1_612' title='bbox 769 2662 795 2685; x_wconf 88' lang='lat' dir='ltr'><strong>ct</strong></span> <span class='ocrx_word' id='word_1_613' title='bbox 814 2658 983 2687; x_wconf 79' lang='lat' dir='ltr'><strong>manifestior</strong></span> <span class='ocrx_word' id='word_1_614' title='bbox 1007 2666 1022 2686; x_wconf 89' lang='lat' dir='ltr'><strong>a</strong></span> 
     </span>
    </p>
   </div>
   <div class='ocr_carea' id='block_1_85' title="bbox 1043 1706 1833 1746">
    <p class='ocr_par' dir='ltr' id='par_1_85' title="bbox 1043 1706 1833 1746">
     <span class='ocr_line' id='line_1_85' title="bbox 1043 1706 1833 1746; baseline -0.008 -7"><span class='ocrx_word' id='word_1_615' title='bbox 1043 1712 1065 1744; x_wconf 89' lang='lat' dir='ltr'><strong><em>C</em></strong></span> <span class='ocrx_word' id='word_1_616' title='bbox 1081 1711 1254 1739; x_wconf 80' lang='lat' dir='ltr'><strong>moderatore</strong></span> <span class='ocrx_word' id='word_1_617' title='bbox 1275 1712 1430 1746; x_wconf 62' lang='lat' dir='ltr'><strong>atquissimo</strong></span> <span class='ocrx_word' id='word_1_618' title='bbox 1446 1710 1512 1739; x_wconf 83' lang='lat' dir='ltr'><strong>Deo.</strong></span> <span class='ocrx_word' id='word_1_619' title='bbox 1533 1711 1613 1740; x_wconf 81' lang='lat' dir='ltr'><strong>Unde</strong></span> <span class='ocrx_word' id='word_1_620' title='bbox 1632 1710 1774 1746; x_wconf 81' lang='lat' dir='ltr'><strong>Apostolus:</strong></span> <span class='ocrx_word' id='word_1_621' title='bbox 1786 1706 1833 1734; x_wconf 69' lang='grc' dir='ltr'><strong>ι’πὶο</strong></span> 
     </span>
    </p>
   </div>
   <div class='ocr_carea' id='block_1_86' title="bbox 1081 1752 1831 1792">
    <p class='ocr_par' dir='ltr' id='par_1_86' title="bbox 1081 1752 1831 1792">
     <span class='ocr_line' id='line_1_86' title="bbox 1081 1752 1831 1792; baseline -0.007 -9"><span class='ocrx_word' id='word_1_622' title='bbox 1081 1756 1184 1792; x_wconf 78' lang='lat' dir='ltr'><strong>cuique,</strong></span> <span class='ocrx_word' id='word_1_623' title='bbox 1200 1756 1295 1792; x_wconf 87' lang='lat' dir='ltr'><strong>inquit,</strong></span> <span class='ocrx_word' id='word_1_624' title='bbox 1312 1757 1391 1783; x_wconf 82' lang='lat' dir='ltr'><strong>datur</strong></span> <span class='ocrx_word' id='word_1_625' title='bbox 1405 1752 1587 1791; x_wconf 60' lang='lat' dir='ltr'><strong>manifest&#39;atio</strong></span> <span class='ocrx_word' id='word_1_626' title='bbox 1605 1758 1706 1792; x_wconf 72' lang='lat' dir='ltr'><strong>spiritus</strong></span> <span class='ocrx_word' id='word_1_627' title='bbox 1717 1756 1746 1782; x_wconf 86' lang='lat' dir='ltr'><strong>ad</strong></span> <span class='ocrx_word' id='word_1_628' title='bbox 1755 1754 1831 1780; x_wconf 67' lang='lat' dir='ltr'><strong>utiliu—</strong></span> 
     </span>
    </p>
   </div>
   <div class='ocr_carea' id='block_1_87' title="bbox 1067 1799 1832 1837">
    <p class='ocr_par' dir='ltr' id='par_1_87' title="bbox 1067 1799 1832 1837">
     <span class='ocr_line' id='line_1_87' title="bbox 1067 1799 1832 1837; baseline -0.003 -9"><span class='ocrx_word' id='word_1_629' title='bbox 1067 1805 1142 1828; x_wconf 67' lang='grc' dir='ltr'><strong>Ἴωνι.</strong></span> <span class='ocrx_word' id='word_1_630' title='bbox 1171 1801 1333 1830; x_wconf 87' lang='lat' dir='ltr'><strong>Stomachus</strong></span> <span class='ocrx_word' id='word_1_631' title='bbox 1353 1807 1395 1830; x_wconf 86' lang='lat' dir='ltr'><strong>est</strong></span> <span class='ocrx_word' id='word_1_632' title='bbox 1415 1803 1461 1837; x_wconf 90' lang='lat' dir='ltr'><strong>qui</strong></span> <span class='ocrx_word' id='word_1_633' title='bbox 1482 1803 1606 1831; x_wconf 89' lang='lat' dir='ltr'><strong>diversos</strong></span> <span class='ocrx_word' id='word_1_634' title='bbox 1619 1803 1691 1831; x_wconf 87' lang='lat' dir='ltr'><strong>cibos</strong></span> <span class='ocrx_word' id='word_1_635' title='bbox 1711 1799 1832 1835; x_wconf 76' lang='lat' dir='ltr'><strong>recipit.de</strong></span> 
     </span>
    </p>
   </div>
   <div class='ocr_carea' id='block_1_88' title="bbox 1080 1845 1830 1885">
    <p class='ocr_par' dir='ltr' id='par_1_88' title="bbox 1080 1845 1830 1885">
     <span class='ocr_line' id='line_1_88' title="bbox 1080 1845 1830 1885; baseline 0.001 -12"><span class='ocrx_word' id='word_1_636' title='bbox 1080 1847 1179 1881; x_wconf 86' lang='lat' dir='ltr'><strong>quibus</strong></span> <span class='ocrx_word' id='word_1_637' title='bbox 1203 1847 1271 1875; x_wconf 89' lang='lat' dir='ltr'><strong>solet</strong></span> <span class='ocrx_word' id='word_1_638' title='bbox 1298 1852 1392 1875; x_wconf 89' lang='lat' dir='ltr'><strong>ructus</strong></span> <span class='ocrx_word' id='word_1_639' title='bbox 1414 1848 1473 1876; x_wconf 77' lang='lat' dir='ltr'><strong>ﬁeri</strong></span> <span class='ocrx_word' id='word_1_640' title='bbox 1499 1849 1534 1876; x_wconf 87' lang='lat' dir='ltr'><strong>ad</strong></span> <span class='ocrx_word' id='word_1_641' title='bbox 1560 1850 1714 1885; x_wconf 84' lang='lat' dir='ltr'><strong>superiora;</strong></span> <span class='ocrx_word' id='word_1_642' title='bbox 1736 1845 1830 1874; x_wconf 69' lang='lat' dir='ltr'><strong>simililﬂ</strong></span> 
     </span>
    </p>
   </div>
   <div class='ocr_carea' id='block_1_89' title="bbox 1079 1891 1830 1929">
    <p class='ocr_par' dir='ltr' id='par_1_89' title="bbox 1079 1891 1830 1929">
     <span class='ocr_line' id='line_1_89' title="bbox 1079 1891 1830 1929; baseline -0.004 -11"><span class='ocrx_word' id='word_1_643' title='bbox 1079 1892 1190 1926; x_wconf 85' lang='lat' dir='ltr'><strong>quidam</strong></span> <span class='ocrx_word' id='word_1_644' title='bbox 1208 1897 1303 1920; x_wconf 90' lang='lat' dir='ltr'><strong>venter</strong></span> <span class='ocrx_word' id='word_1_645' title='bbox 1317 1899 1358 1921; x_wconf 85' lang='lat' dir='ltr'><strong>est</strong></span> <span class='ocrx_word' id='word_1_646' title='bbox 1372 1894 1482 1925; x_wconf 81' lang='lat' dir='ltr'><strong>mentis.</strong></span> <span class='ocrx_word' id='word_1_647' title='bbox 1501 1895 1549 1929; x_wconf 89' lang='lat' dir='ltr'><strong>qui</strong></span> <span class='ocrx_word' id='word_1_648' title='bbox 1572 1894 1665 1929; x_wconf 82' lang='lat' dir='ltr'><strong>recipit</strong></span> <span class='ocrx_word' id='word_1_649' title='bbox 1678 1891 1830 1928; x_wconf 74' lang='lat' dir='ltr'><strong>cogitationes.</strong></span> 
     </span>
    </p>
   </div>
   <div class='ocr_carea' id='block_1_90' title="bbox 1080 1936 1832 1970">
    <p class='ocr_par' dir='ltr' id='par_1_90' title="bbox 1080 1936 1832 1970">
     <span class='ocr_line' id='line_1_90' title="bbox 1080 1936 1832 1970; baseline -0.007 -6"><span class='ocrx_word' id='word_1_650' title='bbox 1080 1936 1109 1964; x_wconf 82' lang='lat' dir='ltr'><strong>Si</strong></span> <span class='ocrx_word' id='word_1_651' title='bbox 1122 1937 1164 1965; x_wconf 92' lang='lat' dir='ltr'><strong>his</strong></span> <span class='ocrx_word' id='word_1_652' title='bbox 1180 1937 1295 1965; x_wconf 81' lang='lat' dir='ltr'><strong>defuerit</strong></span> <span class='ocrx_word' id='word_1_653' title='bbox 1308 1945 1362 1970; x_wconf 82' lang='lat' dir='ltr'><strong>res,</strong></span> <span class='ocrx_word' id='word_1_654' title='bbox 1377 1946 1429 1965; x_wconf 88' lang='lat' dir='ltr'><strong>non</strong></span> <span class='ocrx_word' id='word_1_655' title='bbox 1441 1939 1544 1966; x_wconf 87' lang='lat' dir='ltr'><strong>habent</strong></span> <span class='ocrx_word' id='word_1_656' title='bbox 1557 1940 1628 1967; x_wconf 90' lang='lat' dir='ltr'><strong>unde</strong></span> <span class='ocrx_word' id='word_1_657' title='bbox 1640 1943 1735 1966; x_wconf 86' lang='lat' dir='ltr'><strong>ructum</strong></span> <span class='ocrx_word' id='word_1_658' title='bbox 1747 1936 1832 1963; x_wconf 80' lang='lat' dir='ltr'><strong>iaciant.</strong></span> 
     </span>
    </p>
   </div>
   <div class='ocr_carea' id='block_1_91' title="bbox 1078 1980 1830 2019">
    <p class='ocr_par' dir='ltr' id='par_1_91' title="bbox 1078 1980 1830 2019">
     <span class='ocr_line' id='line_1_91' title="bbox 1078 1980 1830 2019; baseline -0.005 -9"><span class='ocrx_word' id='word_1_659' title='bbox 1078 1982 1143 2010; x_wconf 87' lang='lat' dir='ltr'><strong>Mihi</strong></span> <span class='ocrx_word' id='word_1_660' title='bbox 1160 1983 1296 2018; x_wconf 84' lang='lat' dir='ltr'><strong>peccatori</strong></span> <span class='ocrx_word' id='word_1_661' title='bbox 1318 1990 1410 2018; x_wconf 83' lang='lat' dir='ltr'><strong>gressa</strong></span> <span class='ocrx_word' id='word_1_662' title='bbox 1429 1991 1471 2011; x_wconf 88' lang='lat' dir='ltr'><strong>res</strong></span> <span class='ocrx_word' id='word_1_663' title='bbox 1494 1985 1557 2012; x_wconf 84' lang='lat' dir='ltr'><strong>data</strong></span> <span class='ocrx_word' id='word_1_664' title='bbox 1583 1989 1623 2012; x_wconf 89' lang='lat' dir='ltr'><strong>est</strong></span> <span class='ocrx_word' id='word_1_665' title='bbox 1639 1985 1721 2019; x_wconf 87' lang='lat' dir='ltr'><strong>potius</strong></span> <span class='ocrx_word' id='word_1_666' title='bbox 1735 1983 1762 2008; x_wconf 86' lang='lat' dir='ltr'><strong>ad</strong></span> <span class='ocrx_word' id='word_1_667' title='bbox 1775 1980 1830 2006; x_wconf 77' lang='lat' dir='ltr'><strong>iulll~</strong></span> 
     </span>
    </p>
   </div>
   <div class='ocr_carea' id='block_1_92' title="bbox 1079 2022 1830 2063">
    <p class='ocr_par' dir='ltr' id='par_1_92' title="bbox 1079 2022 1830 2063">
     <span class='ocr_line' id='line_1_92' title="bbox 1079 2022 1830 2063; baseline 0.005 -9"><span class='ocrx_word' id='word_1_668' title='bbox 1079 2028 1198 2063; x_wconf 84' lang='lat' dir='ltr'><strong>gandum</strong></span> <span class='ocrx_word' id='word_1_669' title='bbox 1223 2036 1303 2063; x_wconf 90' lang='lat' dir='ltr'><strong>quam</strong></span> <span class='ocrx_word' id='word_1_670' title='bbox 1319 2029 1517 2062; x_wconf 83' lang='lat' dir='ltr'><strong>exponendum,</strong></span> <span class='ocrx_word' id='word_1_671' title='bbox 1536 2029 1563 2056; x_wconf 91' lang='lat' dir='ltr'><strong>id</strong></span> <span class='ocrx_word' id='word_1_672' title='bbox 1575 2034 1626 2061; x_wconf 78' lang='lat' dir='ltr'><strong>est.</strong></span> <span class='ocrx_word' id='word_1_673' title='bbox 1641 2029 1672 2055; x_wconf 92' lang='lat' dir='ltr'><strong>de</strong></span> <span class='ocrx_word' id='word_1_674' title='bbox 1690 2026 1766 2055; x_wconf 83' lang='lat' dir='ltr'><strong>oilicio</strong></span> <span class='ocrx_word' id='word_1_675' title='bbox 1778 2022 1830 2058; x_wconf 69' lang='grc' dir='ltr'><strong>ί1¹¹⁰ί¹</strong></span> 
     </span>
    </p>
   </div>
   <div class='ocr_carea' id='block_1_93' title="bbox 1077 2068 1831 2108">
    <p class='ocr_par' dir='ltr' id='par_1_93' title="bbox 1077 2068 1831 2108">
     <span class='ocr_line' id='line_1_93' title="bbox 1077 2068 1831 2108; baseline -0.004 -9"><span class='ocrx_word' id='word_1_676' title='bbox 1077 2073 1233 2099; x_wconf 89' lang='lat' dir='ltr'><strong>continetur</strong></span> <span class='ocrx_word' id='word_1_677' title='bbox 1251 2073 1278 2100; x_wconf 93' lang='lat' dir='ltr'><strong>in</strong></span> <span class='ocrx_word' id='word_1_678' title='bbox 1291 2068 1515 2100; x_wconf 78' lang='lat' dir='ltr'><strong>Sacramentario</strong></span> <span class='ocrx_word' id='word_1_679' title='bbox 1538 2078 1566 2101; x_wconf 89' lang='lat' dir='ltr'><strong>et</strong></span> <span class='ocrx_word' id='word_1_680' title='bbox 1583 2071 1773 2108; x_wconf 78' lang='lat' dir='ltr'><strong>Antipbonario,</strong></span> <span class='ocrx_word' id='word_1_681' title='bbox 1786 2073 1831 2102; x_wconf 70' lang='lat' dir='ltr'><strong>qua!</strong></span> 
     </span>
    </p>
   </div>
   <div class='ocr_carea' id='block_1_94' title="bbox 1076 2118 1830 2152">
    <p class='ocr_par' dir='ltr' id='par_1_94' title="bbox 1076 2118 1830 2152">
     <span class='ocr_line' id='line_1_94' title="bbox 1076 2118 1830 2152; baseline -0.001 -8"><span class='ocrx_word' id='word_1_682' title='bbox 1076 2125 1145 2152; x_wconf 81' lang='lat' dir='ltr'><strong>perte</strong></span> <span class='ocrx_word' id='word_1_683' title='bbox 1164 2119 1289 2146; x_wconf 88' lang='lat' dir='ltr'><strong>omnibus</strong></span> <span class='ocrx_word' id='word_1_684' title='bbox 1304 2120 1413 2147; x_wconf 89' lang='lat' dir='ltr'><strong>rusticis</strong></span> <span class='ocrx_word' id='word_1_685' title='bbox 1433 2124 1496 2146; x_wconf 89' lang='lat' dir='ltr'><strong>nota</strong></span> <span class='ocrx_word' id='word_1_686' title='bbox 1517 2123 1571 2147; x_wconf 53' lang='lat' dir='ltr'><strong>est.</strong></span> <span class='ocrx_word' id='word_1_687' title='bbox 1598 2118 1757 2146; x_wconf 81' lang='lat' dir='ltr'><strong>Fiducialiter</strong></span> <span class='ocrx_word' id='word_1_688' title='bbox 1772 2119 1830 2148; x_wconf 66' lang='lat' dir='ltr'><strong>agam</strong></span> 
     </span>
    </p>
   </div>
   <div class='ocr_carea' id='block_1_95' title="bbox 1076 2158 1830 2200">
    <p class='ocr_par' dir='ltr' id='par_1_95' title="bbox 1076 2158 1830 2200">
     <span class='ocr_line' id='line_1_95' title="bbox 1076 2158 1830 2200; baseline -0.001 -9"><span class='ocrx_word' id='word_1_689' title='bbox 1076 2171 1168 2191; x_wconf 90' lang='lat' dir='ltr'><strong>coram</strong></span> <span class='ocrx_word' id='word_1_690' title='bbox 1179 2165 1243 2196; x_wconf 76' lang='lat' dir='ltr'><strong>Deo,</strong></span> <span class='ocrx_word' id='word_1_691' title='bbox 1261 2166 1307 2199; x_wconf 89' lang='lat' dir='ltr'><strong>qui</strong></span> <span class='ocrx_word' id='word_1_692' title='bbox 1320 2165 1387 2198; x_wconf 85' lang='lat' dir='ltr'><strong>vult,</strong></span> <span class='ocrx_word' id='word_1_693' title='bbox 1403 2170 1433 2192; x_wconf 91' lang='lat' dir='ltr'><strong>ut</strong></span> <span class='ocrx_word' id='word_1_694' title='bbox 1449 2166 1636 2200; x_wconf 85' lang='lat' dir='ltr'><strong>unusquisque</strong></span> <span class='ocrx_word' id='word_1_695' title='bbox 1647 2164 1735 2192; x_wconf 82' lang='lat' dir='ltr'><strong>devote</strong></span> <span class='ocrx_word' id='word_1_696' title='bbox 1754 2162 1775 2187; x_wconf 83' lang='lat' dir='ltr'><strong>in</strong></span> <span class='ocrx_word' id='word_1_697' title='bbox 1788 2158 1830 2185; x_wconf 72' lang='grc' dir='ltr'><strong>ευίε</strong></span> 
     </span>
    </p>
   </div>
   <div class='ocr_carea' id='block_1_96' title="bbox 1076 2204 1829 2246">
    <p class='ocr_par' dir='ltr' id='par_1_96' title="bbox 1076 2204 1829 2246">
     <span class='ocr_line' id='line_1_96' title="bbox 1076 2204 1829 2246; baseline -0.003 -10"><span class='ocrx_word' id='word_1_698' title='bbox 1076 2210 1146 2237; x_wconf 88' lang='lat' dir='ltr'><strong>datis</strong></span> <span class='ocrx_word' id='word_1_699' title='bbox 1165 2210 1299 2238; x_wconf 87' lang='lat' dir='ltr'><strong>ministret</strong></span> <span class='ocrx_word' id='word_1_700' title='bbox 1309 2218 1359 2246; x_wconf 89' lang='lat' dir='ltr'><strong>pro</strong></span> <span class='ocrx_word' id='word_1_701' title='bbox 1372 2212 1484 2245; x_wconf 75' lang='lat' dir='ltr'><strong>pnemio</strong></span> <span class='ocrx_word' id='word_1_702' title='bbox 1497 2216 1610 2239; x_wconf 72' lang='lat' dir='ltr'><strong>aeterno.</strong></span> <span class='ocrx_word' id='word_1_703' title='bbox 1625 2209 1732 2238; x_wconf 84' lang='lat' dir='ltr'><strong>Humilis</strong></span> <span class='ocrx_word' id='word_1_704' title='bbox 1742 2204 1829 2234; x_wconf 69' lang='lat' dir='ltr'><strong>humilia</strong></span> 
     </span>
    </p>
   </div>
   <div class='ocr_carea' id='block_1_97' title="bbox 1076 2249 1829 2291">
    <p class='ocr_par' dir='ltr' id='par_1_97' title="bbox 1076 2249 1829 2291">
     <span class='ocr_line' id='line_1_97' title="bbox 1076 2249 1829 2291; baseline -0.005 -10"><span class='ocrx_word' id='word_1_705' title='bbox 1076 2255 1109 2282; x_wconf 90' lang='lat' dir='ltr'><strong>de</strong></span> <span class='ocrx_word' id='word_1_706' title='bbox 1122 2261 1152 2282; x_wconf 86' lang='lat' dir='ltr'><strong>se</strong></span> <span class='ocrx_word' id='word_1_707' title='bbox 1175 2256 1296 2283; x_wconf 89' lang='lat' dir='ltr'><strong>sentiens</strong></span> <span class='ocrx_word' id='word_1_708' title='bbox 1311 2257 1450 2291; x_wconf 73' lang='lat' dir='ltr'><strong>prmmium</strong></span> <span class='ocrx_word' id='word_1_709' title='bbox 1473 2261 1614 2291; x_wconf 81' lang='lat' dir='ltr'><strong>exspectat</strong></span> <span class='ocrx_word' id='word_1_710' title='bbox 1628 2253 1779 2284; x_wconf 78' lang='lat' dir='ltr'><strong>humilitatis.</strong></span> <span class='ocrx_word' id='word_1_711' title='bbox 1792 2249 1829 2282; x_wconf 82' lang='lat' dir='ltr'><strong>Qui</strong></span> 
     </span>
    </p>
   </div>
   <div class='ocr_carea' id='block_1_98' title="bbox 1076 2296 1829 2336">
    <p class='ocr_par' dir='ltr' id='par_1_98' title="bbox 1076 2296 1829 2336">
     <span class='ocr_line' id='line_1_98' title="bbox 1076 2296 1829 2336; baseline -0.005 -10"><span class='ocrx_word' id='word_1_712' title='bbox 1076 2306 1171 2326; x_wconf 85' lang='lat' dir='ltr'><strong>aurum</strong></span> <span class='ocrx_word' id='word_1_713' title='bbox 1190 2304 1386 2335; x_wconf 86' lang='lat' dir='ltr'><strong>argentumque</strong></span> <span class='ocrx_word' id='word_1_714' title='bbox 1400 2305 1428 2328; x_wconf 89' lang='lat' dir='ltr'><strong>et</strong></span> <span class='ocrx_word' id='word_1_715' title='bbox 1440 2305 1537 2328; x_wconf 65' lang='lat' dir='ltr'><strong>cetera</strong></span> <span class='ocrx_word' id='word_1_716' title='bbox 1555 2308 1650 2336; x_wconf 88' lang='lat' dir='ltr'><strong>magna</strong></span> <span class='ocrx_word' id='word_1_717' title='bbox 1661 2300 1724 2327; x_wconf 85' lang='lat' dir='ltr'><strong>dona</strong></span> <span class='ocrx_word' id='word_1_718' title='bbox 1737 2298 1760 2324; x_wconf 92' lang='lat' dir='ltr'><strong>in</strong></span> <span class='ocrx_word' id='word_1_719' title='bbox 1769 2296 1829 2322; x_wconf 80' lang='lat' dir='ltr'><strong>demo</strong></span> 
     </span>
    </p>
   </div>
   <div class='ocr_carea' id='block_1_99' title="bbox 1076 2339 1830 2381">
    <p class='ocr_par' dir='ltr' id='par_1_99' title="bbox 1076 2339 1830 2381">
     <span class='ocr_line' id='line_1_99' title="bbox 1076 2339 1830 2381; baseline -0.007 -9"><span class='ocrx_word' id='word_1_720' title='bbox 1076 2345 1124 2372; x_wconf 88' lang='lat' dir='ltr'><strong>Dei</strong></span> <span class='ocrx_word' id='word_1_721' title='bbox 1147 2345 1271 2380; x_wconf 87' lang='lat' dir='ltr'><strong>suscipit,</strong></span> <span class='ocrx_word' id='word_1_722' title='bbox 1296 2353 1350 2372; x_wconf 93' lang='lat' dir='ltr'><strong>non</strong></span> <span class='ocrx_word' id='word_1_723' title='bbox 1370 2346 1485 2381; x_wconf 89' lang='lat' dir='ltr'><strong>despicit</strong></span> <span class='ocrx_word' id='word_1_724' title='bbox 1507 2346 1577 2381; x_wconf 90' lang='lat' dir='ltr'><strong>pilos</strong></span> <span class='ocrx_word' id='word_1_725' title='bbox 1602 2350 1744 2379; x_wconf 84' lang='lat' dir='ltr'><strong>caprarum.</strong></span> <span class='ocrx_word' id='word_1_726' title='bbox 1762 2339 1830 2367; x_wconf 74' lang='lat' dir='ltr'><strong>Ardor</strong></span> 
     </span>
    </p>
   </div>
   <div class='ocr_carea' id='block_1_100' title="bbox 1037 2384 1828 2426">
    <p class='ocr_par' dir='ltr' id='par_1_100' title="bbox 1037 2384 1828 2426">
     <span class='ocr_line' id='line_1_100' title="bbox 1037 2384 1828 2426; baseline -0.003 -9"><span class='ocrx_word' id='word_1_727' title='bbox 1037 2389 1142 2418; x_wconf 87' lang='lat' dir='ltr'><strong>Dmihi</strong></span> <span class='ocrx_word' id='word_1_728' title='bbox 1163 2391 1233 2418; x_wconf 83' lang='lat' dir='ltr'><strong>inest</strong></span> <span class='ocrx_word' id='word_1_729' title='bbox 1257 2391 1328 2418; x_wconf 72' lang='lat' dir='ltr'><strong>tritm</strong></span> <span class='ocrx_word' id='word_1_730' title='bbox 1347 2391 1398 2419; x_wconf 76' lang='lat' dir='ltr'><strong>via:</strong></span> <span class='ocrx_word' id='word_1_731' title='bbox 1417 2395 1444 2418; x_wconf 90' lang='lat' dir='ltr'><strong>et</strong></span> <span class='ocrx_word' id='word_1_732' title='bbox 1466 2391 1574 2418; x_wconf 71' lang='lat' dir='ltr'><strong>abolita:</strong></span> <span class='ocrx_word' id='word_1_733' title='bbox 1591 2394 1696 2426; x_wconf 85' lang='lat' dir='ltr'><strong>propter</strong></span> <span class='ocrx_word' id='word_1_734' title='bbox 1709 2384 1828 2420; x_wconf 65' lang='lat' dir='ltr'><strong>antiquila‘</strong></span> 
     </span>
    </p>
   </div>
   <div class='ocr_carea' id='block_1_101' title="bbox 1074 2435 1828 2471">
    <p class='ocr_par' dir='ltr' id='par_1_101' title="bbox 1074 2435 1828 2471">
     <span class='ocr_line' id='line_1_101' title="bbox 1074 2435 1828 2471; baseline -0.004 -9"><span class='ocrx_word' id='word_1_735' title='bbox 1074 2440 1140 2469; x_wconf 88' lang='lat' dir='ltr'><strong>tem,</strong></span> <span class='ocrx_word' id='word_1_736' title='bbox 1158 2440 1188 2462; x_wconf 91' lang='lat' dir='ltr'><strong>ut</strong></span> <span class='ocrx_word' id='word_1_737' title='bbox 1209 2436 1292 2463; x_wconf 89' lang='lat' dir='ltr'><strong>sciam</strong></span> <span class='ocrx_word' id='word_1_738' title='bbox 1310 2436 1374 2471; x_wconf 89' lang='lat' dir='ltr'><strong>quid</strong></span> <span class='ocrx_word' id='word_1_739' title='bbox 1391 2437 1491 2463; x_wconf 86' lang='lat' dir='ltr'><strong>habeat</strong></span> <span class='ocrx_word' id='word_1_740' title='bbox 1516 2437 1541 2463; x_wconf 95' lang='lat' dir='ltr'><strong>in</strong></span> <span class='ocrx_word' id='word_1_741' title='bbox 1557 2436 1669 2464; x_wconf 84' lang='lat' dir='ltr'><strong>medulla</strong></span> <span class='ocrx_word' id='word_1_742' title='bbox 1694 2441 1733 2461; x_wconf 82' lang='lat' dir='ltr'><strong>res</strong></span> <span class='ocrx_word' id='word_1_743' title='bbox 1749 2435 1828 2459; x_wconf 71' lang='lat' dir='ltr'><strong>mem</strong></span> 
     </span>
    </p>
   </div>
   <div class='ocr_carea' id='block_1_102' title="bbox 1075 2479 1828 2518">
    <p class='ocr_par' dir='ltr' id='par_1_102' title="bbox 1075 2479 1828 2518">
     <span class='ocr_line' id='line_1_102' title="bbox 1075 2479 1828 2518; baseline -0.007 -10"><span class='ocrx_word' id='word_1_744' title='bbox 1075 2485 1146 2513; x_wconf 81' lang='lat' dir='ltr'><strong>rata,</strong></span> <span class='ocrx_word' id='word_1_745' title='bbox 1162 2481 1188 2508; x_wconf 84' lang='lat' dir='ltr'><strong>id</strong></span> <span class='ocrx_word' id='word_1_746' title='bbox 1206 2486 1258 2514; x_wconf 72' lang='lat' dir='ltr'><strong>cst,</strong></span> <span class='ocrx_word' id='word_1_747' title='bbox 1275 2482 1338 2516; x_wconf 82' lang='lat' dir='ltr'><strong>quid</strong></span> <span class='ocrx_word' id='word_1_748' title='bbox 1361 2482 1387 2509; x_wconf 93' lang='lat' dir='ltr'><strong>in</strong></span> <span class='ocrx_word' id='word_1_749' title='bbox 1402 2483 1483 2510; x_wconf 83' lang='lat' dir='ltr'><strong>corde</strong></span> <span class='ocrx_word' id='word_1_750' title='bbox 1496 2486 1570 2510; x_wconf 87' lang='lat' dir='ltr'><strong>esset</strong></span> <span class='ocrx_word' id='word_1_751' title='bbox 1583 2483 1723 2518; x_wconf 84' lang='lat' dir='ltr'><strong>primorum</strong></span> <span class='ocrx_word' id='word_1_752' title='bbox 1736 2479 1828 2505; x_wconf 41' lang='lat' dir='ltr'><strong>dictator</strong></span> 
     </span>
    </p>
   </div>
   <div class='ocr_carea' id='block_1_103' title="bbox 1075 2521 1826 2566">
    <p class='ocr_par' dir='ltr' id='par_1_103' title="bbox 1075 2521 1826 2566">
     <span class='ocr_line' id='line_1_103' title="bbox 1075 2521 1826 2566; baseline -0.007 -14"><span class='ocrx_word' id='word_1_753' title='bbox 1075 2532 1135 2552; x_wconf 87' lang='lat' dir='ltr'><strong>rum</strong></span> <span class='ocrx_word' id='word_1_754' title='bbox 1156 2525 1236 2553; x_wconf 83' lang='lat' dir='ltr'><strong>ollicit</strong></span> <span class='ocrx_word' id='word_1_755' title='bbox 1252 2527 1349 2559; x_wconf 81' lang='lat' dir='ltr'><strong>nostri,</strong></span> <span class='ocrx_word' id='word_1_756' title='bbox 1373 2531 1401 2555; x_wconf 86' lang='lat' dir='ltr'><strong>et</strong></span> <span class='ocrx_word' id='word_1_757' title='bbox 1427 2534 1506 2562; x_wconf 84' lang='lat' dir='ltr'><strong>quem</strong></span> <span class='ocrx_word' id='word_1_758' title='bbox 1523 2529 1639 2566; x_wconf 65' lang='lat' dir='ltr'><strong>fructum</strong></span> <span class='ocrx_word' id='word_1_759' title='bbox 1653 2521 1741 2562; x_wconf 79' lang='lat' dir='ltr'><strong>pariat.</strong></span> <span class='ocrx_word' id='word_1_760' title='bbox 1754 2523 1826 2566; x_wconf 74' lang='lat' dir='ltr'><strong>Itaque</strong></span> 
     </span>
    </p>
   </div>
   <div class='ocr_carea' id='block_1_104' title="bbox 1066 2565 1826 2608">
    <p class='ocr_par' dir='ltr' id='par_1_104' title="bbox 1066 2565 1826 2608">
     <span class='ocr_line' id='line_1_104' title="bbox 1066 2565 1826 2608; baseline 0.005 -12"><span class='ocrx_word' id='word_1_761' title='bbox 1066 2570 1140 2597; x_wconf 82' lang='lat' dir='ltr'><strong>mibi</strong></span> <span class='ocrx_word' id='word_1_762' title='bbox 1159 2571 1246 2605; x_wconf 89' lang='lat' dir='ltr'><strong>prima</strong></span> <span class='ocrx_word' id='word_1_763' title='bbox 1268 2572 1406 2608; x_wconf 85' lang='lat' dir='ltr'><strong>inquisitio</strong></span> <span class='ocrx_word' id='word_1_764' title='bbox 1426 2577 1468 2600; x_wconf 90' lang='lat' dir='ltr'><strong>est</strong></span> <span class='ocrx_word' id='word_1_765' title='bbox 1489 2573 1523 2600; x_wconf 86' lang='lat' dir='ltr'><strong>de</strong></span> <span class='ocrx_word' id='word_1_766' title='bbox 1544 2565 1746 2608; x_wconf 81' lang='lat' dir='ltr'><strong>Septuagesima,</strong></span> <span class='ocrx_word' id='word_1_767' title='bbox 1766 2565 1826 2600; x_wconf 53' lang='grc' dir='ltr'><strong>αξη</strong></span> 
     </span>
    </p>
   </div>
   <div class='ocr_carea' id='block_1_105' title="bbox 1072 2613 1512 2651">
    <p class='ocr_par' dir='ltr' id='par_1_105' title="bbox 1072 2613 1512 2651">
     <span class='ocr_line' id='line_1_105' title="bbox 1072 2613 1512 2651; baseline 0.009 -9"><span class='ocrx_word' id='word_1_768' title='bbox 1072 2613 1136 2642; x_wconf 75' lang='lat' dir='ltr'><strong>ﬂuis</strong></span> <span class='ocrx_word' id='word_1_769' title='bbox 1150 2619 1255 2643; x_wconf 84' lang='lat' dir='ltr'><strong>constat</strong></span> <span class='ocrx_word' id='word_1_770' title='bbox 1270 2619 1296 2643; x_wconf 93' lang='lat' dir='ltr'><strong>ln</strong></span> <span class='ocrx_word' id='word_1_771' title='bbox 1311 2617 1399 2651; x_wconf 86' lang='lat' dir='ltr'><strong>primo</strong></span> <span class='ocrx_word' id='word_1_772' title='bbox 1412 2625 1512 2646; x_wconf 88' lang='lat' dir='ltr'><strong>mense.</strong></span> 
     </span>
    </p>
   </div>
  </div>
