3890 6180
206 346 213 349 γ
295 286 404 346 993

1022 282 1112 339 DE
1149 281 1705 343 ECCLESIASTICIS
1736 284 2026 346 mms
2056 285 2243 346 “LIBRI
2274 289 2366 348 IV.
2400 312 2476 335 -ε-
2513 290 2645 350 lJB.
2690 294 2731 351 l.

3440 309 3549 370 09‘

300 428 3545 472 mw

1486 622 1491 629 .
1529 557 1833 637 LIBER
1904 559 2323 638 PRIMUS.

788 777 1051 836 CAPUT“
1066 775 1357 835 PRIMUM.

810 869 891 924 Be'
933 868 1351 940 Septuagesima.

356 965 777 1041 Septuageslma
800 970 1166 1036 computatur,
1192 965 1488 1021 secundum
1508 966 1871 1024 tituiationem

286 1056 720 1118 Sacramentarii
748 1062 803 1111 et
832 1055 1214 1126 Antiphonarii
1233 1097 1248 1119 ,
1288 1070 1499 1112 novem
1520 1057 1874 1117 hebdomadi-

286 1148 393 1206 bus
417 1155 545 1204 ante
574 1145 783 1200 Pascha
820 1144 1059 1210 Domini,
1086 1151 1142 1198 et
1170 1140 1357 1199 linitur
1383 1152 1506 1216 poet
1530 1143 1736 1202 Pascha
1766 1148 1873 1201 Do-

283 1241 426 1296 mini
458 1241 514 1294 in
541 1237 770 1309 septima
822 1235 1057 1290 sabbati.
1109 1233 1209 1289 Die
1252 1235 1524 1292 dominico
1565 1237 1729 1292 habet
1762 1238 1873 1293 ini-

287 1332 451 1393 tium,
483 1337 538 1385 et
561 1329 616 1383 in
645 1327 873 1383 sabbato
901 1324 1087 1379 ﬁnem.
1119 1323 1309 1394 Populi
1340 1325 1676 1397 Dei‘tempus
1701 1316 1874 1399 capti-

286 1422 479 1478 vitatis
524 1419 815 1492 signiﬁcat,
867 1419 959 1488 qui
1003 1417 1280 1487 peccando
1328 1417 1555 1472 recessit
1582 1433 1612 1471 a
1644 1418 1774 1481 Deo,
1816 1427 1872 1474 et

288 1529 393 1585 per
433 1509 859 1566 misericordiam
891 1507 1007 1577 ejus
1036 1508 1328 1563 revertitur
1368 1507 1436 1562 ad
1480 1508 1743 1578 requiem.
1769 1509 1873 1565 Po-

288 1604 450 1676 pulus
490 1602 588 1659 Dei
634 1603 690 1657 in
730 1600 1024 1672 Babylonia
1071 1598 1322 1654 detentus
1365 1605 1449 1654 est
1493 1601 1740 1669 captivus
1771 1602 1871 1656 sub

288 1709 522 1751 numero
572 1692 1025 1763 septuagenario:
1056 1706 1164 1760 quo
1208 1704 1436 1745 numero
1479 1692 1749 1763 completo
1786 1707 1872 1748 re-

285 1799 484 1839 versus
508 1788 594 1837 est
628 1783 683 1837 in
728 1778 1048 1837 Jerusalem.
1079 1780 1157 1835 De
1194 1795 1303 1851 quo
1338 1781 1536 1851 populo
1567 1783 1697 1838 dicit
1720 1781 1871 1839 Jere-

285 1873 467 1929 Ilias:
499 1871 839 1927 Considerate
867 1880 914 1925 et
947 1871 1172 1941 qumrite
1200 1871 1254 1924 in
1284 1870 1474 1942 plateis
1513 1872 1654 1943 ejus,
1682 1891 1753 1928 an
1786 1875 1871 1928 ξη-

285 1962 508 2018 veniatis
557 1962 724 2017 virum
769 1961 1045 2030 facientem
1092 1958 1363 2031 judicium
1387 2002 1402 2026 ,
1457 1972 1507 2017 et
1552 1975 1869 2033 quaerentem

286 2052 469 2122 ﬁdem,
501 2059 549 2106 et
570 2050 829 2121 propitius
860 2066 948 2103 ero
975 2050 1043 2103 ei.
1083 2048 1239 2115 Quod
1266 2048 1313 2104 si
1339 2050 1497 2104 etiam
1530 2052 1651 2105 vivit
1687 2051 1869 2105 Domi-

1901 789 1950 848 Α
1978 792 2119 836 ctum
2145 792 2223 837 est
2241 784 2451 839 verbum
2481 780 2693 842 Domini
2720 788 2790 842 ad
2814 787 3148 859 Zachariam,
3177 792 3347 863 ﬁlium
3379 748 3552 853 Bara-

1972 872 2124 935 eluito,
2145 872 2249 942 [illi
2268 872 2440 939 Addo,
2463 876 3163 952 prophetamJiieronymus
3182 884 3235 941 in
3250 884 3508 941 Zacharia
3532 905 3546 942 :

1973 958 2175 1016 Mensis
2212 970 2394 1017 autem
2428 965 2763 1031 undecimus,
2799 969 2891 1037 qui
2936 971 3238 1039 appellatur
3281 972 3544 1042 Sabbath,

1971 1057 2028 1103 et
2057 1048 2238 1120 lingua
2281 1058 2466 1106 nostra
2497 1052 2552 1105 in
2579 1053 2785 1124 virgam
2812 1050 3061 1121 vertitur,
3095 1061 3467 1118 ansteritatem
3495 1073 3547 1119 et

1971 1142 2367 1211 correptionem
2420 1151 2596 1207 sonat,
2644 1155 2700 1199 et
2739 1156 2824 1201 est
2874 1147 2928 1202 in
2973 1152 3246 1207 acerrimo
3303 1140 3550 1225 tempore

1970 1230 2166 1287 hiemis
2195 1230 2342 1301 quia
2370 1230 2633 1289 Romanis
2661 1233 2989 1292 Februarius
3016 1240 3317 1309 appellatur
3342 1260 3354 1296 :
3385 1259 3547 1314 quem

1969 1324 2365 1392 septuagesima
2407 1324 2543 1379 solet
2586 1333 2827 1396 tangere.
2875 1326 3135 1398 Sequitur
3165 1340 3285 1401 post
3322 1333 3547 1403 aliqua:

1968 1413 2199 1483 Angelus
2253 1414 2468 1469 Domini
2516 1416 2650 1471 dixit
2673 1434 2691 1471 :
2718 1417 2941 1473 Domine
2980 1420 3334 1487 exercituum,
3387 1439 3550 1494 usque

1969 1518 2072 1574 quo
2120 1518 2225 1558 non
2264 1503 2592 1559 misereberis
2641 1504 2961 1573 Jerusalem,
3011 1518 3061 1563 et
3109 1507 3320 1564 urbium
3365 1511 3547 1579 Iuda,

1968 1593 2157 1663 quibus
2195 1593 2365 1647 iratus
2395 1594 2491 1647 es?
2529 1592 2639 1647 Iste
2678 1598 3088 1666 septuagesimus
3133 1612 3305 1655 annus
3341 1611 3437 1655 est.
3476 1602 3548 1656 Et

1962 1682 2233 1751 respondit
2274 1680 2531 1736 Dominus
2591 1682 2808 1753 angelo,
2858 1686 2950 1755 qui
2997 1686 3307 1756 loquebatur
3338 1692 3395 1747 in
3433 1707 3546 1746 me.

1966 1771 2121 1825 verba
2147 1777 2301 1837 bona,
2329 1772 2485 1825 verba
2519 1772 2892 1827 consolatorie.

2038 1859 2288 1928 Eiusdem
2316 1861 2372 1915 in
2398 1861 2588 1916 eodem
2618 1879 2635 1915 :
2666 1861 2817 1929 Quod
2857 1871 3038 1919 autem
3078 1863 3293 1935 plenam
3332 1866 3552 1921 miseri-

1964 1951 2208 2006 cordiam
2256 1950 2512 2020 postulat,
2556 1958 2617 2005 ut
2669 1952 2904 2009 instante
2953 1967 3096 2011 anno
3149 1956 3548 2025 septuagesimo

1967 2043 2293 2097 misereatur
2320 2043 2464 2098 Deus
2490 2041 2795 2098 Jerusalem
2836 2052 2893 2099 et
2930 2046 3143 2101 urbium
3174 2046 3330 2111 Juda,
3366 2048 3433 2102 ad
3462 2048 3546 2103 in-

288 2160 395 2199 nas
430 2143 680 2208 dixerint,
722 2149 772 2196 et
812 2141 911 2196 hoc
954 2140 1090 2211 falso
1118 2141 1400 2212 jurabunl,
1438 2141 1682 2209 Domine,
1725 2141 1865 2197 oculi
1894 2123 1940 2181 Β
1967 2132 2319 2204 telligemiam
2369 2134 2616 2189 referunt
2680 2136 2930 2208 magistri
2988 2138 3348 2215 ecclesiarum
3403 2141 3546 2210 quod

288 2234 386 2306 qui
409 2232 690 2304 respiciunt
717 2232 897 2299 ﬁdem.
921 2232 990 2287 Et
1015 2232 1210 2288 iterum
1237 2250 1254 2287 ε
1286 2231 1679 2291 Induraoerunt
1705 2234 1867 2304 facies

286 2341 418 2380 suas
459 2339 618 2394 super
650 2336 853 2394 petram
888 2333 939 2378 et
977 2322 1258 2377 noluerunt
1307 2325 1648 2393 reverti:ego
1691 2334 1866 2377 autem

286 2415 424 2478 dixi,
454 2414 679 2482 forsitan
699 2428 954 2483 pauperes
975 2421 1097 2466 sunt
1124 2419 1174 2466 et
1200 2411 1369 2474 stulti,
1401 2412 1707 2482 ignorantes
1732 2412 1866 2466 siam

286 2508 526 2572 Domini,
561 2506 825 2577 judicium
858 2505 963 2560 'Dei
983 2519 1002 2558 :
1026 2505 1112 2560 ibo
1144 2506 1310 2576 igitur
1348 2505 1425 2558 ad
1465 2505 1741 2575 optimates
1762 2545 1778 2568 ,
1816 2513 1867 2557 et

285 2599 481 2669 loquar
501 2598 596 2652 eis.
624 2595 736 2666 Ipsi
755 2596 894 2650 enim
914 2604 1263 2666 cognouerunt
1291 2594 1429 2649 uiam
1455 2578 1667 2646 Domini
1677 2634 1692 2657 ,
1714 2593 1867 2663 judi-

284 2691 431 2743 cium
457 2687 554 2742 Dei
588 2687 672 2741 sui
695 2695 788 2741 :et
829 2702 945 2741 ecce
984 2688 1154 2757 magis
1197 2686 1251 2740 hi
1294 2684 1453 2739 simul
1496 2684 1864 2754 confugerunt

282 2779 498 2851 iugum,
539 2785 791 2845 ruperunt
832 2775 1060 2830 vincula.
1102 2776 1175 2831 Et
1214 2775 1447 2830 iterum:
1485 2772 1670 2828 Omnis
1700 2772 1867 2842 frater

288 2871 647 2942 supplantans'
669 2868 1056 2941 supplantabit,
1107 2875 1165 2921 et
1186 2866 1355 2921 omnis
1394 2865 1597 2920 amicus
1642 2864 1867 2934 fraudu-

285 2963 460 3018 lenter
484 2960 710 3024 incedet,
739 2969 788 3013 et
819 2959 900 3013 vir
928 2958 1149 3028 fratrem
1187 2972 1339 3011 suum
1375 2955 1649 3019 deridebit,
1675 2956 1865 3009 uerita-

285 3066 391 3111 tem
427 3070 533 3109 non
565 3053 826 3123 loquetur,
869 3059 977 3105 etc.
1014 3048 1182 3104 Paulo
1217 3056 1381 3120 post:
1419 3046 1675 3118 Nunquid
1708 3062 1866 3117 super

285 3149 373 3202 his
409 3160 515 3201 non
543 3143 789 3208 visitabo,
822 3141 949 3196 dicit
977 3140 1276 3195 Dominus?
1312 3140 1384 3196 Et
1424 3139 1621 3195 iterum
1658 3157 1679 3192 τ
1712 3138 1865 3208 Ejice

281 3236 410 3293 illos
432 3252 464 3290 a
486 3235 624 3305 facie
652 3249 791 3298 mea,
817 3242 866 3286 et
887 3232 1241 3303 egrediantur.
1276 3230 1431 3298 Quod
1459 3231 1505 3284 si
1531 3230 1763 3285 dixerint
1791 3230 1865 3284 ad

282 3337 360 3393 to,
391 3342 495 3399 quo
524 3325 892 3397 egrediemur?
917 3324 1056 3378 dices
1085 3323 1153 3377 ad
1196 3338 1283 3377 eos
1310 3335 1329 3374 :
1365 3320 1496 3376 Hau:
1522 3321 1648 3375 dicit
1674 3320 1862 3375 Domi-

283 3436 389 3474 nus
415 3435 434 3473 :
459 3418 549 3490 qui
574 3417 645 3472 ad
684 3425 902 3472 mortem
932 3414 1003 3468 ad
1029 3423 1247 3469 mortem
1269 3428 1287 3465 :
1312 3421 1361 3468 et
1400 3413 1491 3484 qui
1527 3412 1598 3466 ad
1625 3410 1859 3483 gladium

1916 2223 1921 2227 ’
1965 2223 2203 2294 quandiu
2249 2238 2378 2279 vera
2409 2237 2516 2295 pax
2552 2225 2737 2280 veniat
2773 2234 2829 2281 et
2857 2226 3220 2284 sabbatismns
3247 2236 3352 2296 est,
3382 2239 3437 2285 et
3463 2246 3545 2286 se-

1956 2323 2113 2384 ptem
2138 2315 2468 2369 decadarum
2510 2328 2789 2381 numerus,
2830 2316 2887 2371 id
2926 2324 3032 2383 est,
3060 2328 3546 2391 anuus-septuage-

1966 2404 2138 2460 simus
2180 2404 2496 2475 impleatur,
2551 2419 2653 2461 nec
2702 2404 3005 2463 Jerusalem
3048 2409 3266 2480 plenam
3318 2413 3548 2482 recipiet

1963 2494 2292 2561 libertatem,
2336 2496 2392 2551 id
2425 2504 2529 2562 est,
2569 2496 2809 2552 Ecclesia
2840 2513 2943 2552 inec
2969 2500 3133 2555 urbes
3157 2498 3314 2563 Juda,
3354 2502 3408 2556 id
3439 2511 3542 2567 est,

1963 2588 2145 2643 anima
2191 2588 2483 2644 Dominum
2522 2589 2809 2646 conﬁtens.
2860 2590 3103 2661 Denique
3136 2592 3414 2649 Dominus
3458 2606 3545 2649 re-

1962 2679 2181 2751 spondit
2202 2680 2369 2735 verba
2392 2681 2531 2735 bona
2554 2687 2613 2734 et
2635 2680 2800 2745 verba
2818 2680 3211 2747 conde
3233 2684 3383 2752 quod
3394 2697 3544 2739 nunc
3582 2728 3591 2737 .

1958 2785 2031 2826 es
2073 2779 2233 2841 parte
2260 2770 2558 2835 cernimus,
2584 2780 2647 2826 et
2668 2782 2737 2825 ex
2756 2777 2911 2840 parte
2948 2772 3334 2841 prophetarum
3352 2788 3375 2827 τ
3407 2772 3541 2827 Cum

1958 2873 2140 2918 nam
2171 2865 2366 2918 venerit
2394 2862 2847 2935 quod'perfeotum
2881 2873 2961 2918 est
2980 2903 2995 2928 ,
3038 2864 3374 2918 destruantur
3419 2874 3541 2936 qua:

1960 2973 2028 3012 ea:
2060 2968 2209 3027 parte
2253 2965 2408 3021 sunt,
2430 2963 2515 3009 ut
2562 2956 2779 3012 liberati
2821 2957 2889 3012 de
2928 2955 3200 3030 Babylone
3240 2956 3401 3025 huius
3432 2972 3544 3012 sae-

1962 3050 2091 3115 culi,
2112 3030 2441 3105 elameIms-z
2458 3048 2526 3103 In
2548 3046 2892 3117 convertenda
2912 3048 3172 3104 Dominus
3192 3047 3542 3120 captititoterit

1962 3138 2107 3195 Sion
2124 3139 2252 3209 facti
2278 3154 2469 3194 nutus
2492 3140 2631 3194 sicut
2663 3138 2937 3193 consolati.
2979 3138 3106 3194 Dies
3130 3140 3349 3209 pascha
3377 3139 3541 3194 verba

1960 3233 2100 3288 bona
2133 3242 2188 3289 et
2224 3233 2586 3288 consolatorie
2623 3232 2734 3297 dat,
2779 3231 2940 3303 erigit
2976 3232 3047 3287 ab
3070 3232 3212 3287 bona
3246 3240 3412 3301 opera
3439 3253 3453 3287 ;
3484 3230 3541 3287 in

1961 3336 2026 3377 ea
2058 3322 2205 3377 enim
2232 3321 2619 3392 Justiticamur.
3184 3334 3191 3337 ·
3382 3338 3385 3347 ·

2034 3412 2145 3468 Sed
2173 3413 2390 3482 requies
2420 3420 2477 3466 et
2524 3409 2777 3466 liberatio
2808 3410 3052 3481 perlecta
3104 3409 3161 3464 in
3210 3409 3543 3466 sabbatismo

280 3512 358 3566 ad
378 3509 610 3583 gladium
634 3522 653 3562 :
675 3518 725 3564 et
756 3508 847 3580 qui
885 3507 954 3561 ad
996 3506 1187 3577 famem
1222 3505 1292 3560 ad
1336 3505 1548 3573 faman,
1583 3514 1634 3559 et
1662 3504 1754 3575 qui
1788 3503 1858 3558 ad
1888 3502 1932 3527 υ
1963 3506 2142 3570 datur,
2170 3505 2386 3574 quando
2423 3503 2617 3558 anima:
2656 3508 2968 3558 sanctorum
3004 3502 3249 3583 requiem
3276 3509 3541 3557 aeternam

281 3600 637 3671 captivitatem
657 3598 727 3653 ad
747 3597 1115 3669 captivitatem.
1160 3596 1227 3650 Et
1245 3594 1455 3650 Isaias:
1491 3592 1582 3649 Vae
1615 3595 1708 3666 qui
1740 3610 1866 3648 con-

277 3692 503 3762 surgitis
545 3706 701 3745 mune
740 3689 810 3744 ad
856 3688 1157 3743 ebrietatem
1207 3685 1534 3751 sectandum,
1586 3694 1636 3739 et
1674 3695 1863 3757 potan-

278 3781 414 3835 dum
456 3794 619 3851 usque
655 3778 725 3832 ad
766 3778 1051 3848 vesperum,
1095 3785 1154 3831 ut
1183 3776 1300 3831 uino
1339 3777 1590 3831 (eunetis.
1619 3774 1858 3842 Cithara,

278 3880 335 3927 et
375 3871 515 3941 lyra,
548 3880 597 3924 et
625 3878 930 3941 tympanum
966 3876 1015 3922 et
1047 3867 1193 3931 tibia,
1225 3875 1273 3922 et
1299 3868 1499 3932 vinum,
1530 3867 1586 3921 in
1614 3866 1862 3922 conviviis

276 3962 487 4027 vestris,
515 3970 563 4015 et
589 3978 717 4031 opus
754 3959 962 4014 Domini
988 3974 1092 4011 non
1119 3958 1372 4027 respicitis
1389 3998 1405 4022 ,
1440 3975 1533 4012 nec
1561 3974 1719 4028 opera
1745 3974 1859 4013 ma-

277 4069 450 4108 nuum
473 4052 589 4121 ejus
609 4050 951 4105 consideratis
976 4060 994 4100 :
1020 4056 1294 4121 propterea
1335 4050 1566 4119 captivus
1602 4049 1758 4103 datus
1784 4056 1860 4103 est

275 4142 507 4214 populus
534 4158 698 4197 metis.
730 4142 946 4210 Quanto
976 4148 1216 4212 tempore
1240 4140 1293 4195 in
1318 4140 1631 4211 captivitate
1660 4140 1855 4209 fuerit;

277 4232 550 4288 Jeremias
594 4230 921 4296 manifestat,
951 4231 1136 4287 dicens
1164 4249 1176 4285 :
1210 4229 1441 4285 Perdam
1479 4248 1544 4286 ex
1582 4233 1656 4286 eis
1686 4248 1859 4287 vocem

277 4323 465 4394 gaudii
493 4331 539 4377 et
561 4322 782 4386 la-titite,
828 4336 921 4376 ros
956 4334 1128 4376 rorem
1157 4323 1334 4392 sponsi
1359 4331 1408 4376 et
1429 4338 1654 4393 sponsae,
1683 4328 1859 4378 vocem

274 4413 462 4479 mola,
485 4422 534 4467 et
562 4413 737 4467 lumen
773 4412 1024 4478 lucernm,
1062 4422 1110 4467 et
1138 4413 1236 4466 erit
1273 4414 1516 4468 universa
1561 4424 1702 4468 terra
1744 4415 1859 4483 ejus

273 4506 337 4558 in
362 4503 645 4558 solitudine
665 4512 712 4557 et
744 4503 801 4557 in
831 4512 1061 4573 stupore,
1110 4512 1158 4555 et
1198 4504 1419 4556 servient
1464 4519 1641 4556 omnes
1682 4514 1859 4574 gentes

271 4593 399 4647 ista:
447 4592 554 4662 regi
591 4589 875 4662 Babylonis
912 4591 1241 4662 septuaginta
1282 4591 1435 4644 annis
1465 4603 1485 4643 .°
1515 4607 1733 4662 eumue
1757 4592 1859 4647 im-

270 4682 406 4755 pleti
432 4681 627 4752 fuerint
671 4682 799 4737 anni
832 4680 1181 4754 septuaginta,
1227 4681 1449 4735 visitabo
1490 4698 1648 4753 super
1688 4700 1857 4754 regem

1961 3597 2286 3668 percipiunt.
2338 3595 2671 3666 Babylonem
2722 3593 2923 3649 diaboli
2976 3580 3252 3649 civitatem
3304 3593 3541 3663 appellat

1960 3685 2197 3742 Joannes
2242 3687 2297 3740 in
2336 3684 2661 3755 Apocalypsi
2703 3701 2718 3738 :
2749 3681 2973 3749 Cecidit,
3018 3683 3305 3755 inquiens,
3348 3684 3537 3738 cecidit

1961 3775 2205 3847 Babylon
2241 3775 2337 3830 illa
2382 3790 2593 3846 magna.
2641 3772 2791 3829 Deda
2812 3774 2869 3829 in
2895 3773 3259 3845 Apocalypsin
3292 3774 3429 3830 libro
3455 3790 3541 3831 se-

1960 3869 2173 3924 cundo:
2203 3866 2432 3939 Superbi
2459 3876 2588 3923 tunc
2608 3881 2639 3922 a
2666 3866 2895 3922 Domino
2920 3865 3251 3936 dejiciuntur
3272 3868 3491 3938 quando
3508 3880 3540 3922 a

1960 3959 2174 4015 diabolo
2208 3959 2503 4017 inﬂantur:
2536 3959 2690 4016 Sicut
2727 3959 2986 4030 psalmus,
3027 3954 3299 4030 Dejecisti,
3339 3960 3537 4031 inquit,

1959 4066 2048 4106 eos
2091 4050 2217 4105 dum
2257 4050 2626 4105 alienarentur.
2676 4051 3119 4122 Septuagesimus
3163 4065 3424 4106 numerus
3469 4051 3540 4109 ad

1959 4142 2277 4196 memoriam
2327 4140 2484 4196 nobis
2530 4141 2738 4196 reducit
2785 4156 2947 4197 omne
2998 4148 3210 4209 tempus
3252 4140 3538 4209 praesentis

1959 4229 2164 4298 saeculi,
2192 4246 2302 4302 quo
2339 4232 2499 4287 alieni
2540 4246 2727 4287 sumus
2762 4247 2792 4285 a
2826 4230 3035 4286 caelesti
3060 4229 3382 4286 Jerusalem.
3414 4230 3539 4288 Ideo

1957 4332 2151 4379 auctor
2174 4323 2333 4378 otilcii
2365 4324 2537 4378 nostri
2559 4325 3012 4395 septuagesimam
3043 4325 3224 4394 posuit
3252 4326 3307 4380 in
3338 4326 3539 4385 nostris

1956 4414 2171 4479 ciliciis,
2212 4421 2281 4467 ,ιη
2327 4412 2419 4468 illo
2462 4414 2517 4467 in
2566 4423 2807 4485 tempore
2845 4431 2876 4471 a
2914 4415 3122 4472 deliciis
3156 4416 3316 4489 hujus
3352 4419 3536 4474 mundi

1958 4504 2302 4569 abstinendo,
2349 4504 2759 4561 ostenderemus
2803 4507 2858 4561 in
2894 4514 3082 4562 nostra
3126 4509 3538 4564 conversatione

1958 4596 2193 4668 qualiter
2211 4610 2311 4666 per
2333 4605 2545 4666 tempus
2566 4595 2749 4651 δωρειΙὶ
2796 4599 2977 4653 virere
3020 4599 3251 4654 debeant
3281 4597 3531 4667 subjecti,

1956 4689 2050 4758 qui
2081 4696 2201 4759 post
2224 4688 2550 4757 baptismum
2599 4690 2838 4759 peccatis
2881 4704 2939 4745 se
2982 4688 3220 4745 alienant
3257 4705 3288 4745 a
3324 4691 3532 4747 caelesti

270 4773 588 4845 Babylonis,
627 4781 684 4829 et
710 4774 935 4844 reliqua.
971 4774 1013 4847 1-
1046 4773 1251 4830 Forsan
1287 4775 1522 4830 dictator
1569 4785 1855 4848 septuage-
1882 4804 1935 4863 Ι)
1960 4783 2280 4840 Jerusalem.
2327 4785 2567 4851 Agamus
2589 4784 2703 4839 dies
2745 4784 3085 4856 septuaginta
3120 4793 3179 4839 ut
3213 4786 3441 4856 captivis
3476 4785 3540 4842 in'

269 4864 437 4920 sima:
463 4864 612 4917 novit
651 4878 752 4934 per
777 4864 978 4919 Christi
1022 4864 1251 4936 gratiam
1295 4864 1455 4920 nobis
1498 4872 1724 4934 peccata
1767 4866 1852 4921 di-

269 4954 472 5019 missa,
522 4954 863 5025 septuaginta
910 4969 1080 5010 annos
1127 4956 1357 5011 mutavit
1397 4956 1545 5029 (quia
1578 4957 1632 5011 in
1663 4956 1856 5027 aliqui-

268 5044 387 5100 bus
422 5043 743 5099 criminibus
787 5044 1248 5100 communicamus
1276 5045 1443 5116 priori
1469 5044 1689 5117 p0pulo)
1727 5062 1853 5117 scp-

269 5133 528 5204 tuaginta
576 5133 789 5200 diebus,
836 5142 896 5187 ut
938 5133 1079 5203 quod
1122 5133 1197 5189 illi
1244 5135 1395 5190 inviti
1451 5136 1851 5203 sustinuerunt,

269 5224 409 5295 quia
442 5224 582 5278 servi
606 5232 781 5289 erant,
812 5239 912 5279 nos
939 5223 1243 5279 voluntarie
1267 5240 1364 5295 pro
1392 5227 1629 5293 peccatis
1655 5227 1856 5282 nostris

269 5316 647 5372 sustineamus
672 5355 688 5381 ,
727 5315 855 5385 quia
896 5314 1052 5370 liberi
1098 5330 1314 5380 sumus,
1365 5316 1678 5371 omittamus
1732 5330 1855 5371 eum

267 5408 365 5462 eis
388 5421 575 5462 vocem
604 5405 784 5478 gaudii
815 5415 870 5461 et
899 5405 1137 5462 hetitiae?
1172 5421 1358 5463 vocem
1399 5406 1582 5477 sponsi
1609 5415 1665 5463 et
1692 5422 1853 5479 spon-

268 5512 373 5559 σε.
400 5506 509 5552 etc.

350 5588 422 5643 Et
458 5589 789 5649 Zacharias:
816 5590 884 5646 In
912 5591 1017 5657 die,
1057 5592 1252 5662 inquit,
1290 5594 1538 5665 vigesima
1578 5604 1627 5650 et
1664 5605 1852 5667 quarta

154 5748 171 5760 ο
270 5680 549 5736 undecimi
576 5685 767 5739 nimis
792 5686 1015 5755 sabbati,
1047 5686 1103 5741 in
1135 5700 1274 5743 anno
1316 5686 1541 5744 secundo
1572 5686 1724 5745 Darii
1762 5688 1849 5762 fa-

1957 4875 2428 4947 peregrina‘tione,
2482 4874 2659 4929 luctus
2707 4874 3041 4946 paenitentia:
3087 4885 3433 4932 convertatur
3478 4878 3533 4933 in

1959 4966 2210 5037 gaudium
2234 4966 2290 5020 in
2316 4964 2712 5020 resurrectione
2738 4965 2970 5032 Domini,
3001 4980 3099 5036 per
3124 4982 3284 5037 quam
3312 4968 3535 5039 reverti-

1958 5070 2082 5110 mur
2103 5056 2169 5110 ad
2191 5052 2490 5111 Jerusalem
2516 5073 2529 5109 :
2561 5055 2641 5110 sic
2668 5062 2867 5122 tamen,
2892 5063 2953 5110 ut
2979 5072 3073 5111 sex
3104 5067 3393 5128 sequentes
3419 5048 3539 5113 dies

1959 5162 2066 5202 non
2100 5147 2335 5217 ligemur
2363 5146 2656 5217 cupiditate
2682 5146 2860 5217 aliqua
2885 5145 3225 5220 Babyloniam
3254 5147 3488 5204 civitatis
3514 5140 3541 5213 ;’

1959 5237 2055 5292 sed
2086 5237 2191 5291 iter
2215 5235 2671 5305 perambulemus,
2719 5244 2778 5291 ut
2809 5236 3039 5309 septima
3065 5236 3153 5294 die
3178 5238 3430 5293 veniente
3451 5237 3531 5290 in-

1957 5338 2161 5383 tremus
2189 5324 2464 5383 caelestem
2487 5324 2806 5383 Jerusalem.
2836 5325 3218 5384 Catechumeni
3250 5325 3342 5397 qui
3372 5338 3532 5393 super

1958 5417 2063 5472 hoc
2113 5415 2318 5488 alligati
2367 5424 2493 5472 sunt
2535 5414 2786 5488 originali
2829 5427 3074 5486 peccato,
3129 5415 3207 5470 illi
3247 5413 3533 5470 abluantur

1959 5523 2098 5579 aqua
2142 5504 2482 5578 baptismatis
2514 5506 2566 5562 in
2599 5506 3016 5573 resurrectione,
3059 5513 3113 5562 et
3139 5521 3239 5561 nos
3266 5503 3531 5576 paeniten-

1959 5600 2065 5655 tia:
2110 5607 2165 5653 et
2206 5598 2280 5653 illi
2321 5607 2377 5654 et
2410 5596 2522 5655 'nos
2571 5596 2626 5655 in
2681 5596 3077 5677 resurrectione
3121 5608 3533 5675 perseveremus

1958 5707 2128 5764 usque
2168 5692 2235 5749 ad
2288 5693 2499 5766 plenam
2545 5690 3020 5765 septuagesimam,
3063 5682 3119 5743 id
3166 5695 3270 5756 est,
3318 5695 3377 5743 ut
3421 5703 3531 5744 non
