3890 6180
527 275 634 334 993

1555 268 1890 325 AMAIABI!
1926 265 2361 326 PRESBYTER!
2399 265 2740 323 METENSIS

3614 274 3701 330 996

525 388 824 450 moriamur
848 381 1108 455 peccatis.
1153 381 1410 450 Quamvis
1455 379 1746 438 Persarum
1779 398 1873 438 rex
1901 383 2094 454 Cyrus,
2125 390 2172 448 Α
2202 384 2467 439 trahendo
2511 383 2712 438 dicitur
2756 381 3012 446 Tractus,
3069 398 3228 452 quem
3271 393 3490 442 tractum
3528 388 3699 447 istim.

523 484 885 551 cognomento
910 474 1181 538 Christus,
1209 473 1386 542 primo
1417 487 1562 527 anno
1597 475 1750 544 regni
1779 474 1862 529 sui
1892 474 2100 530 laxaret

523 567 815 621 maximam
840 570 1074 632 partem,
1101 561 1156 616 id
1181 569 1284 626 est,
1314 560 1706 632 quinquaginta
1734 561 1900 616 millia
1929 562 2100 619 ferme

523 654 804 709 hominum
846 651 1177 722 captivitatis
1222 649 1434 706 Iudaici
1471 651 1654 721 populi
1685 652 1752 706 de
1779 652 2094 724 Babylonia,

523 757 702 799 tamen
743 741 1174 812 septuagesimus
1215 753 1392 795 annus
1433 740 1776 810 protenditur
1814 756 1989 811 usque
2028 742 2098 797 ad

521 831 819 889 secundum
860 830 1010 885 Darii
1059 844 1281 895 annum,
1327 837 1391 884 ut
1432 828 1548 884 vult
1590 829 1854 886 Eusebius
1901 837 2093 886 testem

524 923 789 981 adhibens
806 922 1124 978 Zachariam
1144 921 1486 992 prophetam,
1509 921 1652 990 apud
1671 935 1830 990 quem
1853 904 2094 976 secundo

517 1015 663 1072 Darii
706 1029 850 1070 anno
886 1013 1126 1083 loquitur
1161 1011 1398 1083 Angelus
1425 1028 1439 1064 :
1470 1011 1694 1066 Domine
1730 1012 2092 1076 exercituum,

515 1123 782 1178 usquequo
825 1116 882 1160 tu
923 1121 1027 1160 non
1069 1104 1392 1159 misereberis
1429 1103 1747 1170 Jerusalem,
1789 1114 1838 1159 et
1884 1105 2093 1159 urbium

512 1193 549 1250 J
555 1196 682 1260 uda,
704 1195 891 1266 quibus
912 1195 1078 1248 iratus
1109 1194 1204 1249 es?
1230 1192 1341 1248 Iste
1361 1194 1772 1263 septuagesimus
1797 1211 1970 1250 annus
1995 1204 2090 1249 est.

587 1289 666 1346 De
712 1288 834 1344 istis
881 1289 1223 1360 septuaginta
1270 1287 1428 1342 annis
1473 1287 1604 1342 dicit
1652 1288 1985 1359 Augustinus
2036 1289 2092 1345 in

519 1375 659 1438 libro
702 1379 772 1434 de
817 1378 1072 1434 Doctrina
1127 1377 1434 1434 Christiana
1482 1379 1646 1434 tertio
1689 1396 1704 1434 :
1753 1379 1986 1436 Possunt
2038 1389 2096 1437 et

512 1470 860 1541 septuaginta
897 1469 1024 1523 anni
1066 1467 1315 1524 Jeremiae
1345 1469 1647 1539 prophetae,
1697 1484 1798 1538 pro
1841 1471 2095 1527 universo

514 1569 758 1630 tempore
807 1558 1165 1630 spiritualiter
1212 1559 1409 1628 accipi,
1457 1575 1565 1629 quo
1597 1569 1685 1615 est
1713 1562 1854 1631 apud
1887 1561 2096 1618 alienos

511 1651 776 1708 Ecclesia.
815 1653 881 1707 Et
917 1653 1113 1707 iterum
1138 1651 1280 1706 idem
1309 1651 1365 1705 in
1393 1652 1713 1708 duodecimo
1735 1652 1877 1708 libro
1901 1662 2093 1709 contra

2199 475 2277 529 vit
2309 472 2600 544 Apostolus
2645 473 2847 528 Paulus
2892 473 3112 539 dicens,
3165 474 3234 529 In
3275 475 3628 546 longanimitate
3661 489 3700 535 et

2197 563 2477 617 suauitate.
2538 562 2607 617 Et
2660 563 2897 619 trahitur
2938 571 3144 619 tractus
3189 573 3245 621 et
3293 567 3466 624 suavis
3515 578 3590 625 est
3627 583 3700 627 ω-

2197 652 2370 712 ribus.

2265 743 2518 810 Alleluia,
2553 753 2777 815 propter
2805 745 3068 804 honorem
3097 736 3157 804 et
3189 747 3508 805 latitudinem
3548 749 3700 820 prima

2195 831 2392 902 linguae
2426 834 2742 904 praeclarius
2776 845 2883 892 est.
2914 834 3270 906 Hieronymus
3297 837 3348 892 in
3375 837 3549 892 Isaiam
3567 839 3599 892 ι.
3631 841 3698 894 ll.

2194 921 2276 976 Ad
2327 924 2789 996 comparationem
2843 924 2992 980 enim
3040 925 3235 995 lingua:
3279 925 3572 992 Hebraicn,
3613 935 3700 984 tam

2194 1007 2368 1066 Grieci
2415 1026 2578 1082 quam
2628 1011 2808 1068 Latini
2855 1014 3124 1070 sermonis
3173 1013 3352 1086 lingua
3397 1031 3576 1085 pauper
3618 1025 3696 1072 est.

2193 1094 2496 1170 Pauperem
2535 1101 2771 1172 linguam
2807 1102 2865 1158 iu
2907 1104 3233 1175 supradictis
3276 1105 3452 1162 diebus
3493 1105 3698 1174 frequen-

2194 1197 2394 1256 tamus,
2423 1191 2564 1247 Laus
2591 1191 2709 1258 tibi,
2738 1191 2984 1258 Domine,
3024 1209 3122 1248 rex
3155 1203 3368 1249 aeterna:
3392 1194 3570 1263 gloria.
3591 1195 3698 1254 Dicit

2193 1279 2432 1351 psalmus
2459 1300 2470 1334 :
2505 1281 2780 1348 Quomodo
2829 1283 3160 1339 cantabimus
3194 1285 3444 1340 canticum
3462 1285 3697 1338 Dominiia

2193 1379 2334 1425 terra
2355 1369 2568 1426 aliena:
2596 1371 2846 1438 Alleluia,
2883 1381 2938 1428 et
2964 1371 3148 1428 Gloria
3186 1374 3242 1428 in
3275 1373 3508 1438 excelsis,
3531 1374 3698 1430 cantica

2193 1459 2436 1516 cmlestia
2480 1469 2624 1516 sunt.
2667 1461 2820 1518 Unde
2867 1461 3104 1520 Joannes
3149 1464 3206 1520 iu
3248 1463 3699 1535 Apocalypsisz

2194 1551 2310 1607 ιιωο
2335 1552 2515 1607 audivi
2554 1553 2710 1621 quasi
2751 1569 2940 1609 vocem
2973 1571 3228 1627 magnam
3261 1557 3520 1612 turbaru
3545 1554 3696 1610 multa-

2194 1658 2315 1700 rum
2343 1644 2398 1698 in
2421 1644 2561 1699 cmlo
2580 1645 2875 1701 dicentium
2896 1645 3150 1701 Alleluia.
3176 1647 3252 1702 De
3273 1647 3430 1718 gloria
3452 1648 3499 1700 in
3518 1646 3695 1702 excelsis

510 1743 770 1799 Faustum
799 1760 811 1797 :
841 1743 975 1798 Nam
1006 1743 1151 1814 quod
1181 1743 1347 1798 etiam
1389 1753 1514 1813 post.
1551 1745 1890 1816 septuaginta
1919 1762 2090 1803 annos
2117 1729 2165 1790 B
2194 1731 2304 1787 Deo
2323 1732 2454 1788 nulli
2480 1734 2701 1790 dubium
2731 1735 2860 1804 quin
2889 1736 3225 1808 Angelorum
3259 1746 3442 1794 cantus
3461 1738 3540 1793 sit.
3565 1735 3696 1806 Opor-

511 1835 811 1890 mundum
841 1834 1084 1904 ejusdem
1112 1832 1362 1889 ιθι-οιηίω
1390 1836 1754 1906 prophetiam,
1790 1837 2000 1892 manu,
2020 1852 2088 1894 ex
2192 1829 2268 1876 tet
2301 1824 2444 1902 enim
2472 1839 2570 1880 nos
2595 1825 2872 1893 sedentes,
2898 1826 2952 1882 id
2981 1836 3087 1893 est,
3119 1829 3443 1896 humiliatos,
3471 1844 3605 1897 supra
3623 1828 3694 1884 llu-

508 1923 825 1994 captivitate
849 1933 905 1980 et
935 1923 1194 1993 templum
1217 1932 1510 1980 renovatur
1539 1941 1552 1978 :
1582 1925 1705 1994 quis
1735 1925 1908 1982 ﬁdelis
1934 1927 2091 1982 Chri-

506 1993 716 2068 stianus
761 1993 870 2067 non
915 2013 1196 2085 intelligat,
1243 2022 1368 2083 post
1402 1993 1617 2069 evoluta
1656 2022 1922 2085 tempora,
1970 2033 2090 2086 qua:

507 2105 806 2176 septenarii
850 2106 1058 2162 dierum
1095 2106 1306 2160 numeri
1344 2107 1665 2176 repetitione
1712 2114 2092 2165 transcurrunt

507 2197 669 2252 etiam
702 2196 880 2262 nobis,
914 2195 966 2252 id
989 2203 1091 2261 est,
1123 2195 1381 2252 Ecclesiae
1400 2196 1517 2263 Dei,
1543 2197 1612 2252 ad
1634 2195 1781 2254 illam
1810 2198 2088 2256 cmlestem

509 2284 809 2343 Ierusalem
846 2302 914 2343 es
954 2285 1116 2358 hujus
1157 2289 1338 2344 seculi
1381 2291 1818 2361 peregrinatione
1861 2293 2089 2350 redeun-

508 2378 670 2436 dum?
715 2394 814 2448 per
845 2393 1030 2450 quem,
1067 2380 1174 2436 nisi
1202 2395 1301 2449 per
1327 2379 1512 2436 Jesum
1539 2380 1816 2438 Christum
1842 2398 1971 2439 vere
1995 2399 2086 2439 sa.-

507 2471 781 2528 eerdotem
827 2485 1082 2542 magnum
1122 2471 1278 2542 cujus
1306 2471 1537 2541 ﬁguram
1558 2474 1785 2544 gerebat
1812 2474 1903 2531 ille
1925 2473 2087 2532 Iesus

508 2561 762 2618 sacerdos
787 2575 1018 2633 magnus
1042 2561 1186 2618 illius
1211 2563 1484 2634 temporis,
1509 2579 1619 2634 quo
1645 2565 1903 2635 templum
1921 2567 2088 2622 editi-

505 2666 688 2713 catum
726 2664 810 2714 est
836 2667 959 2727 post
985 2657 1399 2727 captivitatem:
1428 2674 1556 2714 nam
1587 2666 1644 2716 et
1670 2673 1928 2715 numerus
1952 2675 2087 2730 pras-

504 2761 633 2804 sens
663 2763 695 2803 a
717 2749 1124 2820 septuagesima
1167 2750 1254 2824 die
1299 2765 1472 2819 usque
1509 2751 1566 2806 in
1603 2749 1832 2816 Pascha,
1872 2751 2084 2810 Domini

508 2836 850 2894 alliictionem
870 2847 926 2895 et
945 2839 1329 2894 abstinentiam
1349 2841 1640 2910 quamdam
1665 2842 1897 2898 intimat.
1923 2843 2088 2900 Sena.

508 2930 655 3000 ginta
696 2931 813 2986 dies
840 2939 971 2987 sunt
1015 2946 1048 2986 a
1089 2932 1512 3002 septuagesima,
1540 2948 1711 3002 usque
1738 2935 1806 2990 ad
1833 2943 2083 3004 quartam

505 3018 701 3076 feriam
741 3028 868 3075 ante
912 3035 1126 3076 caenam
1172 3021 1412 3087 Domini,
1462 3036 1562 3092 per
1607 3023 1752 3079 hunc
1795 3038 2080 3082 numerum

511 3111 700 3176 vidum,
723 3127 843 3182 quae
865 3112 920 3167 in
945 3127 1139 3184 magna
1165 3113 1514 3192 tribulatione
1535 3123 1680 3182 sunt,
1705 3116 2076 3188 designantur.

505 3202 679 3271 Quam
705 3204 1112 3259 tribulationem
1143 3213 1200 3261 et
1235 3203 1580 3262 aﬂlietionem
1624 3217 1892 3264 monstrat
1933 3225 2081 3266 com—

504 3301 666 3363 putus
695 3294 1006 3365 digitorum,
1045 3293 1138 3363 qui
1180 3305 1538 3351 memoratum
1580 3312 1866 3353 numerum
1901 3302 2080 3370 expri-

503 3387 606 3441 mit
631 3386 812 3444 indice
847 3386 1187 3456 superposito
1233 3386 1438 3457 pollici.
1467 3388 1606 3445 Tres
1629 3389 1744 3446 dies
1766 3391 1858 3460 qui
1886 3406 2076 3462 super—

502 3485 633 3534 sunt
676 3491 848 3547 usque
886 3477 956 3532 ad
997 3478 1457 3534 resurrectionem
1507 3479 1720 3534 Domini
1770 3482 2079 3542 triduanum

497 3567 785 3642 jejunium,
815 3567 961 3638 quod
999 3569 1296 3625 secundum
1337 3568 1693 3640 Septuaginta
1731 3570 2076 3641 interpretes,

501 3659 754 3715 Ninivita:
779 3669 1162 3727 exercuerunt,
1199 3661 1504 3732 designant.
1537 3661 1605 3717 Ut
1640 3672 1864 3732 peccata
1893 3675 2078 3722 nostra

501 3765 600 3818 pro
626 3749 825 3820 quibus
852 3748 1158 3819 allligimur,
1199 3750 1255 3806 in
1283 3751 1676 3808 clariﬁcatioue
1724 3756 2080 3810 resurrectio-

501 3838 589 3892 nis
635 3836 849 3892 Domini
895 3837 1235 3905 aboleantur,
1267 3855 1492 3896 necesse
1518 3849 1606 3906 est
1631 3841 1810 3897 triduo
1836 3847 2076 3915 compati

502 3926 662 3980 morti
689 3924 911 3979 Christi.
941 3924 1070 3980 Post
1104 3927 1249 3982 enim
1287 3926 1402 3997 jam
1444 3931 1745 3998 regenerati
1796 3932 1851 3987 in
1895 3935 2078 3993 anima

501 4031 600 4086 per
640 4015 1040 4085 paenitentiam,
1083 4016 1335 4088 sive‘per
1374 4018 1724 4090 baptismum,
1773 4023 1829 4078 in
1873 4024 2079 4084 Christi

502 4106 934 4174 resurrectione;
984 4108 1349 4178 congratulari
1395 4119 1612 4180 oportet
1644 4129 1818 4184 usque
1864 4116 1932 4170 ad
1987 4131 2076 4171 re-

499 4200 706 4268 quiem,
755 4215 877 4270 quie
923 4208 1044 4271 post
1091 4199 1231 4256 hanc
1272 4202 1439 4257 vitam
1477 4203 1712 4260 donatur
1742 4206 1796 4261 in
1825 4207 2072 4264 sabbato.

503 4289 794 4359 Sexaginta
823 4289 941 4346 dies
963 4288 1282 4346 viduitatem
1311 4300 1556 4348 nostram
1585 4294 1742 4350 nobis
1771 4296 1841 4350 ad
1870 4312 2076 4353 memo-

501 4379 639 4434 riam
678 4379 959 4445 redueunt,
1004 4394 1110 4449 qua
1149 4380 1562 4452 peregrinamur
1590 4397 1622 4437 a
1651 4382 1900 4443 Domino.
1939 4385 2073 4442 Tres

499 4471 615 4526 dies
643 4469 734 4539 qui
764 4478 1078 4541 supersunt,
1106 4472 1579 4528 mortiﬁcationem
1609 4486 1808 4532 nostra:
1835 4476 2071 4533 delecta-

500 4556 684 4623 tionis,
712 4566 896 4623 utnon
924 4561 1236 4616 irretiamur
1275 4563 1482 4619 retibus
1519 4564 1679 4634 hujus
1715 4567 1922 4632 mundi,
1952 4582 2072 4636 qua:

496 4647 675 4704 solent
725 4665 824 4705 nos
873 4650 1086 4704 irretire
1121 4665 1220 4720 per
1252 4655 1749 4725 concupiscentiam
1777 4659 1978 4721 carnis,
2015 4667 2071 4714 ct

470 4790 475 4802 ν,
499 4750 597 4805 per
623 4740 1116 4808 concupiscentiam
1157 4742 1459 4812 oculorum,
1504 4755 1560 4803 et
1586 4749 1894 4818 superbiam
1919 4751 2066 4807 vitae.

497 4827 568 4878 At
603 4827 656 4880 in
684 4843 776 4882 sex
817 4829 1006 4885 diebus
1033 4832 1126 4901 qui
1155 4843 1444 4904 supersunt
1471 4851 1641 4906 usque
1667 4837 1732 4892 ad
1755 4838 2064 4908 sabbatum,

499 4909 638 4963 bona
690 4926 854 4981 opera
898 4915 1230 4984 recoluntur,
1267 4936 1387 4989 qua:
1435 4922 1694 4977 debemus
1733 4926 1971 4992 operari,
2011 4936 2071 4984 ut

499 5013 606 5052 non
637 5000 708 5053 sit
736 5015 903 5056 vacua
934 5005 1124 5061 domus
1163 5017 1347 5064 nostra
1392 5009 1446 5062 in
1489 5009 1736 5077 sabbato,
1783 5013 1837 5068 id
1877 5024 1984 5080 est,
2013 5017 2068 5072 in

499 5090 686 5157 requie
713 5089 1014 5147 animarum
1038 5094 1292 5163 perfecta:
1321 5097 1557 5153 libertati
1592 5101 1888 5158 reddimur.
1912 5102 2066 5161 lere-

495 5181 636 5234 ini-as
661 5182 908 5251 superius
933 5185 1168 5240 ostendit
1213 5186 1348 5242 velle
1386 5203 1484 5244 nos
1526 5189 1812 5246 Dominum
1853 5209 2068 5251 cessare

494 5287 528 5323 a
550 5285 680 5325 voce
704 5270 885 5342 gaudii
909 5271 1147 5342 quandiu
1171 5275 1223 5329 in
1242 5275 1514 5346 Babylone
1537 5277 1821 5348 fuerimus,
1845 5283 2059 5340 dicens:

495 5361 565 5415 Et
593 5378 798 5418 cessare
836 5363 1028 5433 faciam
1068 5382 1101 5419 α
1130 5367 1269 5422 vobis
1307 5385 1482 5424 uocent
1525 5372 1707 5441 gaudii
1750 5383 1799 5428 et
1845 5373 2059 5432 (milite.

492 5454 834 5525 Quapropter
875 5455 1098 5512 Alleluia
1143 5460 1197 5514 in
1245 5459 1337 5516 illo
1381 5469 1624 5533 tempore
1663 5481 1772 5522 non
1811 5477 2065 5524 cantamr

493 5546 635 5612 apud
663 5561 777 5608 nos,
809 5554 866 5602 et
892 5547 1238 5607 dulcissimus
1266 5552 1499 5622 hymnus
1543 5554 1894 5626 Angelorum,
1937 5557 2064 5613 Clo-

495 5633 575 5685 ria
625 5635 675 5689 in
727 5637 956 5695 excelsis
1007 5641 1136 5710 Deo,
1189 5643 1284 5700 sed
1327 5652 1532 5707 tractus
1573 5662 1674 5717 pro
1718 5647 1966 5718 Alleluia,
2031 5668 2060 5704 a

2108 3073 2152 3136 C

2098 4433 2150 4492 D

2190 1915 2336 1972 mina
2363 1910 2655 1989 Babylonis
2683 1917 2834 1986 ﬂere,
2877 1920 3007 1978 dum
3046 1923 3394 1978 recordamur
3408 1922 3558 2000 .Sion.
3591 1921 3694 1976 Sunt

2189 2011 2281 2080 qui
2303 2009 2537 2080 primam
2560 2011 2955 2069 hebdomadam
2990 2017 3401 2086 septuagesima:
3430 2016 3532 2072 sine
3555 2014 3692 2082 aliquo

2189 2100 2421 2156 articulo
2478 2103 2702 2162 novella:
2758 2106 3199 2162 conversationis
3251 2108 3476 2172 ducunt,
3519 2115 3690 2174 excepta

2190 2193 2490 2250 mutatione
2514 2193 2743 2252 Alleluia
2780 2206 2840 2250 et
2867 2197 2923 2250 in
2956 2197 3238 2268 aliquibus
3271 2198 3398 2254 locis
3430 2197 3689 2252 Dalmatica-

2189 2305 2311 2344 rum
2354 2298 2412 2344 et
2447 2290 2858 2348 intermissione
2891 2292 3072 2348 Gloria
3118 2293 3178 2348 in
3209 2293 3430 2350 excelsis
3457 2291 3566 2346 Deo.
3587 2288 3632 2343 Si
3653 2287 3690 2341 id

2189 2396 2576 2453 usquequaque
2605 2383 2944 2450 observetur,
2983 2394 3078 2440 aut
3117 2385 3307 2452 modo,
3344 2385 3490 2440 sicuti
3514 2380 3691 2436 vidisti-

2187 2474 2430 2544 quande,
2452 2475 2658 2530 nescio.
2676 2473 2788 2537 Per.
2803 2491 2904 2531 ιιι
2934 2491 3106 2532 annos
3139 2477 3600 2547 captivitatis,quos
3617 2484 3690 2526 nos

2188 2573 2467 2620 mutamus
2497 2581 2600 2620 us
2637 2567 2831 2622 diebus
2864 2567 3144 2638 jejunium
3189 2577 3306 2624 erat
3347 2568 3474 2640 apud
3512 2565 3688 2620 ludam

2189 2652 2343 2710 Unde
2386 2655 2649 2710 Dominus
2673 2671 2772 2727 per
2804 2657 3132 2714 Zachariam
3165 2680 3180 2716 :
3210 2647 3341 2717 Cum
3362 2658 3633 2732 jejunamtis
3651 2662 3690 2709 et

2187 2743 2516 2818 plangeretis
2561 2762 2660 2818 per
2701 2764 2806 2804 Mt!
2844 2763 3040 2816 annos,
3071 2753 3318 2823 nunquid
3337 2751 3567 2822 jejunium
3581 2747 3686 2818 jejuo

2187 2839 2361 2894 uastis
2384 2837 2552 2894 mihi?
2581 2836 2758 2895 Graeci
2780 2840 3086 2910 proximam
3109 2842 3484 2900 hebdomadam
3502 2836 3684 2894 sanctiﬁ-

2186 2936 2314 2983 eant
2337 2943 2438 2984 suo
2452 2928 2677 3000 jejunio.

2257 3016 2456 3074 Clerici
2491 3028 2672 3076 autem
2719 3023 2892 3078 nostri
2936 3029 3188 3094 (auctore
3232 3027 3528 3098 Telesphqu
3564 3035 3680 3092 papa.

2182 3109 2276 3178 qui
2307 3111 2591 3168 constituit
2617 3122 2823 3182 septem
2859 3114 3320 3175 hebdomadarum
3341 3115 3570 3186 jejunium
3590 3117 3683 3164 ante

2182 3197 2415 3270 Pascha)
2459 3200 2624 3256 etiam
2666 3216 2802 3257 suo:
2834 3201 3154 3274 Praceptor
3182 3216 3355 3262 tamen
3391 3204 3527 3260 οωάὶ
3553 3198 3681 3257 nostri

2183 3290 2501 3359 ampliorem
2527 3291 2880 3348 mutationem
2910 3295 3168 3362 requirit,
3195 3311 3352 3366 quam
3378 3307 3597 3365 agamus:
3617 3302 3681 3342 oo-

2181 3379 2366 3449 vitque
2412 3379 2771 3450 Augustinum
2805 3381 3084 3439 dicentem
3127 3386 3183 3440 in
3224 3385 3358 3440 libro
3387 3375 3679 3452 Qumstionnu

2180 3471 2628 3543 Evangelicarum
2661 3492 2673 3528 :
2702 3473 2972 3544 Jejunium
3017 3487 3118 3534 aut
3162 3479 3217 3534 in
3268 3477 3571 3535 tribulatione
3602 3478 3677 3530 est.

2179 3570 2273 3616 aut
2304 3563 2357 3618 in
2394 3564 2594 3634 gaudio
2622 3581 2634 3617 :
2664 3564 2718 3618 in
2755 3564 3109 3621 tribulatione
3135 3568 3204 3624 ad
3231 3564 3584 3638 propitiandum
3603 3560 3677 3613 Do-

2179 3652 2384 3708 minum
2415 3668 2513 3722 pro
2540 3655 2809 3722 peccatis;
2837 3655 2892 3709 in
2919 3657 3124 3726 gaudio
3148 3675 3296 3726 vero,
3323 3673 3436 3715 cum
3461 3662 3584 3710 tanto
3605 3649 3676 3703 mi-

2179 3757 2282 3796 nus
2309 3743 2586 3800 delectant
2608 3745 2868 3812 carnalia,
2891 3754 3102 3816 Quanto
3129 3749 3436 3822 spiritalium
3465 3742 3677 3811 majorest

2177 3830 2394 3899 sagitta.

2249 3921 2648 3978 Constitutione
2701 3920 2865 3978 ollicii
2917 3924 3001 3980 sui
3059 3925 3240 3996 ipsum
3283 3923 3542 3995 jejunium.
3573 3911 3676 3984 (Ινοδ

2176 4012 2330 4084 prius
2388 4012 2593 4068 dictum
2648 4021 2764 4078 est,
2827 4014 3106 4069 intimavit.
3163 4017 3218 4070 in
3273 4015 3436 4085 prima
3489 4006 3676 4064 oratione

2177 4103 2374 4170 Μίδεω,
2423 4105 2612 4160 dicens
2639 4121 2652 4158 :
2682 4112 2744 4159 ut
2763 4104 2856 4176 qui
2875 4105 3026 4176 juste
3052 4121 3157 4176 pro
3184 4105 3413 4176 peccatis
3435 4097 3600 4156 nostris
3618 4089 3676 4146 Il-

2175 4193 2436 4265 ﬂigimnr.

2242 4288 2343 4343 llic
2372 4287 2517 4343 enim
2571 4287 2915 4344 alllictionem
2970 4297 3153 4345 sonat.
3201 4287 3258 4343 ln
3301 4284 3503 4342 introitu
3534 4275 3674 4372 dicit:

2175 4378 2641 4432 Circumdederunt
2692 4395 2777 4434 me
2824 4380 3047 4450 gemitus
3077 4381 3279 4442 mortis,
3317 4375 3502 4430 dolores
3528 4366 3674 4435 inferni

2179 4469 2628 4523 circumdederunt
2660 4485 2762 4524 me.

2248 4558 2580 4628 Augustinus
2622 4559 2675 4614 in
2719 4559 2943 4630 psalmis
2968 4578 2979 4613 :
3010 4559 3068 4614 ln
3099 4561 3187 4618 his
3212 4559 3305 4629 qui
3330 4571 3410 4613 me
3433 4544 3676 4640 circumdet

2176 4648 2394 4711 derunt,
2429 4656 2487 4704 ut
2525 4648 2834 4718 perderent,
2865 4658 3022 4704 erant
3048 4650 3264 4705 dolores
3293 4641 3581 4703 invidentia.
3604 4646 3672 4702 (ιω

2174 4745 2405 4791 mortem
2432 4745 2749 4806 aperantur,
2782 4737 3192 4808 perducuutque
3218 4738 3284 4792 ad
3315 4735 3552 4790 internum
3574 4736 3672 4794 pec-

2172 4829 2300 4884 cati.
2352 4827 2582 4899 Propter
2611 4829 2712 4884 hos
2732 4829 2947 4884 dolores
2997 4845 3105 4884 non
3148 4840 3425 4898 possumus
3471 4815 3672 4875 ιεωτία

2174 4922 2350 4977 Securi
2377 4935 2534 4986 esse;
2561 4920 2655 4975 sed
2686 4934 2994 4990 prmparare
3020 4921 3275 4976 debemus
3303 4931 3396 4972 nos
3417 4914 3476 4968 ad
3499 4907 3669 4964 bellum.

2172 5022 2234 5066 ut
2261 5010 2586 5082 Apostolus:
2613 5010 2798 5064 Omnis
2842 5021 3039 5077 autem,
3085 5011 3281 5081 inquit,
3333 5007 3418 5078 qui
3463 5003 3510 5057 in
3546 5004 3671 5066 ιςοικ

2171 5100 2457 5166 contendit,
2486 5100 2552 5154 ab
2577 5100 2816 5155 omnibus
2844 5118 2899 5156 se
2930 5101 3172 5156 abstinet.

2239 5189 2382 5244 Dicit
2417 5189 2736 5245 Ambrosius
2763 5208 2776 5244 :
2801 5190 2883 5246 Ab
2925 5191 3012 5246 his
3049 5189 3315 5253 omnibus,
3351 5198 3462 5256 qua:
3498 5169 3668 5232 vim

2170 5281 2356 5337 eadem
2387 5281 2550 5336 tradit
2574 5282 2877 5351 disciplina,
2915 5297 3036 5337 cum
3062 5282 3237 5335 sciant
3269 5293 3425 5334 uinum
3449 5277 3666 5365 eorum?

2169 5374 2339 5428 dum:
2369 5375 2583 5444 quando
2622 5376 2799 5446 magis
2838 5375 3230 5432 observandum
3275 5372 3419 5430 nobis
3454 5374 3530 5423 est

2168 5466 2420 5520 omnibus
2453 5467 2722 5536 promissa
2751 5473 2836 5521 est
2866 5466 3047 5522 salus?
3083 5466 3208 5520 llrec
3241 5460 3497 5531 disciplina
3524 5449 3664 5536 milii?

2168 5556 2270 5610 lius
2317 5533 2596 5614 nota—est.
2645 5558 2720 5612 Es
2751 5556 2937 5613 multis
2982 5558 3156 5626 aliqua
3199 5555 3350 5610 nobis
3375 5533 3658 5620 propleMla

2169 5655 2315 5710 sunt,
2339 5661 2459 5715 quin
2487 5647 2564 5719 ad
2584 5647 2964 5703 abstinentiam
2987 5646 3189 5702 militia:
3213 5653 3400 5698 nostra
3423 5632 3660 5709 pertinaci-
