3890 6180
360 254 466 313 999

1387 229 2211 292 AMALARILPRESBYTERL
2229 229 2572 286 METENSIS

3475 231 3608 287 1000

360 376 523 425 aetate
545 377 680 438 gens
716 361 807 418 illa
846 357 1086 416 caelestis
1109 355 1214 410 ilde
1240 353 1463 424 inclyta,
1493 367 1661 424 regno
1687 349 1853 406 David
1879 355 1931 402 et
1960 350 2007 409 Α
2035 343 2403 438 septiformc_m
2445 341 2694 438 spiritum
2733 340 2906 411 legem
2943 339 3214 438 implendo
3254 341 3332 438 ad
3367 356 3610 402 resurre-

361 457 669 516 Solomonis
704 453 936 526 gloriosa
965 447 1151 517 templi
1178 447 1345 501 etiam
1390 441 1719 499 sanctissimi
1748 439 1933 493 altitu-

361 552 506 614 dine,
540 555 710 603 totum
735 541 1124 599 nobilitabatur
1158 539 1215 593 in
1242 537 1428 592 orbem
1457 554 1472 590 :
1504 535 1564 594 In
1593 540 1780 588 nostra
1808 544 1936 586 vero

361 649 555 712 quarta
597 637 734 691 feria
783 633 1086 702 triumphat
1127 629 1320 694 David,
1367 628 1459 697 qui
1509 627 1641 681 vicit
1685 624 1935 712 leonem:

347 711 618 788 Salomon
661 735 927 789 aeternus,
975 721 1236 792 paciﬁcus
1285 725 1502 790 regnat,
1551 717 1617 772 de
1663 729 1771 784 quo
1806 711 1942 768 dicit

362 819 694 893 Apostolus:
737 817 977 872 Christus
1022 828 1296 884 resurgens
1334 828 1372 864 -α
1400 808 1645 873 mortuis,
1681 808 1800 877 jam
1836 820 1941 859 non

361 913 623 965 moritur:
649 923 790 962 mors
820 905 902 960 iui
937 903 1082 960 ultra.
1113 919 1216 957 non
1246 899 1627 956 dominabitur.
1658 896 1940 966 Templum

363 998 598 1055 aedificat
644 996 1042 1052 nobilissimum
1074 993 1186 1048 Deo
1233 991 1377 1062 patri
1428 991 1521 1060 qui
1568 989 1815 1045 dicturus
1858 995 1944 1042 est

364 1089 491 1152 fine,
531 1085 731 1150 Venite,
771 1083 1029 1142 benedicti
1071 1081 1238 1152 patris
1277 1080 1402 1144 mei,
1444 1077 1702 1149 possidete
1734 1092 1946 1147 prepa-

367 1187 544 1232 ratum
577 1176 719 1231 vobis
749 1189 965 1244 regnum
1004 1170 1068 1224 ab
1106 1170 1258 1223 initio
1289 1167 1491 1223 mundi.
1520 1166 1603 1222 Ad
1635 1165 1689 1220 id
1717 1179 1946 1235 regnum

364 1260 460 1339 per
505 1265 902 1336 sexagesimum
952 1276 1054 1318 nos
1105 1265 1324 1330 oportet
1381 1271 1624 1316 currere.
1681 1255 1946 1311 Senarius

365 1359 509 1414 enim
550 1369 819 1416 numerus
859 1353 1107 1424 partibus
1156 1350 1273 1405 suis
1322 1354 1699 1418 computatus,
1736 1345 1952 1417 primus

367 1447 638 1518 perfectus
665 1451 745 1499 est
776 1450 930 1498 sexta
970 1456 1138 1496 unum
1172 1439 1332 1496 tertia
1358 1438 1480 1502 duo,
1511 1436 1767 1492 meridies
1793 1436 1944 1490 tria:

367 1552 533 1591 unum
565 1535 709 1590 enim
738 1541 793 1589 et
812 1533 922 1588 duo
956 1541 1011 1586 et
1033 1532 1140 1586 tria
1165 1545 1262 1586 sex
1291 1528 1516 1584 faciunt.
1550 1527 1651 1584 Hic
1687 1540 1949 1583 numerus

369 1623 755 1695 perfectionem
776 1622 1129 1677 demonstrat.
1155 1619 1297 1674 Beda
1321 1618 1460 1674 libro
1485 1618 1552 1673 de
1577 1617 1942 1686 temporibus:

2039 437 2295 488 ctionem.
2329 433 2466 488 Tres
2503 433 2702 502 gradus
2751 439 2878 486 sunt
2915 432 3079 485 trium
3125 432 3452 499 ciliciorum,
3483 451 3612 506 quos

2037 526 2312 580 infiximus
2351 539 2523 594 usque
2561 524 2628 578 ad
2664 524 2808 578 hunc
2855 522 3054 577 locum.
3106 523 3323 581 Primus
3379 529 3617 585 continet

2035 614 2316 683 planctum
2351 613 2687 682 captivorum
2723 612 2817 681 qui
2853 626 2978 666 esse
3015 611 3203 667 nolunt
3251 613 3358 668 sub
3381 614 3614 672 dominis

2042 704 2325 766 vitiorum,
2371 701 2641 757 secundus
2695 701 3027 757 voluntatem
3065 702 3205 774 fugae
3243 704 3611 773 demonstrat;

2040 793 2334 850 dummodo
2358 793 2627 863 propitius
2653 791 2916 848 Dominus
2939 793 3070 847 velit
3103 808 3200 849 eos
3227 797 3530 866 suscipere,
3558 813 3618 852 ac

2038 905 2151 944 non
2175 902 2208 942 ι
2233 902 2296 943 se
2323 887 2605 958 repellere.
2633 887 2852 942 Tertius
2875 888 3163 944 consilium
3189 890 3320 960 agit,
3348 894 3618 961 quomodo

2041 977 2232 1048 fugiat,
2263 991 2596 1046 praesumens
2620 975 2734 1044 jam
2765 977 2832 1031 de
2860 979 3226 1047 susceptione,
3258 981 3460 1036 bonum
3492 997 3619 1036 mn-

2043 1068 2224 1125 silium
2269 1067 2588 1138 adipiscitur
2617 1067 2772 1137 juxta
2817 1069 2983 1122 verba
3012 1069 3270 1124 lntroitus
3291 1087 3308 1122 :
3341 1070 3473 1124 Esto
3494 1073 3620 1127 mihi

2040 1162 2098 1217 in
2119 1145 2289 1216 Deum
2309 1170 2674 1232 protectorem.
2711 1159 2769 1215 Si
2796 1161 2918 1231 quis
2947 1161 3113 1216 tacito
3135 1160 3220 1216 vel
3249 1161 3482 1216 verbosa
3509 1176 3620 1216 ser-

2042 1267 2205 1308 mone
2217 1251 2449 1306 vetuerit
2473 1249 2596 1313 fari,
2615 1265 2720 1304 non
2748 1257 2811 1305 ut
2831 1258 3053 1316 caetera,
3069 1264 3191 1321 qua:
3219 1251 3274 1305 in
3305 1252 3619 1306 memoratis

2044 1340 2206 1397 cilicii
2244 1341 2617 1406 continentur,
2657 1341 2731 1394 ita
2767 1341 2942 1410 aptari
2990 1341 3045 1395 in
3083 1342 3162 1397 eis
3199 1343 3454 1412 gradibus
3489 1356 3620 1412 quo-

2047 1429 2210 1485 modo
2237 1438 2512 1499 excerpta,
2540 1429 2734 1486 volabo
2755 1430 2822 1484 ad
2850 1431 3139 1500 quamdam
3167 1434 3418 1487 arborem
3442 1432 3622 1504 Auge:

2047 1520 2279 1586 stiuum,
2313 1519 2618 1590 sedeboque
2657 1520 2712 1573 in
2749 1521 2918 1575 ramis
2950 1521 3066 1591 eius
3094 1537 3108 1573 :
3141 1521 3322 1576 forsan
3363 1522 3624 1578 defendar

2051 1623 2151 1665 sua
2182 1611 2449 1665 densitate
2475 1626 2506 1665 a
2537 1611 2824 1680 rapacibus
2850 1612 3217 1680 accipitribus.
3249 1611 3453 1667 Scribit
3482 1613 3618 1668 idem

371 1713 461 1767 ubi
515 1711 832 1776 notandum,
886 1709 1031 1780 quod
1079 1723 1186 1764 non
1235 1708 1355 1763 ideo
1399 1707 1645 1762 senarius
1686 1695 2022 1761 numerusB
2049 1699 2104 1753 in
2150 1699 2290 1754 libro
2333 1699 2544 1755 decimo
2591 1708 2746 1755 sexto
2795 1701 2860 1756 de
2891 1700 3126 1756 Civitate
3163 1701 3448 1758 DeizNon
3497 1719 3621 1758 sane

371 1800 640 1872 perfectus
688 1807 792 1865 est,
845 1800 976 1869 quia
1006 1798 1266 1854 Dominus
1322 1798 1378 1857 iu
1427 1813 1493 1852 eo
1539 1797 1726 1851 mundi
1779 1810 1946 1866 opera

371 1889 696 1960 perfecerit:
721 1889 833 1952 sed,
868 1889 1008 1944 sicut
1031 1887 1364 1959 Augustinus
1393 1887 1490 1954 ait,
1519 1886 1643 1943 ideo
1666 1887 1944 1951 Dominus,

375 1982 465 2051 qui
484 1973 660 2034 "simul
691 1980 872 2035 omnia
913 1993 1103 2034 creare
1131 1977 1366 2044 valebat,
1397 1978 1452 2032 in
1488 1992 1552 2032 eo
1577 1976 1826 2048 dignatus
1866 1987 1951 2034 est

370 2069 607 2138 operari,
641 2069 766 2138 quia
794 2082 1053 2122 numerus
1097 2066 1186 2120 ille
1224 2074 1308 2121 est
1345 2065 1637 2136 perfectus.
1691 2065 1954 2122 Senarius

373 2173 472 2230 per
500 2159 780 2214 denarium
812 2159 1004 2214 ductus
1030 2158 1310 2229 sexaginta
1337 2158 1561 2215 faciunt.
1591 2158 1857 2214 Denarius
1881 2160 1951 2215 ad

375 2247 685 2303 mercedem
722 2263 945 2318 operum
988 2247 1229 2317 respicit.
1278 2246 1337 2302 Si
1375 2248 1498 2318 quis
1522 2263 1622 2318 per
1653 2249 1950 2314 senarium,

378 2341 433 2395 id
475 2348 579 2406 est,
629 2340 1042 2412 perfectionem,
1091 2341 1398 2400 mercedem
1445 2356 1668 2412 operum
1702 2342 1950 2412 requirit,

378 2435 494 2504 ipse
529 2433 794 2504 percipiet
832 2448 1091 2505 regnum,
1131 2434 1277 2506 quod
1317 2433 1476 2491 nobis
1507 2433 1854 2506 promittitur
1893 2435 1954 2490 in

378 2531 575 2594 quarta
598 2521 737 2578 feria
759 2521 1030 2578 Pascbaii.

980 2614 1209 2672 CAPUT
1259 2614 1346 2672 ili.

878 2706 958 2762 De
999 2707 1457 2778 quinquagesima.

451 2795 906 2866 Quinquagesima
950 2795 1004 2850 in
1053 2796 1212 2850 tertio
1253 2797 1423 2866 gradu
1464 2796 1738 2854 consistit.
1779 2797 1952 2854 Antea

381 2887 689 2942 dubitamus
723 2894 902 2940 utrum
929 2887 1178 2956 proprius
1199 2887 1457 2944 Dominus
1481 2889 1763 2944 nobiscum
1788 2897 1951 2954 esset,

2050 1791 2256 1858 omnia,
2287 1807 2410 1862 quae
2446 1801 2601 1864 gesta
2643 1802 2936 1849 narrantur
2975 1795 3180 1865 aliquid
3212 1796 3379 1850 etiam
3421 1797 3621 1866 signiﬁ-

2049 1896 2180 1936 care
2223 1882 2461 1950 putanda
2512 1889 2681 1937 sunt:
2710 1884 2804 1938 sed
2847 1893 3067 1954 propter
3112 1884 3201 1938 iila
3248 1899 3370 1954 qua:
3424 1887 3621 1956 aliquid

2049 1967 2378 2039 signiﬁcant,
2395 1969 2560 2023 etiam
2581 1984 2645 2024 ea
2665 1985 2784 2039 qua:
2796 1971 2931 2026 nihil
2949 1970 3275 2041 significant,
3290 1979 3617 2027 attexuntur.

2050 2059 2166 2115 Non
2204 2061 2319 2115 solo
2345 2061 2500 2116 enim
2539 2077 2756 2116 vomere
2797 2071 2944 2118 terra
2983 2064 3352 2132 proscinditur
3390 2081 3406 2119 :
3440 2065 3534 2121 sed
3567 2075 3620 2120 ut

2050 2150 2156 2206 hoc
2181 2149 2300 2206 ﬁeri
2325 2151 2517 2220 possit,
2551 2151 2715 2206 etiam
2751 2159 2945 2207 caetera
2973 2153 3142 2207 aratri
3169 2155 3413 2208 membra
3445 2169 3622 2208 neces-

2051 2241 2198 2297 saria
2245 2249 2418 2297 sunt:
2465 2241 2535 2296 Et
2578 2258 2686 2299 non
2733 2243 2833 2298 soli
2876 2245 3030 2299 nervi
3077 2245 3135 2299 in
3183 2245 3416 2300 citharis
3466 2253 3621 2315 atque

2052 2333 2424 2405 huiuscemodi
2453 2335 2602 2390 vasis
2626 2335 2853 2391 musicis
2883 2343 3141 2406 aptantur
3167 2336 3235 2390 ad
3264 2347 3503 2403 cantum,
3535 2338 3620 2391 sed

2053 2432 2114 2478 ut
2141 2425 2319 2494 aptari
2344 2425 2571 2494 possint,
2604 2424 2792 2481 insunt
2825 2426 2991 2480 etiam
3029 2433 3222 2482 extera
3269 2427 3326 2482 in
3357 2428 3619 2497 compagi-

2052 2513 2214 2569 nibus
2241 2528 2592 2585 organorum;
2622 2530 2744 2586 quae
2771 2532 2878 2571 non
2898 2518 3281 2587 percutiuntur
3314 2534 3344 2572 s
3377 2518 3614 2573 canenti-

2052 2605 2182 2672 bus,
2203 2606 2310 2661 sed.
2327 2621 2409 2668 ea,
2443 2622 2564 2676 qua:
2590 2623 2846 2678 percussa
2882 2620 3156 2678 resonant,
3185 2613 3273 2668 bis
3297 2619 3620 2668 connectun-

2055 2707 2182 2754 tur:
2215 2699 2290 2754 ita
2329 2700 2383 2754 in
2423 2701 2735 2770 prophetica
2781 2703 3006 2759 historia
3051 2705 3306 2760 dicuntur
3349 2713 3406 2760 et
3450 2705 3616 2775 aliqua

2054 2802 2176 2858 quae
2200 2788 2337 2843 nihil
2368 2788 2691 2860 significant,
2731 2791 2826 2846 sed
2861 2792 3060 2860 quibus
3095 2793 3376 2849 adhmrent
3408 2801 3524 2863 qua:
3553 2794 3617 2848 si-

2055 2878 2334 2951 gnificant,
2366 2889 2422 2936 et
2449 2882 2722 2950 quomodo
2753 2883 3073 2953 religantur.
3107 2884 3354 2940 Diximus
3375 2894 3484 2940 tres
3509 2901 3616 2958 gn-

382 2991 450 3029 an
481 2991 607 3030 non.
638 2974 758 3030 Jam
789 2983 1036 3032 tenemus
1072 2977 1246 3043 illum,
1272 2986 1330 3033 et
1359 2979 1626 3034 dicimus:
1670 2979 1802 3034 Esto
1826 2982 1955 3036 mihi
1996 3039 2026 3044 _
2057 2971 2158 3027 dus
2180 2972 2471 3030 nitentium
2499 2973 2567 3027 ad
2595 2988 2828 3044 pugnam
2855 2992 2867 3028 ε
2893 2975 3056 3031 simili
3083 2977 3244 3032 modo
3268 2978 3496 3034 dicimus
3517 2987 3616 3032 tres

381 3065 435 3117 in
458 3063 625 3117 Deum
651 3073 992 3134 protectorem
1026 3073 1074 3120 et
1113 3066 1171 3122 in
1207 3039 1380 3122 locum
1416 3067 1628 3138 refugii,
1663 3080 1722 3124 ut
1753 3070 1956 3124 satvunt
1983 3039 2029 3101 Ε
2049 3062 2321 3118 (articulos
2357 3039 2635 3134 triumphi,
2673 3039 2726 3118 id
2754 3073 2867 3132 est,
2894 3081 3057 3120 unam
3095 3067 3330 3134 sabbati,
3363 3075 3611 3139 quartam-

382 3167 466 3205 me
494 3151 682 3221 facias.
737 3151 921 3208 Jesum
948 3167 1234 3224 precamur
1257 3155 1452 3212 ducem
1479 3158 1690 3214 militia
1728 3169 1956 3226 nostrte,

385 3243 649 3300 d'cendo:
679 3245 746 3299 Et
792 3254 1016 3316 propter
1059 3262 1258 3305 nomen
1305 3256 1456 3304 tuum
1487 3250 1595 3306 dux
1643 3252 1778 3306 mibi
1825 3253 1958 3319 eris,

385 3343 440 3389 et
469 3336 708 3392 enutries
745 3352 850 3391 me.
881 3337 1002 3393 Jam
1040 3339 1095 3394 in
1135 3340 1477 3410 expeditione
1502 3357 1716 3408 sumus,
1743 3342 1962 3399 advenit

383 3427 731 3485 doctissimus
769 3429 996 3496 athleta,
1027 3431 1186 3486 solito
1228 3446 1381 3487 more
1415 3448 1518 3488 nos
1548 3433 1778 3489 hortans
1805 3434 1966 3490 docet

385 3518 582 3588 quibus
624 3519 974 3578 munimentis
1015 3521 1216 3578 muniri
1263 3537 1363 3577 nos
1405 3531 1674 3591 oporteat,
1706 3531 1760 3578 et
1799 3523 1958 3578 dicit:

387 3608 545 3662 Nunc
578 3619 752 3687 autem
789 3622 1000 3685 manent
1032 3613 1186 3682 ﬁdes,
1224 3629 1362 3682 spes,
1397 3615 1657 3680 charitas,
1692 3616 1796 3668 tria
1827 3616 1960 3670 Ita'c.

387 3699 464 3753 Dc
509 3702 706 3769 quibus
750 3701 882 3758 dicit
917 3703 972 3758 in
1013 3702 1117 3757 alia
1159 3703 1443 3774 Epistola:
1476 3704 1546 3759 In
1585 3707 1827 3760 omnibus
1873 3723 1966 3761 su-

387 3799 582 3844 mentes
617 3801 821 3848 scutum
851 3793 1011 3860 ﬁdei,
1041 3795 1096 3847 in
1132 3810 1235 3864 quo
1267 3797 1476 3865 possitis
1510 3799 1687 3852 omnia
1725 3797 1835 3852 tela
1875 3815 1968 3852 ne-

390 3879 630 3947 quissimi
663 3881 812 3948 ignea
838 3885 1184 3952 exstinguere,
1207 3894 1256 3939 et
1276 3885 1480 3955 galeam
1502 3886 1688 3941 salutis
1717 3889 1968 3943 ass-amite

388 3976 438 4021 et
461 3966 696 4036 gladium
722 3967 968 4039 Spiritus,
995 3972 1133 4042 quod
1161 3983 1234 4027 est
1267 3974 1474 4028 verbum
1501 3977 1618 4030 Dei.
1649 3977 1968 4048 Triumpha-

329 4075 344 4084 ·
391 4067 477 4112 tor
489 4057 708 4113 militiae
745 4069 942 4116 nostra:
970 4061 1112 4118 Deus
1141 4072 1225 4119 est
1246 4065 1334 4120 cui
1371 4066 1571 4121 dicitur
1598 4083 1612 4121 :
1642 4067 1718 4122 Tu
1746 4086 1802 4124 es
1821 4069 1966 4124 Deus

389 4149 480 4219 qui
512 4148 644 4218 facis
673 4150 958 4206 mirabilia.
1027 4152 1093 4208 Et
1119 4153 1315 4209 iterum
1343 4173 1356 4209 :
1381 4154 1636 4210 Liberaui
1673 4159 1730 4212 in
1751 4158 1966 4214 brachio

2062 3165 2191 3220 que,
2251 3161 2307 3206 et
2354 3153 2659 3222 septimam.
2709 3152 2846 3219 Quia
2892 3151 3124 3210 diximus
3171 3155 3611 3228 Septuagesimam

2060 3249 2304 3296 nostram
2347 3243 2584 3314 pendere
2634 3258 2667 3297 a
2713 3246 3053 3315 septuaginta
3105 3248 3434 3318 captivitatis
3477 3248 3612 3301 annis

2060 3334 2260 3404 prioris
2282 3335 2461 3405 populi
2497 3336 2560 3391 in
2579 3336 2892 3408 Babylonia,
2947 3339 3148 3394 bonum
3178 3349 3263 3395 est
3294 3349 3355 3395 ut
3383 3341 3612 3411 respicia-

2062 3441 2182 3482 mus
2211 3429 2431 3482 eosdcm
2472 3427 2748 3492 articulos,
2778 3429 2977 3499 quibus
3020 3431 3249 3500 populus
3292 3432 3384 3486 ille
3419 3433 3483 3486 ad
3513 3432 3612 3502 ple-

2061 3532 2189 3570 nam
2228 3518 2534 3573 lihertatcm
2572 3518 2838 3588 pervenit.
2871 3519 3052 3575 Prima
3081 3522 3323 3577 reversio
3365 3521 3463 3576 fuit
3493 3522 3611 3575 facta

2063 3608 2171 3662 sub
2192 3607 2494 3664 Zorobabe‘l
2531 3607 2697 3671 duce,
2733 3617 2800 3663 et
2829 3607 2957 3664 Iesu
2991 3611 3275 3666 sacerdote
3317 3627 3531 3682 magno,
3569 3611 3612 3664 in

2063 3698 2481 3768 quinquagesies
2517 3699 2666 3756 mille
2704 3699 3033 3766 hominibus,
3068 3701 3212 3771 quod
3245 3701 3360 3772 jam
3397 3701 3617 3772 praescri-

2062 3790 2290 3860 psimus.
2348 3789 2452 3844 Ubi
2520 3791 2626 3844 hoc
2677 3775 2972 3846 notandum
3030 3800 3142 3857 est,
3199 3795 3344 3864 quod
3396 3795 3447 3848 in
3498 3793 3621 3847 libro

2064 3882 2250 3937 Esdraa
2292 3881 2570 3946 scribitur,
2600 3880 2788 3936 Omnis
2835 3882 3119 3936 militaria
3163 3884 3318 3954 quasi
3362 3886 3439 3938 rir
3480 3887 3617 3936 unus.

2069 3972 2223 4028 Unde
2260 3973 2402 4027 Beda
2453 3971 2510 4026 in
2549 3971 2887 4041 expositione
2926 3971 3167 4040 ejusdem
3198 3989 3211 4025 :
3239 3972 3378 4027 Nota
3415 3973 3619 4041 gratiam

2070 4065 2366 4135 primitiva:
2392 4064 2666 4129 Ecclesiae,
2702 4063 2756 4117 in
2786 4078 2891 4132 qua
2926 4064 3287 4119 multitudinis
3308 4065 3620 4119 credentium

2066 4165 2187 4210 erat
2211 4171 2306 4210 cor
2333 4170 2498 4208 unum
2527 4163 2584 4209 et
2609 4155 2789 4208 anima
2817 4171 2926 4209 una
2956 4155 3118 4209 etiam
3149 4155 3202 4209 in
3232 4157 3339 4210 hoc
3384 4155 3622 4210 transmi-

391 4246 480 4291 tuo
533 4239 780 4309 populum
830 4251 998 4296 tuum.
1066 4244 1298 4306 Tractus
1353 4261 1482 4302 vero
1525 4247 1757 4305 Domino
1810 4249 1968 4305 nobis
2068 4244 2342 4316 grantium
2383 4251 2528 4298 coetu
2569 4243 2796 4314 reperiri
2841 4243 2962 4298 :ita
3009 4251 3070 4298 ut
3105 4257 3229 4299 cum
3270 4252 3456 4300 tantus
3498 4252 3625 4299 esset

390 4327 637 4398 prmeipit
668 4330 898 4397 servire,
931 4332 1021 4403 qui
1059 4348 1158 4389 nos
1198 4333 1479 4400 fecit,‘non
1509 4337 1557 4392 ei
1586 4337 1673 4392 cui
1705 4353 1805 4392 nos
1832 4353 1966 4393 ven-
1993 4381 2043 4405 n
2069 4336 2362 4401 exercitus,
2391 4334 2482 4405 qui
2511 4349 2679 4404 prope
2707 4334 3352 4405 quinquagintamillium
3378 4347 3628 4390 summam

392 4419 625 4474 didimus
667 4422 1044 4492 nosmetipsos.
1090 4424 1146 4478 in
1181 4427 1518 4495 sexagesima
1557 4429 1965 4495 seminavimus,
1991 4419 2043 4443 ν
2069 4425 2389 4496 compleret,
2417 4432 2474 4478 et
2502 4425 2590 4479 hic
2616 4423 2816 4480 diversi
2845 4425 3045 4496 gradus
3077 4433 3132 4480 et
3171 4424 3498 4480 conditionis
3525 4423 3628 4478 exi-

395 4506 449 4560 in
480 4509 921 4580 quinquagesima
952 4511 1187 4568 fructum
1227 4516 1550 4587 colligimus.
1581 4518 1722 4585 Quid
1767 4523 1968 4588 quaesi-
2069 4527 2239 4584 stens,
2278 4520 2635 4575 nihilominus
2672 4522 2850 4577 omnis
2887 4521 3172 4577 multitudo
3205 4522 3275 4577 ob
3303 4524 3544 4577 eamdem
3574 4520 3629 4573 ii-

392 4601 471 4653 vit
495 4617 668 4658 caecus
694 4621 724 4658 a
747 4605 996 4672 Domino,
1027 4609 1119 4677 qui
1145 4625 1244 4664 nos
1269 4611 1616 4683 pragﬁgurat?
1647 4613 1792 4668 Nihil
1823 4615 1967 4670 aliud
2070 4609 2196 4662 dem
2217 4609 2638 4666 et'dilectionem
2667 4611 2823 4680 quasi
2851 4627 2990 4666 unus
3013 4625 3134 4667 esse
3157 4609 3439 4667 videretur
3462 4614 3624 4694 homo.

395 4692 497 4744 nisi
526 4701 582 4746 ut
611 4690 879 4750 frueretur
907 4696 1108 4753 lumine
1136 4716 1149 4752 :
1173 4697 1407 4756 fructum
1435 4702 1701 4770 gntes-ivit,
1733 4702 1968 4758 fructum
2071 4698 2304 4754 donante
2346 4699 2437 4754 illo
2471 4701 2563 4770 qui
2605 4702 2856 4755 habitare
2893 4700 3024 4755 facit
3067 4702 3353 4756 unanimes
3382 4702 3438 4757 in
3467 4691 3627 4758 domo.

396 4781 619 4837 invenit.
669 4785 775 4847 ista
804 4787 1260 4861 Quinquagesima
1309 4793 1608 4848 secundum
1642 4793 1805 4858 diem,
1853 4796 1968 4864 pri-

397 4882 543 4921 mum
570 4874 890 4930 venerabilis
912 4875 1130 4934 Pascha:
1159 4880 1354 4950 tangit,
1384 4881 1524 4936 sicut
1551 4881 1696 4936 enim
1723 4885 1968 4940 senarius

396 4956 780 5028 perfectionem
809 4980 1031 5033 operum
1058 4969 1412 5036 demonstrat,
1451 4969 1526 5025 ita
1564 4972 1969 5043 quinquagena-

398 5051 513 5106 rius
541 5054 719 5108 omnia
751 5057 887 5112 bona
915 5075 1077 5129 opera
1108 5081 1118 5115 ;
1153 5078 1273 5132 quae
1306 5063 1661 5133 perficiuntur
1686 5079 1786 5133 per
1811 5066 1968 5133 quin-

398 5158 503 5212 que
528 5160 717 5200 sensus
738 5149 1001 5218 corporis.
1029 5152 1325 5223 Quinquies
1351 5156 1535 5210 decem
1559 5156 1964 5228 quinquaginta.

398 5233 651 5304 Quisquis
689 5251 789 5304 per
829 5241 1152 5297 exteriorem
1205 5245 1725 5302 administrationem
1773 5247 1960 5304 decem

398 5326 561 5381 verba
599 5327 730 5398 legis
759 5330 1107 5400 compleverit
1149 5335 1204 5390 in
1233 5335 1434 5407 Spiritu
1469 5347 1677 5402 sancto,
1719 5355 1825 5396 non
1859 5341 1960 5396 du-

398 5413 534 5470 bitat
571 5416 638 5471 ad
677 5421 1006 5476 consortium
1050 5427 1467 5492 perveniendum
1509 5444 1632 5484 esse
1668 5429 1840 5485 beatae
1879 5445 1970 5486 re-

399 5508 782 5574 surrectionis,
832 5525 954 5580 quae
1007 5514 1313 5571 celebratur
1368 5517 1422 5572 in
1471 5517 1678 5573 Pascha
1732 5519 1966 5575 Domini.

403 5594 503 5648 Per
538 5598 816 5670 sabbatum
861 5602 1107 5660 venimus
1139 5605 1206 5660 ad
1235 5605 1570 5669 Dominieum
1611 5625 1624 5662 :
1665 5609 1745 5663 sic
1787 5617 1844 5663 et
1873 5625 1972 5679 per

2074 4787 2321 4845 Secunda
2374 4791 2616 4846 reversio
2652 4800 2738 4846 est
2779 4792 2880 4847 sub
2915 4791 3108 4857 Esdra,
3159 4792 3299 4848 sicut
3346 4794 3416 4848 ab
3457 4794 3632 4848 eodem

2070 4880 2331 4950 scriptum
2378 4890 2462 4936 est
2491 4900 2504 4934 :
2535 4881 2911 4937 Promovimus
2957 4898 3086 4954 ergo
3133 4898 3164 4938 a
3194 4883 3415 4938 flumine
3460 4884 3633 4939 Abaua

2070 4969 2390 5026 duodecimo
2437 4972 2525 5027 die
2565 4974 2769 5028 mensis
2805 4973 2988 5042 primi,
3031 4981 3092 5027 ut
3116 4987 3470 5044 pergeremus
3497 4971 3636 5026 Jeru-

2070 5061 2259 5125 salem,
2285 5068 2343 5115 et
2369 5077 2563 5118 manus
2587 5062 2684 5118 Dei
2727 5065 2900 5119 nostri
2939 5063 3041 5118 fuit
3075 5077 3240 5132 super
3271 5077 3393 5129 nos,
3430 5073 3485 5118 et
3519 5061 3638 5116 libe-

2071 5150 2212 5204 ravit
2238 5165 2337 5205 nos
2361 5151 2428 5206 de
2463 5167 2626 5207 manu
2667 5153 2872 5209 inimici
2913 5162 2969 5209 et
3003 5154 3338 5210 insidiatoris
3377 5154 3432 5208 in
3462 5153 3567 5216 via,
3590 5158 3639 5206 et

2069 5240 2316 5295 venimus
2341 5239 2663 5308 Jerusalem,
2692 5251 2748 5298 et
2778 5245 3078 5299 mansimus
3113 5243 3186 5298 ibi
3213 5243 3409 5300 diebus
3441 5244 3631 5299 tribus.

2067 5331 2168 5385 Dic
2197 5339 2377 5388 autem
2401 5342 2594 5403 quarta
2619 5347 2915 5405 appensum
2941 5344 3024 5392 est
3053 5345 3336 5406 argentum
3361 5343 3417 5392 et
3439 5349 3630 5393 aurum.

2068 5431 2124 5478 et
2145 5423 2372 5492 reliqua.
2428 5423 2536 5480 Sed
2565 5427 2804 5481 nondum
2835 5427 2976 5480 muri
3005 5425 3303 5481 Jerusalem
3338 5422 3632 5482 reaediiicati

2071 5524 2248 5570 erant.
2301 5515 2453 5571 Unde
2489 5526 2544 5572 et
2587 5517 2642 5572 in
2683 5519 3035 5587 sequentibus
3084 5518 3323 5590 legitur:
3356 5517 3421 5571 Et
3451 5517 3636 5581 factum

2075 5617 2146 5661 est
2177 5609 2230 5661 in
2257 5624 2429 5662 mense
2451 5607 2637 5662 Caslcu
2666 5625 2803 5663 anno
2829 5610 3103 5680 'vigesimo,
3130 5618 3179 5663 et
3203 5625 3298 5679 ego
3326 5625 3468 5663 cram
3497 5602 3639 5676 (Nee-
