3890 6180
287 231 416 286 1001

279 439 430 499 meis,
463 438 578 508 ipse
612 447 662 491 et
686 439 784 491 viri
801 438 967 503 Juda,
993 450 1038 493 et
1071 441 1385 511 interrogavi
1421 461 1507 497 eos
1543 445 1606 498 de
1629 445 1856 509 Judwis,

276 526 369 598 qui
411 535 788 591 remanserant,
815 536 863 580 et
891 540 1194 597 supererant
1238 532 1302 584 de
1340 534 1658 602 captivitate,
1702 545 1750 589 et
1795 536 1860 589 de

273 613 573 668 Jerusalem
603 613 848 668 dixerunt
882 616 1008 668 mihi
1030 636 1048 672 :
1075 616 1177 682 Qui
1204 633 1564 677 remanserunt
1595 635 1643 677 et
1670 625 1858 680 dereli-

273 706 344 760 cti
388 715 509 758 sunt
547 704 612 758 de
647 707 944 774 captivitate
981 708 1052 760 ibi
1086 709 1140 761 in
1179 712 1466 778 provincia,
1499 713 1556 767 in
1583 715 1857 784 aﬂiictione

271 805 398 849 sunt
433 805 482 848 et
512 796 568 848 in
599 794 906 865 opprobrio,
944 804 993 848 et
1026 813 1206 851 murus
1235 799 1531 854 Jerusalem
1572 795 1856 874 dissipatus

269 897 368 948 est,
397 895 445 938 et
466 895 631 954 porta!
651 885 767 953 ejus
788 885 1069 940 combusta:
1095 897 1214 940 sunt
1240 889 1368 958 igni.
1401 889 1584 945 Tertia
1615 894 1856 948 reversio

271 975 375 1030 sub
399 977 588 1031 eodem
626 974 767 1031 facta
795 983 876 1030 est
905 995 918 1029 :
951 977 1031 1031 sic
1060 978 1206 1032 enim
1243 980 1506 1050 scriptum
1537 991 1623 1038 est
1653 1000 1666 1038 :
1694 982 1855 1038 Mise-

270 1075 354 1118 rat
381 1075 554 1120 autent
588 1082 680 1119 res;
709 1067 968 1136 principes
1002 1067 1231 1123 militum
1263 1080 1311 1123 et
1343 1073 1560 1142 equites,
1594 1085 1642 1128 et
1672 1077 1858 1130 audie-

269 1165 398 1210 runt
433 1154 745 1210 Sanaballat
789 1155 1032 1212 Oronites
1061 1169 1110 1213 et
1151 1159 1341 1216 Tobias
1385 1181 1563 1218 servus
1587 1165 1854 1222 Amanites

267 1255 316 1299 et
366 1245 660 1300 contristati
706 1256 826 1300 sunt
876 1247 1150 1318 aﬂlictione
1197 1267 1409 1321 magna,
1454 1253 1592 1324 quod
1635 1256 1886 1310 venisset.

267 1337 427 1391 homo
459 1337 549 1408 qui
579 1348 830 1408 quaereret
867 1341 1262 1409 prosperitatem
1296 1342 1530 1412 filiorum
1565 1344 1779 1400 Israel:
1802 1357 1852 1401 et

269 1428 387 1482 veni
401 1425 717 1492 Jerusalem,
740 1437 786 1481 e:
809 1445 952 1481 eram
972 1429 1043 1482 ibi
1063 1431 1243 1486 diebus
1264 1433 1449 1487 tribus.
1473 1434 1578 1489 Iste
1600 1435 1849 1492 Neemias

268 1517 558 1573 aediﬁcavit
592 1516 912 1573 Jerusalem.
959 1520 1084 1576 Haec
1110 1531 1395 1592 prapterea
1425 1525 1845 1595 prazlibavimus,

269 1617 329 1663 ut
357 1616 545 1663 nostra
585 1617 962 1678 eoaptaremus
986 1611 1156 1681 priori
1192 1614 1389 1682 populo
1419 1614 1536 1670 Dei.
1581 1616 1681 1672 Hic
1709 1633 1848 1687 prse-

1061 237 1148 292 DE
1186 237 1739 298 ECCLESIASTICJS
1776 242 2061 300 OFFICIIS
2097 245 2277 301 LIBRI
2316 247 2404 302 IV.
2445 280 2515 290 -—-
2553 251 2680 306 LIB.
2723 255 2761 308 Ι.

280 347 444 417 mias)
473 348 527 402 in
550 347 702 402 Susis
725 358 918 413 castro,
941 359 988 403 et
1011 353 1146 404 venit
1171 353 1341 407 Anam‘
1365 370 1500 408 unus
1521 356 1585 409 de
1605 355 1856 424 fratribus
1886 360 1935 419 Α
1961 356 2014 408 in
2096 367 2394 412 memorata
2466 361 2741 429 periocha.

3404 268 3542 324 £002

2824 365 2937 422 Hoc
3009 371 3154 426 enim
3217 372 3407 430 sufﬁcit
3452 379 3542 434 hic

1964 461 2410 514 commemorare,
2453 452 2592 520 quod
2631 456 2988 528 quadraginta
3031 477 3062 515 a
3107 465 3418 532 supradicto
3445 468 3542 524 do-

1963 539 2167 594 minico
2208 541 2316 596 duo
2360 543 2478 598 dies
2524 557 2812 615 supersunt
2857 566 3028 621 usque
3075 555 3142 609 ad
3189 557 3538 629 baptismum,

1961 639 2016 684 et
2050 629 2188 685 ﬁunt
2218 633 2579 704 quadraginta
2614 638 2718 692 duo
2757 657 2770 692 :
2816 651 2895 696 tot
2923 644 3070 699 enim
3101 649 3412 706 mansiones
3445 654 3542 708 ha-

1960 720 2194 776 buerunt
2220 722 2314 778 ﬁlii
2342 723 2504 779 Israel
2531 729 2623 796 qui
2649 729 2905 798 baptizati
2937 743 3064 788 sunt
3089 735 3143 789 in
3173 740 3311 793 mari
3332 741 3539 809 Rubro,

1957 812 2175 879 quando
2202 813 2454 868 exierunt
2478 816 2544 870 de
2569 825 2711 871 terra
2727 818 2970 890 :Egypti,
2993 822 3062 877 de
3088 823 3222 879 dura
3255 829 3538 898 servitute,

1957 909 2013 954 et
2054 912 2420 971 pervenerunt
2457 907 2524 961 ad
2567 917 2765 963 terram
2806 913 3202 980 promissionis.
3259 917 3360 972 Tot
3393 923 3537 976 enim

1955 994 2334 1060 generationes
2383 1007 2510 1050 sunt
2573 999 2732 1054 seriei
2780 1000 2980 1057 Christi
3011 1045 3026 1069 ,
3095 1021 3219 1060 cum
3279 1007 3539 1066 Jechonia

1956 1083 2041 1138 his
2091 1094 2401 1154 computata
2453 1097 2509 1142 et
2554 1089 2743 1144 eodem
2791 1090 3027 1149 Christo.
3080 1095 3273 1154 Merito
3324 1101 3416 1168 qui
3467 1103 3537 1157 ad

1955 1171 2236 1227 ecelestem
2270 1175 2504 1244 patriam
2533 1178 2782 1244 tendunt,
2811 1182 3001 1237 eodem
3029 1200 3258 1242 numero
3301 1189 3537 1244 mansio-

1954 1277 2078 1316 nem
2117 1272 2390 1336 satagunt,
2423 1281 2530 1336 quo
2561 1267 2657 1323 ﬁlii
2693 1269 2860 1326 lsrael
2897 1273 2964 1327 ad
2991 1283 3193 1330 terram
3222 1279 3538 1346 promissio-

1952 1355 2039 1409 nis
2059 1364 2342 1410 venerunt.
2376 1357 2445 1412 Et
2475 1360 2694 1426 merito,
2728 1362 2820 1432 qui
2851 1363 2919 1417 ad
2948 1363 3222 1422 Christum
3253 1377 3537 1427 transeunt

1950 1460 2050 1515 per
2075 1445 2426 1514 baptismum,
2455 1448 2645 1504 eodem
2675 1467 2903 1506 numero
2933 1454 3002 1509 ad
3027 1470 3152 1510 eum
3181 1459 3534 1526 perveniunt,

1950 1553 2059 1607 quo
2097 1538 2347 1594 Christus
2380 1541 2449 1595 ad
2491 1555 2590 1595 nos
2629 1543 2816 1597 venire
2852 1543 3106 1616 dignatus
3146 1557 3251 1603 est.
3293 1549 3360 1604 Et
3396 1551 3540 1606 sicut

1949 1624 2312 1702 Hieronymus
2356 1628 2412 1682 in
2461 1628 2601 1683 libro
2639 1628 2979 1686 Mansionum
3049 1635 3285 1691 ﬁliorum
3343 1638 3531 1694 Israel.

268 1700 636 1754 termittamus
663 1709 912 1769 quartam
953 1700 1166 1767 feriam,
1193 1705 1410 1773 quando
1441 1706 1762 1764 intravimus
1792 1710 1846 1764 in
1877 1705 1924 1764 B
1951 1714 2061 1770 Nec
2091 1700 2312 1781 mirum,
2344 1716 2390 1771 si
2427 1717 2481 1771 in
2513 1717 2603 1772 illo
2629 1720 2842 1774 numeri
2872 1733 3216 1779 sacramento
3247 1730 3531 1796 pervenia-

265 1803 528 1858 pugnam,
563 1789 820 1858 quoniam
855 1789 910 1843 in
937 1790 1105 1846 altera
1137 1794 1390 1862 periocha
1435 1796 1714 1851 tractanda
1742 1809 1847 1854 est.

264 1878 396 1934 Dies
426 1878 726 1934 dominicos
753 1880 1053 1950 sequimur.

875 2021 1105 2080 CAPUT
1144 2025 1229 2081 IV.

772 2110 852 2168 De
894 2114 1333 2187 Quadragesima.

335 2221 394 2278 In
423 2224 844 2296 Quadragesima
883 2225 1064 2297 aliqua
1096 2243 1226 2299 pars
1259 2247 1451 2304 pugna:
1480 2245 1697 2304 peracta
1737 2247 1842 2294 est.

259 2314 407 2370 Dicit
426 2315 601 2382 nobis,
629 2330 790 2385 quem
812 2316 868 2370 in
891 2314 1346 2389 Quinquagesima
1369 2332 1736 2392 protectorem
1763 2326 1816 2380 in
1832 2357 1846 2368 ο

260 2406 594 2469 vocavimus,
616 2406 891 2462 lnvocavit
915 2424 1024 2475 me,
1047 2419 1102 2464 et
1122 2425 1222 2481 ego
1244 2413 1529 2468 exaudiam
1565 2430 1713 2482 eum,
1736 2427 1839 2472 etc.

260 2493 505 2565 Epistola
548 2495 661 2550 ita:
693 2496 956 2567 Tempore
995 2509 1219 2568 accepto
1257 2503 1513 2558 exaudivi
1564 2513 1641 2570 te,
1685 2513 1740 2560 et
1788 2507 1842 2560 in

258 2585 350 2640 die
395 2583 584 2641 salutis
624 2585 806 2655 adjnvi
861 2597 936 2644 te.
987 2589 1058 2644 Et
1101 2591 1158 2645 in
1203 2596 1548 2662 responsorio
1594 2613 1607 2648 z
1653 2595 1842 2667 Angeli

260 2677 476 2733 Domini
513 2680 824 2735 custodiunt
867 2696 987 2736 nos.
1021 2681 1079 2736 ln
1127 2691 1305 2738 tractu
1341 2703 1354 2738 :
1388 2685 1554 2741 Scuto
1593 2687 1842 2744 veritatis

255 2767 580 2822 circumdati
613 2785 819 2825 sumus.
849 2771 906 2825 ln
936 2771 1229 2844 Evangelio
1261 2773 1329 2828 ad
1361 2775 1692 2848 triumphum
1727 2788 1842 2833 ten-

256 2859 461 2925 dimus,
502 2869 563 2913 ut
590 2859 830 2917 dicamus
864 2861 1120 2919 inimico:
1156 2863 1325 2932 Vade,
1357 2866 1578 2931 Satana,
1612 2868 1666 2923 in
1698 2869 1836 2924 inte-

254 2949 446 3003 ritum.
476 2948 533 3002 In
565 2950 876 3022 genealogia
905 2953 1140 3010 hominis
1163 2953 1386 3022 Christi,
1416 2956 1471 3012 in
1497 2973 1604 3028 quo
1638 2959 1828 3014 trium-

253 3037 400 3107 phus
426 3037 703 3108 tripudiat,
734 3056 1018 3096 numerum
1044 3053 1367 3112 praesentem
1395 3045 1833 3118 Quadragesima:
1863 3051 1907 3112 C

253 3127 542 3184 Matthzeus
582 3129 903 3196 sanctiﬁcat,
947 3148 1108 3201 quem
1144 3137 1570 3208 quadragenario
1607 3155 1834 3194 numero

251 3222 667 3289 generationum
713 3222 904 3276 scribit
948 3224 1288 3283 descendisse
1334 3229 1402 3283 ad
1451 3236 1643 3285 terras.
1686 3231 1836 3287 Unde

254 3311 592 3381 Augustinus
628 3312 680 3366 in
719 3311 812 3367 lib.
847 3330 885 3367 ιι
915 3313 983 3369 de
1005 3314 1281 3373 Consensu
1331 3318 1828 3391 Evangelistarum:

255 3405 432 3458 Acute
471 3403 904 3460 animadversum
933 3415 1038 3472 est,
1068 3407 1399 3476 Matthzeum,
1428 3412 1518 3481 qui
1549 3414 1750 3482 regiam
1781 3415 1831 3469 in

251 3492 477 3548 Christo
511 3493 820 3549 instituerat
849 3495 1124 3552 insinuare
1150 3514 1436 3568 personam
1462 3514 1690 3572 excepto
1718 3505 1834 3574 ipso

253 3586 616 3656 quadraginta
653 3587 900 3643 homines
930 3589 984 3642 in
1024 3593 1436 3659 generationum
1480 3595 1623 3650 serie
1661 3597 1833 3652 nomi-

254 3693 439 3732 nasse.
473 3677 741 3736 Numerus
770 3689 950 3735 autem
985 3681 1097 3752 ipse
1136 3682 1263 3738 illud
1298 3693 1511 3755 tempus
1541 3688 1830 3758 signiﬁcat,

254 3783 368 3838 quo
408 3767 460 3821 in
500 3769 602 3823 hoc
635 3770 833 3825 saeculo
870 3779 925 3825 et
964 3771 1018 3826 in
1055 3771 1158 3826 hae
1192 3772 1304 3827 vita
1343 3776 1454 3846 regi
1496 3793 1594 3832 nos
1620 3788 1835 3848 oportet

257 3877 288 3913 a
319 3859 568 3924 Christo,
616 3861 912 3915 secundum
956 3859 1284 3918 laboriosam
1330 3864 1692 3938 disciplinam,
1727 3885 1831 3938 qua

257 3947 651 4019 ﬁagcllatDeus
681 3950 761 4020 (ut
794 3951 1053 4022 scriptum
1078 3951 1182 4023 est)
1221 3968 1435 4009 omnem
1471 3957 1638 4011 ﬁlium
1671 3975 1830 4028 quem

254 4040 477 4109 recipit.
521 4039 595 4094 De
632 4057 738 4110 qua
774 4041 905 4095 dicit
929 4041 1218 4112 Apostolus
1257 4063 1270 4097 :
1301 4041 1408 4098 Per
1442 4046 1831 4104 tribulationem

255 4139 458 4197 oportet
483 4146 576 4183 nos
601 4130 799 4185 intrare
822 4132 877 4185 in
905 4149 1119 4204 regnum
1136 4132 1252 4188 Dei.
1280 4134 1422 4206 Ergo
1444 4153 1701 4194 numerus
1730 4139 1832 4196 iste

253 4221 520 4276 laboriosi
565 4221 724 4290 hujus
770 4225 1029 4294 temporis
1081 4239 1519 4295 sacramentum,
1573 4248 1680 4301 quo
1731 4235 1831 4289 sub

253 4311 541 4382 disciplina
582 4313 726 4385 regis
759 4313 958 4368 Christi
997 4317 1257 4374 adversus
1301 4321 1570 4376 diabolum
1609 4325 1831 4380 dimica-

1951 1818 2073 1857 mus
2122 1803 2191 1858 ad
2240 1819 2404 1874 regna
2446 1805 2730 1872 caelorum,
2779 1807 2881 1861 sub
2931 1823 3039 1878 quo
3064 1809 3325 1868 Dominus
3370 1823 3534 1884 atque

1951 1891 2201 1948 Salvator
2229 1908 2260 1946 a
2289 1893 2465 1962 primo
2511 1895 2819 1964 patriarcha
2866 1900 3114 1966 pervenit
3160 1902 3229 1956 ad
3256 1903 3530 1973 Virginem

1949 1981 2103 2051 quasi
2136 1982 2203 2036 ad
2230 1980 2544 2048 Jordanem,
2577 1985 2670 2053 qui
2704 1985 2861 2055 pleno
2891 1989 3102 2059 gurgite
3131 1989 3322 2058 ﬂuens,
3361 1993 3533 2066 Spiri-

1957 2080 2044 2126 tus
2075 2073 2250 2127 sancti
2279 2073 2474 2143 gratiis
2503 2073 2859 2130 redundabat.

2573 2185 2800 2242 CAPUT
2840 2189 2902 2242 V.

2573 2188 2703 2240 CAP
2760 2189 2800 2242 T
2840 2189 2902 2242 V.

1948 2269 2056 2324 Cur
2084 2274 2539 2344 quadragenarius
2577 2188 2824 2332 numgus
2857 2283 3131 2346 temporali
3161 2286 3279 2341 vita:
3299 2297 3526 2358 aptetur.

2019 2399 2043 2426 ιι
2063 2387 2172 2442 Cur
2195 2397 2376 2443 autem
2404 2389 2504 2445 iste
2532 2406 2790 2448 numerus
2816 2394 2956 2450 hanc
2982 2398 3335 2468 temporalem
3359 2402 3525 2459 vitam

1947 2483 2324 2547 terrenamque
2355 2479 2646 2551 signiﬁcet,
2680 2482 2768 2537 illa
2794 2484 3012 2541 interim
3040 2504 3204 2544 causa
3234 2492 3300 2546 de
3339 2496 3525 2562 proxi-

1945 2580 2035 2621 mo
2088 2569 2346 2634 occurrit,
2410 2572 2657 2639 quamvis
2703 2573 2774 2628 sit
2821 2574 2922 2628 alia
2964 2575 3196 2633 fortasse
3240 2584 3523 2650 secretior,

1944 2658 2071 2728 quia
2100 2668 2156 2714 et
2181 2666 2422 2730 tempora
2449 2677 2711 2717 annorum
2737 2665 3148 2736 quadripartitis
3173 2671 3380 2727 vicibus
3405 2689 3528 2729 eur-

1943 2758 2098 2816 runt,
2128 2759 2183 2805 et
2218 2753 2450 2808 mundus
2494 2754 2596 2809 iste
2625 2765 2859 2826 quatuor
2891 2761 3138 2828 partibus
3179 2765 3524 2821 terminatur.

1943 2844 2312 2918 Quadraginta
2361 2856 2544 2903 autem
2594 2859 2789 2920 quater
2849 2853 3053 2910 habent
3099 2856 3305 2912 decem.
3356 2859 3528 2917 Porro

1941 2937 2057 3008 ipsa
2097 2939 2281 2996 decem
2322 2940 2390 2995 ab
2421 2957 2526 2996 uno
2566 2957 2738 3013 usque
2777 2944 2845 2998 ad
2875 2957 3111 3015 quatuor
3145 2952 3525 3024 progrediente

1941 3045 2171 3084 numero
2205 3044 2674 3090 consummantur.
2707 3037 2775 3092 Et
2819 3040 3016 3096 iterum
3057 3044 3121 3098 ad
3159 3043 3519 3103 Januarium:

1936 3118 2174 3177 Numero
2201 3134 2380 3179 autem
2409 3129 2843 3200 quadragenario
2883 3134 3047 3189 vitam
3080 3136 3238 3191 istam
3271 3150 3521 3209 propter-

1935 3225 1999 3264 ea
2042 3211 2260 3282 ﬁgurari
2290 3216 2544 3283 arbitror,
2573 3221 2714 3288 quod
2743 3223 2998 3280 denarius
3027 3226 3080 3280 in
3109 3242 3217 3296 quo
3256 3229 3519 3298 perfectio

1934 3302 2284 3359 beatitudinis
2325 3317 2526 3362 nostra:
2557 3320 2661 3376 est,
2697 3312 2840 3366 sicut
2880 3314 2933 3368 in
2975 3319 3276 3384 octonario,
3307 3320 3396 3387 qui
3427 3335 3519 3376 re-

1935 3390 2033 3456 dit,
2063 3391 2131 3444 ad
2151 3392 2385 3462 primum
2406 3435 2420 3461 ,
2453 3396 2527 3450 ita
2569 3398 2620 3452 in
2659 3400 2762 3455 hoc
2804 3413 3075 3469 creatura,
3109 3422 3229 3474 quae
3260 3417 3516 3477 septena-

1935 3481 2018 3536 rio
2047 3479 2330 3552 ﬁguratur,
2360 3485 2601 3541 adhmret
2629 3493 2887 3547 creatori.

2535 3596 2764 3656 CAPUT
2819 3602 2906 3658 Vl.

1935 3681 2043 3736 Cur
2068 3684 2123 3738 in
2153 3695 2382 3756 tempore
2416 3687 2514 3742 tali
2544 3693 2830 3773 constituta
2863 3695 2932 3748 sit
2964 3695 3252 3753 observatio
3277 3698 3522 3768 Quadra-

2607 3777 2836 3832 gesimaz.

2005 3865 2033 3904 ι)
2067 3865 2126 3920 In
2155 3884 2262 3938 qua
2299 3884 2430 3939 ergo
2454 3880 2606 3940 parte
2635 3875 2763 3930 anni
2795 3879 3180 3948 congruentius
3205 3881 3520 3938 observatio

1934 3955 2370 4031 Quadragesimaz
2424 3967 2867 4035 constitueretur,
2923 3970 3028 4026 nisi
3097 3972 3298 4027 eonﬁni
3353 3983 3518 4046 atque

1934 4047 2186 4118 contigua
2214 4049 2507 4110 Dominica:
2535 4058 2812 4127 passioni?
2835 4059 2972 4127 Quia
3005 4063 3059 4116 in
3089 4079 3152 4118 ea
3181 4064 3518 4133 signiﬁcatur

1932 4134 2048 4191 hzec
2083 4138 2192 4192 vita
2235 4140 2528 4212 laboriosa,
2560 4148 2646 4202 cui
2683 4165 2820 4217 opus
2849 4160 2936 4206 est
2960 4151 3074 4206 haec
3114 4153 3511 4220 convenientia,

1932 4233 1993 4279 ut
2028 4227 2098 4281 ab
2133 4228 2302 4298 ipsius
2340 4235 2522 4288 mundi
2566 4237 2804 4291 amicitia
2837 4237 3136 4305 jejunetur,
3171 4255 3292 4310 qua;
3331 4241 3517 4311 utique

1934 4315 2196 4372 fallaciter
2249 4320 2479 4376 blandiri
2532 4332 2587 4378 et
2638 4323 3011 4382 illecebrarum
3055 4342 3246 4384 succos
3283 4329 3517 4386 circum-

253 4417 404 4465 mus,
437 4402 600 4456 etiam
640 4403 774 4458 illud
809 4405 1081 4474 declarat,
1118 4411 1261 4478 quod
1310 4414 1667 4483 quadraginta
1717 4416 1830 4472 die-
1862 4389 1910 4450 θ
1936 4421 2191 4476 Spargere
2218 4416 2380 4478 atque
2403 4410 2588 4478 lacere
2617 4429 2727 4468 ηοη
2755 4425 2955 4471 0855‘“-

255 4507 382 4546 rum
420 4492 703 4562 jejunium,
735 4496 837 4550 hoc
875 4504 980 4563 est,
1010 4498 1366 4555 humilitatem
1407 4505 1601 4559 animm
1636 4521 1828 4562 conse-

249 4583 454 4649 cravit,
494 4594 548 4640 et
583 4585 671 4640 lex
706 4595 762 4641 et
797 4588 1108 4658 prophetae,
1139 4605 1236 4660 per
1277 4589 1496 4662 Moysen
1538 4603 1595 4649 et
1631 4595 1828 4661 Etiam,

249 4679 350 4749 qui
382 4679 742 4752 quadragenis
771 4683 959 4739 diebus
993 4683 1328 4755 jejunarunt,
1369 4697 1425 4742 et
1450 4689 1824 4763 Evangelium,

246 4786 354 4842 per
402 4771 571 4840 ipsius
596 4773 806 4828 Domini
828 4773 1111 4843 jejunium.
1146 4776 1351 4844 Quibus
1379 4781 1566 4836 diebus
1593 4784 1826 4853 quadra-

246 4861 408 4932 ginta
443 4860 607 4916 etiam
642 4865 946 4919 tentabatur
973 4882 1003 4920 a
1029 4867 1264 4933 diabolo,
1302 4870 1430 4938 quid
1470 4870 1634 4937 aliud,
1667 4889 1830 4943 quam

245 4966 354 5022 per
380 4967 541 5006 omne
567 4952 725 5024 hujus
753 4955 932 5009 saeculi
966 4964 1174 5028 tempus
1205 4963 1555 5018 tentationem
1591 4973 1829 5023 nostram

248 5045 311 5099 in
329 5059 510 5098 carne
540 5045 657 5111 Sua,
693 5061 856 5115 quam
885 5047 952 5103 de
979 5059 1166 5104 nostra
1198 5054 1525 5110 mortalitate
1554 5071 1832 5115 assumere

245 5137 510 5208 dignatus
537 5146 638 5203 est,
669 5139 1054 5211 praeﬁgurans?
1102 5142 1208 5197 iste
1233 5147 1695 5218 quadragenarius
1733 5167 1831 5205 nu-

245 5242 478 5292 merus,
528 5229 619 5300 qui
670 5230 956 5287 inchoatur
1016 5248 1047 5288 a
1096 5237 1342 5304 sequenti
1390 5238 1658 5294 dominica
1709 5249 1831 5309 post

243 5317 788 5388 Quinquagesimam,
833 5320 1020 5376 ﬁnitur
1058 5323 1245 5393 quinta
1293 5323 1429 5380 feria
1470 5336 1596 5382 ante
1619 5328 1828 5384 Pascha

243 5407 502 5472 Domini,
559 5425 679 5477 quae
727 5420 950 5466 vocatur
995 5411 1160 5469 Cmna
1207 5414 1443 5471 Domini.
1500 5417 1828 5475 Varietatem

242 5498 358 5553 diei
400 5511 572 5552 coenae
617 5498 830 5556 Domini
865 5503 1185 5571 scribemus,
1216 5506 1262 5561 si
1293 5507 1552 5565 Dominus
1596 5509 1823 5577 dederit,

325 5645 347 5670 υ
391 5634 642 5705 AttgttSL,
665 5641 739 5693 De
773 5652 1037 5692 consensu
1070 5641 1538 5711 cvangelistarum.

575 5726 846 5787 Ριτηοι..
891 5726 1023 5789 CV.

2536 4526 2764 4583 CAPUT
2807 4528 2914 4583 Vll.

1939 4607 2014 4662 De
2056 4611 2394 4666 varietatibus
2433 4615 2838 4740 oﬂiciormgger
2860 4619 3019 4700 diem,
3049 4637 3210 4691 usque
3254 4623 3308 4677 in
3339 4639 3516 4678 resur-

2478 4696 2704 4740 rectione
2780 4705 2963 4740 omam.

2478 4696 2963 4742 rectione‘Domini.

2007 4793 2210 4859 Quarta
2260 4792 2392 4848 feria
2438 4795 2580 4850 inter
2614 4797 3126 4870 Quinquagesimam
3174 4813 3230 4857 et
3267 4802 3510 4870 Quadra-

1933 4882 2193 4952 gesimam
2251 4882 2515 4952 jejunium
2544 4927 2560 4952 ,
2609 4889 2754 4957 quod
2802 4893 3146 4959 protenditur
3197 4895 3250 4950 in
3303 4897 3508 4954 Pascha

1935 4977 2167 5044 Domini,
2200 4978 2534 5046 inchoamus,
2571 4997 2742 5052 usque
2776 4986 2843 5040 ad
2876 4986 3042 5041 istum
3081 4988 3224 5044 diem
3261 4991 3314 5044 in
3346 5007 3509 5060 expe-

1932 5068 2136 5124 ditione
2171 5068 2394 5135 fuimus,
2441 5071 2600 5127 hodie
2642 5089 2875 5144 pugnant
2927 5079 3334 5137 committimus.
3393 5083 3508 5138 Hoc

1931 5161 2170 5216 ostendit
2195 5163 2371 5231 prima
2411 5165 2635 5220 collecta
2665 5167 2860 5234 Missae,
2892 5169 3078 5225 dicens
3105 5189 3119 5226 :
3151 5171 3385 5227 Concede
3419 5189 3513 5227 no-

1932 5250 2028 5315 bis,
2062 5252 2305 5318 Domine,
2335 5255 2582 5323 praesidia
2617 5256 2822 5311 militia:
2847 5256 3164 5314 Christiana
3194 5264 3390 5315 sanctis
3423 5263 3508 5314 in-

1929 5342 2374 5412 choarejejuniis.
2402 5344 2458 5400 In
2487 5347 2676 5401 eadem
2705 5349 2794 5404 die
2821 5366 2926 5405 non
2949 5360 3034 5406 est
3060 5351 3224 5405 altera
3251 5351 3505 5415 varietas,

1931 5429 2036 5484 nisi
2061 5431 2204 5501 quod
2229 5446 2400 5500 usque
2429 5433 2498 5488 ad
2525 5433 2664 5490 hanc
2693 5437 2837 5491 diem
2865 5437 3082 5492 Missam
3113 5435 3508 5492 celebravimus

1932 5522 2066 5578 hora
2118 5524 2295 5590 tertia,
2351 5540 2458 5596 qua
2502 5535 2559 5581 et
2603 5526 2880 5584 Dominica
2932 5529 3018 5581 die
3053 5545 3064 5579 :
3102 5528 3154 5580 in
3211 5527 3328 5590 hac,
3375 5527 3506 5586 hora

2003 5656 2030 5695 ιο
2068 5656 2293 5726 August.
2328 5660 2455 5714 ibid.

2953 5748 3031 5808 32
