3890 6180
433 276 572 333 1003

1455 258 1787 316 AMALARII
1826 254 2261 313 PRESBYTERI
2301 251 2641 310 METENSIS

3495 249 3608 303 10οι

426 404 567 445 nona
595 405 608 440 :
637 392 692 439 et
721 382 974 451 deinceps
1012 385 1296 433 mutatam.
1329 371 1536 439 Quibus
1571 370 1739 424 armis
1765 380 2004 439 pugnare
2032 371 2083 429 Α
2176 363 2293 419 Jam
2326 379 2467 418 nunc
2495 372 2706 431 tempus
2728 366 2812 413 est
2833 397 2848 424 ,
2872 358 2982 429 jam
3007 356 3332 426 parturiatnr
3365 357 3489 425 quod
3513 367 3613 414 tunc

427 479 720 535 debeamus
741 471 858 527 Joel
895 467 1153 532 ostendit,
1180 465 1405 520 dicens:
1454 462 1521 516 In
1556 460 1762 531 jejunio
1803 468 1848 512 et
1871 458 1997 527 ﬂetu

427 580 478 627 et
510 564 720 641 planctu
737 581 755 631 ;
779 570 833 619 et
856 559 1175 632 Egredt'atur
1205 570 1425 627 sponsus
1455 553 1521 606 de
1551 546 1781 605 thalamo
1814 563 1929 612 suo,
1951 556 1999 601 et

429 636 619 734 sponsa
642 658 707 712 de
743 652 899 710 cubili
923 667 1054 716 suo;
1076 657 1131 705 et
1154 645 1500 717 Evangelium
1530 662 1545 698 :
1571 642 1647 696 Tu
1671 652 1843 695 autem
1882 636 2000 694 cum

430 731 661 823 jejunus,
704 758 837 815 uage
879 750 1037 812 caput
1077 750 1223 793 tuum
1265 747 1313 791 et
1359 736 1546 807 faciem
1590 742 1735 787 tuam
1777 731 1917 796 lava,
1947 740 2003 785 et

432 841 640 909 reliqua
666 854 680 890 :
705 834 886 906 opinio
915 840 999 887 est
1036 826 1358 900 aliquorum,
1388 834 1451 880 ut
1476 832 1761 895 propterea
1787 824 1891 877 hac
1914 822 2002 876 die

431 933 714 988 inchoctur
751 926 1016 997 jejunium
1058 918 1557 993 quadragesimale,
1598 916 1724 986 quia
1761 912 2002 982 exceptis

432 1024 622 1078 diebus
651 1035 745 1076 sex
774 1015 1063 1073 dominicis
1091 1011 1232 1068 intra
1256 1004 1735 1080 Quadragesimam
1766 1005 2001 1077 quadra-

432 1117 577 1188 ginta
613 1109 988 1167 tantummodo
1027 1113 1152 1161 sunt
1190 1121 1219 1159 a
1245 1102 1547 1158 memorata
1587 1098 1720 1154 feria
1740 1102 1918 1167 usque
1949 1096 2003 1150 in

432 1185 658 1261 sabbato
695 1207 901 1257 sancto.
950 1198 1084 1253 Illud
1123 1196 1267 1251 enim
1305 1192 1562 1255 occurrit,
1604 1185 1745 1260 quod
1787 1198 2005 1244 sanctus

432 1295 726 1369 Gregorius
770 1287 1141 1347 tantummodo
1184 1283 1405 1354 triginta
1444 1288 1500 1335 et
1536 1287 1634 1334 sex
1670 1279 1785 1334 dies
1832 1277 2004 1331 absti-

434 1367 629 1444 nentia:
680 1384 839 1440 nobis
890 1380 1129 1435 insinuat
1178 1370 1660 1444 quadragesimalis
1712 1367 2035 1439 temporis:.

436 1478 638 1539 forsan,
688 1473 815 1543 quia
862 1468 1101 1524 nondum
1153 1470 1310 1520 erant
1351 1461 1519 1517 additi
1569 1466 1798 1530 quatuor
1825 1459 1941 1511 dies
1975 1472 2006 1509 a

435 1581 598 1638 supra
622 1564 767 1619 dicta
808 1560 946 1615 l‘eria
977 1563 1171 1627 quarta
1211 1569 1379 1622 usque
1410 1552 1478 1605 ad
1511 1549 1837 1605 dominicam
1866 1547 2010 1614 Qua-

436 1644 772 1725 dragesimte,
803 1648 853 1720 [α
884 1655 943 1700 ut
968 1659 1101 1714 ergo
1124 1639 1562 1713 Quadragesimze
1609 1651 1818 1694 summa
1861 1650 2009 1690 com-

2100 463 2377 510 nascatur.
2426 453 2571 522 Ergo
2599 450 2729 504 illud
2761 448 3043 503 novimus:
3080 445 3177 500 sed
3222 444 3354 499 forte
3397 446 3487 499 hoc
3522 449 3612 499 esi-

2101 546 2247 615 gitur
2279 560 2309 598 a
2353 543 2542 609 nobis,
2570 548 2758 598 utrum
2783 538 2980 592 habeat
3006 535 3216 605 aliquod
3251 542 3615 599 sacramentum,

2102 635 2461 707 quadraginta
2507 647 2600 688 sex
2649 629 2807 683 annis
2846 627 3163 682 aediﬁcatum
3212 625 3464 695 templum.
3508 623 3619 680 Sunt

2102 727 2317 798 quidem
2342 723 2517 780 niulta
2541 736 2660 791 qn:e
2683 720 2813 774 hinc
2842 718 2947 773 dici
2974 716 3181 786 possint
3206 735 3219 769 :
3257 716 3347 770 sed
3367 715 3492 785 quod
3514 714 3616 769 bre-

2101 818 2246 871 viter
2269 816 2376 869 dici
2401 820 2602 884 potest,
2643 818 2698 865 et
2733 808 2891 863 facile
2930 806 3184 878 intelligi,
3213 806 3311 861 hoc
3333 806 3525 860 interim
3555 806 3621 859 di-

2103 922 2307 964 cemus.
3576 960 3590 965 _

2173 997 2414 1069 Fratres,
2439 996 2675 1052 diximus
2707 992 2820 1062 jam
2839 1033 2853 1057 ,
2895 990 2999 1045 nisi
3044 986 3202 1042 fallor
3226 1029 3239 1052 ,
3264 988 3495 1042 hesterno
3518 986 3618 1041 die:

2104 1090 2276 1144 Adam
2318 1103 2486 1142 unum
2530 1084 2805 1140 hominem
2833 1080 3002 1135 fuisse
3028 1119 3043 1143 ,
3068 1086 3124 1133 et
3154 1078 3320 1148 ipsum
3346 1091 3453 1131 esse
3486 1084 3620 1130 totum

2107 1196 2279 1253 genus
2302 1179 2621 1233 humanum.
2663 1173 2795 1228 Nam
2832 1173 2907 1226 ita
2942 1170 3204 1233 diximus,
3248 1169 3291 1222 si
3319 1167 3620 1230 meministis,

2107 1270 2261 1339 quasi
2292 1267 2497 1322 fractus
2524 1271 2627 1324 est.
2655 1271 2711 1319 et
2739 1266 2958 1332 sparsus
2987 1258 3273 1329 colligitur,
3298 1264 3350 1310 et
3368 1258 3500 1325 quasi
3518 1271 3623 1310 con-

2108 1361 2269 1416 ﬂatur
2311 1362 2366 1414 in
2392 1373 2556 1414 unam
2586 1357 2917 1437 societatem]
2948 1360 3111 1421 atque
3146 1349 3464 1404 concordiam
3498 1347 3624 1417 spiri—

2111 1453 2330 1513 tualem,
2362 1461 2417 1507 et
2444 1451 2609 1522 gemit
2630 1462 2771 1504 unus
2794 1459 2998 1517 pauper
3026 1443 3186 1498 modo
3215 1441 3324 1511 ipse
3346 1440 3521 1493 Adam:
3548 1438 3623 1492 sed

2112 1544 2165 1598 in
2194 1542 2410 1598 Christo
2441 1542 2749 1605 innOVatur,
2773 1539 2899 1609 quia
2926 1538 3046 1592 sine
3070 1546 3288 1608 peccato
3309 1536 3443 1590 venit
3465 1533 3621 1596 Adam,

2113 1644 2172 1690 ut
2200 1641 2481 1704 peccatum
2505 1632 2634 1686 Adm
2660 1631 2895 1685 solveret
2924 1629 2977 1682 in
3008 1643 3170 1684 carne
3198 1643 3313 1692 sua,
3343 1634 3393 1680 et
3415 1633 3464 1678 ut
3483 1624 3625 1677 redin-

437 1719 672 1811 pleaiur,
718 1745 951 1808 quatuor
998 1734 1114 1788 dies
1157 1730 1514 1801 praecedentis
1558 1726 1908 1782 hebdomada:
1941 1724 2007 1779 ad
2037 1724 2083 1781 B
2110 1732 2349 1799 tegraret
2380 1723 2482 1780 sibi
2511 1722 2684 1777 Adam
2724 1720 3017 1792 imaginem
3046 1720 3165 1775 Dci.
3198 1719 3360 1773 Adam
3388 1731 3500 1788 ergo
3524 1729 3625 1770 caro

439 1830 557 1884 illos
589 1844 712 1883 var
741 1827 859 1882 dies
885 1824 1158 1879 adduntur
1194 1840 1207 1875 :
1237 1834 1373 1890 quos
1405 1818 1572 1874 simili
1603 1818 1888 1873 devotione
1916 1831 2010 1871 ve-

437 1918 704 1974 nerabiles
723 1914 840 1985 pari
866 1912 1211 1976 abstinentia,
1240 1911 1294 1966 id
1318 1916 1404 1985 est
1421 1908 1610 1979 jejunii
1637 1906 2013 1962 observatione

438 1982 817 2064 custodiendos
859 2011 916 2058 et
958 2012 1269 2058 sanctorum
1312 1982 1531 2053 Patrum
1580 1997 1905 2060 auctoritas,
1959 2004 2013 2050 et

438 2099 578 2153 ratio
615 2097 732 2168 ipsa
770 2093 1132 2151 commendat.
1194 2089 1346 2145 Unde
1387 2094 1443 2142 et
1480 2095 1673 2155 quarta
1714 2085 1864 2151 feria,
1907 2101 2013 2156 qua

437 2188 544 2242 hoc
582 2183 844 2256 jejunium
893 2181 1247 2241 inchoamus,
1315 2184 1480 2246 caput
1520 2173 1709 2243 jcjunii
1760 2173 2014 2244 appellari

439 2271 764 2344 consuevit.]
787 2276 999 2327 constat
1020 2269 1182 2325 etiam
1213 2266 1317 2322 alia
1345 2266 1503 2329 ratio,
1537 2280 1658 2335 qua:
1685 2279 1791 2319 non
1820 2263 2016 2318 abhor-

443 2374 526 2419 ret
556 2379 587 2418 a
609 2376 739 2417 vero
767 2361 817 2415 ei
842 2360 929 2416 cui
958 2359 1304 2429 perspicuum
1331 2364 1414 2412 est
1442 2355 1637 2425 capitis
1664 2362 1719 2410 et
1745 2353 2016 2409 membro-

442 2470 559 2509 rum
585 2450 953 2524 compaginem
975 2464 1142 2504 unum
1163 2463 1362 2517 corpus
1386 2461 1523 2501 esse.
1554 2445 1597 2499 A
1620 2453 1917 2499 memorata
1939 2442 2017 2497 fe-

443 2546 523 2600 ria
546 2557 716 2615 usque
741 2542 795 2597 in
822 2536 1047 2596 sabbato
1070 2545 1273 2601 sancto,
1307 2535 1671 2607 quadraginta
1699 2541 1756 2588 et
1783 2548 1874 2588 sex
1904 2532 2019 2585 dics

441 2643 584 2689 sunt.
620 2632 863 2688 Totidem
889 2644 1111 2684 numero
1139 2640 1424 2690 annorum,
1450 2623 1707 2695 templum
1732 2622 1786 2678 in
1799 2621 2019 2677 Jerusa-

444 2725 544 2779 lem
567 2721 889 2779 aediﬁcatum
912 2726 1013 2774 est.
1042 2716 1194 2772 Unde
1214 2716 1358 2772 Beda
1387 2716 1440 2770 in
1467 2714 1800 2784 expositione
1813 2713 2014 2767 Esdra}.

443 2814 629 2883 C(rpta
664 2819 747 2866 est
780 2818 959 2865 autem
998 2806 1282 2862 aediﬁcatio
1318 2804 1498 2876 templi
1524 2805 1699 2876 primo
1728 2819 1869 2858 anno
1894 2801 2019 2873 Cyri

445 2904 608 2974 regis,
660 2910 716 2957 et
754 2910 907 2956 sexto
931 2898 1078 2971 Darii
1127 2913 1269 2952 anno
1317 2906 1711 2962 consummata,
1759 2896 1848 2966 qui
1893 2903 2017 2950 sunt

447 2993 572 3046 anni
598 2991 750 3060 juxta
780 2988 937 3045 [idem
968 2988 1368 3051 chronicorum,
1397 2986 1750 3058 quadraginta
1778 2997 1831 3040 et
1861 2986 2010 3057 quin-

446 3097 570 3152 que.
599 3081 873 3151 Siquidem
913 3079 1086 3149 Cyrus
1117 3077 1363 3150 regnavit
1398 3091 1570 3133 annos
1615 3075 1858 3147 triginta,
1897 3083 2020 3146 post
2048 3079 2092 3141 C

447 3186 605 3242 quem
641 3169 936 3240 Cambyses
962 3167 1101 3222 tilius
1146 3165 1263 3235 ejus
1311 3180 1484 3220 annos
1527 3174 1669 3231 octo,
1697 3164 1787 3235 qui
1836 3163 1889 3218 in
1920 3165 2022 3220 hoc

449 3262 740 3326 volumine,
786 3270 843 3313 ut
881 3259 1148 3328 Iosephus
1199 3263 1464 3320 autumat,
1497 3252 1825 3310 Artaxerxes
1866 3268 2024 3309 voca-

449 3361 541 3405 tur
577 3368 591 3404 :
621 3357 744 3420 post
771 3364 929 3418 quem
959 3347 1095 3418 Magi
1125 3346 1218 3417 qui
1256 3344 1405 3400 illum
1438 3341 1847 3409 interfecerunt,
1880 3359 2023 3400 anno
2054 3416 2061 3417 γ

450 3458 559 3501 uno
581 3451 704 3516 post
732 3458 867 3513 quos
890 3441 1085 3497 Darius
1115 3453 1284 3510 usque
1314 3437 1380 3492 ad
1410 3436 1928 3493 consummatiOncm
1961 3446 2026 3492 ac

449 3533 859 3592 aediﬁcationem
897 3530 1100 3601 templi,
1132 3528 1291 3584 annis
1319 3543 1452 3583 sex:
1480 3527 1571 3596 qui
1611 3530 1756 3592 sunt,
1797 3532 1855 3580 ut
1885 3525 2024 3581 dixi-

452 3640 594 3691 mus,
643 3623 769 3678 anni
818 3621 1175 3693 quadraginta
1225 3619 1481 3690 quinque.
1533 3616 1803 3685 Qumritur
1848 3624 2024 3672 autem

452 3711 745 3784 quomodo,
770 3712 982 3766 dicente
1007 3710 1257 3775 Domino,
1287 3707 1488 3763 Judaris
1514 3704 1615 3762 sub
1644 3707 1812 3777 figura
1840 3705 2025 3777 templi

425 3806 520 3865 ,de
549 3803 805 3872 passione
833 3817 899 3856 ac
934 3801 1332 3857 resurrectione
1375 3816 1472 3856 sua
1501 3815 1513 3850 :
1547 3798 1744 3854 Solvite
1777 3798 2022 3870 tenzplam

454 3893 576 3957 hoc,
609 3899 658 3945 et
690 3891 747 3944 in
769 3890 934 3944 tribus
967 3889 1147 3944 diebus
1176 3889 1410 3943 excitabo
1442 3887 1609 3953 illud;
1637 3887 2028 3957 responderunt

457 3981 601 4051 ipsi:
629 3978 996 4049 Quadraginta
1034 3989 1082 4033 et
1120 3995 1212 4034 sea:
1239 3979 1393 4032 annis
1419 3977 1736 4046 mdiﬁcatam
1779 3982 1855 4031 est
1895 3987 2027 4031 tem-

456 4070 602 4142 plum
645 4070 762 4135 lwc,
798 4079 846 4122 et
884 4070 940 4123 in
972 4069 1135 4123 tribus
1177 4068 1359 4122 diebus
1400 4067 1650 4121 excitabis
1692 4066 1874 4120 illud?
1905 4083 2027 4123 cum

458 4177 567 4218 non
595 4161 827 4233 amplius
851 4174 1013 4230 quam
1041 4159 1278 4229 quinque
1310 4165 1366 4214 et
1393 4158 1749 4229 quadraginta
1779 4158 1905 4212 anni
1946 4171 2030 4212 re-

454 4253 740 4325 periantur
771 4266 803 4306 a
834 4251 1009 4321 primo
1034 4249 1160 4321 Cyri
1204 4249 1349 4322 regis
1381 4252 1555 4318 usque
1587 4248 1655 4302 ad
1683 4257 1895 4304 sextum
1928 4249 2023 4303 Da-

462 4344 530 4398 rii
562 4341 705 4414 regis
730 4354 950 4396 annum.
990 4339 1099 4396 Sed
1135 4341 1182 4397 si
1212 4341 1498 4396 historiam
1522 4328 1741 4410 Iosephi
1770 4339 2028 4411 legamus,

2113 1816 2336 1873 Christi.
2366 1816 2444 1870 De
2470 1813 2644 1870 Adam
2675 1826 2805 1884 ergo
2832 1810 3113 1880 templum,
3145 1810 3283 1880 quod
3307 1809 3627 1863 destmxerunt

2112 1907 2302 1973 Judzei,
2340 1913 2396 1961 et
2422 1904 2767 1960 resuscitavit
2804 1902 3068 1957 Dominus
3097 1902 3308 1957 triduo:
3342 1895 3626 1953 resuscitavit

2114 1998 2261 2054 enim
2283 2010 2505 2052 carnem
2545 2009 2719 2050 suam.
2765 1992 2835 2047 Et
2859 2002 2982 2063 post
3012 2007 3184 2063 pauca
3208 2010 3222 2045 :
3258 1990 3387 2058 Quid
3414 2003 3523 2058 ergo
3549 1985 3625 2040 sibi

2114 2086 2229 2143 vult
2256 2098 2514 2141 numerus
2540 2084 3004 2154 quadragenarius
3026 2082 3306 2138 senarius?
3325 2079 3517 2134 Interim
3540 2076 3627 2145 ipse

2115 2177 2289 2233 Adam
2317 2160 2442 2245 quia
2469 2190 2566 2245 per
2597 2182 2766 2229 totum
2800 2172 2986 2228 orbem
3016 2181 3285 2227 terrarum
3312 2178 3417 2236 est,
3448 2164 3627 2221 audistis

2110 2267 2223 2337 jam
2253 2268 2512 2324 hesterno
2561 2266 2648 2321 die
2685 2270 2917 2335 quatuor
2945 2263 3149 2319 litteris
3171 2261 3372 2317 'Grrecis
3394 2259 3626 2315 verborum

2116 2358 2451 2416 Graecorum.
2483 2355 2541 2410 Si
2571 2354 2718 2411 enim
2754 2354 2857 2408 ista
2890 2354 3067 2409 verba
3114 2353 3336 2422 quatuor
3359 2348 3534 2403 scribas
3553 2341 3627 2397 sub

2117 2448 2386 2512 invicem,
2438 2446 2490 2500 id
2534 2453 2619 2499 est
2665 2444 2883 2498 nomina
2929 2448 3167 2513 quatubr
3208 2441 3426 2511 partium
3451 2433 3627 2492 mundi.

2117 2536 2376 2602 Orientis,
2417 2535 2728 2590 Occidentis
2749 2575 2764 2599 ,
2796 2532 3086 2605 Aquilonis
3107 2574 3121 2598 ,
3152 2541 3207 2589 et
3232 2528 3499 2591 Meridiani,
3523 2521 3629 2594 quod

2117 2637 2200 2685 cst
2226 2636 2370 2683 totus
2395 2627 2561 2692 orbis,
2595 2628 2739 2682 unde
2768 2627 2899 2682 dicit
2928 2622 3194 2681 Dominus
3218 2640 3245 2678 a
3272 2630 3477 2693 quatuor
3500 2611 3630 2669 ventis

2117 2719 2471 2777 collecturum
2516 2732 2575 2773 se
2620 2716 2820 2771 electos
2849 2722 2975 2771 suos
2999 2755 3016 2779 ,
3050 2730 3174 2770 cum
3217 2711 3414 2768 venerit
3438 2706 3493 2762 ad
3524 2700 3630 2777 judi-

2119 2811 2261 2868 cium
2287 2829 2301 2866 :
2326 2810 2388 2893 ,εἰ
2417 2824 2545 2881 ergo
2572 2808 2741 2864 facias
2767 2810 2870 2863 ista
2897 2812 3140 2879 quatitur
3168 2806 3375 2861 nomina
3402 2815 3514 2856 sua:

2400 2945 2663 3007 ’Asarold,
2696 2942 2840 3012 quod
2868 2949 2954 2996 est
2985 2939 3213 3007 Oriens,

2407 3037 2591 3104 Λύσις,
2620 3037 2766 3107 (ινού
2788 3046 2873 3091 εει
2897 3035 3194 3099 Occidens,

2406 3130 2640 3212 "Aput-oc,
2672 3130 2818 3199 quod
2840 3136 2927 3185 est
2951 3127 3286 3199 Septentrio,

2403 3222 2728 3296 ὶιεσημϐρία,
2758 3219 2900 3291 quod
2929 3228 3017 3274 est
3049 3219 3314 3274 Meridies.

2112 3364 2359 3423 ’Avaroltri,
2390 3360 2567 3423 Δύσις,
2601 3353 2835 3431 ’Δρὴτοῇ
2861 3353 3196 3427 Μεσημϐρία,
3224 3350 3383 3420 capita
3409 3344 3631 3399 verborum

2124 3449 2294 3505 Adam
2322 3449 2543 3504 habent.
2573 3445 2851 3513 Quomodo
2887 3458 3019 3514 ergo
3056 3442 3350 3498 invenimus
3374 3437 3434 3491 iizi
3468 3443 3511 3488 et
3534 3443 3631 3500 qua.

2127 3540 2503 3611 dragenarium
2525 3544 2581 3591 et
2604 3536 2876 3592 senarium
2901 3532 3225 3589 numerum?
3246 3531 3369 3598 Quia
3393 3540 3498 3583 caro
3517 3518 3632 3575 Chri-

2128 3630 2198 3686 sti
2224 3630 2290 3685 de
2310 3628 2484 3682 Adam
2514 3633 2651 3682 erat.
2681 3625 2749 3680 Et
2776 3624 2970 3677 iterum
2990 3628 3122 3693 pust
3144 3638 3337 3693 pauca:
3363 3616 3464 3671 iam
3482 3611 3629 3666 videte.

2129 3722 2247 3778 ista:
2273 3721 2468 3774 littera:
2488 3733 2647 3788 quem
2673 3731 2956 3771 numerum
2978 3715 3239 3779 habeant,
3255 3722 3305 3768 et
3326 3711 3391 3766 ibi
3414 3698 3631 3762 invenietis

2130 3813 2489 3885 quadraginta
2519 3820 2574 3867 et
2599 3824 2692 3865 sex
2718 3808 2876 3864 annis
2898 3805 3225 3863 aediﬁcatum
3246 3801 3490 3873 templum.
3506 3792 3630 3885 liabe

2130 3879 2275 3959 enim
2298 3879 2469 3957 Adam
2481 3898 2642 3974 ’Δλφα
2664 3900 2778 3971 μία,
2806 3898 2948 3977 quod
2965 3907 3057 3953 est
3080 3897 3126 3955 α’
3151 3912 3340 3952 unum:
3372 3889 3507 3946 habet
3526 3892 3568 3938 et
3584 3879 3633 3941 δ’,

2132 3998 2274 4067 quod
2317 4004 2443 4053 sunt
2483 3996 2747 4065 quatuor,
2787 3992 2954 4046 habes
3003 3991 3264 4060 quinque.
3311 3985 3464 4041 liabet
3486 3980 3629 4067 iterum

2132 4061 2284 4163 ἆλφα,
2315 4087 2459 4159 quod
2490 4061 2574 4143 est
2600 4080 2787 4151 unum,
2812 4084 2987 4139 habes
3006 4090 3137 4139 'sex.
3181 4080 3345 4136 liabet
3370 4086 3419 4133 et
3451 4072 3508 4144 μ’,
3529 4061 3632 4163 quod

2133 4155 2216 4234 est
2244 4155 2628 4248 quadraginta,
2669 4173 2835 4229 habes
2879 4171 3238 4245 quadraginta
3266 4186 3372 4225 sex.
3418 4155 3633 4230 Quomodo

2136 4283 2234 4324 nos
2259 4265 2626 4339 compaginari
2661 4271 2909 4335 Oporteat
2952 4262 3172 4335 corpori
3218 4258 3402 4317 Christi
3436 4249 3549 4324 quod
3571 4260 3634 4298 as-

2135 4358 2401 4429 sumpsit,
2430 4357 2573 4412 idem
2604 4357 2659 4410 in
2689 4355 3039 4427 sequentibus
3074 4353 3338 4411 ostendit:
3375 4347 3469 4401 Nos
3490 4342 3632 4429 simus.

460 4436 514 4489 in
545 4450 649 4504 σιυα
676 4441 799 4504 Ροεί
824 4431 1343 4523 οοηευωηιθιίοειθω
1368 4447 1435 4486 ac
1465 4429 1874 4523 πάίθθθιίθηθφ
1903 4436 2033 4523 ίθφζ
2059 4458 2110 4517 1)
2138 4427 2419 4521 inquiens,
2448 4447 2505 4502 in
2535 4445 3055 4523 bumilitate‘cordis
3076 4444 3313 4514 semper,
3353 4446 3402 4492 ει
3437 4427 3633 4505 gaudi“

457 4526 532 4596 pli
566 4533 679 4580 tres
715 4526 891 4580 adhuc
925 4538 1096 4578 annos
1121 4522 1287 4589 addit,
1330 4522 1384 4578 in
1417 4523 1614 4591 quibus
1653 4521 1948 4591 peribolus,
1978 4520 2030 4574 id

459 4626 566 4683 est,
608 4615 991 4686 circumposita
1037 4613 1233 4683 templo
1269 4613 1631 4668 munitionum
1677 4610 2031 4676 constructio,

461 4717 518 4764 et
562 4709 807 4780 qumdam
862 4707 969 4761 alia
1017 4721 1138 4776 quae
1188 4711 1583 4768 remanserant,
1634 4702 1876 4773 perfecta
1923 4701 2051 4766 sint,

462 4798 782 4861 videbimus,
822 4796 951 4865 quia
988 4804 1135 4851 recte
1173 4796 1228 4849 in
1265 4794 1621 4850 aediﬁcatione
1664 4791 1848 4862 templi
1894 4807 2032 4862 qua-

465 4885 710 4955 draginta
745 4895 801 4940 et
822 4901 913 4940 sex
953 4900 1216 4942 annorum
1244 4885 1442 4955 poterit
1464 4899 1674 4940 summa
1703 4885 2030 4954 computari,

468 4975 521 5027 in
547 4973 743 5042 quibus
771 4973 1124 5028 eminentiora
1155 4972 1272 5041 ejus
1304 4973 1528 5029 aedilicia
1563 4972 1715 5029 fuere
1741 4975 2033 5045 completa.

469 5061 748 5133 Templum
782 5063 885 5118 hoc
912 5062 1123 5118 Domini
1161 5080 1358 5134 corpus
1386 5063 1672 5134 signiﬁcat.
1702 5063 2039 5135 Augustinus

471 5155 527 5209 in
554 5162 784 5209 tractatu
813 5169 976 5225 super
998 5153 1214 5221 Joann.,
1246 5156 1388 5212 libro
1413 5155 1623 5211 decimo
1648 5173 1661 5209 :
1686 5155 1859 5226 Ipsius
1900 5164 2037 5212 tem-

471 5242 546 5312 pli
593 5242 973 5301 resolutionem
1044 5254 1100 5301 et
1141 5245 1611 5303 resediticationem
1665 5249 2037 5305 anniversaria

473 5335 813 5392 solemnitate
836 5336 1160 5394 celebraturi
1187 5352 1405 5403 sumus;
1439 5339 1508 5394 ad
1535 5354 1696 5409 quam
1722 5346 1817 5395 vo‘s
1846 5343 2042 5397 exhor-

475 5432 654 5481 tamur
677 5427 1073 5497 utprteparctis
1100 5441 1220 5493 vos,
1262 5426 1427 5497 siqui
1473 5428 1605 5485 estis
1641 5431 2042 5498 catechumeni,

476 5529 540 5576 ut
565 5520 845 5592 accipiatis
877 5520 1127 5593 gratiam.

2137 4550 2380 4597 nostrum
2412 4555 2579 4611 penes
2604 4540 2779 4609 ipsum
2806 4539 2896 4593 sit.
2932 4538 2974 4608 -ί-
3003 4537 3107 4605 Qui
3135 4538 3208 4591 ita
3239 4534 3342 4606 agit
3371 4539 3423 4584 ut
3443 4530 3636 4581 cantores

2136 4632 2430 4688 admonent
2452 4634 2750 4686 memorata
2773 4628 2929 4695 feria,
2946 4628 3063 4698 ipse
3086 4627 3243 4683 estin
3268 4618 3534 4679 humilitate
3551 4620 3637 4705 cot-

2140 4724 2225 4779 dis
2251 4740 2265 4777 :
2303 4721 2409 4792 Ipsi
2438 4723 2662 4778 dicunt:
2699 4721 3055 4775 Immutemus
3078 4718 3318 4774 habitum
3341 4713 3502 4768 cinere
3520 4709 3562 4756 et
3583 4711 3637 4749 ct-

2142 4814 2287 4879 licio,
2316 4811 2621 4882 jejunemus
2648 4812 2704 4866 et
2726 4812 3003 4881 ploremus
3030 4817 3155 4863 ante
3191 4804 3470 4861 Dominum.

2214 4903 2557 4973 Compositor
2570 4901 2730 4957 cilicii
2747 4902 2920 4956 nostri
2941 4899 3099 4969 juxta
3120 4894 3507 4953 admonitionem
3525 4888 3636 4973 ειιιιη

2143 4994 2261 5047 vult
2286 4963 2488 5047 circum
2515 5005 2616 5046 nos
2646 4991 2731 5061 agi
2758 5010 2770 5044 :
2806 4988 2862 5045 Si
2893 4963 3015 5058 quis
3042 4985 3260 5043 intravit
3288 4983 3338 5038 in
3363 4973 3561 5034 scholam
3581 4963 3638 5017 δι’*

2146 5081 2383 5151 δείριίητε
2408 5080 2728 5135 Christianae
2756 5088 2949 5149 quarta
2986 5078 3139 5142 feria,
3177 5088 3280 5130 non
3302 5076 3380 5127 est
3410 5066 3571 5151 bonum
3596 5061 3637 5104 ιιι

2139 5147 2451 5244 egrediatur
2507 5171 2609 5225 nisi
2664 5147 2789 5240 post
2834 5166 3118 5223 victoriam
3164 5184 3177 5220 :
3226 5162 3345 5233 quia
3387 5147 3639 5244 intravitan

2141 5235 2356 5332 quando
2385 5235 2784 5315 celebravimus
2810 5256 2985 5313 cilicia
3012 5261 3288 5316 consueta,
3310 5251 3493 5304 bonum
3513 5235 3637 5332 esti“

2144 5366 2267 5405 cum
2312 5350 2487 5420 capite
2520 5358 2720 5405 'nostro
2757 5347 2816 5402 in
2846 5347 2934 5402 die
2968 5338 3369 5401 resurrectionis
3403 5321 3640 5392 triumphe'

2148 5458 2288 5497 mus.
2323 5442 2629 5511 Antequam
2658 5448 2880 5496 sanctus
2907 5435 3236 5509 Augustinus
3256 5431 3319 5486 de
3341 5420 3638 5511 numero

2151 5537 2360 5585 morato
2386 5505 2707 5599 disputaret,
2737 5505 3095 5585 hortatus'est
3129 5520 3513 5579 catechumenos
3535 5509 3580 5555 ιιι
3597 5505 3640 5548 ει

550 5643 579 5675 ι
617 5633 790 5691 Uncis
818 5630 1025 5690 inclusa
1072 5629 1263 5689 inuno
1291 5634 1662 5692 tantummodo
1688 5642 1844 5691 erant
1870 5634 2185 5707 exemplari.
