3890 6180
241 257 385 313 1005

1042 255 1136 310 DE
1174 254 1734 341 ECCL‘ESIASTICIS
1771 258 2057 315 OFFICIIS
2095 259 2274 315 LIBRI
2309 259 2398 315 IV.
2443 291 2513 300 -—
2552 262 2680 315 LIB.
2723 263 2764 316 l.

3374 276 3509 333 £006

236 379 619 442 praepararent
633 368 702 423 ad
719 368 1472 426 solemuitatemPascbalem.
1497 370 1691 425 Petrus
1704 388 1832 441 apo—
1858 381 1910 439 Α
1932 374 2108 443 prima
2139 375 2402 441 lectione,
2434 391 2554 445 quae
2588 378 2885 434 secundum
2913 380 3253 440 Ezecltielem
3285 386 3504 458 legitur,

238 466 414 521 stolus
439 462 678 518 ostendit
713 461 985 532 quomodo
1025 478 1083 517 se
1119 462 1353 518 debeam
1375 478 1715 533 pra-parare,
1745 466 1826 520 di-

235 569 404 610 cens:
459 553 612 623 Agite
653 553 1040 622 penitentiam,
1078 565 1125 608 et
1156 553 1447 624 baptizetur
1476 557 1827 627 unusquisque

236 656 466 700 vestrum
497 646 553 699 in
581 645 791 699 nomine
817 644 1032 699 Domini
1064 646 1230 699 nostri
1263 645 1394 700 Jesu
1416 644 1635 713 Christi,
1669 650 1723 701 in
1748 666 1827 702 re-

235 736 542 790 missionem
588 734 822 788 omnium
861 744 1218 804 peccatorum.
1264 734 1573 792 Secundum
1610 737 1824 805 Adam,

237 834 531 896 propterea
571 824 719 883 venit
756 833 816 880 ut
857 840 956 895 per
982 826 1364 895 paenitentiam
1399 835 1462 883 et
1500 829 1827 898 baptismum

237 916 578 974 reformatur
603 917 672 971 ad
695 932 852 972 suam
874 917 1165 988 imaginem
1192 918 1400 988 primus
1423 918 1595 973 Adam
1623 921 1714 989 qui
1742 931 1828 977 est

238 1010 293 1064 in
317 1017 558 1079 quatuor
582 1009 830 1079 partibus
859 1009 1066 1064 mundi.
1117 1008 1256 1077 Quia
1282 1010 1454 1065 Adam
1494 1026 1717 1082 sparsus
1743 1022 1829 1068 est

237 1116 338 1172 per
380 1109 622 1171 quatuor
664 1107 848 1170 partes
894 1099 1114 1166 mundi,
1160 1100 1255 1156 illo
1294 1116 1519 1157 numero
1562 1104 1631 1157 ad
1670 1102 1827 1158 colli-

239 1198 459 1260 gentem
478 1189 649 1244 Adam
677 1203 1043 1254 recurramus,
1068 1203 1231 1258 quem
1246 1190 1494 1245 continet
1517 1199 1660 1245 totus
1678 1192 1826 1246 orbis

238 1279 436 1348 primis
463 1278 659 1333 litteris
691 1277 825 1333 suis.

844 1388 1074 1446 CAPUT
1113 1390 1245 1446 VIII.

262 1480 343 1534 De
379 1479 612 1534 secunda
656 1478 905 1533 varietate
949 1489 1153 1562 quarta:
1188 1480 1528 1535 hebdomadaa
1556 1474 1805 1546 Quadra-

919 1566 1149 1620 gestmaz.

309 1639 560 1696 Secunda
590 1639 824 1695 varietas
853 1638 916 1710 lit,
936 1639 993 1693 in
1012 1648 1207 1709 quarta
1226 1640 1564 1698 bebdomada
1582 1641 1827 1710 Quadra-

1930 464 2332 521 demonstratur
2350 467 2620 536 quomodo
2635 469 3050 528 catechumenos
3068 486 3356 547 congreget
3368 477 3510 536 Deus

1926 557 1999 611 ad
2021 572 2336 629 compagem
2370 557 2616 628 corporis
2652 558 2875 614 Christi.
2916 560 3090 634 Eripit
3127 580 3223 620 eos
3260 582 3288 620 a
3328 568 3509 638 priore

1929 648 2039 702 vita
2066 657 2124 703 et
2161 647 2290 702 facit
2318 649 2541 704 credere
2570 650 2626 704 in
2660 649 2974 720 Christum;
3015 655 3097 711 sic
3131 658 3277 714 enim
3310 660 3508 732 legitur

1927 738 2000 792 ibi
2023 754 2040 793 :
2072 737 2275 794 Tollam
2300 740 2489 810 quippe
2514 757 2602 795 vos
2625 742 2688 796 de
2714 745 2969 814 gentibus,
3000 757 3047 800 et
3068 752 3389 821 cougregabo
3416 770 3505 810 vos

1922 827 1991 881 de
2015 829 2267 883 uniuersis
2294 829 2468 895 terris,
2502 839 2552 884 et
2578 831 2839 887 adducam
2878 850 2967 888 vos
2996 836 3053 889 in
3092 845 3286 892 terram
3307 879 3322 904 ,
3351 850 3400 893 et
3425 842 3507 910 ef-

1927 916 2149 985 fundam
2187 935 2347 988 super
2385 936 2475 973 vos
2516 937 2708 990 aquam
2738 924 3009 987 mundam.
3046 936 3094 980 et
3123 929 3506 989 mundabimini

1925 1005 1991 1059 ab
2026 1007 2264 1062 omnibus
2292 1009 2651 1079 iniquitatibus
2677 1014 2875 1079 uestris,
2906 1024 2955 1069 et
2982 1015 3046 1070 ab
3069 1018 3324 1075 universis
3342 1022 3503 1079 idolis

1925 1098 2108 1150 uestris
2122 1099 2385 1151 mundabo
2402 1110 2563 1163 uos,et
2576 1100 2712 1154 dabo
2726 1102 2865 1157 vobis
2881 1121 2971 1157 cor
2985 1117 3255 1174 novum,et
3272 1111 3502 1181 reliqua.

1926 1184 2081 1251 Quod
2104 1186 2183 1242 sic
2212 1186 2569 1258 Hieronymus
2594 1190 2647 1243 in
2685 1191 2875 1247 eodem
2917 1194 3236 1253 Ezechiele;
3277 1199 3504 1258 Creator

1923 1275 2068 1328 enim
2097 1277 2338 1332 omnium
2370 1295 2489 1333 sum
2516 1293 2530 1332 :
2562 1282 2779 1350 percepi
2804 1282 2905 1348 eis,
2930 1292 2985 1337 et
3007 1286 3338 1345 sanetilieavi
3361 1291 3500 1359 illos.

1919 1375 1981 1419 et
2000 1366 2186 1436 gloriae
2208 1369 2455 1438 pristinw
2478 1371 2711 1438 restitui,
2746 1372 2819 1426 ita
2847 1383 2906 1427 ut
2935 1390 3097 1445 super
3126 1379 3407 1438 credentes
3447 1393 3506 1439 et

1925 1456 1995 1510 ab
2041 1471 2226 1512 errore
2272 1474 2565 1515 conversos
2649 1461 2977 1519 effunderem
3024 1482 3220 1536 aquam
3248 1472 3503 1527 mundam

1924 1544 2178 1615 baptismi
2210 1548 2483 1613 salutaris,
2510 1558 2564 1604 et
2584 1552 2903 1607 mundarem
2930 1570 3025 1609 eos
3054 1557 3124 1611 ab
3150 1557 3505 1615 abominatio-

1927 1636 2086 1692 nibus
2113 1638 2247 1703 suis,
2274 1648 2330 1693 et
2355 1639 2424 1693 ab
2450 1640 2716 1696 universis
2753 1644 3031 1699 erroribus
3060 1647 3255 1717 quibus
3288 1647 3507 1706 fuerant

239 1732 480 1805 gesimae,
507 1739 565 1785 et
591 1730 647 1784 in
678 1739 871 1799 quarta
895 1728 1054 1784 feria.
1090 1730 1362 1798 Primum,
1393 1748 1514 1801 quae
1551 1732 1624 1788 sit
1649 1733 1826 1788 varie-
1853 1730 1900 1787 Β
1925 1727 2170 1796 occupati
2189 1768 2204 1792 ,
2232 1737 2288 1783 et
2316 1728 2501 1784 darem
2530 1731 2608 1784 eis
2635 1746 2730 1787 cor
2757 1749 2936 1787 meum
2955 1774 2973 1799 ,
3017 1745 3076 1789 ut
3119 1740 3400 1795 crederent
3448 1744 3503 1797 in

245 1830 362 1886 tas;
403 1819 621 1884 deinde,
646 1834 852 1889 quare;
893 1828 1189 1889 postremo,
1220 1823 1266 1876 si
1305 1823 1563 1879 Dominus
1590 1824 1822 1889 dederit,

236 1927 339 1967 cur
363 1912 421 1967 iu
453 1922 650 1983 quarta
677 1910 814 1967 feria
842 1920 1051 1982 quartae
1081 1916 1416 1983 septimanae.
1458 1917 1705 1971 Varietas
1736 1928 1825 1973 est

236 2018 338 2073 per
365 2002 727 2072 adiectionem
756 2003 919 2058 unius
940 2002 1189 2059 lectionis
1209 2012 1267 2058 et
1288 2004 1446 2059 unius
1474 2007 1821 2076 I'ESPOIISOl'ii.

241 2093 427 2148 Prima
457 2093 619 2147 lectio
649 2092 948 2148 Ezechielis
985 2095 1302 2163 prophetas:
1343 2092 1696 2163 Sancti/icabo
1729 2113 1825 2150 no-

236 2200 359 2238 men
385 2200 555 2237 meum
582 2199 851 2253 magnum.
881 2182 1035 2239 Gra.:
1055 2182 1230 2238 Venite
1249 2183 1369 2252 ﬁlii.
1395 2182 1641 2239 Secunda
1664 2186 1825 2240 lectio

237 2272 394 2326 Isaizn
415 2273 722 2342 propheta:
755 2271 883 2327 Hazc
907 2273 1035 2327 dicit
1065 2272 1317 2327 Dominus
1340 2273 1503 2338 Deus,
1528 2274 1821 2343 Lauantini,

236 2366 429 2419 mundi
468 2376 647 2420 estote.
681 2364 843 2420 Gra.:
875 2365 1042 2420 Beata
1083 2382 1207 2436 gens
1245 2367 1399 2437 cujus
1438 2376 1514 2420 est
1545 2367 1821 2422 Dominus.

240 2454 475 2510 Causam
521 2468 834 2526 promemus
880 2456 1109 2512 Domino
1156 2459 1477 2512 miserante:
1530 2458 1825 2514 Memorata

242 2558 439 2618 quarta
467 2547 597 2602 feria
624 2549 765 2619 apud
790 2548 1030 2605 cultores
1053 2548 1310 2605 Ecclesiae
1338 2549 1394 2602 in
1419 2550 1697 2619 apertione
1725 2566 1823 2606 au-

244 2640 389 2694 rium
416 2641 634 2695 dicitur.
665 2640 867 2695 Eadem
895 2641 981 2695 die
1007 2641 1189 2712 agitur
1214 2640 1538 2696 scrutinium
1569 2642 1787 2697 tertium
1807 2683 1823 2707 ,

242 2734 394 2803 quod
420 2734 714 2788 maximum
749 2742 837 2789 est
878 2734 1020 2789 inter
1050 2741 1258 2804 septem
1296 2735 1578 2789 scrutinia.
1624 2734 1825 2789 Eadem

244 2826 337 2880 die
363 2834 658 2897 tanguntur
685 2841 846 2881 aures
880 2835 936 2882 et
981 2841 1146 2882 nares
1192 2829 1706 2883 catechumenorum
1747 2828 1827 2882 di-

245 2918 378 2990 gitis
401 2920 858 2989 presbyterorum.
896 2918 1098 2973 Eadem
1128 2917 1217 2972 die
1257 2920 1599 2974 instruuntur
1626 2920 1693 2974 de
1725 2934 1828 2974 au-

245 3014 490 3067 ctoribus
520 3020 575 3067 et
602 3011 775 3066 initiis
798 3019 1031 3081 quatuor
1055 3011 1487 3082 Evangeliorum.
1512 3012 1713 3068 Eadem
1736 3015 1825 3069 die

1925 1814 2122 1870 Filium
2154 1817 2268 1871 Dei.
2303 1817 2561 1874 Eamdem
2597 1837 2712 1876 rem
2752 1822 2807 1877 in
2848 1826 3195 1893 responsorio
3226 1828 3501 1898 inveniet,

1924 1906 2017 1974 qui
2046 1906 2273 1977 quaarit:
2320 1905 2498 1964 Venite
2521 1910 2642 1978 filii,
2667 1912 2845 1966 audite
2873 1931 2953 1968 me
2972 1928 2991 1966 :
3025 1916 3265 1971 timorem
3290 1920 3504 1977 Domini

1923 1995 2116 2049 docebo
2148 2014 2253 2051 ros.
2281 1997 2455 2054 Radix
2490 2001 2635 2055 enim
2676 2002 2954 2073 sapientiae
2979 2014 3064 2060 est
3090 2007 3281 2065 timere
3318 2011 3504 2068 Domi-

1925 2102 2073 2141 num.
2103 2088 2203 2155 Qui
2233 2089 2408 2158 primo
2434 2093 2669 2147 radicem
2714 2094 2831 2166 ﬁgit
2874 2097 3242 2164 credulitatis,
3282 2118 3503 2159 necesse

1924 2190 2012 2235 est
2042 2190 2101 2235 ut
2126 2182 2265 2237 sciat
2291 2183 2484 2238 timere
2504 2184 2808 2242 Dominutn.
2836 2187 2989 2245 Unde
3013 2190 3211 2246 iterum
3240 2194 3503 2264 scriptum

1925 2280 2009 2327 est
2036 2291 2049 2326 :
2089 2271 2199 2326 Fili
2243 2275 2315 2327 mi
2333 2314 2349 2341 ,
2388 2275 2639 2330 accedens
2671 2277 2740 2330 ad
2764 2281 3057 2334 servitutem
3092 2283 3305 2339 Domini
3331 2295 3415 2341 sta
3447 2290 3505 2341 in

1914 2364 2130 2432 justitia
2168 2376 2217 2419 et
2261 2367 2470 2432 timore,
2497 2378 2547 2421 et
2573 2386 2819 2441 prwpara
2857 2375 3089 2430 animum
3116 2385 3263 2431 tuam
3292 2379 3361 2433 ad
3389 2388 3505 2434 ten-

1925 2457 2193 2511 tationem.

1994 2546 2067 2600 At
2091 2548 2329 2604 secunda
2360 2550 2593 2609 lectione
2621 2554 2826 2609 allatim
2854 2555 2922 2611 de
2959 2557 3203 2613 moribus
3230 2558 3501 2631 disputat,

1925 2638 1980 2692 in
2008 2640 2249 2709 qua’ait:
2286 2640 2546 2708 Quiescite
2574 2661 2726 2715 agere
2750 2662 2987 2716 peruerse
3005 2687 3020 2712 ,
3051 2647 3235 2702 discite
3272 2649 3396 2705 bene
3420 2650 3506 2720 [a—

1926 2744 2080 2784 cere:
2112 2732 2328 2801 quaerite
2367 2733 2635 2802 judicium
2661 2776 2675 2799 ,
2725 2736 2989 2791 subvenite
3038 2754 3301 2809 oppresso.
3342 2740 3408 2795 Et
3448 2741 3505 2795 in

1926 2823 2272 2879 conclusione
2295 2824 2404 2878 ita:
2429 2823 2608 2880 Venite
2633 2836 2680 2880 et
2710 2827 2916 2898 arguite
2938 2845 3041 2895 me,
3054 2829 3183 2884 dicit
3209 2830 3505 2896 Dominus;

1926 2915 1980 2969 id
2007 2923 2113 2980 est,
2136 2915 2181 2971 si
2203 2916 2280 2969 ita
2302 2914 2562 2981 feceritis,
2594 2926 2651 2972 et
2677 2934 2784 2973 non
2805 2918 3090 2975 reddidero
3118 2920 3272 2976 vobis
3298 2936 3507 2977 merce-

1925 3006 2071 3071 dem,
2109 3008 2306 3063 merito
2332 3008 2571 3080 arguatis
2599 3024 2705 3064 me.

244 3102 555 3172 percipiunt
579 3074 877 3157 oratione-nt
912 3074 1244 3156 Dominicam
1280 3112 1335 3157 et
1367 3102 1714 3173 Symbolum,
1756 3106 1821 3159 ad
1851 3074 1897 3135 Ο
1999 3095 2246 3167 Sequens
2290 3074 2532 3167 restibus.
2589 3100 2926 3155 demonstrat
2972 3101 3391 3157 catechumenos
3438 3105 3513 3160 ad

245 3193 584 3250 reddendum
613 3193 667 3248 in
700 3192 925 3247 sabbato
952 3200 1139 3248 sancto
1172 3191 1415 3248 Pascha.
1464 3193 1619 3249 Unde
1645 3194 1827 3265 Augu-

242 3284 429 3342 stinus
453 3283 507 3337 in
538 3282 674 3338 libro
698 3282 766 3337 de
797 3281 929 3337 Fide
961 3291 1019 3337 et
1048 3281 1286 3337 Moribus
1310 3300 1324 3335 :
1359 3283 1467 3336 Cur
1493 3297 1625 3351 ergo
1653 3283 1824 3351 bapti-

246 3375 409 3431 zandi
449 3374 750 3447 symbolum
780 3374 1062 3438 tradimus,
1099 3374 1539 3443 reddendumque
1585 3374 1826 3443 reposci—

247 3467 419 3522 mus?
454 3464 599 3519 Nihil
630 3463 736 3519 tale
759 3465 902 3519 enim
927 3464 1129 3518 factum
1157 3473 1241 3518 est
1266 3479 1394 3534 erga
1421 3463 1543 3519 illos
1573 3478 1710 3533 quos
1731 3477 1828 3532 per

248 3571 406 3612 mare
427 3555 669 3611 Rubrum
700 3555 841 3610 Deus
869 3553 939 3608 ab
964 3552 1235 3624 .Egyptiis
1261 3552 1531 3607 liberavit.
1565 3550 1622 3607 Si
1647 3561 1828 3607 autem

249 3656 405 3702 recte
447 3644 745 3715 intelligunt
782 3644 888 3699 hoc
915 3643 1207 3715 signiﬁcari
1247 3644 1675 3713 praecedentibus
1712 3628 1829 3714 my;

248 3737 441 3792 steriis
465 3735 532 3791 de
564 3735 825 3807 sanguine
853 3734 969 3789 ovis
992 3734 1238 3803 postibus
1264 3733 1422 3800 illito,
1453 3744 1510 3789 et
1538 3735 1604 3789 de
1626 3720 1832 3805 azymis

249 3828 585 3884 sinceritatis
613 3835 669 3883 et
696 3826 962 3890 veritatis,
996 3840 1093 3880 cur
1121 3840 1230 3880 non
1259 3826 1425 3880 etiam
1468 3826 1598 3881 illud
1643 3840 1834 3881 conse-

252 3927 484 3990 quenter
511 3917 816 3987 iutelligunt
842 3917 1013 3987 ipsam
1039 3917 1109 3971 ab
1136 3915 1406 3988 Egyptiis
1436 3918 1833 3987 separationem

252 4012 565 4085 signiﬁcare
591 4012 978 4067 discessionem
996 4027 1027 4066 a
1047 4010 1309 4080 peccatis,
1339 4025 1502 4081 quam
1526 4010 1837 4080 baptizandi

254 4103 611 4174 profitentur?
631 4100 968 4157 Scrutinium
1010 4115 1298 4170 possumus
1342 4108 1491 4154 recte
1539 4099 1838 4171 intelligere

256 4197 363 4251 iter
388 4196 456 4251 ad
474 4194 832 4265 baptismum.
875 4192 1210 4249 Scrutiuium
1245 4192 1524 4263 proprium
1552 4201 1837 4263 syntagma

258 4287 446 4352 habet,
475 4294 530 4341 et
560 4285 833 4356 propriam
862 4284 1102 4339 missam.
1132 4285 1208 4339 Dc
1234 4284 1432 4349 missa,
1459 4299 1623 4354 quam
1658 4282 1835 4353 publi-

252 4394 382 4438 cam
412 4393 698 4443 vocamus,
744 4386 830 4433 est
868 4376 1030 4432 modo
1066 4375 1372 4431 dicendum.
1403 4375 1460 4430 In
1495 4390 1559 4431 ea
1597 4389 1835 4430 comme-

257 4470 493 4526 moratio
516 4467 821 4524 celebratur
844 4481 1032 4521 eorum
1059 4481 1180 4535 qua:
1212 4474 1445 4537 aguntur
1470 4466 1525 4519 in
1551 4464 1833 4520 scrutinio.

257 4561 380 4617 Duo
413 4559 589 4615 ollicia
616 4559 689 4616 ibi
715 4567 950 4629 agantur
976 4574 989 4610 :
1022 4556 1283 4614 imbuitur
1304 4570 1537 4624 namque
1564 4557 1630 4611 de
1653 4555 1760 4610 llde
1785 4562 1843 4610 et

258 4651 524 4708 moribus.
544 4649 694 4707 Unde
715 4648 808 4719 qui
828 4663 990 4719 supra
1013 4646 1069 4706 in
1091 4646 1228 4701 libro
1251 4654 1582 4700 memorato:
1604 4644 1845 4699 Audiant

258 4742 357 4812 qui
380 4739 690 4809 baptizandi
716 4746 842 4794 sunt
861 4754 969 4794 non
994 4735 1168 4793 solum
1188 4735 1320 4806 quid
1346 4736 1569 4791 credere
1588 4736 1841 4800 debeant,

261 4832 361 4887 sed
394 4831 560 4885 etiam
589 4829 1041 4899 quemadmodum
1075 4842 1137 4883 se
1172 4827 1242 4883 ab
1270 4827 1389 4881 hoc
1432 4825 1630 4882 saeculo
1675 4840 1843 4894 pravo

262 4922 520 4992 eripiant.
541 4921 621 4976 lbi
644 4920 790 4975 enim
817 4934 1039 4976 necesse
1064 4928 1150 4975 est
1168 4928 1226 4974 ut
1250 4918 1472 4975 audiant
1496 4918 1846 4989 quemadmo-

262 5015 398 5069 dum
446 5013 731 5070 credentes
774 5012 955 5068 vivere
1002 5012 1255 5068 debeant.
1302 5011 1371 5067 Et
1417 5011 1653 5066 iterum:
1690 5009 1847 5078 Quod

262 5104 534 5173 scriptum
558 5112 643 5159 est
664 5103 1063 5172 evangelizasse
1086 5101 1389 5172 Philippum
1416 5101 1642 5171 spadoni
1667 5099 1848 5155 Domi-

265 5210 423 5259 num,
459 5195 607 5250 nullo
633 5194 793 5250 modo
822 5194 1175 5250 dubitandum
1216 5204 1334 5261 est,
1378 5202 1435 5269 et
1475 5193 1564 5248 illa
1608 5195 1661 5248 in
1704 5201 1849 5249 cate-

262 5284 485 5341 cbismo
527 5284 673 5340 dicta
714 5299 834 5341 esse
878 5299 999 5354 qua:
1038 5286 1109 5341 ad
1147 5285 1316 5340 vitam
1358 5298 1646 5353 moresque
1674 5284 1846 5353 perti-

267 5382 407 5431 nent
442 5373 561 5444 ejus
604 5376 698 5446 qui
739 5376 913 5432 credit
961 5377 1018 5431 in
1052 5375 1339 5432 Dominum
1370 5372 1576 5429 Jesum.
1617 5372 1731 5428 Hoc
1765 5381 1851 5429 est

264 5467 424 5524 enim
449 5467 820 5538 evangelizare
838 5466 1136 5533 Christum,
1161 5480 1273 5521 non
1299 5472 1510 5519 tantum
1529 5463 1710 5519 dicere
1731 5478 1852 5534 quae

271 5558 545 5615 credenda
576 5571 702 5616 sunt
720 5562 790 5617 de
807 5560 1046 5625 Christo,
1070 5559 1163 5615 sed
1187 5559 1351 5614 etiam
1377 5573 1499 5628 quae
1517 5556 1852 5613 observanda

270 5651 331 5706 ei
374 5652 467 5723 qui
512 5654 721 5708 accedit
764 5653 832 5709 ad
881 5666 1195 5723 compagem
1243 5650 1487 5721 corporis
1531 5647 1754 5704 Christi.
1792 5646 1851 5702 In

1927 3203 2123 3243 nomen
2148 3189 2622 3250 trausire,dicens:
2645 3187 2811 3244 Beata
2830 3206 2956 3261 gens
2980 3190 3132 3260 cujus
3157 3199 3233 3245 est
3254 3190 3510 3245 Dominus

1934 3280 2071 3334 Deus
2097 3281 2235 3349 ejus,
2263 3280 2486 3351 p0pulus
2522 3297 2676 3351 quem
2712 3282 2864 3352 elegit
2906 3283 2961 3336 in
3003 3283 3359 3339 hereditatem
3388 3284 3510 3339 sibi.

1933 3374 2134 3428 Versus
2172 3373 2343 3429 bonos
2385 3389 2567 3429 mores
2602 3375 2899 3431 electorum
2930 3380 3299 3432 demonstrat:
3339 3377 3509 3434 Verbo

1933 3464 2144 3517 Domini
2168 3463 2281 3519 ctuti
2309 3464 2506 3533 ﬁrmati
2534 3474 2655 3518 sunt
2675 3504 2691 3531 ,
2737 3475 2787 3519 et
2829 3466 3015 3536 spiritu
3057 3467 3164 3521 oris
3188 3467 3305 3537 ejus
3339 3468 3511 3523 omnis

1932 3554 2093 3607 uirtus
2122 3568 2324 3607 eorum.

2003 3641 2109 3697 Fas
2136 3651 2220 3698 est
2244 3651 2303 3696 ut
2329 3642 2422 3714 qui
2461 3656 2520 3698 se
2554 3651 2748 3713 sponte
2774 3644 3088 3701 obtulerunt
3127 3646 3238 3703 Deo
3279 3655 3400 3719 post
3428 3648 3517 3704 in-

1934 3734 2288 3791 structionem
2322 3733 2445 3789 fidei
2472 3745 2528 3791 et
2554 3749 2765 3791 morum
2786 3776 2801 3802 ,
2846 3737 2916 3792 ad
2955 3752 3151 3794 nomen
3195 3737 3312 3808 ejus
3344 3748 3518 3796 trans-

1935 3838 2083 3893 eant,
2120 3838 2177 3883 et
2204 3828 2323 3896 ejus
2347 3827 2605 3883 firmitate
2648 3829 2989 3894 muniantur,
3020 3830 3175 3902 cujus
3204 3832 3517 3888 haireditate

1936 3918 2297 3990 possidentur.
2336 3918 2405 3974 Ut
2438 3920 2662 3991 opinor,
2702 3920 3129 3978 demonstratum
3173 3932 3259 3978 est
3302 3931 3521 3995 propter

1938 4012 2098 4069 tidem
2127 4020 2182 4066 et
2209 4026 2389 4066 mores
2417 4012 2614 4082 quibus
2638 4011 2943 4068 instruendi
2965 4023 3093 4068 sunt
3121 4014 3517 4081 catechumeui,

1938 4102 2072 4158 duas
2099 4101 2359 4159 lectiones
2386 4100 2556 4157 lectas
2584 4117 2705 4158 esse
2739 4105 2929 4158 eodem
2955 4103 3061 4158 die.
3092 4105 3139 4167 vi

2014 4193 2155 4263 Ergo
2190 4202 2245 4247 et
2286 4192 2640 4264 Evangelium
2685 4208 2791 4248 non
2822 4193 3065 4249 dissonat
3099 4192 3168 4247 ab
3190 4192 3293 4247 hoc
3320 4191 3520 4259 cilicio,

1941 4285 2154 4339 dicente
2178 4284 2477 4352 Augustino
2504 4297 2668 4352 super
2692 4280 2954 4337 Joannem
2978 4296 2993 4334 :
3036 4282 3192 4336 Lavit
3231 4297 3361 4352 ergo
3386 4296 3519 4337 ocu-
3576 4340 3579 4343 λ

1945 4378 2022 4432 los
2046 4378 2099 4431 in
2120 4392 2182 4431 ea
2205 4375 2434 4444 piscina,
2449 4390 2570 4444 qua:
2594 4372 3197 4444 interpretatur.Missus
3218 4373 3524 4444 baptizatus

1940 4469 2107 4524 estin
2133 4467 2369 4522 Christo.
2400 4465 2459 4521 Si
2495 4481 2627 4537 ergo
2671 4466 2888 4536 quando
2908 4478 3031 4520 eum
3075 4465 3131 4520 in
3168 4466 3345 4535 seipse
3388 4482 3523 4537 quo-

1943 4559 2228 4615 dammodo
2256 4557 2551 4629 baptizavit
2588 4568 2719 4612 tunc
2748 4556 3089 4623 illuminavit,
3120 4557 3338 4628 quando
3365 4558 3524 4612 inun-

1944 4652 2052 4718 τῶι,
2099 4650 2331 4706 fortasse
2359 4651 2806 4707 catechumenum
2852 4648 2999 4705 fecit.
3051 4646 3209 4706 Modo
3236 4649 3523 4706 dicendum

1943 4753 2048 4809 est,
2068 4750 2128 4799 ut
2151 4743 2518 4815 promisimus,
2540 4756 2711 4812 quare
2732 4742 2836 4797 hoc
2857 4740 3093 4797 cilicium
3115 4751 3306 4814 agatur
3330 4752 3523 4813 quarta

1946 4832 2083 4888 feria
2108 4841 2317 4903 quartae
2354 4832 2707 4889 hebdomadis
2745 4831 3203 4904 Quadragesimze.
3245 4831 3349 4888 Per
3391 4849 3526 4905 qua-

1950 4923 2329 4992 dragenarium
2357 4936 2641 4978 numerum
2676 4937 2836 4978 omne
2865 4930 3076 4994 tempus
3109 4922 3288 4978 saeculi
3318 4923 3521 4996 signifi-

1949 5023 2125 5079 catur,
2151 5023 2211 5069 ut
2238 5016 2664 5071 demonstratum
2690 5021 2775 5070 est
2804 5015 2858 5069 in
2889 5015 3259 5084 superioribus
3291 5031 3360 5072 ex
3389 5015 3527 5070 libro

1951 5104 2123 5160 sancti
2170 5104 2454 5175 Augustini
2492 5104 2561 5159 de
2606 5118 2874 5160 consensu
2902 5104 3354 5175 evangelistarum
3386 5123 3399 5158 :
3428 5118 3523 5160 sex

1951 5193 2068 5249 dies
2094 5193 2283 5264 primi,
2312 5208 2409 5249 sex
2446 5200 2634 5249 aetates
2676 5191 2855 5250 saeculi
2898 5192 3292 5261 demonstrant,
3335 5202 3390 5248 et
3430 5209 3527 5248 sex

1952 5291 2140 5339 aetates
2164 5283 2323 5338 unius
2355 5284 2613 5339 hominis.
2650 5283 2727 5339 De
2764 5292 2960 5354 quarta
2985 5284 3355 5339 tantummodo
3380 5296 3530 5336 nunc

1951 5373 2236 5430 dicendum
2284 5382 2407 5429 est:
2460 5382 2654 5446 quarta
2697 5373 2834 5430 feria
2882 5383 2938 5429 et
2985 5384 3179 5445 quarta
3226 5371 3527 5439 septimana

1952 5465 2390 5537 Quadragesimze
2422 5467 2872 5538 compaginantur
2914 5474 3123 5535 quarta
3163 5463 3308 5518 aetati
3344 5458 3531 5515 seaculi

1952 5563 2009 5609 et
2031 5569 2145 5612 tevo
2172 5556 2334 5612 unius
2356 5555 2610 5611 hominis.
2644 5554 2847 5623 Quarta
2873 5566 3007 5613 aetas
3032 5561 3116 5609 est
3150 5569 3183 5607 a
3221 5549 3420 5613 David,
3448 5547 3534 5601 di-

1953 5657 2112 5705 cente
2137 5647 2282 5704 Beda
2310 5649 2366 5703 in
2395 5662 2493 5704 sua
2519 5648 2812 5716 chronica,
2859 5661 3030 5718 usque
3077 5645 3146 5700 ad
3182 5641 3526 5713 transmigra-
