3890 6180
481 276 616 331 1007
1501 259 1834 318 ΑΜΑιΑΒιι
1872 255 2077 315 PRESI

2176 251 2316 309 l‘ERl
2359 245 2704 311 METENSIS
3541 248 3650 304 una

479 389 681 444 tionem
708 382 1013 455 Babylonis.
1049 380 1122 435 Et
1150 384 1271 449 post
1292 382 1503 436 czetera,
1537 390 1565 429 a
1594 386 1699 443 qua
1733 371 1880 427 velut
1902 369 2055 439 juve-
2083 367 2128 427 Α
2158 363 2395 419 Paulus:
2419 362 2718 416 Imitatores
2743 361 2844 414 mei
2867 367 3042 422 estote,
3068 358 3166 428 ﬁlii
3187 357 3475 427 charissimi,
3494 362 3649 418 sicutet

480 479 576 536 nili
604 487 784 538 mtate,
822 448 874 529 in
909 470 1104 544 populo
1131 448 1222 524 Dei
1251 481 1433 537 regum
1475 473 1714 535 tempora
1755 468 2052 531 cmperunt.
2087 520 2129 544 Δ
2156 472 2250 526 ego
2275 452 2796 509 Christinentidem
2827 448 3652 520 dicitApostolicus,quamvisnon

481 570 609 625 Haec
641 579 868 634 namque
909 520 964 617 irn
979 520 1321 616 rhominibus
1364 566 1527 621 tetas,
1558 564 1679 625 apta
1712 551 2059 624 gubernando
2087 520 2129 567 θ
2163 546 2359 609 verbis,
2397 543 2650 613 operibus
2693 550 2872 595 tamen
2923 539 3218 594 imitatores
3259 540 3356 593 mei
3382 549 3553 607 estote,
3583 542 3654 599 ﬁlii

483 630 895 714 soletexsisiere
913 665 1099 721 regno.
1150 648 1285 704 Item
1330 647 1385 701 in
1428 644 1657 702 eadem:
1695 642 1897 711 Quarta
1931 649 2062 696 mtas
2159 636 2297 701 mei,
2349 635 2491 690 sicut
2532 642 2586 688 et
2629 648 2727 705 ego
2757 631 2961 686 Mariae.
3011 630 3161 687 Unde
3205 632 3504 702 Augustinus
3534 648 3655 703 super

484 745 670 802 mundi
700 759 806 798 non
836 739 1008 796 solum
1036 753 1160 794 cum
1192 737 1447 792 inchoato
1472 735 1646 807 gentis
1673 731 1868 789 Judteze
1895 731 2063 801 impe-

483 838 584 899 rio,
617 835 711 890 sed
739 841 794 888 et
818 846 941 888 cum
968 831 1224 886 innovate
1257 827 1638 898 promissione,
1665 841 1786 897 quae
1809 823 2064 878 Patribus

482 929 613 984 olim
641 928 763 982 data
785 931 887 989 est,
914 922 1126 994 imperii
1149 919 1444 978 Christiani
1471 918 1637 974 sumit
1661 915 1968 981 exordium,
1985 913 2065 983 ju-

483 1027 640 1074 rante
663 1016 894 1072 Domino
909 1013 1080 1069 David
1108 1012 1415 1077 veritatem,
1435 1010 1502 1065 de
1524 1008 1704 1065 fructu
1726 1008 1931 1063 ventris
1953 1004 2066 1075 ejus

484 1109 678 1164 sedere
718 1120 880 1177 super
905 1104 1087 1160 sedem
1126 1101 1261 1171 ejus.
1304 1099 1421 1155 Non
1460 1099 1731 1155 immerito
1759 1098 1946 1153 eadem
1979 1098 2066 1152 die

484 1209 538 1254 et
579 1198 769 1254 eadem
805 1194 1144 1251 hebdomade
1182 1190 1554 1248 catechumeni
1584 1188 1652 1245 ad
1683 1203 1879 1244 nomen
1909 1186 2065 1243 Chri-

485 1290 722 1345 stianum
773 1286 1073 1349 accedunt,
1121 1297 1241 1353 qua:
1285 1280 1631 1352 przeligurata
1678 1286 1762 1335 est
1799 1292 1830 1332 a
1875 1286 2067 1348 quarta

484 1392 646 1438 aetate
681 1379 942 1444 hominis,
971 1377 1025 1431 id
1052 1384 1155 1440 est,
1184 1372 1430 1446 juvenili,
1469 1386 1588 1442 quae
1615 1378 1737 1441 apta
1764 1379 1846 1425 est
1872 1369 1939 1423 ad
1968 1384 2068 1439 gu-

484 1472 778 1530 bernacula
808 1469 1021 1541 imperii
1049 1486 1062 1523 :
1106 1475 1158 1523 et
1192 1467 1259 1523 ab
1293 1464 1482 1521 eadem
1507 1471 1665 1519 aetate
1698 1461 1909 1525 surculi,
1951 1476 2072 1531 qua:

486 1564 743 1618 innovata
775 1569 861 1616 est
898 1574 965 1614 ex
1002 1556 1362 1628 promissione
1391 1554 1543 1624 regni
1586 1551 1807 1607 Christi.
1846 1552 1929 1606 .Dc
1964 1564 2073 1620 quo

490 1669 658 1724 regno
685 1649 905 1707 Gabriel
931 1645 1289 1717 archangelus
1319 1642 1499 1697 Maria:
1524 1657 1540 1696 :
1566 1640 1669 1695 Hic
1698 1641 1795 1695 erit
1828 1655 2069 1709 magnus,
2102 1634 2107 1639 ’

2160 723 2423 780 Joannem
2451 741 2463 776 :
2496 723 2721 777 Factum
2749 719 3020 784 audimus,
3038 720 3339 791 mysterium
3361 722 3656 789 requiramus.

2163 815 2509 884 Qumcunque
2535 812 2715 866 anima
2746 808 2920 865 ﬁdelis
2939 808 3022 864 vis
3043 823 3162 864 esse
3183 808 3365 875 Maria,
3390 825 3512 880 unge
3534 813 3660 880 pedes

2165 905 2379 960 Domini
2429 902 2828 974 pretiosissimo
2881 907 3171 971 unguento.
3219 899 3524 967 Unguentum
3562 902 3660 956 illud

2157 992 2372 1063 justitia
2396 992 2521 1059 fuit,
2557 993 2681 1047 ideo
2706 990 2843 1046 libra
2871 988 2991 1044 fuit.
3023 989 3090 1043 Et
3124 989 3346 1044 iterum:
3384 989 3514 1062 Unge
3536 992 3662 1061 pedes

2166 1084 2379 1141 Domini
2408 1085 2546 1139 bene
2566 1082 2815 1147 vivendo,
2847 1079 3121 1136 Dominica
3147 1088 3349 1134 sectare
3365 1081 3573 1151 vestigia,
3590 1096 3661 1135 ea-

2166 1175 2311 1247 pillis
2342 1182 2530 1245 terge;
2569 1172 2612 1227 si
2645 1172 2814 1226 habes
2848 1167 3147 1239 superﬂua,
3195 1168 3260 1223 da
3300 1169 3597 1239 pauperibus,
3624 1177 3664 1223 et

2167 1267 2332 1338 pedes
2360 1264 2574 1320 Domini
2610 1262 2844 1319 tersisti:
2872 1261 3054 1332 capilli
3077 1260 3222 1314 enim
3255 1259 3493 1328 superﬂua
3515 1273 3664 1329 corpo-

2172 1359 2249 1414 ris
2277 1358 2565 1421 videntur;
2605 1355 2777 1409 habes
2810 1352 2954 1424 quod
2998 1364 3129 1422 agas
3169 1351 3233 1406 de
3277 1350 3526 1422 superﬂuis
3565 1352 3662 1406 tuis.

2173 1449 2294 1505 Tibi
2326 1446 2596 1519 superﬂua
2623 1452 2773 1511 sunt,
2802 1442 2897 1499 sed
2926 1442 3138 1497 Domini
3165 1442 3380 1513 pedibus
3405 1444 3667 1508 necessaria,

2173 1539 2314 1596 forte
2335 1539 2481 1594 enim
2509 1537 2563 1591 in
2594 1545 2738 1591 terra
2762 1533 2976 1590 Domini
2999 1533 3227 1603 pedibus
3251 1533 3484 1605 indigent.
3502 1534 3564 1590 De
3580 1535 3668 1606 qui-

2173 1632 2275 1688 bus
2299 1630 2442 1685 enim
2470 1629 2574 1684 nisi
2605 1628 2671 1684 de
2700 1626 2959 1682 membris
2988 1625 3100 1681 suis
3127 1625 3179 1679 in
3218 1625 3320 1680 line
3357 1626 3564 1683 dicturus
3589 1634 3665 1693 est,

486 1714 703 1812 ctj'ilius
730 1739 990 1794 Altissimi
1006 1714 1305 1792 vocabitur:
1330 1743 1376 1788 et
1399 1733 1543 1787 dabit
1565 1731 1645 1786 illi
1661 1730 1916 1786 Dominus
1931 1729 2072 1784 Deus
2101 1725 2147 1784 B
2174 1735 2296 1776 cum
2326 1720 2416 1774 υιιῑ
2447 1732 2513 1772 ΘΧ
2548 1717 2786 1773 minimis
2810 1716 2946 1771 meis
2972 1714 3202 1779 feCiSliS.
3229 1715 3351 1770 mihi
3376 1714 3581 1772 feciStis?
3600 1731 3667 1772 su-

487 1834 658 1887 sedcm
685 1829 854 1885 David
881 1829 1045 1901 patris
1071 1826 1208 1898 ejus,
1233 1834 1279 1879 et
1310 1823 1544 1894 regnabit
1566 1822 1620 1876 in
1645 1821 1801 1875 domo
1826 1820 1992 1875 Iacob
2015 1820 2069 1874 in

487 1932 759 1978 (sternam.
793 1919 938 1975 Beda
966 1919 1022 1973 iu
1049 1917 1194 1983 Luca
1220 1934 1233 1969 :
1265 1913 1487 1983 Accepit
1510 1921 1691 1967 autem
1717 1912 1923 1976 sedem,
1956 1910 2070 1966 sive

487 2027 713 2084 regnum
744 2010 914 2065 David
943 2007 1226 2071 Dominus,
1258 2011 1319 2059 ut
1344 2011 1559 2074 gentem
1583 2000 1671 2056 cui
1705 1999 1875 2055 David
1901 2014 2073 2069 quon-

489 2103 616 2159 dam
643 2099 956 2171 temporalis
990 2096 1141 2167 regni
1169 2090 1536 2175 gubernacula
1563 2089 1722 2147 simul
1746 2097 1800 2144 et
1825 2087 2071 2158 exempla

484 2192 707 2263 iustitia:
726 2190 978 2263 praebuit,
1007 2200 1277 2258 quamque
1304 2180 1535 2239 modulis
1568 2181 1893 2252 hymnorum
1915 2177 2074 2248 spiri-

488 2283 674 2339 talium
701 2281 769 2336 ad
795 2280 955 2334 tidem
985 2286 1147 2346 atque
1172 2288 1413 2330 amorem
1444 2272 1529 2327 sui
1556 2270 1855 2326 conditoris
1884 2282 2075 2324 accen-

490 2376 619 2433 dere
644 2373 885 2435 solebat,
921 2371 1062 2424 hanc
1090 2368 1203 2439 ipse
1230 2364 1412 2431 factis,
1446 2362 1649 2428 verbis,
1684 2361 1841 2417 donis
1866 2365 2062 2430 et'pro-

492 2464 674 2521 missis
700 2470 913 2517 tantum
936 2460 1202 2515 mediator
1230 2456 1325 2511 Dei
1364 2463 1420 2511 et
1453 2454 1734 2509 hominum
1765 2451 1970 2521 dignis,
2008 2451 2075 2505 aJ

492 2567 719 2624 regnum
740 2549 964 2606 cmleste
983 2558 1039 2603 et
1060 2545 1362 2602 immortale
1384 2552 1625 2608 vocaret,
1641 2551 1802 2612 atque
1818 2539 1884 2595 ad
1904 2541 2076 2612 ipsam

492 2641 586 2697 Dei
615 2640 795 2696 Patris
822 2637 1087 2695 visionem
1119 2634 1511 2691 introduceret.

1110 2769 1339 2827 CAPUT
1376 2768 1469 2825 ιχ.

692 2887 771 2943 De
798 2886 955 2941 tertia
978 2883 1229 2939 varietate
1253 2881 1458 2937 sabbati
1486 2889 1608 2935 ante
1634 2878 1876 2934 Palmas.

571 2998 817 3055 Varietas
847 2996 1007 3052 tertia
1039 3002 1124 3050 est
1158 2994 1385 3049 sabbato
1414 3000 1540 3047 ante
1580 2991 1827 3058 Palmas;
1858 2990 1976 3047 haec
1999 2997 2082 3046 est

2168 1811 2371 1884 perﬂua
2400 1820 2582 1867 vestra
2611 1809 2941 1881 impenditis,
2971 1807 3066 1863 sed
3098 1807 3318 1877 pedibus
3341 1808 3464 1862 meis
3485 1807 3668 1863 obsecuti

2169 1903 2321 1959 estis.
2352 1902 2554 1956 Domus
2600 1906 2780 1954 autem
2810 1897 3032 1969 impleta
3066 1905 3150 1953 est
3189 1912 3253 1952 ex
3277 1897 3429 1953 odore
3452 1897 3669 1969 unguenti.

2171 1994 2403 2050 mundus
2429 1990 2680 2063 impletus
2702 1997 2787 2046 est
2825 1988 2968 2043 fama
2996 1989 3143 2044 bona
3172 1987 3418 2044 mulieris.
3462 1988 3557 2044 Hoc
3583 2003 3669 2058 pre-

2173 2083 2524 2139 tiosissimum
2552 2080 2858 2151 exemplum
2887 2079 3137 2150 sequitur
3180 2078 3497 2150 apostolicus,
3517 2079 3670 2132 utinam

2171 2181 2226 2229 et
2251 2187 2349 2227 nos
2376 2186 2687 2241 sequamur.
2722 2168 3040 2239 Ubicunque
3062 2169 3207 2225 enim
3238 2168 3453 2225 ofﬁcium
3478 2169 3671 2223 Romane

2172 2263 2427 2320 Ecclesia:
2453 2261 2650 2333 agitur,
2680 2259 2799 2315 htec
2825 2259 2969 2314 fama
2994 2267 3281 2329 personat,
3324 2258 3548 2314 Dominus
3573 2273 3672 2329 papa

2173 2356 2548 2426 eleemosynam
2574 2353 2686 2407 dat.
2724 2352 2827 2408 Det
2868 2352 3013 2408 Deus
3038 2360 3101 2407 ut
3138 2360 3192 2408 et
3226 2352 3276 2408 in
3321 2352 3462 2408 nobis
3485 2362 3672 2421 perseve-

2175 2452 2361 2500 ranter
2391 2451 2575 2508 sonet,
2619 2449 2677 2496 et
2702 2448 2984 2511 acceptum
3014 2440 3093 2496 sit
3131 2441 3271 2511 quoi
3315 2440 3502 2512 agimus
3537 2452 3673 2494 coram

2174 2535 2383 2608 angelis
2409 2534 2622 2591 Domini
2647 2536 2701 2590 in
2730 2534 3048 2589 memoriam
3084 2533 3273 2590 nostri.

2797 2624 3026 2682 CAPUT
3067 2625 3139 2681 Χ.

2439 2719 2519 2774 De
2538 2727 2729 2791 quarta
2753 2718 3006 2773 varietate
3029 2718 3141 2774 diei
3171 2718 3473 2775 Palmarum.

2246 2813 2451 2882 Quarta
2482 2812 2720 2867 varietas
2764 2817 2848 2867 est
2887 2826 3010 2882 qua:
3050 2811 3251 2868 dicitur
3284 2811 3381 2867 diei
3421 2808 3674 2864 Palmamm.

2177 2905 2377 2961 Eadem
2407 2903 2492 2960 die
2518 2902 2779 2957 Dominus
2809 2902 2875 2958 de
2899 2901 3172 2958 Bethania
3198 2901 3457 2957 descendit
3486 2898 3669 2955 Hiems

2181 2995 2309 3060 lem,
2341 2994 2558 3065 quando
2581 2994 2799 3050 obviam
2826 2995 2973 3049 venit
2999 2995 3052 3050 ei
3084 2993 3486 3059 thrba,.loannes
3508 2995 3674 3045 narrat:

497 3092 734 3169 varietas
757 3086 894 3157 ejus.
924 3084 1295 3141 Prmtitulatur
1320 3084 1376 3138 in
1413 3083 1855 3139 Saeramentario
1892 3091 2079 3139 nostro
2105 3076 2150 3138 C
2181 3084 2249 3141 In
2271 3086 2557 3140 crastinum
2584 3094 2759 3138 autem
2783 3082 2936 3137 turba
2961 3083 3154 3149 multa,
3181 3099 3296 3155 quis
3314 3076 3677 3138 veneratadde

494 3190 551 3237 et
596 3181 649 3235 in
692 3177 1116 3248 Antiphonario,
1148 3175 1378 3231 Sabbato
1408 3185 1557 3230 vacat
1582 3188 1601 3226 :
1640 3174 1898 3230 Dominus
1944 3193 2081 3247 papa

495 3273 876 3343 eleemosynam
899 3270 1012 3324 dat.
1044 3268 1296 3340 Cogitare
1329 3275 1545 3337 oportet
1570 3283 1741 3338 quare
1779 3268 1966 3325 eadem
1997 3269 2084 3324 die

496 3367 839 3439 potissimum
884 3363 1230 3434 eleemosyua
1277 3358 1560 3430 apostolici
1617 3359 1911 3424 recitetur,
1957 3375 2080 3415 cum

494 3473 594 3528 per
635 3470 798 3511 omne
840 3462 1057 3523 tempus
1097 3450 1226 3505 anni
1273 3450 1620 3520 eleemosyna
1653 3448 1941 3505 tribuenda
1988 3449 2080 3504 sit.

500 3546 607 3603 Ubi
628 3544 924 3600 notandum
949 3541 1093 3613 quod
1117 3556 1181 3597 ea
1204 3556 1324 3610 qua:
1347 3539 1638 3595 recolimus
1662 3539 1898 3595 cultibus
1917 3538 2087 3595 eccle-

501 3638 737 3696 siasticis
770 3636 915 3691 circa
944 3633 1256 3706 passionem
1298 3631 1511 3687 Domini
1549 3638 1604 3686 et
1631 3631 2080 3686 resurrectionem

500 3730 663 3800 atriue
695 3726 1069 3782 ascensionem
1099 3724 1155 3778 in
1183 3722 1371 3790 cmlos,
1403 3723 1458 3777 in
1488 3722 1935 3777 memorationem
1967 3720 2085 3776 illa-

498 3838 622 3877 mm
643 3834 827 3876 rerum
865 3832 986 3888 quae
1025 3831 1125 3873 suo
1164 3816 1219 3871 in
1264 3822 1508 3885 tempore
1543 3822 1777 3884 peractae
1814 3820 1941 3869 sunt
1964 3812 2081 3883 agi-

501 3932 661 3983 mus;
700 3912 843 3969 unde
885 3911 1125 3982 quotidie
1170 3911 1401 3967 dicimus
1445 3909 1499 3964 in
1546 3907 1816 3963 sacrificio
1859 3906 2078 3962 missae:

504 4006 923 4076 Quotiescunque
963 4003 1073 4058 lucc
1119 4002 1379 4073 feceritis,
1419 4001 1476 4054 in
1520 4000 1623 4053 mei
1666 4000 1972 4054 memoriam
2000 3999 2085 4068 fa-

503 4099 670 4153 cietis.
697 4095 969 4152 Habemus
986 4109 1122 4165 opus
1148 4092 1460 4163 praecedens
1481 4090 1834 4161 eleemosynre
1855 4103 2088 4160 praesen-

503 4191 577 4246 tis
601 4186 834 4255 sabbati,
877 4184 1023 4257 quod
1057 4183 1333 4238 imitemur
1367 4189 1424 4239 et
1460 4180 1528 4236 ad
1566 4179 1886 4235 memoriam
1911 4179 2083 4234 nostri

503 4283 843 4339 reducamus.
877 4278 1001 4335 Infit
1024 4278 1306 4352 symmista
1333 4274 1605 4334 Joannes:
1645 4294 1664 4328 ι
1691 4275 1830 4331 Ante
1852 4289 1946 4331 sex
1969 4275 2085 4331 dies

502 4372 727 4430 Pascha:
748 4374 894 4429 venit
915 4370 1073 4427 Jesus
1095 4370 1153 4425 in
1179 4369 1497 4425 Bethaniam
1520 4368 1613 4424 ubi
1640 4366 1820 4425 fuerat
1846 4368 2086 4423 Lazarus

505 4473 771 4531 mortuus,
790 4480 951 4536 quem
981 4461 1294 4519 suscitavit:
1324 4460 1570 4517 fecerunt
1593 4469 1775 4515 autem
1800 4459 1849 4515 ei
1872 4473 2084 4514 omnem

504 4555 601 4611 ibi.
643 4574 662 4608 ι
696 4555 762 4609 Et
788 4562 910 4625 post
935 4567 1147 4624 pauca:
1191 4569 1211 4605 ι
1259 4550 1428 4606 Maria
1473 4564 1605 4619 ergo
1646 4550 1855 4619 accepit
1890 4549 2084 4604 libram

507 4644 768 4715 unguenti
796 4643 953 4699 nardi
980 4641 1160 4714 pistici
1187 4642 1435 4713 pretiosi,
1464 4648 1522 4696 et
1562 4639 1717 4695 unxit
1743 4637 1910 4708 pedes
1933 4637 2083 4705 Jesu,

504 4744 561 4790 et
581 4734 808 4789 extersit
831 4732 1042 4805 capillis
1072 4732 1188 4788 suis
1217 4733 1384 4803 pedes
1409 4731 1529 4803 ejus
1561 4737 1618 4786 et
1642 4730 1835 4785 domus
1864 4727 2082 4799 impleta

501 4830 675 4877 estex
699 4821 866 4878 odore
883 4821 1164 4892 unguenti.
1197 4841 1217 4875 ι
1240 4821 1323 4877 Ad
1344 4818 1771 4892 indignationem
1793 4815 1945 4873 Iuda:
1966 4831 2088 4886 pro-

505 4912 717 4977 (litoris,
738 4910 897 4980 juxta
926 4911 1254 4976 Matthaeum,
1287 4913 1362 4966 ita
1390 4910 1649 4965 Dominus
1671 4907 2079 4979 testiﬁcatopus

504 5001 748 5090 mulieris
771 5020 784 5056 :
827 5000 969 5069 Quid
992 5002 1195 5057 molesti
1219 5003 1342 5056 estis
1365 5001 1487 5054 huic
1515 4997 1727 5052 mulieri
1752 4999 1777 5052 2
1814 4996 1960 5068 Opus
1985 4999 2078 5053 bo-

506 5088 872 5163 numcperata
894 5102 968 5146 est
998 5091 1055 5145 in
1084 5107 1183 5146 me.
1209 5090 1351 5146 Nam
1378 5104 1580 5159 semper
1601 5103 1855 5159 pauperes
1883 5088 2081 5144 habetis

505 5184 809 5250 nobiseum;
844 5201 925 5239 me
962 5191 1136 5237 autem
1179 5198 1282 5238 non
1325 5197 1527 5252 semper
1552 5181 1826 5236 habebitis.
1864 5179 1933 5236 Et
1958 5190 2083 5251 post

505 5293 714 5350 pauca:
738 5276 903 5332 Amen
925 5276 1042 5330 dico
1066 5275 1226 5341 vobis,
1242 5274 1531 5345 ubicunque
1553 5273 1712 5344 fuerit
1733 5275 2079 5345 praedicatum

505 5368 604 5422 hoc
634 5367 976 5438 Evangetium
1019 5366 1075 5419 in
1120 5374 1229 5420 toto
1260 5365 1455 5420 mundo
1482 5364 1687 5420 dicetur
1720 5375 1769 5421 et
1794 5366 1936 5438 quod
1967 5366 2079 5422 haec

509 5459 650 5527 fecit,
677 5458 734 5515 in
757 5460 1063 5513 memoriam
1086 5459 1220 5529 ejus.

566 5550 1015 5621 Apostolicusvir,
1041 5552 1095 5607 in
1118 5551 1432 5608 memoriam
1449 5551 1810 5607 devotissima:
1821 5528 2080 5616 mamma,

513 5642 769 5698 membris
799 5642 1001 5701 Christi
1049 5643 1177 5700 facit
1222 5642 1365 5717 quod
1407 5644 1523 5715 ipsa
1562 5643 1692 5702 fecit
1721 5644 1903 5715 capiti.
1947 5642 2088 5698 Dicit

2185 3175 2394 3246 festum,
2425 3189 2543 3228 cum
2570 3174 2802 3228 audisset
2835 3174 2961 3244 quia
2986 3175 3130 3227 venit
3157 3174 3212 3228 in
3238 3170 3598 3241 Hierosolymam
3612 3164 3676 3219 le-

2184 3282 2295 3332 sus,
2323 3275 2632 3338 acceperunt
2676 3281 2851 3320 ramos
2890 3266 3194 3336 palmarum
3221 3275 3266 3321 et
3293 3268 3596 3337 processerunt
3615 3258 3677 3314 ob-

2183 3359 2322 3413 viam
2347 3359 2395 3413 ei
2421 3368 2470 3412 et
2498 3356 2849 3411 clamauerunt
2871 3371 2890 3408 :
2906 3355 3190 3426 Hosamta,
3207 3353 3562 3424 benedictusqui
3581 3348 3678 3404 mit

2183 3450 2239 3503 in
2260 3449 2469 3503 nomine
2488 3446 2700 3502 Domini
2734 3463 2828 3501 rea:
2856 3446 3048 3502 Israel.
3078 3449 3136 3503 In
3160 3448 3453 3505 memoriam
3477 3443 3589 3499 illius
3603 3438 3675 3501 rei.

2184 3556 2286 3596 nos
2313 3556 2410 3611 per
2440 3537 2697 3595 ecclesias
2725 3547 2938 3594 nostras
2968 3539 3213 3596 solemus
3238 3548 3438 3611 portare
3464 3536 3676 3611 raraque!

2185 3632 2442 3698 clamare,
2475 3630 2751 3713 Hosanna.
2783 3629 2965 3698 Quare
3000 3633 3218 3687 venerit
3240 3609 3675 3690 llientsalem,lle'a

2185 3725 2239 3779 iu
2271 3724 2453 3779 Marco
2481 3738 2548 3778 ex
2586 3723 2914 3779 testimoniis
2958 3722 3360 3795 Seripturarum
3392 3717 3582 3791 promit,
3617 3711 3675 3765 di-

2184 3829 2355 3872 cens:
2411 3815 2891 3886 Appropinquante
2941 3823 3128 3871 autem
3174 3824 3406 3885 tempore
3443 3801 3675 3882 passionis.

2184 3906 2618 3978 appropinquare
2642 3904 2816 3960 voluit
2845 3903 3252 3961 Dominus-loco
3268 3899 3522 3974 pessimis,
3546 3892 3678 3959 ibique

2183 3997 2467 4068 proximus
2495 4010 2733 4059 manere,
2772 3994 2863 4050 ubi
2898 3995 3196 4050 constituto
3239 4008 3302 4049 ac
3340 3986 3565 4063 praeﬁnito
3588 3984 3679 4034 ante

2187 4089 2384 4146 saecula
2423 4097 2663 4159 tempore
2689 4085 2919 4142 inveniri
2947 4094 3135 4157 posset
3162 4086 3231 4142 ab
3253 4086 3347 4149 eis,
3382 4095 3468 4153 per
3486 4088 3591 4146 quos
3610 4082 3677 4124 εει

2185 4178 2311 4234 dem
2338 4178 2518 4249 passio
2546 4184 2667 4232 erat
2690 4175 3025 4246 complenda.
3062 4174 3131 4230 Et
3160 4181 3281 4246 post
3303 4183 3454 4243 pauca
3474 4161 3580 4224 :Ubi
3601 4168 3678 4212 που

2185 4273 2558 4346 ιη-ωῑθιτευηάε
2590 4272 2809 4328 silentio
2849 4280 2932 4327 est
2973 4285 3081 4325 non
3130 4276 3334 4325 tantum
3372 4255 3614 4346 ωυοοῐάῖξ
3637 4250 3677 4346 ίξ

2190 4336 2381 4428 rebus,
2419 4378 2611 4418 verum
2651 4362 2817 4418 etiam
2862 4361 2914 4416 in
2950 4359 3282 4431 temporibus
3304 4351 3494 4413 Veteris
3517 4336 3679 4431 etNttfi

2114 4422 2165 4481 Β
2190 4454 2543 4521 Testamenti,
2571 4454 2779 4509 umbra:
2799 4462 2856 4509 et
2881 4422 3147 4518 veritatis,
3196 4447 3327 4520 legis
3360 4452 3411 4500 et
3446 4428 3676 4521 Evangelii:

2187 4545 2462 4616 Scriptum
2487 4516 2573 4599 est
2620 4558 2855 4614 namque
2897 4542 2951 4597 in
2991 4516 3145 4612 lege,
3190 4516 3393 4595 dicente
3426 4527 3612 4586 Domino
3630 4516 3679 4571 Id

2186 4637 2405 4708 Moysen
2431 4644 2487 4692 et
2511 4635 2728 4691 Aaron:
2764 4634 2958 4690 Mensis
2994 4635 3093 4689 iste
3116 4633 3257 4689 vobis
3278 4624 3557 4702 principium

2183 4729 2343 4796 sium,
2368 4729 2572 4799 primus
2588 4727 2686 4781 erit
2707 4727 2763 4781 in
2788 4724 3048 4780 mensibus
3070 4722 3215 4778 anni.
3243 4710 3516 4789 Loquimini
3526 4704 3584 4799 ed

2181 4791 2388 4874 versum
2412 4826 2598 4872 cretum
2626 4814 2859 4885 ﬁliorum
2885 4813 3085 4877 Israel,
3126 4822 3176 4866 et
3211 4808 3363 4865 dicite
3383 4805 3488 4859 eis:

2186 4911 2273 4966 die
2295 4911 2486 4964 mensis
2511 4884 2669 4978 hujus
2706 4906 2857 4962 tollat
2883 4905 3234 4978 unusquisque
3265 4911 3443 4970 agnum
3463 4884 3683 4978 per-fl”

2136 5028 2158 5043 α
2186 5002 2287 5057 lies
2313 5010 2364 5055 et
2391 4975 2746 5054 domos'suas.
2775 4996 2843 5052 Et
2868 4975 3040 5067 paulo-
3070 5001 3223 5066 post:
3248 4989 3315 5045 Et
3338 4975 3574 5042 servabitis
3594 4980 3679 5024 ιη’

2186 5108 2350 5165 usque
2369 5090 2438 5145 ad
2458 5100 2700 5163 quartam
2725 5089 2979 5145 decimam
3006 5087 3142 5141 diem
3168 5081 3355 5138 mensis
3372 5074 3528 5165 hujus,
3547 5067 3679 5165 item:

2887 5175 3165 5233 multitudo
3203 5142 3441 5243 ﬁliorum
3457 5150 3597 5216 Israel

2184 5247 2471 5344 vesperam.
2500 5271 2716 5327 Decima
2742 5284 2873 5340 ergo
2900 5268 2989 5324 die
3032 5265 3230 5322 mensis
3264 5256 3414 5331 primi
3450 5256 3593 5320 98"“

2187 5367 2242 5423 in
2267 5331 2473 5421 Pascha
2502 5331 2889 5427 immolaretur,
2918 5359 3133 5427 domum
3162 5345 3415 5409 introduci
3429 5331 3677 5427 jussusﬂl:

2192 5417 2401 5528 qui—aet
2408 5417 2682 5508 Dominus
2707 5417 2915 5507 decima
2936 5449 3024 5505 die
3046 5426 3279 5516 ejusdem
3304 5432 3503 5494 mensis,

2189 5518 2316 5604 ante
2342 5548 2580 5617 quinque
2601 5545 2718 5601 dies
2747 5544 2988 5610 Paschze,
3012 5544 3065 5598 in
3091 5539 3358 5596 civitatem
3383 5531 3433 5584 in
3459 5535 3547 5595 qna
3566 5518 3676 5586 1³³1⁸·

2191 5648 2342 5698 retur
2366 5640 2638 5711 ingressus
2665 5649 2768 5693 est.
