3890 6180
202 413 348 472 1009

821 522 1047 579 CAPUT
1086 524 1176 577 XI.

196 621 278 676 De
298 619 487 691 quinta
514 616 762 671 varietate
784 624 992 685 quartte
1013 614 1160 684 ferite
1183 615 1401 685 majoris
1425 613 1784 669 hebdomade.

268 712 474 779 Quinta
504 708 744 763 varietas
782 715 868 762 est
907 707 962 760 in
990 715 1184 775 quarta
1228 705 1361 761 feria
1394 714 1514 776 post
1551 704 1784 771 Palmas,

195 818 320 873 qua:
350 801 516 855 habet
542 798 859 853 varietatem
889 803 945 851 et
970 794 1327 864 adiectionem
1356 797 1516 852 unius
1539 796 1791 851 lectionis

196 900 251 947 et
284 890 449 944 unius
482 886 842 957 responsorii,
874 900 998 940 cum
1038 885 1276 955 quinque
1311 885 1576 951 versibus,
1620 901 1686 940 ac
1719 900 1787 939 ex

196 985 453 1057 passione
476 980 711 1045 Domini,
742 994 862 1049 quae
893 994 958 1034 ea
986 978 1074 1033 die
1104 978 1320 1051 legitur,
1362 993 1568 1034 necnon
1597 978 1784 1044 etiam,

196 1083 256 1129 ut
275 1073 545 1143 scriptum
569 1068 836 1125 habemus
859 1068 915 1122 in
941 1067 1121 1123 libello
1142 1068 1234 1138 qui
1263 1068 1483 1134 dicitur,
1510 1068 1786 1123 Romanus

197 1166 367 1229 Ordo,
395 1178 465 1219 ex
489 1176 629 1234 genu
659 1158 911 1215 ﬂexione.
936 1158 1156 1214 lntimat
1178 1158 1521 1229 supradictus
1547 1157 1784 1223 libellus,

197 1274 265 1314 ex
288 1257 536 1313 Romana
566 1253 959 1311 consuetudine
986 1252 1184 1308 debere
1203 1251 1391 1307 eadem
1421 1250 1509 1306 die
1534 1258 1660 1305 ante
1680 1264 1783 1318 pu-

197 1349 402 1405 hlicum
426 1346 661 1403 ofﬁcium
687 1347 986 1409 orationes,
1019 1359 1156 1415 quas
1180 1343 1414 1399 solemus
1440 1343 1496 1398 in
1519 1350 1673 1399 sexta
1700 1340 1782 1397 fc-

200 1439 282 1493 ria
310 1453 495 1509 agere,
532 1436 771 1492 recitari.
806 1433 944 1502 Quid
972 1434 1199 1489 rationis
1225 1432 1498 1490 orationes
1525 1433 1781 1501 habeant,

198 1528 313 1584 sive
342 1529 398 1583 in
422 1535 616 1597 quarta
644 1526 805 1591 l’eria,
834 1526 950 1581 sive
977 1525 1031 1580 in
1059 1534 1234 1590 sexta,
1257 1525 1413 1596 juxta
1435 1524 1579 1593 quod
1604 1523 1786 1580 Domi-

199 1633 300 1673 nus
322 1616 553 1683 dederit,
576 1616 1069 1672 demonstrabimus
1089 1616 1146 1671 in
1166 1616 1303 1672 feria
1330 1630 1399 1671 ex
1422 1616 1582 1672 dictis
1607 1617 1782 1673 sancti

196 1709 482 1782 Augustini
511 1728 524 1763 :
554 1710 810 1779 prmsenti
837 1723 968 1764 vero
997 1723 1189 1778 parum
1217 1708 1574 1764 intimandum
1602 1716 1705 1765 est.

264 1802 428 1857 Libet
452 1803 613 1858 modo
637 1802 872 1873 primum
906 1801 1087 1857 dicere
1114 1815 1216 1856 cur
1239 1801 1355 1856 haec
1381 1802 1621 1856 varietas
1650 1814 1779 1871 aga-

198 1902 284 1947 tur
324 1892 381 1949 in
420 1901 615 1962 quarta
637 1870 813 1957 vleria,
857 1891 1125 1962 simulque
1166 1891 1419 1946 intimare
1456 1870 1775 1963 mysterium
1802 1870 1852 1931 Β

195 1983 495 2039 varietatis.
536 1982 679 2037 Dicit
706 1981 1039 2053 Augustinus
1076 1982 1131 2036 in
1176 1980 1313 2037 libro
1349 1981 1417 2036 ad
1448 1980 1775 2036 Casulanum

194 2074 572 2145 presbyterum
618 2074 684 2129 de
721 2071 928 2143 jejunio
968 2073 1180 2128 sabbati
1229 2090 1243 2126 :
1289 2072 1496 2141 Quarta
1541 2073 1777 2140 sabbati,

194 2179 361 2235 quam
399 2164 559 2237 vulgo
594 2173 845 2235 quartam
888 2164 1075 2220 feriam
1104 2175 1334 2230 vocant,
1365 2165 1651 2222 consilium
1690 2181 1779 2223 re—

190 2258 481 2328 periuntur
518 2256 587 2313 ad
630 2256 985 2312 occidendum
1024 2256 1311 2312 Dominum
1351 2255 1547 2313 fecisse
1583 2255 1777 2312 Judzni.

192 2350 270 2404 Ex
297 2365 365 2405 eo
392 2348 817 2404 demonstratum
840 2356 927 2403 est
952 2342 1122 2419 quare
1143 2348 1387 2404 varietas
1402 2348 1675 2404 celebrata
1705 2349 1778 2404 sit

191 2440 248 2495 in
288 2448 587 2495 memorata
616 2438 771 2494 feria.
807 2437 1110 2494 Consilium
1139 2439 1287 2494 enim
1325 2438 1569 2495 fecerunt
1602 2439 1776 2495 Judaei

190 2540 252 2586 ut
274 2532 586 2587 occiderent
614 2532 922 2587 Dominum.
959 2532 1112 2587 Sicut
1137 2541 1295 2588 actus-
1314 2548 1526 2598 eorum,
1554 2533 1647 2604 qui
1674 2533 1777 2589 fuit

190 2623 245 2677 in
295 2630 452 2678 sexta
497 2623 729 2689 sabbati,
782 2623 848 2678 ad
893 2623 1208 2678 memoriam
1252 2621 1547 2689 reducitur,
1596 2624 1675 2678 sic
1721 2631 1776 2680 et

187 2714 480 2769 consilium
510 2728 722 2769 eorum.
1764 2764 1773 2771 ,

261 2804 322 2859 In
348 2804 597 2874 utrisque
615 2803 869 2874 injuriam
894 2803 1141 2860 fecerunt
1157 2804 1392 2861 Christo.
1418 2804 1553 2860 lllud
1575 2798 1775 2875 my‘ste—

162 2896 335 2951 ‘rium
358 2897 603 2952 continuet
631 2912 873 2967 przesens
895 2895 1128 2952 cilicium
1145 2937 1161 2963 ,
1191 2905 1251 2951 ut
1275 2896 1657 2968 intelligamus,
1689 2911 1775 2951 se—

187 2984 430 3039 cundum
451 2985 623 3040 Adam
647 3000 746 3056 pro
771 2986 949 3056 primo
971 2984 1142 3041 Adam
1169 2978 1441 3041 mortuum
1470 3000 1609 3051 esse,
1636 2986 1776 3042 sicut

186 3076 434 3146 psalmus
474 3077 689 3148 inquit:
727 3077 858 3144 Qua:
902 3094 1006 3132 non
1046 3077 1230 3148 rapui,
1270 3085 1393 3131 tunc
1428 3074 1769 3131 exsolvebam.

187 3166 346 3224 Unde
374 3165 709 3240 Augustinus
740 3185 754 3222 :
784 3166 1017 3223 Omnino
1045 3181 1154 3221 non
1184 3166 1383 3236 rapuit,
1414 3166 1509 3221 sed
1538 3166 1662 3235 quis
1686 3181 1773 3219 ra-

185 3262 342 3334 puit?
370 3260 544 3316 Adam
572 3261 634 3332 τ.
666 3260 867 3316 Eadem
897 3261 985 3316 die
1015 3259 1334 3314 memoriam
1363 3257 1535 3313 nostri
1565 3257 1775 3314 reduci-

186 3365 278 3411 tur
326 3354 551 3411 crudele
598 3355 883 3411 consilium
926 3352 1268 3419 Judteorum,
1316 3362 1371 3410 et
1415 3354 1776 3409 mansuetudo

182 3446 423 3510 Christi;
472 3443 541 3513 de
585 3460 690 3515 qua
740 3444 1153 3500 mansuetudine
1190 3444 1323 3500 dicit
1360 3444 1453 3514 qui
1492 3458 1677 3514 supra,
1719 3443 1774 3497 in

184 3537 400 3609 psalmo
428 3552 553 3592 mv
583 3556 597 3597 :
632 3537 814 3608 Usque
842 3539 977 3595 adeo
1003 3545 1339 3604 mansuetus,
1370 3546 1432 3593 ut
1454 3537 1693 3607 pendens
1720 3536 1775 3590 in

183 3646 377 3697 cruce,
420 3630 629 3687 diceret
669 3649 682 3686 :
728 3630 912 3697 Pater,
959 3632 1167 3702 ignosce
1204 3629 1334 3695 illis,
1379 3629 1502 3701 quia
1541 3628 1777 3683 nesciunt

182 3720 314 3792 quid
344 3719 548 3789 faciunt
574 3721 634 3790 σι’.
668 3716 839 3787 Hujus
864 3719 1135 3790 exemplo,
1168 3717 1221 3774 id
1248 3726 1334 3773 est
1356 3717 1554 3788 capitis
1581 3716 1775 3784 nostri,

184 3812 473 3879 docemur,
509 3820 571 3867 ut
608 3820 803 3868 contra
841 3826 1057 3867 omnem
1098 3809 1350 3880 iniuriam
1375 3825 1651 3865 armemus
1676 3823 1778 3864 nos

180 3903 358 3957 armis
394 3901 656 3958 orationis
696 3910 753 3958 et
792 3901 1088 3972 patientiae,
1128 3902 1269 3957 sicut
1299 3900 1562 3970 scriptum
1598 3908 1687 3955 est
1722 3900 1777 3954 in

180 3991 484 4065 Evangelio
516 4011 529 4047 :
566 3992 728 4049 Orate
752 4008 848 4065 pro
873 3991 1295 4064 persequentibus
1324 3998 1378 4045 et
1400 3988 1776 4044 calumnianti-

182 4086 282 4141 bus
307 4101 421 4139 vos.

256 4174 558 4244 Postquam
590 4174 924 4244 tetigerimus
951 4173 1112 4230 oﬂicii
1141 4175 1459 4241 constituta,
1494 4174 1609 4245 ipsa
1637 4173 1776 4229 dilu-

181 4266 446 4323 cidabunt
489 4266 616 4336 quid
663 4267 716 4321 in
758 4282 821 4323 se
856 4267 1189 4322 contineant.
1230 4266 1490 4323 lntroitus
1525 4273 1611 4321 est
1652 4284 1665 4319 :
1709 4264 1779 4320 In

181 4358 399 4411 nomine
429 4356 643 4411 Domini
671 4373 824 4412 omne
853 4373 989 4429 genu
1021 4359 1285 4427 ﬂectatur,
1318 4357 1631 4424 calestium,
1674 4366 1777 4413 ter-

180 4447 436 4501 restrium
461 4456 510 4501 et
533 4446 894 4516 infernarum;
922 4447 1046 4519 quia
1069 4447 1324 4501 Dominus
1349 4448 1521 4517 factus
1554 4455 1628 4503 est
1665 4447 1779 4501 obe-

177 4540 337 4593 diens
374 4555 537 4610 usque
571 4538 640 4593 ad
677 4549 928 4604 mortem,
966 4548 1182 4593 mortem
1213 4547 1385 4592 autem
1426 4540 1616 4605 crucis,
1657 4540 1774 4594 ideo
1799 4580 1853 4641 Β

182 4628 449 4682 Dominus
475 4626 631 4682 Iesus
655 4625 893 4681 Christus
924 4628 979 4681 in
1004 4625 1173 4696 gloria
1199 4636 1273 4679 est
1300 4625 1398 4680 Dei
1424 4624 1625 4682 Patris.
1662 4627 1776 4682 No-

176 4737 303 4774 men
338 4718 551 4773 Domini
586 4717 640 4773 in
669 4717 789 4773 loco
817 4719 921 4774 isto
946 4732 1047 4788 pro
1076 4731 1135 4771 re
1168 4716 1426 4771 debemus
1451 4716 1771 4788 intelligere.

178 4808 348 4863 Unde
375 4806 695 4862 Ambrosius
722 4807 775 4862 in
803 4806 1103 4878 Epistulam
1129 4806 1198 4861 ad
1220 4804 1591 4877 Philippenses
1617 4822 1632 4861 :
1662 4807 1775 4861 No-

175 4915 307 4951 men
340 4896 566 4952 evidens
598 4905 700 4963 est,
731 4896 1001 4967 quomodo
1029 4912 1134 4952 non
1160 4895 1498 4960 vocabulum,
1532 4896 1627 4951 sed
1660 4909 1774 4951 rem

174 4988 483 5060 quamdam
512 4987 642 5043 dicit
675 4987 997 5057 acquisitam
1022 4987 1071 5043 ei
1092 5028 1106 5053 ,
1143 4987 1285 5042 sicut
1310 4987 1438 5042 illud
1466 4988 1610 5058 quod
1638 4987 1775 5043 scri-

170 5087 346 5151 ptum
377 5088 503 5133 est:
539 5077 611 5132 Et
648 5085 954 5149 cognoscent
983 5077 1110 5148 quia
1148 5092 1335 5131 nomen
1364 5077 1457 5130 tibi
1491 5076 1769 5143 Dominus,

175 5172 293 5228 hoc
321 5177 432 5234 est,
460 5170 717 5239 quoniam
745 5176 802 5223 tu
830 5166 1112 5223 Dominus.
1653 5237 1655 5240 ⁴

250 5264 654 5334 Interpretatur
675 5278 805 5318 vero
828 5260 1028 5317 Paulus
1052 5260 1180 5330 quid
1204 5260 1278 5316 sit
1300 5259 1429 5314 illud
1455 5275 1675 5327 nomen,
1704 5261 1772 5316 In

171 5355 401 5412 nomine
416 5352 548 5409 Iesu
571 5370 721 5409 omne
739 5369 874 5425 genu
894 5353 1158 5425 ﬂectatur,
1183 5359 1240 5407 et
1260 5350 1486 5422 reliqua.
1510 5352 1551 5422 -ξ-
1572 5351 1773 5420 Quam-

173 5447 270 5502 vis
300 5445 410 5501 ista
435 5444 758 5501 Ambrosius
788 5445 1018 5501 disserat
1042 5451 1167 5514 post
1198 5443 1504 5513 passionem
1536 5444 1770 5511 Domini,

174 5545 377 5591 tamen
410 5549 517 5588 non
542 5533 802 5589 abhorret
828 5549 859 5587 a
887 5548 1041 5598 vero,
1075 5533 1123 5589 si
1144 5532 1460 5599 dixerimus,
1485 5533 1539 5587 in
1567 5535 1773 5589 nomine

174 5621 406 5678 Domini
437 5638 593 5693 posse
630 5623 877 5694 intelligi,
924 5624 978 5678 in
1019 5629 1292 5695 praecepto
1330 5622 1561 5678 Domini.
1607 5621 1771 5677 Omne

172 5727 325 5781 genu
354 5711 597 5779 ﬂectatur
620 5721 809 5767 contra
837 5712 1061 5768 adversa
1092 5712 1297 5777 mundi,
1326 5720 1388 5769 ut
1415 5713 1664 5783 superius
1690 5711 1772 5766 di-

172 5810 342 5860 culm
368 5810 474 5866 est,
505 5802 665 5857 Orate
687 5820 779 5875 pro
807 5802 1226 5877 persequentibus
1257 5812 1303 5857 ct
1333 5802 1769 5858 calumniantibus

951 409 1040 466 DE
1081 409 1630 466 ECCLEblAS'l'lCIS
1669 412 1958 465 υιστιιιυιιδ
1995 410 2174 466 LIBRI
2210 411 2315 467 IV.’
2343 441 2414 453 -—
2448 412 2577 468 LIB.
2618 412 2658 468 I.

3336 424 3469 485 IOlO

1815 526 1863 583 A
1891 540 1997 578 vos.
2031 523 2115 581 Ad
2143 541 2305 595 quam
2344 542 2459 582 rem
2497 527 2944 598 signiﬁcandam,
2981 536 3260 591 orationes
3298 538 3473 607 praeli-

1886 614 2134 671 babimus
2173 629 2243 670 ex
2279 616 2525 673 Romano
2569 619 2779 675 ordine.
2827 620 3123 678 lntcrmisit
3166 637 3473 699 praeceptor

1883 703 2042 760 ollicii
2060 745 2076 771 ,
2105 704 2175 759 Et
2203 706 2372 760 omnis
2396 708 2577 778 lingua
2601 710 2931 779 conﬁteatur.
2962 709 3076 768 Hoc
3104 712 3305 769 bonum
3333 716 3473 775 bene

1885 796 2096 853 locutus
2122 806 2209 853 est
2231 797 2540 865 Apostolus.

1953 884 2164 941 Bonum
2218 896 2467 944 nostrum
2512 888 2682 944 Judaei
2736 890 3109 962 loquebantur
3148 896 3215 951 de
3265 896 3468 954 Christi

1885 987 2081 1047 morte,
2093 996 2215 1052 quae
2231 983 2537 1038 intercessit
2546 1000 2645 1055 pro
2661 984 2833 1041 salute
2846 995 3052 1053 nostra,
3071 990 3166 1044 sed
3185 990 3323 1046 male
3339 1006 3468 1061 pro-

1884 1071 2133 1129 ferebant
2151 1075 2367 1147 linguis.
2393 1075 2622 1134 Silentia
2644 1079 2838 1151 linguai
2861 1081 3018 1136 docet
3043 1097 3143 1137 nos
3166 1091 3467 1155 praeceptor

1883 1161 2045 1218 cilicii
2081 1164 2256 1220 vitare
2291 1166 2491 1222 malum
2525 1167 2853 1225 Judaaorum.
2884 1170 3237 1228 Mansuetudo
3260 1172 3467 1231 Christi

1882 1252 2095 1318 orabat,
2121 1270 2284 1323 quam
2315 1272 2416 1312 nos
2443 1257 2740 1314 imitemur.
2768 1258 2975 1316 Suﬂicit
2998 1260 3068 1316 de
3098 1262 3341 1328 introitu,
3372 1265 3467 1334 qui

1882 1344 2118 1413 pertinet
2142 1348 2210 1401 ad
2240 1348 2542 1403 orationem
2561 1391 2578 1416 ,
2606 1366 2768 1421 quam
2799 1367 2897 1407 nos
2920 1367 3179 1410 exercere
3207 1354 3466 1410 debemus

1881 1432 1937 1487 in
1966 1431 2179 1501 injuriis
2212 1445 2643 1506 persecuturum.
2682 1439 2836 1497 Nunc
2862 1441 2931 1496 ad
2955 1443 3258 1499 orationem
3285 1444 3467 1501 missa:

1883 1533 2240 1592 transeamus,
2268 1526 2324 1580 in
2348 1542 2455 1596 qua
2480 1528 2621 1583 sicut
2642 1530 2697 1598 in
2721 1532 2935 1587 caeteris
2953 1534 3304 1603 sequentibus
3326 1550 3467 1589 mor-

1885 1624 1990 1671 tem
2022 1616 2224 1673 Christi
2254 1618 2669 1687 celebrabimus,
2692 1636 2856 1691 quam
2885 1633 3006 1678 erat
3035 1640 3135 1695 pro
3164 1625 3321 1680 nobis
3348 1640 3469 1695 pas-

1880 1719 2062 1761 surus.
2103 1706 2350 1779 Regnum
2390 1710 2585 1766 mortis
2622 1726 2724 1767 nos
2763 1712 3095 1780 stimulabat,
3137 1717 3282 1784 quod
3320 1717 3469 1771 venit

1881 1796 2132 1854 Christus
2170 1801 2542 1858 reverberare.
2586 1802 2679 1859 Sic
2714 1804 2860 1859 enim
2900 1805 3032 1860 dicit
3066 1825 3085 1859 :
3123 1806 3228 1872 Qui
3273 1810 3465 1863 nostris

1878 1888 2172 1943 excessibus
2215 1890 2537 1946 incessanter
2580 1892 2886 1963 afﬂigimur,
2941 1910 3035 1964 per
3079 1892 3345 1965 Unigeniti
3386 1897 3466 1950 tui

1879 1977 2172 2045 passionem
2191 1977 2487 2034 liberemur.
2505 1980 2796 2036 Videamus
2815 1974 3122 2047 lectionem,
3140 1999 3260 2052 quae
3277 1992 3465 2054 aperte

1879 2070 2184 2141 passionem
2215 2072 2428 2128 Domini
2454 2074 2818 2141 demonstrat,
2835 2075 3098 2132 dicendo:
3122 2075 3345 2131 Oblatas
3364 2087 3462 2143 est,

1878 2164 2004 2235 quia
2045 2166 2156 2234 ipse
2192 2166 2373 2233 voluit,
2406 2176 2461 2221 et
2498 2184 2609 2222 non
2630 2169 2835 2239 aperuit
2873 2185 2931 2223 os
2968 2184 3144 2225 suum.
3184 2169 3253 2224 Et
3291 2170 3346 2225 in
3379 2185 3467 2226 se-

1878 2255 2186 2324 quentibus,
2228 2271 2325 2312 cur
2349 2256 2561 2313 oblatus
2589 2258 2694 2324 sit,
2732 2259 2909 2327 aperit
2945 2277 2959 2314 :
3006 2260 3069 2316 Si
3103 2262 3333 2331 posuerit
3369 2277 3467 2331 pro

1876 2355 2087 2415 peccato
2125 2347 2357 2401 animam
2393 2365 2580 2414 suam,
2625 2349 2812 2404 videbit
2847 2366 3022 2405 semen
3057 2350 3368 2422 longaevum,
3408 2359 3469 2408 et

1880 2434 2106 2504 reliqua.
2139 2435 2292 2492 Unde
2323 2436 2683 2512 Hieronymus
2715 2453 2729 2493 :
2763 2437 2821 2493 Si
2846 2440 3089 2509 posuerit
3113 2455 3214 2511 pro
3238 2449 3464 2511 peccato

1878 2526 2115 2581 animam
2150 2542 2305 2583 suam
2346 2528 2437 2584 ille
2475 2544 2638 2599 quem
2668 2529 2928 2586 Dominus
2961 2538 3245 2587 conterere
3271 2530 3463 2598 voluit,

1878 2618 1993 2672 sive
2020 2618 2309 2684 mandare,
2342 2620 2531 2674 videbit
2556 2636 2731 2675 semen
2771 2620 3092 2692 lonngum,
3120 2622 3264 2692 quod
3301 2622 3465 2679 semi-

1877 2711 2219 2782 navit-super
2243 2712 2438 2767 bonam
2481 2719 2680 2767 terram
2700 2752 2717 2779 ,
2761 2712 2827 2768 de
2859 2728 2970 2783 quo
2994 2721 3053 2768 et
3087 2713 3140 2769 in
3170 2712 3464 2782 Evangelio

1878 2786 2142 2872 scriptum
2181 2810 2267 2858 cst
2306 2820 2320 2856 :
2361 2803 2509 2857 Exiit
2548 2803 2638 2872 qui
2681 2803 2913 2859 seminat
2958 2804 3231 2865 seminare
3275 2818 3461 2860 semen

1878 2895 2101 2949 bonum.
2130 2895 2171 2965 -ι-
2195 2894 2492 2952 Audiamus
2521 2898 2933 2977 responsorium
2965 2915 2979 2952 :
3015 2897 3113 2953 Ne'
3136 2908 3340 2953 avertas
3378 2899 3463 2968 fa-

1877 2986 2008 3040 ciem
2033 2995 2180 3040 tuam
2205 3002 2239 3040 α
2263 3003 2425 3058 puero
2452 2996 2561 3053 tuo,
2590 2998 2647 3044 et
2681 2988 2909 3059 reliqua.
2944 2988 3097 3045 Unde
3127 2988 3463 3061 Augustinus

1878 3078 1933 3132 in
1962 3076 2194 3135 Psalmis
2231 3097 2244 3133 :
2285 3078 2357 3134 Et
2392 3080 2508 3135 haec
2533 3081 2937 3137 commendatio
2959 3089 3045 3137 est
3078 3096 3109 3136 a
3145 3095 3317 3153 puero
3343 3090 3460 3149 tuo,

1877 3170 1931 3225 id
1957 3180 2061 3237 est,
2090 3188 2119 3226 a
2147 3187 2315 3242 parvo
2341 3174 2433 3242 qui
2463 3172 2579 3241 jam
2607 3174 2784 3229 caruit
2812 3174 3063 3244 superbia
3090 3188 3192 3244 per
3215 3174 3460 3244 discipli-

1877 3276 2001 3314 nam
2041 3262 2429 3318 tribulationis.
2461 3261 2503 3333 ἰ-
2529 3262 2732 3318 Versus
2772 3263 2846 3317 ita
2879 3274 3033 3318 sonat
3062 3278 3078 3317 :
3122 3260 3339 3319 Salvum
3379 3280 3462 3318 me

1876 3351 1982 3421 fac,
2008 3349 2170 3417 Deus,
2192 3352 2443 3423 quoniam
2472 3353 2802 3407 intraverunt
2840 3370 2990 3424 aqum
3033 3369 3197 3424 usque
3231 3354 3303 3408 ad
3344 3356 3462 3409 atii-

1875 3457 2015 3495 mam
2046 3458 2247 3509 meam,
2288 3443 2485 3512 inﬁxus
2507 3458 2628 3497 sum
2649 3444 2705 3497 in
2729 3442 2864 3496 limo
2881 3442 3152 3514 profundi.
3187 3442 3343 3499 Unde
3366 3445 3460 3513 qui

1876 3547 2037 3602 supra
2067 3532 2120 3587 in
2145 3534 2336 3589 eodem
2365 3553 2378 3588 :
2407 3533 2769 3604 Praeliguraus
2792 3543 2848 3591 et
2897 3533 3294 3590 translbrmans
3322 3535 3374 3589 in
3400 3551 3461 3590 se

1878 3622 2146 3693 nosipsos,
2189 3623 2306 3678 haec
2337 3623 2458 3678 ait:
2490 3621 2705 3679 Salvum
2745 3641 2827 3679 me
2865 3625 2969 3695 fac,
3010 3624 3174 3686 Deus.
3214 3626 3459 3697 quoniam

1874 3713 2201 3766 intraverunt
2223 3729 2373 3782 aqum
2393 3730 2556 3785 usque
2575 3714 2900 3772 ad-anintam
2922 3732 3111 3770 meam.
3140 3715 3456 3778 Potuerunt,

1876 3801 1969 3872 qui
1998 3802 2270 3872 persecuti
2294 3810 2440 3868 sunt,
2462 3803 2626 3858 etiam
2647 3803 2915 3870 occidere,
2937 3804 3029 3859 sed
3059 3804 3293 3876 amplius
3316 3806 3460 3875 quod

1876 3893 2083 3949 faciant
2107 3910 2213 3949 non
2239 3894 2536 3950 habebunt.
2564 3895 2632 3950 Et
2651 3895 2814 3966 paulo
2838 3906 2960 3966 post
2987 3913 3001 3949 :
3036 3895 3243 3965 Infixus
3265 3912 3381 3951 sum
3406 3896 3461 3951 in

1876 3984 2002 4039 limo
2040 3985 2312 4056 profundi,
2351 3995 2401 4041 et
2441 4003 2547 4041 non
2589 3996 2665 4042 est
2710 3985 3020 4042 substantia.
3066 3987 3204 4056 Quid
3232 3988 3361 4043 dicit
3399 3987 3462 4042 li-

1877 4075 2062 4129 mum?
2098 4090 2168 4129 an
2213 4075 2361 4145 ipsos
2391 4076 2483 4147 qui
2524 4077 2797 4147 persecuti
2836 4078 2999 4133 sunt‘?
3038 4078 3104 4132 de
3150 4077 3279 4132 limo
3311 4076 3459 4131 enim

1876 4163 2055 4220 factus
2091 4173 2176 4220 est
2217 4166 2404 4230 homo,
2444 4166 2540 4221 sed
2580 4164 2932 4235 justiﬁeando
2962 4164 3029 4218 ad
3062 4164 3349 4233 justitiam.
3393 4164 3463 4219 Et

1876 4253 2038 4324 paulo
2075 4261 2200 4324 post
2230 4273 2244 4308 :
2273 4254 2367 4309 Isti
2398 4261 2578 4309 autem
2605 4269 2728 4309 cum
2765 4253 2926 4308 limus
2961 4252 3212 4323 profundi
3241 4262 3456 4319 essent,

1877 4345 2010 4399 haesi
2054 4346 2111 4399 in
2156 4344 2282 4410 illis,
2332 4344 2387 4398 id
2428 4351 2531 4408 est,
2581 4350 2872 4397 tenuerunt
2908 4356 3016 4408 me,
3060 4340 3459 4412 praevaluerunt

1876 4435 2367 4500 mihi,occiderunt
2391 4448 2479 4489 me
2498 4434 2559 4503 δικ
2571 4432 2790 4488 Primus
2811 4434 2972 4487 homo
2997 4447 3189 4502 passus
3211 4440 3300 4488 est
3322 4432 3460 4488 duas

1878 4534 2083 4579 mortes
2128 4540 2142 4577 :
2192 4530 2427 4577 mortem
2474 4522 2669 4577 anima:
2712 4530 2770 4577 et
2812 4529 3040 4577 mortem
3086 4512 3347 4592 corpbris.
3398 4522 3456 4578 In

1877 4613 2050 4685 prima
2093 4612 2346 4678 lectione,
2384 4623 2442 4668 et
2489 4612 2547 4666 in
2591 4611 2769 4683 primo
2813 4612 3155 4682 responsorio
3200 4613 3459 4668 recolitur
3517 4674 3520 4677 ,

1875 4721 2023 4761 mors
2072 4707 2287 4772 animae,
2319 4705 2374 4760 in
2407 4703 2642 4760 secunda
2678 4712 2735 4759 et
2763 4704 2815 4759 in
2845 4705 3080 4759 secundo
3101 4745 3115 4770 ,
3158 4721 3307 4761 mors
3335 4722 3457 4762 cor—
3533 4778 3553 4786 _

1874 4799 2041 4868 poris.
2069 4798 2176 4854 Pro
2202 4798 2446 4868 utrisque
2469 4805 2715 4852 mortuus
2741 4805 2826 4852 est
2847 4795 3115 4852 Christus.
3147 4797 3300 4855 Unde
3326 4799 3456 4854 Am-

1874 4887 2089 4943 brosius
2129 4888 2182 4943 in
2222 4887 2462 4958 Epistula
2491 4887 2559 4942 ad
2585 4885 2897 4942 Corinthios
2928 4904 2941 4939 :
2976 4884 3207 4958 Sanguis
3244 4888 3455 4945 Domini

1875 4982 2195 5052 sanguinem
2219 4990 2465 5036 nostrum
2496 4979 2739 5045 redemit,
2767 4979 2821 5035 id
2846 4986 2950 5043 est,
2976 4986 3145 5034 totum
3179 4979 3455 5037 hominem

1875 5070 2080 5126 salvum
2112 5070 2258 5126 fecit.
2305 5069 2445 5125 Caro
2474 5069 2618 5125 enim
2650 5068 2948 5124 Salvatoris
2985 5084 3083 5139 pro
3121 5069 3308 5135 salute
3334 5087 3457 5126 eor-

1872 5162 2040 5234 poris,
2079 5162 2300 5232 sanguis
2324 5176 2453 5216 vero
2492 5176 2592 5231 pro
2620 5161 2799 5216 anima
2829 5168 3011 5217 nostra
3038 5159 3240 5217 etl‘usus
3265 5170 3351 5218 est
3391 5163 3451 5232 ᾗ.

1873 5252 2089 5308 Primus
2115 5252 2279 5308 homo
2317 5267 2477 5306 unam
2508 5251 2699 5306 habuit
2732 5251 2992 5317 animam,
3028 5260 3313 5322 propterea
3342 5252 3453 5321 pri-

1873 5359 2021 5398 mum
2050 5343 2457 5412 responsorium
2491 5358 2632 5397 unus
2657 5357 2849 5399 versus
2871 5342 3133 5414 sequitur.
3164 5341 3453 5396 Videamus

1871 5436 2049 5506 primo
2087 5435 2357 5505 quomodo
2384 5423 2640 5490 secunda'
2655 5435 2833 5490 oratio
2868 5437 3130 5504 congruat
3164 5428 3454 5485 intentioni

1873 5535 2072 5582 nostra:
2122 5545 2135 5581 :
2188 5526 2399 5591 deinde,
2445 5526 2716 5595 quomodo
2759 5524 2948 5585 lectio,
2997 5529 3271 5592 postremo
3318 5531 3453 5588 quo-

1872 5619 2033 5675 modo
2062 5618 2437 5689 responsorius
2456 5619 2546 5687 qui
2579 5617 2743 5673 habet
2766 5618 3003 5687 quinque
3028 5626 3237 5668 versus.
3261 5610 3451 5667 Oratio

1871 5712 2003 5767 dicit
2034 5729 2046 5765 :
2086 5710 2252 5776 Deus,
2294 5711 2382 5782 qui
2420 5724 2514 5779 pro
2554 5708 2701 5762 nobis
2729 5706 3098 5761 Filiumtuum
3118 5702 3291 5757 crucis
3311 5701 3453 5775 pati-

1871 5802 2049 5857 bulum
2094 5802 2266 5856 subire
2312 5800 2537 5865 voluisti,
2583 5808 2637 5852 ut
2668 5797 2866 5853 inimici
2905 5815 2937 5851 α
2976 5796 3122 5852 nobis
3165 5795 3449 5867 erpelleres
