3890 6180
497 359 626 414 1011

1512 344 1845 403 AMALARII
1881 341 2313 398 PRESBYTER!
2356 341 2696 398 METENSIS

3518 348 3622 404 illi!

493 476 818 535 potestatem.
865 461 1049 518 Lectio
1093 459 1293 516 referta
1342 459 1524 514 estde
1551 457 1802 528 passione
1831 454 2066 516 Domini,
2097 456 2143 512 Α
2173 451 2432 518 fratrum,
2483 462 2536 507 et
2577 454 2882 523 pavimenta
2924 454 3175 527 ecclesiae,
3220 459 3450 512 nudantur
3487 462 3624 517 altaria

497 574 617 628 qua:
645 557 776 612 dicit
807 571 821 608 :
857 551 987 619 Quis
1016 562 1090 606 est
1129 553 1246 617 iste,
1279 552 1370 621 qui
1406 549 1540 604 venit
1566 548 1632 601 de
1670 543 1864 610 Edam,
1900 544 2073 597 tinctis

498 648 720 703 restibus
740 646 805 699 de
825 644 1033 698 Bosra?
1056 643 1120 696 Et
1151 644 1344 697 iterum
1373 659 1385 692 :
1417 637 1672 692 Torcular
1696 635 1890 690 calcari
1910 632 2071 687 solus.

497 738 555 792 ln
588 737 785 805 quibus
810 734 988 788 verbis
1018 733 1151 787 nihil
1183 731 1326 786 aliud
1367 729 1601 791 redolet,
1633 727 1738 782 nisi
1767 725 2074 797 angelorum

499 827 799 897 inquisitio,
843 839 944 878 cur
989 823 1214 878 haberet
1251 820 1499 875 Christus
1545 820 1712 873 tincta
1754 817 2077 871 vestimenta

499 917 780 986 sanguine,
813 923 867 970 et
895 914 1014 982 ejus
1040 912 1339 982 responsio,
1365 911 1490 980 quia
1518 907 1753 962 torcular
1773 905 1970 960 calcari
1994 921 2081 959 so—

498 1007 600 1060 lus.
641 1007 820 1072 Quare
849 1006 951 1060 hoc
981 1011 1192 1075 ageret,
1233 1003 1284 1056 in
1318 1001 1426 1055 ﬁne
1449 999 1696 1055 lectionis
1720 997 1955 1052 audituri
1985 1010 2074 1050 su-

498 1116 622 1154 mus
651 1115 719 1154 ex
745 1098 1039 1168 gratiarum
1067 1095 1298 1157 actione,
1325 1107 1445 1161 qua:
1475 1091 1606 1144 dicit
1638 1108 1649 1142 :
1682 1085 2079 1141 Miserationum

499 1189 712 1243 Domini
760 1185 1089 1248 recordabar,
1137 1183 1347 1236 tandem
1390 1180 1604 1234 Domini
1642 1195 1800 1249 super
1844 1177 2082 1230 omnibus

499 1296 617 1338 mue
658 1277 885 1336 reddidit
924 1275 1089 1329 nobis.
1132 1273 1493 1343 Hieronymus
1527 1271 1582 1324 in
1619 1270 1755 1324 Isaia
1792 1286 1804 1321 :
1834 1267 2082 1330 Pressus,

503 1369 702 1439 inquit,
729 1366 970 1437 pondere
1011 1364 1276 1418 malorum
1308 1364 1362 1416 in
1403 1361 1550 1415 nullo
1591 1360 1698 1414 alio
1738 1359 1843 1413 nisi
1872 1357 2088 1439 miseri-

503 1459 686 1513 cordia
721 1457 811 1511 Dei
851 1470 1000 1525 spem
1043 1454 1236 1516 habeo,
1278 1452 1370 1521 qui
1400 1450 1532 1504 facit
1570 1448 2000 1504 misericordiam
2029 1447 2086 1500 in

503 1546 674 1600 millia
701 1545 1048 1616 diligentibus
1075 1557 1152 1597 se.
1186 1539 1584 1611 Responsorius
1628 1538 1898 1594 secundus
1925 1536 2084 1606 quin-

505 1653 611 1708 que
633 1651 824 1692 versus
845 1635 1051 1688 habens
1074 1633 1310 1701 quinque
1330 1630 1576 1700 corporis
1600 1644 1792 1685 sensus
1819 1627 2088 1698 signiﬁcat

505 1729 560 1782 in
590 1727 763 1782 Adam
789 1731 1051 1788 mortuos,
1081 1737 1219 1793 quos
1239 1719 1489 1776 Christus
1521 1721 1577 1774 in
1605 1719 1886 1775 moriendo
1917 1726 1973 1773 et
2003 1732 2089 1772 re-

2178 557 2347 611 usque
2382 543 2436 597 in
2466 543 2691 598 sabbato
2732 551 2938 598 sancto.
2982 544 3037 598 ln
3074 560 3134 598 ea
3169 546 3249 600 die
3279 549 3543 616 poeniteates
3562 568 3626 608 ve-

2179 634 2334 687 niunt
2361 633 2428 688 ad
2455 635 2776 690 solutionem
2807 643 2864 690 et
2886 636 3024 704 apud
3056 636 3294 704 quosdam
3320 637 3513 694 redditur
3529 657 3627 710 sym-

2176 723 2358 778 bolum
2402 740 2433 778 a
2479 725 2906 790 catechumenis,
2956 734 3014 780 ut
3051 727 3104 780 in
3143 741 3330 782 canone
3366 728 3630 786 Laodicensis

2178 812 2389 868 concilii
2431 815 2740 870 continetur
2771 834 2785 869 :
2820 826 3003 871 tamen
3039 816 3314 870 Romanum
3339 817 3543 873 Ordinem
3570 835 3629 874 se—

2179 912 2419 974 quentes,
2445 907 2586 962 hanc
2621 908 2978 962 redditionem
3016 922 3275 963 servamus
3298 925 3442 978 usque
3473 910 3514 963 in
3544 911 3631 964 sali-

2179 996 2310 1051 bato
2333 1004 2541 1051 sancto.
2571 997 2836 1068 Optamus
2857 1014 2924 1054 ex
2951 1000 3036 1054 his
3060 1001 3292 1054 omnibus
3315 1001 3479 1069 primo,
3508 1001 3541 1053 si
3560 999 3631 1053 Do-

2181 1091 2366 1145 minus.
2390 1091 2620 1157 dederit,
2664 1093 2843 1162 aliqua
2883 1092 3123 1163 proferre
3161 1095 3222 1148 de
3260 1094 3434 1148 ratione
3465 1094 3557 1149 olei.
3586 1093 3633 1149 Ut

2182 1181 2418 1236 Isidorus
2457 1183 2567 1247 ait,
2595 1182 2713 1237 olea
2741 1185 2854 1253 ipsa
2877 1185 3039 1239 arbor
3061 1194 3164 1249 est,
3190 1183 3372 1239 fruetus
3394 1185 3522 1247 oliva,
3554 1198 3635 1238 suc-

2183 1287 2279 1328 cus
2307 1273 2505 1327 oleum.
2537 1273 2634 1327 Est
2655 1283 2835 1327 autem
2863 1275 3027 1328 arbor
3053 1275 3196 1344 pacis
3227 1274 3409 1344 insigne
3434 1291 3444 1325 :
3468 1273 3587 1326 habet
3602 1280 3638 1324 et

2184 1365 2588 1434 pinguedinem,
2617 1379 2722 1434 qua
2757 1365 2884 1420 lassi
2912 1374 3076 1434 atque
3109 1364 3292 1420 inﬁrmi
3316 1374 3440 1418 artus
3461 1377 3640 1416 recrean-

2186 1465 2297 1521 tur,
2329 1464 2383 1512 et
2410 1457 2583 1525 gratia
2623 1465 2916 1525 prmstatur
2957 1456 3190 1511 luminis.
3220 1454 3341 1509 illud
3373 1461 3540 1523 oportet
3570 1451 3639 1502 hoc

2187 1547 2242 1602 in
2271 1547 2389 1601 loco
2417 1547 2696 1611 intimare,
2721 1555 2784 1600 ut
2808 1547 3104 1601 secundum
3125 1544 3426 1615 Apostolum,
3449 1557 3499 1595 ex
3516 1538 3643 1593 visibi-

2187 1637 2330 1692 libus
2356 1637 2652 1692 invisibilia
2683 1635 3071 1704 intelligantur.
3105 1634 3227 1689 Sine
3251 1633 3358 1688 oleo
3383 1632 3496 1686 enim
3522 1633 3644 1698 potest

2188 1727 2332 1782 Deus
2366 1743 2563 1782 sanare
2605 1727 2874 1792 inﬁrmos,
2909 1726 3335 1794 sanctiﬁcareque
3359 1738 3478 1783 suos,
3511 1729 3553 1774 et
3569 1717 3642 1771 da:-

506 1816 777 1886 surgendo
821 1812 1196 1874 reviviﬁcavit,
1245 1817 1303 1865 et
1345 1810 1577 1880 pristino
1622 1809 1858 1863 reddidit
1903 1806 2087 1862 statui.
2118 1818 2165 1876 B
2193 1832 2380 1872 mones
2405 1817 2662 1887 επυεεη-ε,
2694 1816 2848 1872 Unde
2871 1816 3188 1872 Ambrosius
3216 1817 3265 1870 in
3291 1812 3490 1883 Episloja
3513 1808 3644 1863 mmo-

505 1911 522 1926 ‘
551 1904 950 1977 ReSponsorius
994 1903 1234 1972 quinque
1275 1914 1468 1954 versus
1509 1897 1690 1952 habet.
1737 1897 1890 1953 Unus
1925 1897 2088 1950 homo

507 2013 603 2069 per
627 2000 865 2067 quinque
891 2009 1085 2050 sensus
1111 1991 1354 2060 corporis
1383 1999 1632 2044 mortuus
1657 1997 1794 2044 erat.
1824 1987 2088 2056 Operato«

505 2105 621 2142 rem
648 2088 841 2141 mortis
867 2085 1137 2140 diabolum
1166 2101 1287 2141 esse
1321 2101 1420 2156 per
1447 2101 1636 2140 sensus
1664 2085 1960 2141 exteriores
1988 2083 2092 2154 Cy-

505 2181 730 2250 prianus
760 2177 1320 2243 demonstrat.0ll‘ert,
1351 2179 1546 2248 inquit,
1563 2178 1734 2233 oculis
1757 2177 1958 2232 formas
1987 2177 2091 2230 illi-

507 2287 620 2334 ces,
661 2269 852 2325 faciles
875 2269 1196 2337 voluptates,
1227 2277 1288 2323 ut
1318 2269 1437 2324 visu
1466 2270 1709 2324 destruat
1741 2269 2043 2324 castitatem
2075 2285 2087 2321 :

511 2376 673 2416 aures
696 2375 797 2430 per
823 2374 1024 2414 canora
1053 2359 1260 2415 musica
1290 2368 1485 2425 tentat,
1515 2368 1576 2413 ut
1604 2359 1655 2413 in
1687 2359 1807 2414 soni
1835 2359 2093 2413 dulcioris

509 2451 697 2504 auditu
737 2450 912 2504 solvat
950 2457 1007 2504 et
1049 2449 1258 2504 molliat
1284 2443 1649 2504 Christianum
1679 2449 1952 2519 vigorem;
1991 2449 2094 2502 lin—

512 2557 672 2612 guam
699 2541 945 2596 convicio
969 2548 1255 2611 provocat,
1285 2556 1501 2595 manum
1536 2538 1752 2608 injuriis
1781 2537 2095 2594 lacessenti-

509 2634 614 2688 bus
635 2633 702 2686 ad
725 2632 1079 2702 petulantiam
1104 2631 1269 2687 caedis
1297 2632 1537 2702 instigat.
1561 2630 1601 2700 -ι-
1623 2631 1698 2684 De
1726 2629 1923 2684 olfactu
1951 2628 2091 2683 silet.

511 2719 702 2774 Faciat
729 2720 872 2774 Deus
897 2731 958 2774 ut
985 2721 1270 2790 instigator
1314 2719 1502 2773 mortis
1544 2733 1652 2774 non
1680 2718 1880 2772 habeat
1915 2716 2095 2772 locum

513 2808 753 2862 intrandi
794 2810 862 2864 ad
905 2810 1143 2863 animum
1173 2816 1418 2864 nostrum
1460 2824 1559 2878 per
1594 2809 1817 2863 odorem
1846 2807 2096 2862 libidino-

513 2911 660 2960 sum,
692 2898 838 2966 quod
875 2899 1049 2969 magis
1093 2899 1390 2954 timendum
1422 2907 1506 2953 est
1543 2913 1708 2967 quam
1731 2897 2094 2952 tractandum.

512 2983 571 3038 ln
612 2984 883 3055 aliquibus
912 2988 1094 3042 verbis
1127 3003 1383 3043 versuum
1413 2987 1739 3056 responsorii
1785 2987 1898 3056 ipse
1927 2987 2097 3042 Adam

513 3078 899 3144 introducitur,
943 3095 974 3134 a
1025 3095 1136 3159 quq
1180 3095 1278 3134 nos
1339 3093 1558 3134 carnem
1620 3079 1907 3134 trahimus.
1958 3077 2099 3133 Dicit

2191 1909 2422 1963 rinthios
2448 1908 2470 1962 l
2505 1926 2517 1960 :
2555 1907 2770 1976 Scimus
2798 1908 2944 1963 cnim
2975 1916 3034 1964 et
3071 1907 3314 1977 Spiritum
3346 1913 3541 1959 sanctum
3571 1900 3646 1953 sine

2189 2013 2382 2052 manus
2417 1998 2760 2067 impositione
2787 1998 2973 2052 datum
3007 2014 3037 2052 a
3069 1998 3194 2062 Deo,
3221 2006 3385 2052 etnon
3409 1992 3644 2062 baptizatum

2189 2097 2542 2144 consecutum
2571 2089 2945 2144 remissionem
2968 2097 3318 2157 peccatorum.
3354 2080 3554 2151 Nunquid
3576 2091 3646 2130 non

2191 2179 2278 2234 hic
2303 2179 2644 2233 invisibiliter
2663 2178 2969 2248 baptizatus
2994 2187 3101 2244 est,
3127 2176 3326 2248 quando
3352 2175 3509 2228 donum
3531 2167 3648 2236 bapti-

2192 2268 2382 2324 smatis
2401 2277 2722 2323 consecutus
2764 2279 2868 2323 cst.
2893 2267 3010 2323 Olei
3036 2276 3278 2322 naturam
3297 2263 3554 2321 audivimus,
3571 2271 3650 2326 qua

2192 2358 2388 2414 habilis
2419 2367 2502 2412 est
2525 2357 2593 2412 ad
2620 2358 2951 2413 recreandos
2977 2365 3129 2412 artus
3154 2357 3412 2416 fossorum,
3436 2361 3478 2406 et
3501 2345 3649 2401 luminis

2193 2448 2424 2520 gratiam
2445 2455 2682 2517 priestat.
2711 2447 2994 2503 Animalcs
3015 2449 3158 2503 enim
3181 2447 3287 2501 haec
3308 2448 3495 2516 possunt
3515 2449 3650 2506 c0%“°'

2193 2552 2346 2593 scere
2374 2557 2386 2591 :
2421 2539 2646 2593 credant
2671 2539 2836 2592 etiam
2879 2540 3028 2608 quod
3072 2555 3176 2593 non
3205 2542 3406 2607 possunt
3435 2531 3588 2588 videre,
3617 2533 3654 2575 ut

2195 2630 2290 2683 ﬁat
2305 2630 2449 2698 quod
2477 2631 2543 2685 de
2567 2630 2822 2699 Apostolo
2845 2629 3244 2699 praalibavimus
3267 2645 3279 2680 :
3310 2619 3545 2679 lnvisibilia
3563 2614 3654 2669 enim

2195 2721 2376 2792 ipsius,
2423 2739 2455 2774 a
2495 2730 2737 2774 creatura
2761 2720 2944 2775 mundi
2983 2738 3081 2791 per
3103 2737 3184 2785 ea,
3211 2734 3317 2790 qua:
3340 2716 3455 2784 facta
3479 2716 3584 2770 sunt,
3604 2705 3656 2754 in-

2197 2812 2400 2867 tellecta
2431 2813 2848 2882 conspiciuntur,
2880 2812 3195 2882 sempiterna
3230 2810 3331 2879 ejus
3365 2816 3524 2876 quoque
3549 2797 3674 2850 riuus

2197 2914 2244 2958 et
2273 2905 2518 2958 divinitas
2542 2917 2560 2954 :
2589 2903 2734 2972 quod
2761 2911 2945 2972 aperte
2976 2903 3320 2976 Augustinus,
3347 2900 3392 2953 in
3410 2893 3558 2967 psalm.
3578 2900 3660 2941 xm

2197 2993 2449 3062 explanat
2480 3009 2492 3044 :
2526 2991 2716 3047 Oleum
2756 2993 2900 3047 enim
2929 2993 3146 3048 visibile
3185 2992 3235 3045 in
3272 2989 3405 3058 signo
3427 2991 3516 3044 cst,
3537 2977 3658 3032 oleum

2199 3085 2466 3140 invisibile
2494 3085 2550 3139 in
2591 3093 2952 3148 sacramento,
2987 3084 3171 3140 oleum
3199 3077 3444 3151 spirituale
3469 3074 3577 3126 intus
3594 3070 3660 3118 est.

513 3183 744 3223 versus:
777 3166 916 3233 Quia
947 3156 1245 3238 defecerunt
1282 3169 1414 3223 sicut
1457 3169 1632 3238 fumus
1671 3168 1782 3223 dies
1826 3169 1944 3223 mei.
1990 3171 2099 3224 Au-
2126 3166 2171 3228 ϐ
2202 3178 2390 3234 Potest
2429 3177 2570 3232 Deus
2597 3192 2696 3246 per
2729 3192 2788 3232 se
2826 3175 3012 3232 oleum
3055 3175 3287 3229 tribucre
3317 3163 3557 3240 spiritualc,
3586 3156 3663 3209 sine

515 3257 768 3326 gustinus
795 3257 971 3326 inquit
989 3258 1047 3312 in
1075 3258 1265 3314 eodem
1287 3257 1493 3328 psalmo
1518 3273 1532 3312 :
1556 3257 1709 3314 Unde
1729 3258 1864 3312 sicut
1885 3260 2096 3328 fumus,

514 3347 622 3402 nisi
657 3357 880 3418 propter
906 3347 1196 3404 elationem
1237 3349 1538 3419 superbiai?
1577 3349 1736 3404 Tales
1765 3349 1881 3406 dies
1907 3351 2100 3420 dignus

516 3440 619 3496 fuit
644 3441 892 3510 accipere
920 3441 1188 3511 superbus
1211 3441 1403 3507 Adam,
1441 3441 1582 3496 unde
1611 3457 1828 3497 carnem
1852 3442 2100 3498 Christus

517 3531 748 3600 accepit.
774 3532 916 3602 Ergo
945 3532 1000 3585 in
1026 3530 1197 3585 Adam
1225 3531 1489 3596 Christus,
1515 3539 1571 3586 et
1591 3532 1762 3586 Adam
1784 3533 1837 3586 in
1859 3531 2094 3592 Christo.

515 3621 584 3675 Et
611 3621 808 3676 iterum
840 3638 854 3675 :
887 3618 1204 3676 Percussum
1243 3631 1317 3676 est
1352 3624 1486 3676 sicut
1522 3623 1725 3693 fenum,
1765 3632 1814 3676 et
1843 3623 1982 3675 aruit
2011 3637 2100 3674 cor

517 3727 709 3764 meum.
758 3709 986 3780 Respice
1030 3712 1099 3766 ad
1145 3712 1342 3778 Adam,
1383 3713 1525 3767 unde
1567 3727 1736 3783 genus
1783 3713 2095 3768 humanum.

521 3799 676 3854 Unde
704 3801 849 3854 enim
892 3802 996 3856 nisi
1039 3803 1108 3857 ab
1153 3803 1246 3858 illo
1277 3804 1617 3858 hmreditaria
1658 3805 1757 3859 ista
1791 3813 2096 3874 paupertas.

519 3889 676 3944 Dicat
701 3905 831 3960 ergo
850 3889 964 3960 jam
998 3906 1121 3947 eum
1157 3907 1254 3961 spe
1298 3893 1351 3946 in
1397 3909 1623 3961 corpore
1665 3894 1863 3949 Christi
1893 3895 2101 3964 positus

521 3983 611 4038 ille
636 3984 927 4055 aliquando
953 3986 1009 4040 in
1037 4001 1137 4041 suo
1164 4000 1392 4054 corpore
1420 3985 1738 4054 desperatus
1762 4004 1775 4039 :
1811 3986 2100 4040 Percussus

517 4093 634 4130 sum
658 4076 794 4130 sicut
823 4075 999 4145 fenum
1023 4085 1073 4130 et
1099 4077 1241 4130 aruit
1265 4093 1357 4132 cor
1380 4093 1550 4130 meum
1575 4078 1634 4146 ᾖ.
1668 4076 1858 4132 Passio
1883 4092 2002 4147 qua:
2025 4077 2102 4133 le-

522 4172 687 4242 gitur,
731 4179 914 4226 nostra
949 4172 1113 4227 corda
1155 4171 1460 4227 conﬁrmat.
1502 4170 1748 4226 Ostendit
1793 4169 2101 4225 Iudaeorum

519 4264 802 4319 consilium
832 4263 1181 4332 praevaluisse
1227 4265 1296 4318 ad
1343 4272 1576 4333 tempus,
1611 4271 1665 4318 et
1707 4263 1762 4318 in
1793 4271 2101 4318 mansuetu-

519 4353 647 4408 dine
687 4352 963 4408 Christum
1012 4367 1407 4422 perseverasse.
1462 4353 1847 4424 Proposuimus
1894 4363 2100 4409 tantum

511 4441 700 4495 dicere
729 4442 794 4496 de
821 4441 1198 4506 varietatibus,
1231 4449 1561 4511 quapropter
1593 4443 1883 4498 reticemus
1922 4443 1987 4497 de
2015 4458 2100 4497 se-

2201 3267 2498 3337 corporali;
2530 3268 2622 3321 sed
2651 3275 2872 3336 pr0pter
2897 3265 3166 3321 animales
3191 3272 3400 3334 aguntur
3419 3252 3664 3311 visibilia,ut

2202 3359 2490 3413 invisibilia
2522 3357 2730 3412 facilius
2757 3357 3071 3428 capiantur.
3105 3357 3160 3410 Si
3185 3355 3300 3425 quis
3323 3349 3511 3406 dixerit,
3542 3341 3575 3394 εἰ
3602 3348 3663 3405 Ρίν

2203 3462 2339 3519 test,
2371 3468 2540 3524 quare
2570 3460 2717 3507 tanto
2746 3451 2923 3506 studio
2947 3451 3268 3507 observatur
3292 3446 3443 3501 cultus
3463 3443 3665 3494 consecra-

2203 3545 2366 3601 tionis
2390 3545 2528 3608 olei,
2568 3543 2982 3614 respondebitur
3018 3563 3030 3597 :
3077 3543 3259 3596 Nonne
3287 3534 3463 3604 antiqui
3485 3525 3664 3614 justin

2205 3642 2424 3690 tuerunt
2452 3635 2563 3688 Deo
2589 3634 2801 3702 placere
2843 3633 2961 3688 sine
3011 3624 3426 3688 circumcisione?
3458 3613 3665 3675 Potuerqu

2201 3724 2423 3793 utique:
2449 3710 2543 3779 sed
2570 3732 2857 3792 postquam
2885 3723 2966 3777 eis
2999 3713 3319 3794 pragcep’tum
3343 3723 3416 3770 cst
3439 3720 3487 3764 ut
3505 3708 3663 3794 circuat-

2202 3814 2501 3879 cideretur,
2550 3813 2653 3868 nisi
2702 3813 3260 3873 circumciderentur,
3307 3800 3485 3878 peccati
3523 3788 3666 3892 τὶηίξιιῑίξ

2202 3908 2541 3963 tenebantur.
2571 3906 2719 3962 Unde
2745 3905 3087 3975 Augustinus
3112 3905 3176 3959 ad
3200 3898 3468 3957 Seleuciam
3489 3911 3498 3943 :
3518 3888 3664 3948 Antiqut

2194 3996 2327 4064 justi
2357 3998 2402 4052 si
2438 4012 2545 4051 non
2586 3995 3134 4059 circumcidercntur,
3177 4007 3278 4047 non
3316 3994 3419 4043 erat
3450 3981 3512 4036 eis
3541 3985 3665 4046 pecca-

2202 4096 2348 4152 ιιιηις
2383 4095 2568 4156 postea
2593 4101 2721 4139 vero
2748 4099 2908 4153 quam
2933 4084 3104 4154 jussit
3125 4084 3263 4137 Deus
3283 4087 3336 4133 ut
3360 4064 3666 4156 circumcidere-

2203 4186 2291 4230 tur
2339 4153 2636 4239 Abraham,
2679 4175 2903 4245 ejusque
2938 4153 3264 4244 posteritas,
3300 4169 3401 4236 jam
3435 4159 3518 4216 nisi
3555 4153 3670 4245 ﬁeret:

2199 4272 2478 4335 peccatum
2518 4235 2683 4334 grave
2706 4235 2852 4318 ⁷ΐιιὶί.
2903 4235 3154 4332 Apostoli
3194 4235 3359 4315 autem
3390 4255 3477 4307 hac
3510 4253 3612 4298 arte.
3640 4235 3670 4286 id

2200 4361 2284 4409 cst
2315 4353 2442 4417 olei,
2486 4353 2781 4407 utebantur
2827 4352 2879 4404 in
2922 4348 3371 4420 redintegrationc.
3410 4337 3671 4394 infirmorum.

2202 4445 2481 4516 apostolici
2511 4443 2615 4498 viri
2647 4444 2702 4497 in
2744 4443 3156 4512 consignatione
3187 4419 3673 4516 ncophytorme‘m‘.

519 4533 754 4601 quentiis
783 4532 984 4599 missas,
1009 4533 1135 4602 quia
1162 4536 1411 4604 congruit
1450 4543 1512 4588 ut
1549 4533 1615 4587 ad
1643 4535 1960 4589 memoriam
2007 4550 2094 4589 rc-
2125 4517 2174 4576 D
2203 4503 2421 4603 propter
2447 4549 2551 4588 non
2580 4533 2696 4587 sine
2723 4503 2942 4600 peccato
2973 4547 3005 4586 a
3037 4530 3194 4586 nobis
3220 4533 3386 4600 potest
3405 4513 3565 4576 dimitti
3579 4503 3674 4577 ψιοά

519 4624 839 4679 duceremus
889 4632 1119 4679 mortem
1175 4623 1412 4689 Christi,
1472 4624 1698 4678 consilio
1751 4623 2092 4691 Judarorum,

520 4727 681 4780 quam
725 4722 902 4768 tamen
941 4714 1131 4768 eodem
1174 4714 1260 4769 die
1297 4730 1393 4785 per
1431 4713 1731 4782 patibulum
1771 4716 1950 4770 crucis
1987 4731 2098 4770 non

519 4801 723 4865 subiit,
757 4811 971 4870 oportet
994 4813 1052 4857 ut
1084 4811 1256 4858 morte
1284 4813 1469 4858 nostra
1495 4817 1616 4871 qua:
1633 4800 1746 4869 jam
1775 4813 1924 4869 erat,
1953 4805 2096 4860 illam

517 4889 822 4947 recolamus
851 4907 952 4961 pro
977 4909 1082 4963 qua
1123 4895 1238 4964 ipse
1272 4895 1522 4965 dignatus
1550 4903 1636 4950 est
1662 4896 1849 4952 venire
1880 4897 1945 4953 ad
1975 4913 2098 4967 pas-

520 4993 745 5036 sionem.
1535 5009 1538 5012 ~

1121 5075 1348 5132 CAPUT
1386 5077 1498 5132 XII.

822 5163 897 5219 De
920 5176 1068 5220 sexta
1095 5169 1342 5222 varietate
1369 5167 1540 5223 Coma:
1563 5169 1796 5226 Domini.

594 5253 758 5311 Sexta
786 5255 1020 5312 varietas
1044 5267 1130 5313 est
1156 5258 1211 5312 in
1240 5259 1428 5328 quinta
1460 5261 1613 5325 lcria,
1648 5277 1812 5330 quam
1841 5277 2096 5318 vocamus

519 5347 739 5403 Cinnam
769 5347 1003 5402 Domini.
1043 5349 1102 5403 ln
1129 5365 1192 5404 ea
1220 5365 1328 5405 non
1359 5345 1595 5414 canitur,
1630 5351 1814 5406 Gloria
1844 5352 2018 5418 Patri,
2047 5364 2094 5407 et

519 5437 664 5492 Filio
701 5448 752 5493 et
795 5439 1020 5510 Spiritui
1065 5450 1268 5495 sancto.
1315 5441 1374 5495 In
1424 5457 1488 5496 ea
1532 5451 1880 5497 consecratur
1927 5443 2096 5498 tribus

521 5528 696 5582 modis
719 5529 895 5585 oleum
926 5531 1089 5587 trium
1120 5531 1439 5586 olliciorum.
1470 5532 1525 5586 ln
1552 5547 1615 5586 ea
1646 5540 1953 5587 reservatur
1975 5549 2096 5589 cor—

522 5631 622 5686 pus
644 5619 852 5676 Domini
880 5640 1053 5694 usque
1081 5625 1136 5679 in
1156 5625 1472 5688 crastinum,
1498 5624 1845 5692 reficiturque
1874 5625 1924 5678 in
1953 5641 2094 5680 com-

523 5711 966 5765 memorationem
1006 5713 1315 5768 refectionis
1343 5712 1542 5768 Christi
1582 5734 1593 5765 :
1638 5713 1885 5766 lavantur
1931 5715 2092 5782 pedes

2201 4640 2388 4678 corum
2417 4624 2710 4679 auctoritas
2735 4624 3095 4678 consecravit.
3129 4622 3218 4677 Sic
3247 4621 3381 4675 enim
3403 4604 3676 4699 scriptum}?l

2202 4714 2254 4768 iu
2287 4715 2610 4786 Evangelio:
2643 4713 2908 4768 Exeuntcs
2933 4713 3310 4784 prwdicabant,
3343 4716 3394 4761 ut
3415 4698 3673 4786 ραηὶιίηίέίξπ

2202 4776 2502 4875 agerent,vet
2527 4804 2788 4858 dwmonia
2812 4803 2975 4857 multa
2996 4803 3292 4873 ejiciebant,
3315 4809 3359 4853 et
3384 4791 3589 4864 ungebam
3605 4776 3675 4832 οίίο

2205 4895 2392 4949 multos
2423 4911 2614 4964 (egros,
2660 4905 2707 4948 et
2755 4895 3036 4949 sanabant.
3077 4894 3230 4950 Unde
3266 4890 3397 4945 Beda
3425 4905 3435 4939 ε
3464 4879 3574 4936 Dicit
3594 4881 3674 4938 390'

2203 4986 2372 5040 ειοΙιιε
2419 4984 2653 5041 Iacobus
2679 5003 2692 5039 :
2722 4985 3040 5056 Inﬁrmatur
3084 4985 3201 5056 quis
3246 4985 3299 5036 in
3342 4974 3498 5034 vobis?
3533 4964 3677 5022 ἱηάυίαί

2201 5077 2521 5148 presbyteros
2545 5077 2810 5143 Ecclesiw,
2835 5087 2881 5131 et
2907 5088 3053 5132 orent
3080 5094 3236 5146 super
3257 5091 3368 5129 eum
3388 5083 3502 5137 ³1³5⁸
3505 5063 3679 5151 πανίαν

2203 5169 2314 5224 oleo
2340 5170 2394 5224 in
2422 5171 2628 5224 nomine
2655 5169 2870 5224 Domini
2897 5183 2914 5221 :
2958 5179 3004 5224 et
3045 5170 3093 5224 si
3123 5169 3179 5224 in
3217 5164 3426 5239 peccatis
3459 5159 3533 5220 sit,
3560 5150 3681 5204 dini!—

2200 5271 2374 5315 tentur
2397 5262 2462 5314 ei.
2497 5261 2648 5317 Unde
2676 5269 2824 5331 patet
2849 5261 2918 5315 ab
2945 5260 3092 5330 ipsis
3128 5257 3376 5329 apostolis
3401 5254 3519 5308 hunc
3541 5240 3683 5331 Sam“?

2197 5352 2451 5407 Ecclesim
2480 5367 2690 5406 morem
2718 5366 2841 5407 esse
2869 5351 3126 5406 traditum
3147 5391 3162 5416 ,
3194 5357 3253 5403 ut
3280 5318 3683 5415 encrgumeuin'f|

2196 5445 2287 5498 alii
2317 5443 2540 5512 quilibet
2565 5443 2778 5512 aegroti,
2809 5450 3081 5514 angantur
3104 5441 3224 5495 oleo
3267 5428 3527 5508 pontiﬁcali
3564 5423 3684 5475 bene“

2195 5535 2428 5589 dictione
2451 5542 2791 5589 consecrato.
2824 5534 2900 5588 De
2925 5547 2988 5587 co
3025 5533 3149 5586 oleo
3177 5529 3315 5601 quod
3355 5516 3602 5580 infunditur
3624 5517 3683 5557 δυο

2193 5639 2290 5692 Per
2319 5623 2638 5693 neophytos,
2672 5639 2778 5678 non
2808 5623 2914 5679 tale
2941 5622 3078 5692 quid
3113 5621 3359 5692 legimus,
3384 5612 3466 5667 sed
3503 5604 3687 5657 tensum;

2194 5713 2542 5783 apostolicam
2588 5715 3066 5777 consuetudinem,
3113 5720 3166 5768 ct
3207 5705 3546 5765 auctoritatem
3581 5695 3687 5741 suam
