3890 6180
279 348 418 406 iﬁlli

1050 355 1136 409 DE
1174 354 1723 415 ECCI.ESIASTICIS
1756 357 2043 418 OFFICIIS
2081 362 2262 418 LIBRI
2299 362 2386 419 IV.
2423 393 2497 407 —
2532 363 2661 417 LIB.
2700 364 2741 418 l.

3385 369 3521 426 l0”

270 463 582 534 accepimus
602 479 631 517 a
656 465 897 519 Romana
923 466 1183 535 Ecclesia,
1209 484 1368 538 quam
1394 486 1492 541 pro
1517 471 1633 543 lege
1663 481 1846 528 tenere
1873 478 1924 538 Α
1949 476 2003 530 in
2047 477 2170 532 ista.
2218 477 2563 534 Exoreismus
2606 478 2710 534 olei
2750 476 2909 549 jubet
2949 479 3203 537 recedere
3253 480 3522 540 diabolqu

264 564 509 625 oportet,
541 556 754 611 dicente
782 558 1080 627 Augustino
1105 561 1173 614 ad
1205 559 1531 616 Casulanum
1569 564 1848 635 presbyte-

266 660 390 698 rum
423 644 493 699 de
516 644 724 715 jejunio
753 647 964 702 sabbati
998 667 1011 703 :
1042 648 1099 703 In
1129 650 1216 705 his
1239 652 1381 707 enim
1410 652 1599 719 rebus,
1637 655 1703 709 de
1728 655 1849 724 qui-

262 736 369 792 bus
395 736 530 791 nihil
559 738 698 792 certi
740 739 932 793 statuit
958 740 1236 810 Scriptura
1262 743 1463 810 divina,
1508 760 1627 799 mos
1667 747 1846 815 populi

262 826 362 885 Dei
399 829 483 883 vel
526 830 774 884 instituta
816 831 1080 899 majorum
1124 849 1224 904 pro
1265 834 1382 905 lege
1425 836 1655 891 tenenda
1700 846 1844 892 sunt.

259 918 425 974 Nunc
448 934 580 975 vero
619 920 743 990 quia
784 921 1212 978 demonstratum
1253 932 1338 979 est
1371 925 1438 980 de
1480 926 1719 995 generali
1760 941 1847 981 ra-

262 1008 410 1064 tione
450 1007 578 1074 olei,
624 1016 793 1063 restat
835 1017 897 1063 ut
935 1012 1113 1080 primo
1150 1012 1393 1068 dicamus
1436 1012 1504 1071 de
1544 1014 1664 1069 oleo
1703 1016 1846 1084 quod

264 1106 617 1155 consecratur
642 1114 742 1169 pro
772 1100 1007 1155 inﬁrmo.
1044 1101 1411 1157 Consecratur
1436 1104 1581 1158 enim
1626 1105 1681 1159 in
1726 1106 1845 1174 ipso

260 1189 442 1246 cilicio
472 1192 897 1248 consecrationis
919 1194 1162 1263 corporis
1190 1202 1246 1248 et
1271 1196 1549 1265 sanguinis
1583 1196 1794 1251 Domini
1825 1214 1841 1251 :

259 1296 370 1335 non
407 1280 570 1336 habet
598 1282 876 1351 proprium
903 1283 1171 1350 oilicium,
1208 1286 1263 1340 id
1300 1296 1413 1351 est,
1448 1303 1549 1344 nec
1584 1290 1638 1344 in
1667 1293 1845 1362 capite

263 1377 428 1431 verba
458 1376 819 1441 salutationis,
852 1393 954 1433 nec
989 1376 1232 1445 Oremus,
1266 1396 1366 1436 nec
1406 1382 1459 1435 in
1492 1383 1597 1438 line
1626 1384 1843 1438 εοιιεΙιι-
1872 1420 1875 1423 μ

263 1467 412 1523 ditur
454 1476 511 1522 ut
545 1476 756 1523 caetera:
798 1470 1109 1525 orationes:
1138 1470 1243 1526 Per
1284 1471 1567 1528 Dominum
1609 1486 1842 1530 nostrum

257 1562 445 1617 Jesum
480 1561 766 1629 Christum,
807 1562 900 1617 sed
926 1572 1157 1628 tantum,
1186 1563 1242 1618 in
1276 1566 1483 1619 nomine
1508 1566 1720 1621 Domini
1744 1584 1842 1622 no-

260 1656 361 1708 stri
384 1653 514 1708 .lesu
540 1652 753 1709 Christi.
790 1653 849 1709 In
877 1670 943 1710 eo
975 1655 1094 1709 loco
1121 1656 1213 1710 ubi
1249 1656 1484 1713 solemus
1512 1673 1643 1713 uvas
1680 1660 1843 1714 bene-

257 1746 468 1811 dicere,
498 1746 570 1802 ibi
602 1757 948 1803 consecratur
977 1748 1153 1807 oleum
1180 1765 1281 1820 pro
1302 1749 1539 1816 inﬁrmo,
1566 1753 1840 1807 concludi-

1949 582 1982 622 a
2032 568 2457 634 catechumeuo,
2511 569 2603 639 qui
2657 570 2834 626 adhuc
2884 584 2986 641 pro
3036 580 3253 626 mortuo
3302 572 3523 643 deputa-

1948 665 2059 723 tur,
2090 658 2215 727 quia
2246 659 2481 714 nondum
2520 667 2608 715 est
2632 661 2956 729 baptizatus.
2989 659 3307 717 Clirismalis
3338 665 3522 719 unctio

1946 749 2247 805 sanctiﬁcat
2289 749 2402 818 jam
2449 752 2717 808 viventem
2769 770 2837 810 ex
2882 756 3131 811 mortuis.
3183 756 3370 813 Oleum
3425 777 3521 830 pro

1945 838 2203 905 inﬁrmis,
2251 841 2512 896 medelam
2548 852 2770 912 praestat
2816 846 3091 901 sauciatis.
3143 846 3293 903 Unde
3337 850 3391 903 in
3433 866 3521 904 ca-

1944 930 2087 995 dem,
2134 932 2202 986 ad
2245 933 2585 988 evacuaudos
2622 949 2810 991 omnes
2854 936 3083 1002 dolores,
3132 954 3325 994 omnes
3375 941 3523 996 inﬁr-

1943 1020 2192 1085 mitates,
2241 1037 2455 1077 omnem
2497 1023 2868 1095 mgritudinem
2915 1029 3173 1097 corporis.
3225 1029 3521 1101 digritudi-

1943 1124 2066 1165 nem
2097 1111 2341 1181 sequitur
2367 1112 2536 1179 dolor,
2578 1114 2816 1170 dolorem
2855 1117 3169 1172 consolatio.
3211 1118 3521 1178 Paracletus

1943 1200 2252 1255 consolator
2312 1202 2717 1272 interpretatur.
2782 1203 2885 1270 Qui
2940 1214 3185 1261 mortuus
3234 1216 3354 1271 est,
3414 1224 3517 1262 non

1942 1290 2088 1346 dolet
2132 1309 2147 1344 :
2193 1293 2318 1361 quia
2369 1308 2476 1348 non
2517 1295 2704 1361 sentit,
2751 1310 2912 1364 quem
2958 1312 3065 1350 non
3109 1298 3353 1365 sequitur
3394 1314 3518 1352 cett-

1941 1381 2151 1458 solatio.
2209 1381 2311 1449 Qui
2362 1383 2416 1437 in
2472 1383 2689 1440 Christo
2738 1385 3104 1441 sanetiiicatur
3154 1403 3251 1456 per
3299 1402 3518 1442 consuro

1943 1469 2271 1535 rectionem,
2314 1486 2419 1524 non
2461 1482 2585 1541 eget
2616 1472 2983 1529 consolatione
3017 1490 3081 1531 ex
3116 1474 3318 1531 dolore.
3366 1476 3519 1534 Nunc

1942 1559 2326 1614 transeundum
2385 1569 2470 1616 εει
2519 1562 2588 1616 ad
2648 1563 3002 1632 principalem
3058 1568 3517 1626 consecrationem

1941 1651 2271 1707 chrismatis.
2319 1653 2434 1723 Ipsa
2475 1654 2619 1708 enim
2651 1654 2850 1709 dicitur
2895 1658 3237 1726 principalis,
3280 1660 3403 1730 quia
3449 1660 3520 1717 ad

1941 1739 2057 1808 ejus
2090 1744 2401 1798 unctionem
2434 1744 2749 1814 principalis
2777 1746 2999 1815 spiritus
3034 1748 3308 1805 tribuitur.
3346 1751 3521 1809 llahct

261 1846 460 1907 uirque
487 1838 874 1893 conclusione:
909 1836 1013 1893 Per
1040 1857 1192 1911 quem
1225 1853 1339 1895 tunc
1376 1843 1571 1907 omnia,
1596 1842 1839 1908 Domine,
1870 1833 1916 1891 Β
1942 1839 2085 1893 enim
2127 1845 2404 1909 pr0prium
2451 1839 2684 1894 oilicium
2726 1855 2823 1910 per
2862 1856 2940 1895 se.
2982 1841 3274 1900 Incltoatur
3313 1860 3345 1901 a
3383 1844 3521 1902 Sur—

257 1943 466 1997 semper
496 1927 629 1982 bona
666 1945 829 1983 creas.
864 1928 1019 1984 Unde
1056 1929 1404 2002 intelligimus
1438 1932 1689 1992 embolim
1724 1946 1843 1987 esse

259 2016 560 2086 supradicti
601 2015 779 2072 cilicii.
824 2016 1206 2090 Supradictum
1245 2020 1480 2076 cilicium
1524 2023 1843 2078 immolatio-

259 2125 388 2163 nem
408 2108 607 2163 Christi
628 2117 684 2163 et
701 2108 955 2165 Ecclesia:
976 2112 1349 2167 tantummodo
1372 2118 1537 2167 tenet.
1566 2112 1665 2178 Qui
1696 2114 1841 2167 enim

256 2208 485 2269 peccato
522 2199 685 2266 vivit,
716 2216 822 2255 non
851 2200 1161 2256 immolatur
1192 2203 1419 2257 Domino
1446 2220 1459 2256 ;
1492 2202 1582 2272 qui
1619 2212 1842 2273 peccato

259 2291 512 2357 moritur,
545 2291 854 2347 immolatur
880 2293 1130 2348 Domino.
1164 2294 1277 2350 Nisi
1316 2294 1607 2351 inﬁrmitas
1630 2298 1842 2351 accide-

260 2391 347 2436 ret
374 2398 439 2436 ex
476 2384 733 2455 peccatis,
762 2400 868 2439 non
896 2385 1098 2441 diceret
1126 2385 1380 2453 Jacobus,
1411 2387 1481 2441 Et
1505 2390 1551 2442 si
1584 2390 1636 2442 in
1660 2405 1839 2459 pecca-

257 2472 327 2525 tis
361 2472 453 2535 sit,
480 2471 806 2525 dimittantur
827 2473 894 2526 ei.
924 2472 983 2526 In
1014 2472 1253 2543 Epistola
1281 2489 1402 2544 qua:
1431 2474 1628 2544 legitur
1651 2476 1837 2529 eadem

256 2561 351 2617 die
381 2561 617 2617 ostendit
648 2560 850 2617 Paulus
883 2562 1077 2631 quibus
1102 2563 1341 2633 peccatis
1369 2564 1580 2619 accidat
1612 2565 1840 2620 inﬁrmi-

256 2660 368 2716 tas,
400 2652 627 2708 dicendo
656 2671 671 2707 ε
704 2652 893 2707 Probet
928 2664 1103 2708 autem
1130 2657 1359 2726 seipsum
1383 2657 1556 2723 homo,
1586 2666 1636 2712 et
1667 2658 1743 2712 sic
1775 2657 1839 2713 de

254 2761 395 2815 pane
419 2742 511 2798 illo
536 2743 680 2810 edat,
711 2752 760 2798 et
788 2744 852 2799 de
885 2745 1046 2800 calice
1071 2745 1231 2800 bibat.
1261 2745 1366 2812 Qui
1389 2748 1527 2801 enim
1554 2748 1837 2802 manducet

170 2892 177 2897 ,
253 2845 306 2889 et
337 2835 463 2889 bibit
496 2835 727 2905 indigne,
747 2836 1011 2906 judicium
1035 2837 1134 2891 sibi
1167 2839 1449 2893 manducat
1476 2849 1524 2895 et
1553 2840 1700 2906 bibit,
1735 2858 1838 2895 non

254 2927 560 2997 dijudicans
582 2944 769 2998 corpus
790 2928 1020 2982 Domini.
1047 2928 1175 2983 Ideo
1196 2930 1330 2984 inter
1352 2946 1444 2984 nos
1466 2931 1617 2985 multi
1639 2932 1837 3002 infirmi

254 3029 307 3073 et
334 3019 613 3075 imbecilles
643 3029 690 3074 et
717 3019 982 3081 dormiunt
1008 3020 1179 3075 multi.
1210 3022 1309 3078 llic
1336 3024 1571 3078 ostendit
1594 3023 1834 3091 vulnera,

252 3110 489 3165 Jacobus
509 3110 852 3181 coapostolus
873 3110 991 3180 ejus
1012 3114 1336 3169 medicinam
1355 3134 1366 3169 :
1388 3114 1702 3185 Inﬁrmatur
1720 3117 1836 3187 quis

1942 1943 2060 1980 sum
2092 1928 2297 1992 corda;
2331 1928 2548 1993 ﬁnitur,
2598 1925 2703 1982 Per
2743 1928 3026 1987 Dominum
3064 1940 3299 1986 nostrum
3334 1931 3518 1989 Iesum

1942 2017 2241 2083 Christum,
2287 2018 2375 2088 qui
2413 2027 2580 2071 tecunt
2612 2017 2749 2072 vivit.
2792 2015 3155 2075 Consecratur
3197 2021 3251 2075 in
3281 2036 3347 2078 t-o
3375 2021 3515 2089 loco,

1942 2108 2031 2163 ubi
2075 2123 2267 2178 pacem
2310 2108 2452 2162 inter
2484 2123 2586 2163 nos
2625 2107 2860 2163 solemus
2890 2109 3038 2164 dare.
3088 2109 3203 2165 Iloe
3244 2119 3331 2165 est
3381 2126 3518 2182 opus

1941 2197 2128 2267 gratia:
2146 2196 2380 2262 Domini,
2412 2204 2474 2251 ut
2492 2212 2597 2266 pax
2628 2205 2685 2252 et
2713 2198 3001 2253 concordia
3042 2208 3229 2270 regnet
3254 2199 3308 2256 in
3339 2200 3516 2267 nobis,

1937 2296 2001 2343 ut
2044 2289 2280 2343 Isidorus
2328 2289 2405 2343 ait
2435 2306 2447 2341 :
2477 2305 2499 2340 ι
2535 2287 2666 2345 Olea
2696 2296 2781 2343 est
2807 2289 2972 2345 arbor
3017 2291 3169 2360 pacis
3209 2291 3452 2363 insignis.
3492 2312 3511 2347 ι

1941 2379 2067 2434 Πτεε
2093 2395 2198 2449 pax
2228 2379 2573 2451 praeﬁgurata
2600 2388 2685 2435 est
2712 2379 2843 2435 olim
2872 2381 2928 2435 in
2958 2396 3086 2436 arca
3111 2382 3245 2449 Noe,
3275 2392 3335 2439 ut
3353 2384 3517 2441 verba

1940 2471 2178 2541 ejusdem
2208 2471 2634 2527 consecrationis
2663 2478 2933 2528 testantur
2952 2512 2968 2539 ,
3003 2474 3232 2533 dicendo
3263 2492 3277 2529 :
3309 2474 3518 2539 Etcum

1939 2562 2123 2615 mundi
2167 2562 2389 2616 crimina
2428 2561 2625 2617 diluvio
2662 2563 2927 2633 quondam
2977 2565 3317 2634 expiarentur
3351 2567 3517 2637 eluso

1939 2652 2334 2708 similitudinem
2374 2654 2542 2723 futuri
2579 2657 2812 2712 muneris
2855 2656 3098 2713 columba
3128 2658 3514 2729 demonstrans,

1938 2761 2031 2816 per
2069 2744 2222 2799 oliva:
2260 2762 2466 2801 ramum
2504 2764 2686 2819 pacem
2731 2752 2886 2804 terris
2929 2750 3193 2806 redditam
3234 2754 3513 2811 nuntiavit.

1941 2834 2041 2891 llic
2086 2851 2191 2891 non
2221 2835 2394 2892 solum
2426 2836 2628 2904 oleum,
2667 2840 2765 2895 sed
2788 2848 2846 2896 ct
2872 2840 3198 2909 balsamum,
3235 2858 3517 2901 consecra-

1941 2935 2049 2981 tur.
2108 2926 2341 2982 Balsami
2394 2927 2560 2984 arbor
2584 2937 2668 2985 εει
2702 2946 2810 2985 una
2857 2939 3184 2998 aromatum,
3227 2948 3349 3003 qua:
3394 2947 3521 2991 sunt

1940 3016 2244 3084 odoriferte,
2292 3027 2353 3073 ut
2390 3018 2534 3074 idem
2562 3020 2819 3076 Isidorus.
2848 3021 3107 3078 Aromata
3142 3032 3268 3081 sunt
3297 3039 3522 3095 qumque

1940 3108 2234 3180 fragrantis
2263 3109 2481 3176 odoris,
2512 3126 2633 3182 qua:
2674 3110 2826 3168 India
2852 3112 2940 3168 vel
2983 3112 3186 3169 Arabia
3214 3114 3401 3181 mittit,
3436 3118 3521 3172 vei

251 3204 310 3255 in
334 3202 513 3257 vobis?
545 3203 761 3257 inducat
780 3203 1103 3275 presbyteros
1125 3204 1397 3271 Ecclesiae,
1429 3215 1478 3260 et
1510 3216 1656 3261 orent
1683 3224 1842 3277 super
1867 3192 1910 3254 (ἶ
1943 3200 2107 3255 “alia:
2139 3202 2406 3272 regiones.
2438 3200 2644 3257 Nomen
2673 3211 2856 3259 autem
2884 3211 3126 3259 aromata
3168 3204 3400 3260 traxisse
3435 3206 3519 3260 Vi-

251 3308 398 3357 eum,
422 3300 669 3363 tingentes
690 3309 808 3346 eum
845 3291 958 3347 oleo
996 3294 1052 3347 in
1093 3295 1299 3349 nomine
1334 3294 1548 3348 Domini
1581 3303 1630 3348 et
1669 3295 1837 3349 oratio

251 3382 382 3450 fidei
408 3381 625 3437 salrabit
648 3383 937 3452 inﬁrmum,
978 3392 1025 3438 et
1062 3383 1322 3439 alleviabit
1345 3401 1463 3439 eum
1491 3385 1770 3450 Dominus,
1791 3395 1840 3439 et

250 3476 300 3529 si
322 3475 378 3529 in
397 3476 619 3546 peccatis
639 3477 726 3539 sit,
751 3460 1078 3531 dimittentur
1095 3478 1161 3531 ei.
1194 3477 1331 3544 Quid
1356 3475 1626 3531 inﬁrmum
1648 3475 1837 3542 salvct,

253 3565 346 3621 hic
375 3566 706 3631 manifestat,
735 3566 946 3621 scilicet
970 3566 1147 3621 oratio
1173 3565 1317 3632 ﬁdei,
1346 3567 1500 3637 cujus
1524 3568 1734 3638 signum
1757 3574 1841 3622 est

247 3656 360 3711 olei
401 3657 604 3712 unctio.
654 3656 712 3713 Si
753 3665 1038 3728 propterea
1076 3657 1420 3712 inﬁrmantur
1459 3657 1586 3727 quia
1614 3658 1840 3712 manduo

250 3757 386 3805 cant
411 3765 610 3819 corpus
636 3749 851 3804 Domini
888 3749 1127 3820 indigne,
1158 3750 1355 3819 quibus
1382 3758 1560 3805 tamen
1593 3750 1843 3808 subvenit

249 3841 356 3895 olei
400 3841 600 3901 unctio,
641 3840 695 3894 id
748 3848 851 3906 est,
890 3841 1067 3909 gratia
1101 3841 1194 3895 Dei
1232 3855 1332 3911 per
1367 3841 1670 3897 orationem
1710 3856 1839 3911 prc-

250 3931 460 4002 sbyteri
479 3972 494 3996 ,
521 3931 715 3986 merito
741 3932 1080 3986 consecratio
1105 3930 1172 3986 de
1199 3945 1304 3999 qua
1333 3945 1478 3985 nunc
1505 3931 1683 4001 agitur
1707 3945 1838 3985 con-

251 4021 547 4078 sccrationi
600 4022 844 4092 corporis
886 4032 942 4078 et
988 4023 1269 4094 sanguinis
1313 4022 1527 4078 Domini
1570 4022 1840 4093 jungitur,

250 4131 374 4185 qua:
409 4114 467 4168 ﬁt
505 4114 561 4168 in
591 4115 1156 4187 commemorationem
1189 4114 1456 4185 passionis
1480 4113 1707 4179 Christi,
1742 4128 1843 4184 per

250 4222 420 4278 quam
450 4216 640 4263 auctor
665 4208 872 4279 peccati
895 4208 1225 4263 mternaliter
1246 4216 1552 4279 prostratus
1579 4215 1681 4263 est.
1710 4205 1842 4262 Pas-

250 4301 336 4356 sio
370 4300 575 4356 Christi
600 4309 875 4355 auctorcm
909 4301 1101 4356 mortis
1129 4301 1397 4357 destruxit
1438 4315 1453 4354 :
1497 4300 1672 4372 gratia
1698 4300 1837 4370 ejus,

250 4405 377 4460 qua:
401 4389 738 4461 signiﬁcatur
762 4404 860 4460 per
884 4390 989 4445 olei
1013 4391 1343 4457 unctionem,
1375 4405 1528 4445 arma
1553 4389 1689 4459 ejus,
1717 4404 1839 4459 quae

251 4491 384 4539 sunt
409 4492 633 4552 peccata
656 4482 989 4553 quatidiana,
1019 4483 1309 4539 destruxit.
1330 4483 1633 4539 Novissima
1661 4482 1837 4537 oratio

250 4574 682 4630 consecrationis
712 4575 977 4631 Dominici
1018 4576 1263 4646 corporis
1295 4591 1361 4630 ex
1402 4586 1530 4629 voto
1564 4575 1835 4645 poeniten-

253 4668 391 4723 u'utn
420 4666 501 4731 ﬁt,
532 4667 597 4723 de
620 4667 816 4737 quibus
844 4667 1043 4723 dicitur
1070 4685 1085 4721 :
1119 4666 1451 4735 Sacri/icium
1480 4667 1589 4721 Deo
1622 4667 1837 4738 spiritus

250 4755 659 4814 contribulatum
688 4756 937 4831 Congrue
968 4759 1027 4814 in
1055 4774 1120 4814 ea
1158 4765 1509 4813 consecratur
1535 4756 1713 4812 oleum
1739 4770 1838 4826 pro

252 4858 671 4931 paenitentibus,
710 4858 799 4913 ubi
838 4873 1027 4914 eorum
1068 4856 1393 4913 sacriﬁcium
1440 4857 1552 4912 Deo
1591 4855 1835 4913 offertur.

254 4947 526 5016 Quoniam
554 4948 621 5003 de
645 4946 750 5004 olei
775 4956 991 5015 natura,
1016 4956 1071 5004 et
1101 4949 1229 5021 quid
1258 4947 1544 5021 signiﬁcet,
1577 4956 1632 5003 et
1659 4963 1755 5003 cur
1785 4946 1836 5001 in

255 5041 350 5096 tali
373 5041 497 5096 loco
522 5049 885 5104 consecretur,
913 5042 1220 5096 summatim
1243 5041 1678 5112 perstrinximus,
1710 5054 1839 5095 con-

256 5145 495 5201 sequens
517 5139 602 5185 est
632 5139 694 5199 ut
730 5130 912 5201 aliqua
943 5137 1227 5200 tangamus
1254 5130 1321 5195 de
1348 5129 1529 5183 verbis
1557 5143 1844 5184 consecra-

256 5218 443 5275 tionis.
472 5217 565 5273 Ait
591 5219 735 5275 enim
764 5234 779 5273 :
812 5218 1005 5273 Emitte
1027 5218 1285 5290 Spiritum
1306 5227 1541 5272 sanctum
1572 5227 1720 5271 tuum
1749 5235 1837 5287 pa-

256 5310 513 5365 racletum
542 5310 609 5367 de
639 5310 779 5369 caelis
810 5311 866 5366 in
891 5311 1029 5366 hanc
1056 5310 1423 5381 pinguedinem
1458 5309 1578 5376 olei,
1599 5325 1757 5380 quam
1779 5309 1844 5364 de

253 5401 417 5456 viridi
437 5400 578 5473 ligno
597 5401 885 5473 producere
905 5401 1154 5473 dignatus
1184 5417 1239 5455 es
1269 5400 1338 5455 ad
1369 5400 1696 5470 refectionem
1728 5417 1846 5454 cor-

252 5491 422 5563 poris.
447 5488 786 5546 Paracletum
811 5499 896 5548 est
923 5491 1014 5546 hic
1043 5489 1306 5554 additum,
1337 5489 1479 5559 quod
1504 5503 1609 5542 non
1640 5489 1847 5543 inveni-

256 5590 350 5637 tur
389 5582 444 5636 in
480 5583 857 5653 sequentibus,
884 5592 943 5638 ut
971 5598 1111 5648 reor,
1144 5598 1253 5637 non
1286 5582 1405 5637 sine
1428 5597 1591 5638 causa
1619 5580 1845 5651 alicujus

257 5672 529 5743 mystcrii.
552 5671 737 5728 Primo
758 5672 1044 5728 videndum
1069 5680 1153 5729 est
1180 5671 1309 5742 quid
1330 5681 1583 5743 operetur
1613 5671 1846 5743 Spiritus

260 5772 486 5819 sanctus
547 5764 602 5818 in
649 5764 910 5836 singulis,
961 5765 1084 5822 inde
1137 5765 1414 5836 apparebit
1465 5779 1565 5820 cur
1618 5766 1846 5820 addatur

1863 4532 1917 4592 D

1943 3292 2161 3356 dentur,
2193 3292 2308 3346 sive
2332 3292 2461 3360 quia
2491 3292 2603 3348 aris
2637 3293 2915 3364 imposita,
2946 3295 3142 3351 divinis
3166 3297 3521 3355 invocationi-

1941 3382 2043 3437 bus
2078 3390 2200 3453 apta
2230 3383 2549 3449 videantur,
2578 3398 2677 3439 seu
2719 3387 2847 3456 quia
2886 3401 3006 3442 sese
3034 3389 3147 3443 aeri
3186 3390 3427 3447 inserere
3453 3408 3519 3447 ac

1942 3475 2173 3530 miscere
2198 3474 2497 3544 probantur
2518 3475 2577 3545 τ.
2618 3475 2764 3531 Odor
2791 3477 3015 3533 balsami
3046 3480 3100 3534 in
3136 3480 3277 3547 oleo,
3308 3482 3517 3553 Opinio-

1942 3584 2065 3625 nem
2113 3570 2376 3624 bonarum
2420 3568 2683 3624 virtutum
2730 3570 2838 3625 late
2882 3572 3207 3641 dispersam,
3263 3583 3522 3645 operante

1942 3663 2115 3733 gratia
2143 3661 2378 3733 Spiritus
2405 3662 2575 3718 sancti
2593 3663 2945 3718 demonstrat.
2961 3664 3190 3719 Additur
3205 3665 3323 3721 oleo
3347 3666 3519 3722 balsa-

1943 3769 2083 3819 mus,
2127 3753 2253 3823 quia
2295 3752 2431 3806 nitet
2460 3753 2515 3807 in
2554 3753 2704 3807 vultu
2733 3754 2931 3811 Christi
2979 3754 3217 3811 caelestis
3244 3756 3516 3827 splendor.

1944 3845 2100 3901 Unde
2132 3845 2496 3915 Hieronymus
2538 3845 2593 3899 in
2633 3845 2843 3915 psalmo
2880 3846 3297 3918 quadragesimo
3327 3858 3521 3917 quarto

1943 3938 2011 3992 ad
2046 3937 2373 4007 Principiam
2405 3937 2667 4009 virginem
2707 3951 2722 3991 :
2759 3935 2919 4009 Virgo
2945 3937 3011 3993 de
3032 3937 3262 4009 virgine,
3290 3938 3383 4010 qui
3411 3953 3520 3994 non

1942 4046 2011 4086 ex
2038 4029 2315 4085 voluntate
2342 4030 2465 4093 viri,
2508 4030 2602 4086 sed
2628 4045 2697 4085 ex
2733 4030 2845 4086 Deo
2881 4038 3043 4086 natus
3097 4038 3199 4085 est.
3236 4029 3351 4085 Nisi
3374 4030 3521 4086 enim

1945 4124 2227 4181 habuisset
2270 4124 2326 4178 in
2379 4123 2527 4178 vultu
2577 4123 2837 4194 quiddam
2882 4123 3161 4191 oculisque
3205 4122 3520 4191 sidereum,

1942 4232 2217 4287 nunquam
2250 4230 2373 4270 eum
2409 4214 2595 4270 statim
2636 4214 2808 4268 secuti
2843 4211 3073 4267 fuissent
3120 4210 3369 4282 apostoli,
3419 4225 3520 4268 nec

1943 4308 2036 4377 qui
2093 4308 2160 4361 ad
2208 4303 2775 4375 comprehendendum
2822 4310 3113 4366 venerant,
3165 4301 3515 4357 corruissent.

1940 4398 2059 4467 Ipse
2080 4396 2226 4450 nitor
2252 4393 2539 4459 exhilarat,
2565 4400 2825 4463 operante
2847 4392 3178 4458 Deo,vultus
3200 4391 3515 4458 electorum,

1942 4498 2001 4542 ut
2038 4501 2160 4542 cum
2202 4498 2397 4555 magna
2421 4482 2777 4538 delectatione
2810 4491 2963 4538 actus
2990 4497 3178 4538 eorum
3222 4482 3515 4537 imitemur.

1943 4578 2098 4635 Unde
2132 4587 2370 4647 prmsens
2395 4574 2589 4629 oratio.
2620 4571 2759 4627 Nam
2786 4582 2842 4628 et
2867 4572 3037 4627 David
3056 4573 3373 4644 prophetico
3408 4573 3520 4644 spi-

1940 4673 2049 4729 ritu
2078 4670 2263 4744 gratitn
2288 4684 2400 4725 suae
2438 4673 2778 4724 sacramenta
2807 4681 3168 4738 pramoscens,
3210 4667 3392 4723 vultus
3417 4681 3521 4723 no-

1943 4772 2086 4821 stros
2125 4763 2179 4817 in
2226 4761 2346 4817 oleo
2386 4758 2768 4814 exhilarandos
2798 4771 2919 4839 esse
2953 4756 3212 4812 cantavit.
3246 4756 3316 4813 Et
3358 4755 3520 4829 paulo

1942 4863 2064 4928 post
2091 4873 2104 4908 :
2131 4852 2260 4909 Haec
2285 4851 2390 4907 olei
2424 4849 2612 4905 unctio
2652 4847 2831 4903 vultus
2856 4854 3073 4904 nostros
3100 4846 3371 4917 jucundos
3403 4846 3524 4904 elli-

1945 4946 2020 5001 cit
2039 4960 2104 5000 ac
2125 4958 2368 5000 serenos.
2394 4940 2586 4998 Vultus
2608 4946 2845 5006 nostros,
2874 4936 3371 4995 maniiestationem
3398 4950 3525 5009 ope-

1941 5053 2061 5094 rum
2101 5044 2410 5092 nostrorum
2448 5033 2822 5105 intelligimus.
2853 5033 2930 5088 De
2954 5047 3061 5103 qua
3095 5047 3155 5089 re
3191 5032 3523 5106 Augustinus

1941 5129 1996 5184 in
2036 5127 2244 5200 psalmo
2273 5125 2572 5181 centesimo
2599 5132 2797 5196 quarto
2834 5138 2851 5179 :
2876 5123 3063 5181 Gratia
3091 5125 3339 5195 qumdam
3357 5164 3373 5191 ,
3402 5137 3523 5193 quae

1940 5228 2025 5275 est
2044 5217 2413 5285 hominumad
2434 5217 2703 5283 homines,
2728 5217 3009 5289 perSpicua
3034 5218 3102 5273 ad
3125 5216 3524 5275 conciliandum

1941 5323 2186 5367 sanctum
2223 5325 2495 5375 amorem,
2535 5310 2713 5366 oleum
2751 5310 2953 5366 dicitur
2995 5311 3050 5365 in
3085 5311 3265 5367 nitore
3290 5307 3517 5366 divino:

1945 5402 2277 5473 etquoniam
2306 5400 2762 5456 excellentissima
2792 5401 2849 5456 in
2881 5400 3103 5458 Christo
3142 5397 3414 5470 apparuit,
3440 5403 3523 5452 to-

1946 5502 2034 5549 tus
2077 5492 2225 5548 orbis
2263 5507 2387 5548 cum
2427 5491 2619 5564 diligit.
2658 5488 2728 5545 Et
2773 5491 2935 5562 paulo
2960 5497 3121 5561 post:
3156 5487 3331 5543 Tanta
3376 5486 3524 5542 enim

1944 5582 2062 5653 ejus
2094 5592 2178 5639 est
2228 5582 2400 5654 gratia
2426 5623 2441 5647 ,
2481 5590 2541 5635 ut
2580 5581 2737 5636 multi
2782 5580 2873 5650 qui
2913 5580 2968 5633 in
2999 5593 3122 5633 eum
3157 5594 3264 5633 non
3298 5580 3526 5635 credunt

1943 5676 2163 5730 laudent
2203 5690 2358 5739 cum,
2408 5680 2463 5728 et
2489 5680 2775 5742 propterea
2818 5669 3001 5724 dicant
3024 5668 3165 5724 nolle
3207 5684 3266 5725 se
3310 5670 3363 5726 iu
3402 5686 3527 5725 cum

1947 5765 2194 5832 credere,
2224 5763 2347 5835 quia
2394 5777 2551 5817 nemo
2575 5767 2753 5831 potest
2796 5760 2899 5814 hoc
2927 5758 3067 5831 quod
3092 5758 3522 5834 jubctimplcre.
