3890 6180
394 321 530 378 1015

1413 307 1740 364 AMALARII
1778 303 2210 362 PRESBYTERI
2249 301 2589 360 METENSIS

3491 305 3599 361 1016

392 432 688 490 Laudando
725 426 1124 498 impediuntur,
1175 423 1266 492 qui
1309 423 1362 476 in
1412 421 1561 476 illum
1613 417 1964 490 vituperando
1992 422 2038 478 Α
2067 423 2247 470 autem
2286 423 2343 470 et
2373 413 2513 470 facta
2559 415 2698 470 bona
2744 413 3025 468 manifesta
3067 421 3194 468 sunt
3235 429 3356 484 qua:
3386 416 3524 472 aliter
3550 436 3605 476 se

385 524 681 580 szcviebant
704 539 717 573 :
742 525 955 572 amatur
996 524 1176 570 tamen
1208 511 1278 566 ab
1312 511 1584 574 omnibus,
1629 509 1958 580 przedicatur

386 616 453 669 ab
466 613 734 672 omnibus,
759 609 883 679 quia
905 605 1232 662 excellenter
1250 610 1464 665 unctus,
1491 599 1542 653 id
1562 609 1664 664 est,
1687 598 1952 654 Christus.

388 701 643 770 Sequitur
667 696 1001 752 exorcismus
1027 693 1129 748 olei
1159 710 1174 758 ;
1214 698 1274 744 ut
1316 690 1551 744 Isidorus
1575 706 1588 741 :
1611 686 1957 741 Exorcismus

386 793 593 855 Graece,
633 789 824 844 Latine
851 787 1186 856 conjuratio;
1227 797 1319 837 seu
1351 796 1530 836 sermo
1575 777 1957 849 increpationis

384 893 468 939 est
505 883 763 937 adversus
793 877 1064 932 diabolum
1084 919 1098 941 ,
1129 884 1190 930 ut
1217 876 1486 939 discedat;
1527 880 1584 926 et
1618 870 1958 926 concluditur

385 975 464 1030 sic
497 991 511 1028 :
545 973 650 1026 Per
691 970 968 1025 Dominum
1021 976 1254 1022 nostrum
1302 964 1484 1019 Iesum
1536 961 1825 1024 Christum,
1867 960 1957 1031 qui

383 1073 628 1120 venturus
672 1069 747 1115 est
774 1058 1020 1128 judicare
1056 1057 1195 1109 vivos
1226 1064 1275 1108 et
1317 1062 1571 1116 mortuos,
1617 1060 1664 1104 et
1703 1046 1954 1102 sreculum

384 1168 476 1222 per
512 1150 704 1220 ignem.
752 1147 846 1200 lllo
885 1147 1216 1214 inunguatur
1243 1139 1637 1204 catechumeni,
1673 1148 1733 1192 ut
1759 1139 1804 1192 si
1836 1152 1957 1206 quas

386 1241 610 1297 maculae
661 1239 996 1292 inhmserunt
1037 1231 1250 1303 corpori
1300 1239 1394 1285 aut
1441 1229 1631 1294 menti,
1669 1236 1956 1298 postquam

385 1332 452 1385 ad
495 1327 817 1386 scrutinium
861 1329 1228 1386 accesserunt,
1255 1319 1533 1382 recedant,
1574 1325 1628 1372 et
1655 1317 1958 1372 munimen-

384 1401 500 1474 tum
527 1418 783 1484 deinceps
825 1413 1060 1468 habeant
1083 1426 1181 1480 per
1213 1411 1355 1465 hanc
1383 1411 1727 1471 unctionem,
1758 1414 1820 1460 ut
1847 1420 1956 1460 non

382 1508 556 1581 possit
595 1504 842 1560 diabolus
885 1501 1163 1572 repedare.
1196 1499 1372 1554 Verba
1409 1498 1672 1553 orationis
1703 1497 1820 1551 hmo
1862 1497 1956 1551 de-

385 1603 710 1662 monstrant,
746 1594 994 1656 dicendo,
1023 1599 1081 1644 ut
1100 1592 1147 1644 si
1169 1605 1288 1660 qua!
1305 1588 1412 1644 illis
1434 1588 1825 1644 adversantium
1844 1587 1954 1658 spi-

385 1692 582 1745 rituum
619 1687 870 1741 inhwsere
899 1682 1162 1753 reliquiae,
1193 1681 1261 1735 ad
1290 1690 1486 1735 tactum
1517 1679 1687 1734 sancti
1711 1678 1812 1733 olei
1843 1694 1956 1732 om-

2063 507 2282 566 habent,
2329 505 2586 561 abscondi
2626 519 2732 558 non
2767 513 2992 573 possunt
3021 505 3124 559 nisi
3154 505 3406 560 habuerit
3449 507 3605 576 ﬁdem,

2061 596 2177 649 sine
2207 611 2310 664 qua
2359 609 2520 650 nemo
2565 602 2739 664 potest
2777 595 2994 663 placere
3031 597 3150 664 Deo,
3185 613 3199 648 :
3237 597 3341 650 nisi
3389 598 3607 656 habuerit

2057 685 2424 752 quotidianam
2452 685 2682 754 gratiam
2708 685 3066 750 curationum,
3089 687 3213 754 quia
3235 688 3471 754 quotidie
3495 705 3601 759 pec-

2059 789 2266 829 camus.
2293 773 2630 842 Quapropter
2655 772 2772 828 htec
2806 772 3074 841 prmeipue
3098 774 3501 843 imprecantura
3526 793 3600 832 sa.

2058 865 2364 920 cerdotibus
2391 880 2488 935 per
2512 864 2968 920 ministratiouem
2995 865 3124 929 olei,
3155 873 3214 918 ut
3249 881 3439 920 omnes
3473 884 3607 939 genev

2060 957 2248 1011 raliter
2285 957 2575 1026 accipiant,
2623 954 2750 1024 quia
2793 955 2896 1008 nisi
2940 969 3004 1009 ea
3051 955 3262 1009 dederit
3309 957 3476 1026 gratia
3507 958 3608 1020 Dei,

2058 1060 2166 1100 non
2205 1053 2329 1100 sunt
2377 1044 2582 1100 habiles
2624 1059 2810 1114 regno.
2861 1042 2954 1097 Dei
2997 1045 3276 1112 sequentia
3323 1046 3480 1110 dona,
3518 1062 3608 1100 non

2057 1152 2248 1194 omnes
2295 1137 2474 1192 omnia
2509 1136 2598 1190 hic
2624 1142 2848 1205 possunt
2893 1135 3094 1189 habere
3119 1176 3134 1200 ,
3170 1137 3264 1190 sed
3306 1151 3406 1205 per
3440 1138 3614 1192 multos

2056 1227 2226 1282 divisa
2255 1234 2381 1282 sunt
2405 1225 2496 1295 qui
2537 1237 2720 1280 tamen
2753 1239 2859 1279 non
2887 1226 3184 1280 creduntur
3211 1226 3370 1282 divisi
3402 1242 3431 1281 a
3460 1243 3612 1296 regna

2057 1320 2174 1385 Dei,
2218 1319 2468 1389 quamvis
2507 1333 2614 1372 non
2654 1317 2892 1372 habeant
2926 1318 3302 1386 operationem
3345 1319 3612 1382 virtutum.

2057 1409 2113 1465 id
2149 1419 2254 1475 est,
2299 1420 2361 1464 ut
2396 1410 2549 1480 signa
2589 1408 2790 1467 faciant
2822 1416 2878 1464 ct
2912 1409 3186 1464 daemones
3219 1409 3479 1478 ejiciant:
3511 1412 3616 1467 sive

2057 1516 2165 1556 non
2207 1499 2444 1554 habeant
2479 1498 2840 1569 prophetiam,
2872 1505 2932 1551 ut
2967 1506 3176 1552 secreta
3222 1497 3612 1568 Scriptum-um

2055 1591 2327 1655 revelant,
2372 1600 2467 1645 aut
2504 1589 2682 1645 futura
2723 1590 3014 1660 praedicent
3047 1615 3060 1642 ι
3093 1590 3207 1646 sive
3244 1606 3350 1645 non
3398 1591 3619 1652 habeant

2059 1683 2440 1738 discretionem
2475 1683 2782 1753 spirituum,
2825 1691 2918 1736 aut
2959 1698 3156 1753 genera
3202 1683 3502 1754 linguarum
3539 1687 3618 1741 vel

385 1798 475 1836 nes
513 1777 794 1833 abscedant
829 1791 848 1830 :
889 1772 1066 1827 nullus
1110 1769 1432 1842 spiritalibus
1478 1769 1722 1840 nequitiis
1765 1767 1912 1822 locus
1938 1807 1953 1831 ,
1983 1766 2032 1826 Β
2059 1775 2562 1844 interpretationem
2596 1788 2901 1828 sermonum
2953 1788 3058 1827 non
3101 1781 3261 1827 erunt
3301 1781 3544 1829 extorres
3587 1792 3618 1829 a

385 1872 532 1930 nulla
573 1870 768 1941 refugis
805 1866 1078 1922 virtutibus
1113 1867 1180 1920 sit
1208 1863 1458 1935 facultas,
1484 1871 1541 1919 et
1576 1863 1803 1932 reliqua.
1829 1861 1958 1918 Haec

383 1961 683 2030 increpatio
735 1958 852 2014 sive
890 1955 1192 2025 coniuratio
1229 1955 1297 2009 ad
1336 1952 1626 2016 diabolum,
1673 1952 1833 2023 digna
1876 1958 1961 2007 est

382 2051 583 2106 habere
605 2049 868 2120 judicium
897 2046 1271 2109 novissimum,
1303 2044 1356 2097 in
1392 2058 1498 2112 quo
1517 2040 1794 2110 iudicandi
1832 2049 1958 2096 sunt

382 2141 580 2195 mortui
609 2147 664 2194 et
689 2139 793 2192 vivi
819 2145 874 2192 et
900 2135 1153 2192 saeculum
1179 2150 1276 2206 per
1303 2135 1502 2205 ignem.
1530 2133 1606 2188 lbi
1635 2147 1694 2188 se
1723 2133 1829 2186 scit
1853 2146 1956 2200 po-

384 2231 655 2286 tissimum
692 2227 937 2285 diabolus
966 2225 1348 2289 damnandum,
1380 2223 1523 2278 illius
1551 2231 1783 2277 tremore
1805 2219 1958 2275 undi-

387 2337 493 2393 que
524 2320 833 2376 concutitur
865 2337 878 2373 :
909 2326 967 2373 at
987 2317 1079 2388 qui
1104 2315 1220 2386 jam
1248 2320 1664 2370 resurrexerunt
1691 2319 1744 2366 et
1768 2311 1959 2365 vivunt

385 2431 508 2473 cum
552 2413 793 2478 Christo,
842 2412 920 2467 illi
972 2410 1192 2466 audiant
1229 2409 1369 2464 bona
1417 2407 1518 2462 sibi
1557 2404 1821 2476 promitti,
1864 2420 1958 2474 per

383 2507 620 2584 eumdem
658 2506 748 2577 qui
785 2504 905 2560 vivit
931 2513 979 2558 et
1025 2511 1207 2574 regnat
1235 2501 1375 2556 Deus
1410 2517 1528 2555 cum
1564 2497 1726 2552 Patre
1756 2498 1814 2552 in
1838 2497 1958 2551 uni-

381 2591 488 2652 tate
529 2597 758 2668 Spiritus
793 2595 980 2649 sancti.
1027 2593 1163 2649 Tres
1209 2597 1640 2648 commemoratae
1669 2603 1956 2644 consecra-

383 2688 556 2745 tiones
589 2703 656 2742 ex
685 2702 792 2741 una
822 2687 1119 2754 eademque
1154 2683 1454 2739 substantia
1484 2682 1634 2746 ﬁunt,
1663 2681 1716 2735 id
1745 2689 1828 2735 est
1853 2679 1955 2735 olei

381 2779 609 2850 liquore.
646 2777 739 2834 Sic
765 2792 995 2848 namque
1024 2776 1259 2847 Spiritus
1289 2774 1462 2830 sancti
1499 2773 1803 2851 substantia
1825 2786 1954 2836 una,

385 2869 478 2938 qui
509 2876 689 2922 tamen
720 2867 1010 2931 dividitur,
1038 2864 1446 2921 multiformiter
1473 2880 1572 2934 per
1609 2863 1836 2935 gratiam
1862 2863 1958 2918 do-

383 2973 577 3013 norum
605 2959 856 3012 suorum:
880 2955 984 3010 Alii
1011 2956 1170 3009 datur
1197 2971 1366 3009 sermo
1401 2955 1697 3018 sapientiw,
1733 2952 1824 3006 alii
1855 2969 1958 3006 ser-

383 3065 468 3104 mo
488 3048 722 3102 scientice
739 3088 754 3112 ,
780 3046 932 3102 alteri
961 3045 1116 3115 ﬁdes,
1148 3045 1242 3099 alii
1265 3045 1437 3115 gratia
1459 3045 1769 3107 sanitatum,
1798 3053 1853 3097 et
1875 3057 1959 3096 re-

2057 1880 2223 1935 regno
2249 1863 2529 1928 caelorum,
2567 1863 2856 1918 dummodo
2884 1863 3120 1918 habeant
3150 1862 3338 1926 ﬁdem,
3381 1879 3499 1933 qua:
3529 1877 3618 1931 per

2057 1954 2394 2011 dilectionem
2430 1960 2704 2023 operatur.
2749 1951 2992 2005 Diximus
3018 1951 3131 2006 Deo
3166 1952 3401 2020 propitio
3441 1966 3544 2020 quo
3569 1951 3616 2004 in

2055 2048 2174 2103 loco
2218 2054 2566 2103 consecretur
2605 2045 2786 2102 oleum
2809 2085 2824 2110 ,
2871 2052 2926 2100 et
2963 2045 3092 2114 quid
3129 2043 3186 2101 in
3233 2045 3618 2114 signiﬁcatione

2055 2139 2328 2194 contineat
2357 2156 2370 2190 :
2411 2145 2583 2192 restat
2612 2145 2671 2191 ut
2704 2135 2947 2191 dicamus
2973 2133 3149 2204 aliqua
3187 2136 3253 2189 de
3280 2136 3468 2189 ordine
3493 2151 3616 2190 con-

2055 2228 2374 2287 secrationis
2407 2229 2560 2301 juxta
2609 2229 3008 2285 adnotationem
3035 2227 3456 2284 Sacramentarii
3484 2239 3538 2283 et
3562 2229 3618 2281 li-

2053 2323 2180 2379 belli
2205 2324 2298 2393 qui
2327 2322 2524 2378 dicitur
2549 2321 2824 2376 Romanus
2845 2321 3008 2377 Ordo.
3032 2320 3110 2375 De
3139 2320 3262 2376 oleo
3288 2337 3387 2391 pro
3413 2320 3615 2374 inﬁrmo

2054 2417 2136 2473 sic
2158 2415 2469 2488 continetur
2497 2413 2551 2468 in
2577 2409 3350 2480 Sacramentario.Antequam
3379 2411 3611 2466 dicatur:

2058 2505 2162 2560 Per
2201 2489 2351 2576 quem
2381 2504 2492 2557 lucc
2523 2503 2720 2566 omnia,
2763 2501 2999 2562 Domine,
3044 2516 3244 2568 semper
3273 2500 3408 2554 bona
3450 2516 3611 2559 creas.

2058 2598 2306 2652 levantur
2334 2595 2398 2650 de
2426 2591 2676 2663 ampullis
2703 2608 2839 2662 quas
2873 2591 3107 2647 offerunt
3135 2590 3336 2661 populi,
3378 2599 3433 2644 et
3457 2589 3612 2644 benc-

2056 2689 2188 2744 dicit
2230 2696 2339 2742 tam
2382 2687 2635 2741 dominus
2664 2701 2832 2756 papa,
2875 2701 3036 2755 quam
3065 2699 3255 2739 omnes
3282 2683 3532 2754 episcopi.
3562 2682 3612 2736 ln

2056 2780 2244 2834 Exodo
2279 2777 2539 2848 scriptum
2574 2785 2680 2843 est,
2718 2785 2779 2831 ut
2821 2776 3003 2846 populi
3044 2776 3276 2832 oﬂ'erant
3310 2775 3503 2837 oleum,
3543 2775 3616 2827 di-

2057 2878 2212 2925 cente
2239 2868 2472 2924 Domino
2501 2883 2516 2921 :
2549 2865 2786 2938 Pra'cipe
2817 2867 2943 2936 [iliis
2981 2866 3168 2931 Israel,
3200 2876 3258 2920 ut
3285 2867 3502 2935 offerant
3527 2864 3614 2916 tibi

2059 2956 2228 3012 oleum
2265 2957 2329 3012 de
2356 2955 2629 3010 arboribus
2656 2955 2909 3010 olivarum
2944 2955 3303 3026 purissimum.

2130 3051 2355 3117 Quando
2387 3065 2418 3104 a
2469 3049 2679 3119 populis
2718 3048 2972 3113 oﬁ‘ertur,
3011 3049 3237 3118 simplex
3284 3048 3458 3117 liquor
3496 3055 3609 3102 est:

383 3138 548 3208 liqua-
599 3135 726 3192 Hinc
751 3136 1006 3191 ﬁdem“?
1050 3135 1204 3190 nobis
1241 3133 1441 3188 habilia
1484 3146 1604 3188 0530
1650 3132 1717 3187 3d
1771 3131 1956 3187 ἀίῙιιοί·
1982 3125 2026 3186 C
2058 3157 2154 3214 per
2179 3141 2607 3198 benedictionem
2641 3140 2984 3195 sacerdotum
3013 3139 3334 3195 transfertur
3362 3140 3413 3193 in
3440 3153 3609 3192 sacra-

382 3229 586 3284 dandas
614 3227 1053 3282 consecrationes
1085 3235 1318 3281 nostras.
1347 3223 1528 3280 Sermo
1563 3224 1832 3295 sapientiae
1857 3223 1954 3278 bo-

382 3334 509 3373 nam
533 3317 996 3372 conversationem
1027 3323 1194 3381 tenet,
1223 3330 1409 3371 eorum
1437 3313 1851 3384 scilicetquibus
1878 3314 1954 3368 lo-

379 3409 561 3478 quitur
603 3423 843 3480 prmsens
887 3407 1173 3476 Apostolus
1213 3426 1226 3461 :
1273 3405 1332 3461 Si
1381 3406 1781 3460 consurrexistis
1834 3421 1953 3459 cum

379 3501 610 3569 Christo,
649 3519 766 3574 qua:
793 3519 1001 3556 sursum
1029 3512 1152 3556 sunt
1187 3501 1436 3572 quwrite,
1470 3501 1559 3554 ubi
1609 3511 1684 3555 est
1716 3499 1952 3556 Christus

378 3595 435 3648 in
478 3593 692 3648 dextera
735 3593 834 3648 Dei
882 3593 1064 3647 sedens
1093 3607 1111 3644 :
1149 3609 1266 3662 qua:
1323 3608 1534 3646 sursum
1582 3600 1702 3645 sunt
1763 3592 1948 3661 sapite.

381 3680 535 3737 Hunc
558 3697 806 3751 saporem
840 3681 1076 3752 gustavit
1102 3681 1194 3751 qui
1224 3681 1301 3735 ait
1342 3699 1354 3733 :
1397 3679 1582 3734 Gratia
1613 3679 1710 3734 Dei
1745 3696 1860 3734 sum
1896 3679 1952 3733 id

378 3774 516 3844 quod
537 3791 675 3827 sum.
706 3773 846 3828 Ecce
872 3773 1040 3828 habes
1067 3772 1245 3827 oleum
1286 3790 1299 3825 :
1331 3772 1564 3827 addatur
1588 3787 1756 3824 sermo
1786 3772 1954 3826 scien-

377 3866 486 3918 tiw.
535 3863 776 3919 Scientia
817 3863 884 3917 ad
933 3864 1236 3917 doctrinam
1281 3861 1520 3930 pertinet
1556 3879 1570 3915 :
1601 3861 1855 3931 quoniam
1895 3861 1950 3916 in

379 3955 469 4011 illa
499 3955 765 4011 laboravit
790 3954 1012 4018 Paulus,
1041 3963 1327 4024 propterea
1366 3952 1642 4024 subjunxit
1660 3994 1676 4018 ,
1702 3963 1748 4008 et
1779 3955 1952 4025 gratia

377 4048 491 4118 ejus
517 4048 571 4102 in
609 4063 691 4102 me
726 4064 889 4102 vacua
915 4063 1018 4101 non
1045 4047 1167 4117 fuit.
1205 4045 1383 4102 Habes
1409 4053 1465 4101 et
1491 4045 1813 4102 balsamum.
1845 4046 1946 4103 Ubi

377 4139 494 4193 haec
531 4137 638 4192 duo
666 4136 951 4207 conjuncta
987 4137 1221 4204 fuerint,
1264 4137 1564 4208 perfectum
1594 4136 1800 4193 faciunt
1841 4153 1952 4194 ser-

378 4229 634 4284 vientem.
682 4227 955 4300 Sequitur,
1003 4227 1169 4284 Alteri
1196 4228 1362 4298 ﬁdes,
1399 4227 1558 4282 ﬁdem
1594 4229 1652 4282 in
1697 4238 1949 4299 promptu

376 4321 444 4374 ad
476 4320 582 4375 duo
610 4335 774 4390 opera
811 4321 1236 4387 introducimus,
1265 4321 1333 4376 ad
1363 4320 1731 4392 expulsionem
1761 4322 1952 4378 videli-

374 4409 520 4474 licet,
555 4419 616 4464 ut
636 4411 923 4482 Apostolus
950 4428 963 4464 :
992 4410 1052 4466 Si
1081 4411 1308 4465 habuero
1343 4411 1521 4480 ﬁdem,
1560 4412 1635 4466 ita
1668 4420 1723 4466 ut
1753 4422 1950 4467 montes

375 4501 694 4570 transferam
720 4516 738 4555 :
768 4511 823 4558 et
844 4503 912 4557 ad
946 4503 1241 4567 munimen,
1274 4503 1339 4557 de
1361 4517 1470 4572 quo
1499 4503 1720 4568 dicitur,
1743 4520 1950 4557 sumen-
1977 4473 2028 4532 Β

375 4604 449 4648 tes
475 4603 681 4648 scutum
709 4594 854 4663 ﬁdei.
887 4593 1064 4649 Habes
1085 4594 1444 4649 exorcismum
1471 4593 1596 4657 olei,
1639 4601 1698 4647 ut
1723 4593 1836 4662 ipsa
1856 4610 1950 4649 vc—

377 4686 509 4740 ritas
570 4693 830 4750 testatur,
875 4685 1128 4750 dicendo,
1170 4682 1228 4739 Si
1270 4701 1386 4755 qua:
1425 4683 1676 4738 inhwsere
1718 4683 1949 4754 reliquiae

375 4776 793 4845 adversantium,
820 4777 890 4831 ad
911 4785 1107 4831 tactum
1124 4776 1440 4845 sanctiﬁcati
1461 4775 1620 4844 hujus
1644 4775 1744 4830 olei
1772 4777 1948 4831 absce-

377 4864 526 4916 dant.
556 4865 623 4917 Et
643 4865 841 4920 iterum
861 4883 873 4920 :
901 4865 1054 4920 Nulla
1074 4865 1276 4935 refugis
1298 4865 1588 4919 virtutibus
1607 4865 1680 4919 sit
1699 4867 1943 4920 facultas.

378 4948 657 5022 Sequitur,
697 4955 804 5008 Alii
828 4955 999 5025 gratia
1035 4957 1320 5010 sanitatum
1361 4967 1379 5005 :
1422 4955 1588 5010 habes
1631 4955 1808 5011 oleum
1851 4971 1951 5026 pro

377 5041 613 5097 inﬁrmo.
664 5044 838 5099 Verba
887 5043 1045 5114 hujus
1087 5044 1347 5099 orationis
1401 5047 1792 5112 demonstrant,
1841 5065 1947 5104 non

375 5133 552 5188 solum
578 5135 944 5190 necessariam
975 5151 1095 5191 esse
1120 5135 1442 5191 medicinam
1471 5137 1826 5208 corporalem,
1854 5139 1948 5194 sed

375 5226 556 5297 potius
597 5226 947 5295 spiritualem,
997 5228 1218 5282 dicendo
1254 5225 1618 5295 juramentum
1666 5231 1862 5285 mentis
1896 5241 1952 5285 et

375 5315 639 5384 corporis.
680 5313 924 5371 Peccatis
964 5317 1268 5371 inﬁrmatur
1310 5333 1482 5382 meus,
1517 5320 1688 5389 gratia
1729 5320 1944 5374 Domini

380 5415 605 5464 sanatur
637 5425 650 5461 :
687 5407 803 5461 sine
840 5407 976 5471 istis,
1008 5415 1069 5461 ut
1107 5423 1246 5474 reor,
1281 5407 1458 5464 nullus
1497 5409 1674 5464 aulam
1712 5411 1948 5467 cmlestis

377 5498 528 5567 regni
559 5498 755 5563 intrat,
787 5497 840 5552 id
863 5505 946 5554 est
967 5540 982 5563 ,
1013 5498 1114 5554 nisi
1145 5499 1339 5554 habeat
1360 5501 1823 5556 conversationem
1853 5503 1948 5556 bo-

380 5601 525 5644 nam.
562 5597 616 5641 et
660 5588 957 5642 doctrinam
1001 5589 1115 5642 sive
1147 5589 1323 5644 verbis
1354 5631 1367 5648 .
1405 5591 1516 5645 sive
1565 5589 1821 5656 moribus,
1854 5595 1945 5663 qui

383 5692 487 5728 non
523 5687 745 5743 possunt
783 5681 1064 5744 abscondi,
1100 5683 1306 5736 dicente
1356 5683 1609 5752 Apostolo
1644 5703 1652 5713 ·
1687 5685 1948 5740 Similiter

2057 3240 2313 3287 mentum.
2339 3231 2465 3287 Hzec
2489 3230 2885 3284 administratio
2908 3228 3198 3300 signiﬁcat,
3222 3229 3418 3283 debere
3437 3227 3611 3300 adesse

2057 3335 2329 3381 terrenam
2374 3321 2901 3376 administrationem
2960 3318 3245 3391 spirituali.
3303 3319 3450 3374 Unde
3491 3316 3611 3369 dicit

2054 3413 2389 3484 Apostolus:
2429 3411 2491 3468 Si
2530 3422 2623 3465 nos
2681 3410 2821 3465 vobis
2878 3408 3178 3480 spiritualia
3234 3407 3604 3466 seminavimus,

2055 3521 2299 3577 magnum
2336 3513 2410 3559 est
2449 3504 2497 3558 si
2544 3513 2710 3558 vestra
2751 3501 2989 3558 carnalia
3034 3501 3332 3557 metamus?
3356 3495 3609 3552 Benedicit

2055 3606 2162 3650 tam
2195 3595 2446 3651 dominus
2483 3609 2622 3664 papa
2649 3608 2810 3663 quam
2841 3607 3029 3647 omnes
3055 3589 3377 3662 presbyteri.
3409 3587 3514 3642 Mos
3536 3593 3608 3640 est

2054 3688 2307 3742 Romana:
2348 3685 2604 3742 Ecclesiae
2648 3693 2709 3739 ut
2756 3685 2808 3738 in
2858 3683 3195 3739 confectione
3246 3678 3606 3736 immolationis

2051 3779 2252 3837 Christi
2297 3780 2480 3837 adsint
2523 3779 2871 3850 presbyteri.
2906 3787 2962 3834 et
2998 3777 3157 3834 simul
3204 3793 3328 3833 cum
3374 3773 3606 3847 pontiﬁce

2052 3873 2232 3928 verbis
2267 3888 2298 3928 e
2325 3872 2574 3928 manibus
2601 3870 2893 3926 conﬁciant
2926 3885 2940 3923 :
2973 3879 3029 3924 at
3065 3871 3193 3940 quia
3222 3870 3275 3923 in
3306 3870 3417 3940 ipsa
3448 3865 3608 3936 perio-

2050 3967 2151 4022 cha
2189 3963 2528 4022 concluditur
2571 3961 2912 4018 consecratio
2948 3961 3052 4017 olei
3092 3959 3280 4028 hujus.
3323 3966 3524 4029 oportet
3557 3960 3609 4007 ut

2051 4055 2211 4111 simili
2249 4053 2408 4109 modo
2443 4054 2582 4109 sicut
2606 4061 2660 4108 et
2691 4060 2916 4116 czetera,
2948 4066 3073 4107 cum
3115 4049 3370 4120 pontiﬁce
3401 4046 3609 4119 presby—

2053 4148 2152 4202 teri
2182 4147 2358 4202 oleum
2389 4144 2694 4201 conﬁciant.
2733 4144 2877 4199 Dicit
2901 4143 3115 4199 libellus
3148 4141 3382 4197 Romani
3406 4133 3612 4196 Ordinis

2051 4239 2116 4294 de
2143 4235 2552 4293 consecratione
2579 4235 2893 4291 chrismatis
2941 4251 2954 4288 :
2989 4231 3252 4288 Continuo
3301 4232 3403 4285 duo
3433 4226 3616 4295 προίῃτὶ

2050 4327 2307 4382 involutas
2339 4326 2598 4397 ampullas
2627 4341 2744 4380 cum
2787 4323 3006 4379 sindone
3058 4322 3179 4377 alba
3222 4322 3289 4376 de
3323 4320 3505 4379 serico,
3550 4314 3620 4366 ita

2051 4418 2216 4473 videri
2233 4418 2430 4488 possint
2458 4435 2491 4470 a
2512 4416 2683 4471 medio
2711 4424 2919 4470 teneant
2944 4416 2998 4469 in
3029 4413 3240 4468 brachio
3273 4413 3500 4466 sinistro.

2127 4511 2193 4564 Εῑ
2219 4510 2376 4579 Paulo
2414 4521 2535 4580 pOSt
2570 4527 2582 4561 :
2625 4509 2915 4580 Antequam
2955 4508 3244 4571 benedicat,
3277 4505 3419 4560 halat
3453 4515 3533 4556 ter
3568 4501 3620 4551 in

2051 4601 2358 4672 ampullam.
2401 4602 2466 4656 Et
2507 4603 2702 4657 iterum
2741 4620 2752 4654 :
2788 4598 3034 4671 Ampulla
3077 4608 3252 4654 autem
3282 4641 3295 4663 ,
3345 4614 3453 4668 qua!
3506 4608 3621 4647 cum

2051 4692 2328 4746 chrismate
2360 4701 2470 4757 est,
2516 4693 2695 4745 statim
2723 4699 2779 4744 ut
2821 4689 3090 4746 benedicta
3136 4689 3298 4758 fuerit
3340 4687 3619 4758 operiatur.

2051 4791 2107 4834 ut
2133 4799 2166 4834 a
2206 4782 2410 4835 nemine
2445 4781 2587 4834 nuda
2621 4779 2878 4842 videatur,
2908 4778 3000 4832 sed
3026 4787 3227 4832 tcnente
3259 4794 3376 4832 eam
3397 4772 3621 4842 acolgto.

2049 4889 2226 4927 omnes
2269 4888 2361 4941 per
2391 4871 2628 4924 ordinem
2657 4869 2907 4934 salutent,
2935 4885 3092 4939 quam
3122 4869 3392 4939 episcopus
3425 4876 3472 4920 et
3505 4864 3621 4915 dia-

2053 4963 2170 5015 coni
2222 4961 2369 5031 prius
2409 4960 2658 5014 salutent.
2699 4959 2741 5030 -ι-
2787 4958 2842 5014 Si
2891 4959 3037 5014 enim
3077 4974 3318 5028 prtesens
3362 4956 3526 5018 Ordo,
3567 4960 3624 5004 ιιι

2051 5053 2311 5120 scriptum
2350 5059 2450 5112 est,
2505 5067 2611 5105 non
2648 5051 2845 5120 agitur,
2890 5048 3174 5104 frustravit
3207 5050 3437 5121 scriptor
3471 5046 3626 5099 lam.

2054 5156 2166 5195 rem
2189 5140 2371 5209 operis
2400 5140 2482 5194 sui
2507 5154 2521 5192 :
2551 5140 2597 5195 si
2627 5148 2804 5194 autem
2834 5138 3032 5208 agitur,
3064 5137 3265 5192 frustra
3295 5138 3397 5192 nisi
3417 5129 3625 5204 aliquid

2052 5231 2328 5288 contineat
2356 5230 2410 5284 in
2449 5238 2814 5285 sacramento.
2843 5229 2999 5284 Libet
3018 5230 3194 5300 primo
3219 5229 3400 5285 dicere
3425 5229 3491 5282 de
3520 5225 3626 5278 hoc

2052 5325 2196 5395 quod
2237 5323 2389 5387 dicit,
2432 5321 2596 5376 Halat
2637 5332 2716 5376 ter
2738 5324 2791 5375 in
2816 5321 3121 5392 ampullam.
3151 5321 3362 5378 Halitus
3389 5321 3451 5374 ab
3481 5320 3626 5373 inte-

2051 5413 2286 5469 rioribus
2311 5421 2368 5468 et
2394 5413 2617 5469 secretis
2638 5412 2881 5483 procedit
2907 5410 2973 5466 ad
2997 5412 3290 5481 publicum,
3323 5419 3374 5464 et
3396 5414 3627 5463 vocatur

2052 5505 2270 5573 spiritus
2312 5513 2367 5562 et
2396 5505 2616 5561 naribus
2657 5503 2775 5574 ejus
2809 5513 2910 5558 est.
2951 5503 3198 5559 Pontifex
3245 5520 3341 5573 per
3371 5501 3623 5573 spiritum
3679 5545 3686 5548 _

2052 5613 2206 5650 suum
2240 5596 2596 5650 substantiam
2647 5596 2881 5665 Spiritus
2923 5596 3094 5650 sancti
3143 5597 3353 5648 nuntiat
3392 5593 3439 5644 in
3491 5599 3624 5641 (ποτε

2053 5702 2178 5754 pare
2206 5695 2482 5754 assumpto
2511 5703 2539 5739 a
2563 5687 2840 5741 divinitate
2865 5686 3188 5746 inhabitare,
3213 5683 3358 5751 cujus
3383 5681 3623 5737 ndw‘ni“
