3890 6180
293 367 420 424 1017

1067 364 1156 419 DE
1193 361 1745 420 ECCLESIASTICIS
1777 361 2064 418 OFFICIIS
2101 361 2276 416 LIBRI
2324 362 2412 417 IV.
2450 390 2524 402 —--
2559 360 2687 416 LIB.
2723 360 2764 416 1.

3411 359 3541 418 1018

285 490 548 540 renovata
573 488 698 536 sunt
741 479 944 534 omnia.
974 478 1222 547 Ampulla
1251 479 1394 532 enim
1417 492 1540 532 cum
1570 476 1863 532 chrismate
1892 479 1941 536 Α
1967 490 2088 529 cum
2112 473 2384 544 praeterita
2411 483 2588 537 nocte,
2619 489 2718 544 pro
2747 482 2905 528 nocte
2930 483 2984 528 et
3007 472 3093 528 die
3120 473 3417 543 accipiens,
3441 475 3544 529 hoc

283 572 684 645 quodammodo
720 585 917 640 corpus
962 569 1172 624 Domini
1219 584 1285 624 ex
1321 568 1528 638 virgine
1573 567 1737 620 Maria
1779 582 1864 620 as-

285 673 562 734 sumptum
613 661 906 732 signiﬁcat.
948 660 1101 728 Quod
1151 669 1438 730 antequam
1491 659 1750 714 transiret
1801 659 1866 713 ad

286 755 463 809 altare
504 754 715 815 crucis,
769 751 950 820 aliquo
979 759 1220 821 tempore
1267 757 1580 820 coopertum
1615 757 1758 814 erat,
1812 756 1868 803 et

285 845 475 916 aliquo
499 845 702 899 nudum
746 863 759 896 :
797 845 1054 913 primaevo
1083 852 1325 911 tempore
1371 848 1682 910 coopertum
1721 849 1862 904 erat,

287 936 508 1006 quando
533 935 604 988 ita
633 933 768 1003 fugit
794 934 847 987 in
878 932 1169 1003 Egyptum
1197 945 1378 1001 regem
1402 930 1688 993 Herodem,
1712 929 1867 998 quasi

288 1043 396 1082 non
430 1035 577 1081 esset
612 1024 726 1078 Rex
762 1039 979 1096 regum,
1025 1033 1082 1078 et
1126 1023 1385 1077 Dominus
1428 1021 1820 1076 dominantium
1850 1038 1863 1074 :

285 1117 508 1188 quando
531 1117 604 1172 ita
633 1122 878 1184 portatus
899 1123 982 1167 est
1002 1113 1070 1167 ad
1093 1113 1349 1182 templum
1367 1154 1382 1178 ,
1412 1111 1565 1181 quasi
1589 1127 1695 1165 non
1725 1117 1869 1164 esset

287 1208 631 1276 omnipotens
662 1221 676 1259 :
715 1207 930 1275 quando
973 1205 1048 1258 ita
1092 1204 1518 1274 regredientibus
1553 1203 1868 1274 parentibus

290 1299 360 1354 ab
385 1296 708 1361 Jerusalem,
736 1296 1030 1366 requisitus
1049 1302 1135 1350 est
1159 1295 1300 1350 inter
1323 1304 1582 1365 cognatos
1605 1301 1661 1350 et
1685 1305 1864 1358 notos,

289 1389 445 1459 quasi
477 1403 582 1442 non
612 1395 758 1443 esset
784 1387 983 1456 ubique
1010 1405 1022 1439 :
1053 1387 1271 1456 quando
1297 1387 1370 1440 ita
1400 1387 1649 1441 inventus
1692 1393 1775 1441 est
1812 1386 1864 1441 in

291 1479 524 1548 templo,
568 1479 762 1533 sedens
789 1479 843 1532 in
886 1477 1065 1532 medio
1101 1477 1420 1542 doctorum,
1450 1485 1614 1547 atque
1644 1477 1867 1532 audiens

289 1579 347 1624 et
383 1570 745 1639 interrogans,
799 1567 954 1637 quasi
1000 1581 1107 1621 non
1156 1575 1301 1622 esset
1350 1565 1470 1621 l'ons
1521 1565 1800 1636 sapientia:
1849 1583 1863 1618 :

289 1659 509 1729 quando
558 1659 634 1713 ita
683 1657 934 1714 subditur
981 1656 1320 1727 parentibus,
1368 1655 1524 1726 quasi
1577 1669 1686 1710 non
1721 1663 1866 1710 esset

289 1759 481 1805 auctor
508 1759 812 1818 parentum.

1963 579 2068 634 est,
2099 586 2196 640 pro
2233 578 2346 624 tota
2374 571 2462 624 die
2487 570 2770 624 sabbatum
2801 578 2958 625 nocte
2997 579 3052 625 et
3082 571 3197 635 die,
3226 555 3282 625 et
3328 581 3544 628 noctem

1964 661 2289 716 dominicam
2314 676 2436 716 cum
2471 661 2662 715 eodem
2701 660 2788 716 die
2816 661 3192 722 illucescente,
3226 678 3290 717 ac
3315 677 3412 731 per
3437 663 3542 720 hoc

1965 753 2278 821 accipiendo
2299 761 2508 822 partem
2555 768 2653 823 pro
2693 762 2834 820 toto,
2880 754 3050 811 babes
3088 753 3321 810 triduum
3350 766 3405 810 et
3433 765 3545 814 tres

1967 850 2176 897 DOCICS.
2925 853 2939 867 ’

2037 931 2365 988 Triduanam
2396 932 2611 990 Domini
2647 935 2980 1004 sepulturam
3013 936 3079 991 ad
3118 937 3435 991 memoriam
3461 951 3550 992 τοι»

1966 1022 2242 1086 ducimus,
2276 1039 2436 1092 quam
2469 1040 2574 1079 non
2608 1026 2894 1081 recolimus
2927 1028 3276 1091 celebrando,
3310 1029 3413 1083 nisi
3446 1031 3542 1084 ad—

1966 1115 2126 1168 datur
2167 1129 2287 1169 eum
2319 1123 2474 1170 sexta
2501 1113 2634 1169 feria
2663 1125 2716 1169 et
2752 1117 2979 1186 septima
3007 1117 3212 1186 quinta.
3265 1117 3542 1173 Dominica

1966 1207 2112 1260 enim
2152 1221 2257 1259 nox
2290 1205 2342 1259 in
2373 1221 2567 1276 magna
2597 1205 2768 1276 gloria
2793 1207 3118 1273 celebratur,
3148 1218 3209 1262 ut
3232 1208 3397 1278 liquet
3431 1224 3546 1265 om—

1965 1296 2126 1350 nibus
2154 1296 2244 1366 qui
2281 1311 2490 1350 morem
2528 1306 2728 1353 nostrae
2751 1297 2993 1353 ecclesia:
3026 1308 3229 1354 tenent.
3265 1299 3418 1355 Unde
3439 1299 3548 1354 Au-

1966 1386 2212 1454 gustinus
2248 1401 2315 1443 ex
2359 1402 2609 1442 sermone
2655 1388 2722 1442 ad
2763 1388 3019 1458 populum
3058 1389 3253 1460 vigiliis
3301 1389 3542 1446 Pasclne.

1967 1475 2171 1529 Deinde
2213 1475 2424 1529 sabbati
2465 1476 2580 1530 dies
2617 1491 2647 1529 a
2688 1493 2785 1532 sua
2826 1486 2984 1532 nocte
3027 1478 3322 1548 incipiens,
3365 1478 3548 1535 ﬁnitus

1967 1577 2052 1623 est
2077 1582 2298 1636 vespere
2334 1567 2640 1637 incipientis
2681 1569 2883 1635 noctis,
2915 1586 3036 1640 quae
3064 1570 3302 1641 pertinet
3331 1571 3399 1626 ad
3443 1570 3545 1624 ini—

1968 1661 2104 1718 tium
2132 1659 2417 1716 dominicae
2443 1660 2570 1725 diei,
2603 1663 2860 1730 quoniam
2887 1679 3006 1718 eam
3039 1663 3300 1719 Dominus
3320 1679 3431 1718 sua:
3465 1678 3550 1718 re-

1969 1751 2325 1806 surrectionis
2359 1750 2527 1822 gloria
2558 1753 2918 1809 consecravit.
2957 1753 3106 1808 Illius
3143 1753 3328 1824 itaque
3377 1754 3553 1810 noctis

360 1843 418 1897 In
458 1843 578 1898 istis
605 1843 856 1897 omnibus
883 1849 1172 1912 coopertus
1200 1840 1420 1898 latebat.
1459 1840 1866 1912 Operimentum
1894 1820 1943 1880 Β
1969 1843 2038 1897 ad
2073 1842 2286 1898 initium
2315 1820 2422 1899 diei
2449 1843 2705 1898 dominici
2733 1844 3057 1913 pertinentis
3089 1820 3423 1902 nunc—istam
3457 1861 3546 1900 so—

288 1923 628 1988 erat’sindon
653 1932 794 1996 alba,
821 1945 919 2002 per
942 1946 1103 2002 quam
1133 1946 1242 1986 non
1265 1931 1560 2002 incongrue
1581 1945 1870 2001 possumus

292 2023 600 2093 intelligere
630 2022 1039 2088 mundissimam
1066 2021 1376 2092 specialiter
1404 2021 1868 2078 conversationem

286 2114 408 2184 ejus
427 2155 442 2178 ,
477 2129 584 2183 qua
613 2113 833 2168 indutus
860 2112 963 2166 fuit
993 2113 1062 2167 ab
1095 2113 1270 2168 initio.
1306 2111 1518 2166 Nudum
1543 2120 1688 2173 erat,
1717 2121 1867 2182 post-

286 2221 452 2276 quam
483 2208 647 2276 cmpit
687 2206 946 2262 miracula
989 2205 1186 2270 facere,
1239 2221 1359 2275 qua:
1398 2204 1540 2259 ultra
1586 2205 1868 2259 hominum

286 2313 457 2368 opera
493 2306 666 2352 erant.
713 2297 866 2352 Unde
906 2297 1230 2352 Nicodemus
1255 2338 1270 2361 ,
1313 2296 1481 2350 Nemo
1533 2303 1700 2365 potest
1758 2296 1869 2349 ha'c

287 2390 444 2458 signa
468 2388 638 2456 facere
666 2404 785 2458 qua!
820 2397 876 2442 tu
910 2387 1063 2457 facis,
1101 2389 1204 2442 nisi
1235 2387 1392 2456 fuerit
1422 2387 1562 2441 Deus
1591 2403 1708 2440 cum
1729 2385 1822 2440 illo
1849 2400 1868 2438 :

288 2477 558 2546 simulque
603 2477 902 2546 prtedicare
947 2484 1003 2532 et
1047 2477 1214 2531 Deum
1254 2491 1314 2531 se
1361 2476 1751 2534 demonstrare.
1800 2474 1874 2532 Ut

292 2572 473 2642 inquit
501 2590 514 2626 :
544 2571 656 2642 Ego
698 2580 746 2625 et
791 2569 954 2626 Pater
979 2589 1143 2627 unum
1169 2589 1370 2627 sumus.
1409 2571 1524 2628 Nisi
1560 2573 1754 2627 Petrus
1788 2573 1872 2628 in-

294 2665 559 2735 telligeret
596 2666 698 2719 hoc
729 2665 933 2720 dictum
969 2681 1090 2723 esse
1121 2668 1187 2722 de
1208 2667 1387 2722 divina
1416 2677 1628 2729 natura,
1662 2683 1767 2723 non
1792 2667 1872 2722 di-

291 2766 442 2812 ceret
474 2775 487 2810 :
521 2757 598 2810 Tu
632 2775 686 2811 es
711 2756 952 2812 Christus
986 2757 1163 2813 Filius
1194 2758 1292 2812 Dei
1475 2759 1547 2813 At
1583 2770 1868 2829 postquam

293 2847 544 2902 transivit
568 2848 633 2902 ad
669 2847 838 2902 altare
860 2849 1060 2914 crucis,
1095 2849 1147 2902 id
1187 2857 1288 2913 est,
1315 2850 1383 2904 ad
1419 2849 1866 2914 immolationem,

293 2939 447 3010 quasi
495 2939 561 2992 ad
608 2940 1068 2994 consecrationem
1100 2939 1380 3008 episcopi,
1429 2940 1546 3009 ipse
1585 2947 1672 2994 est
1721 2939 1868 2994 enim

293 3043 539 3082 summus
575 3026 841 3091 Pontifex,
887 3029 980 3097 qui
1022 3029 1260 3096 seipsum
1311 3029 1505 3083 obtulit
1548 3029 1660 3084 Deo
1697 3028 1868 3094 Patri,

295 3119 478 3189 aliqua
507 3127 661 3188 parte
691 3120 950 3190 temporis
982 3121 1182 3175 nudum
1223 3136 1420 3190 corpus
1459 3137 1615 3176 suum
1649 3122 1872 3177 demon-

294 3215 510 3268 stravit.
551 3213 681 3280 Qme
709 3231 833 3285 pars
872 3216 940 3269 ad
976 3215 1295 3270 memoriam
1324 3215 1600 3271 reducitur
1626 3232 1725 3286 per
1758 3232 1874 3270 am-

293 3303 456 3374 pulla:
504 3305 800 3358 nuditatem
834 3321 995 3375 quam
1043 3307 1329 3375 cpiscopus
1369 3315 1425 3361 et
1462 3306 1674 3362 diaconi
1729 3307 1874 3362 salu-

295 3401 435 3447 tant.
465 3393 698 3448 Thomas
725 3395 815 3462 qui
855 3395 1004 3448 misit
1031 3395 1228 3465 digitos
1255 3411 1382 3451 suos
1410 3396 1462 3450 in
1504 3395 1731 3450 ﬁxuram
1765 3397 1875 3450 cla-

294 3499 512 3550 vorum,
554 3479 612 3539 et
649 3501 840 3541 manus
869 3487 922 3540 in
952 3486 1116 3550 latus,
1161 3488 1317 3552 dixit,
1361 3487 1618 3543 Dominus
1645 3506 1790 3543 meus
1823 3501 1873 3544 ct

295 3577 440 3633 Deus
479 3596 626 3634 meus
655 3596 673 3633 :
701 3580 900 3634 nudum
947 3580 1198 3635 salutavit
1222 3597 1421 3652 corpus
1446 3581 1669 3636 Christi.
1710 3581 1875 3637 Nudi-

295 3676 463 3722 tatem
493 3667 609 3736 ejus
635 3669 866 3725 dicimus
893 3669 1386 3725 manifestationem
1418 3671 1723 3740 praesentiae
1753 3688 1874 3727 cor-

291 3760 501 3830 poralis
530 3779 542 3814 :
581 3761 862 3827 similiter,
898 3763 989 3832 qui
1021 3763 1488 3819 manducaverunt
1529 3773 1587 3819 et
1623 3765 1877 3820 biberunt

291 3865 419 3905 eum
448 3850 560 3915 illo,
607 3862 891 3922 postquam
932 3853 1233 3908 resurrexit
1274 3869 1304 3907 a
1344 3853 1594 3910 mortuis.
1633 3855 1702 3909 At
1729 3863 1876 3925 post-

289 3961 456 4015 quam
505 3946 734 4000 salutata
780 3955 864 4001 est
901 3963 932 4001 a
976 3948 1232 4016 pontiﬁce
1281 3957 1337 4003 et
1381 3949 1646 4004 ministris
1689 3948 1877 4003 altaris

288 4035 561 4106 ampulla,
604 4037 912 4106 cooperitur
955 4045 1014 4092 ut
1058 4054 1087 4091 a
1127 4037 1342 4092 nemine
1384 4038 1527 4092 nuda
1570 4037 1821 4092 videatur
1857 4053 1870 4090 :

291 4132 550 4194 cooperta
579 4134 763 4180 tamen
785 4127 1054 4182 salutatur
1078 4127 1332 4198 ampulla.
1364 4127 1614 4182 Christus
1646 4143 1876 4197 namque

291 4226 584 4288 postquam
611 4221 956 4289 pnesentiam
983 4237 1134 4276 suam
1164 4223 1244 4276 eis
1273 4221 1568 4277 secundum
1593 4235 1742 4276 suam
1768 4220 1877 4276 dis-

291 4311 618 4380 positionem
661 4313 943 4377 exhibuit,
996 4329 1131 4382 quos
1171 4313 1342 4367 voluit
1381 4328 1503 4368 esse
1551 4321 1718 4367 testes
1764 4327 1875 4367 sua:

293 4401 733 4466 resurrectionis,
770 4403 1010 4457 ascendit
1042 4403 1095 4456 in
1127 4402 1344 4464 coelum,
1378 4412 1433 4458 et
1467 4401 1753 4456 invisibilis
1781 4402 1874 4456 bo-

1969 1933 2223 1990 lemniter
2255 1935 2578 1992 memoriam
2613 1935 2972 1990 celebramus.

2040 2025 2098 2082 Si
2113 2024 2269 2094 juxta
2289 2027 2652 2096 Augustinum
2674 2026 2844 2094 gloria
2861 2025 2963 2081 fuit
2987 2027 3337 2091 resurrectio,
3358 2041 3552 2096 nempe

1970 2133 2118 2173 mors
2150 2126 2208 2172 et
2233 2118 2540 2188 sepultura,
2573 2118 2877 2174 humiliatio
2901 2117 3018 2188 ejus
3051 2126 3153 2174 est.
3187 2118 3245 2174 Si
3273 2132 3332 2174 se
3359 2118 3549 2174 exina-

1969 2209 2126 2274 nivit,
2149 2207 2307 2278 juxta
2341 2208 2680 2278 Apostolum,
2707 2217 2996 2280 postquam
3023 2207 3252 2263 formam
3285 2207 3425 2263 servi
3461 2222 3552 2263 ac-

1967 2303 2130 2373 cepit,
2157 2310 2362 2372 quanto
2383 2303 2554 2373 magis
2598 2317 2721 2358 cum
2760 2300 2940 2359 lactus
2978 2309 3063 2359 est
3093 2301 3358 2358 obediens
3397 2300 3548 2356 Patri

1969 2407 2140 2462 usque
2167 2391 2234 2449 ad
2276 2400 2528 2457 mortem,
2578 2401 2815 2448 mortem
2860 2400 3042 2448 autem
3081 2393 3277 2447 crucis.
3309 2390 3414 2446 Per
3444 2399 3558 2445 tres

1969 2483 2260 2537 continuos
2282 2480 2402 2536 dies
2423 2523 2438 2546 ,
2477 2482 2530 2536 id
2563 2490 2651 2536 est
2679 2481 2866 2552 quinta
2899 2482 3052 2543 feria,
3087 2491 3262 2546 sexta,
3295 2483 3555 2551 septima-

1969 2589 2076 2644 que
2112 2574 2414 2628 triduanam
2445 2574 2777 2644 sepulturam
2809 2573 2926 2642 eius
2955 2574 3313 2630 celebramus.
3344 2574 3423 2629 Ac
3450 2589 3548 2643 per

1970 2665 2147 2720 bocut
2161 2665 2904 2734 compaginemurhumilitati
2935 2665 3222 2734 sepultum
3233 2663 3369 2732 ejus,
3389 2665 3552 2718 omit-

1972 2757 2134 2811 timus
2156 2757 2370 2812 excelsa
2396 2765 2600 2820 nostra,
2620 2756 2670 2810 id
2697 2765 2802 2820 cst,
2823 2753 3007 2810 Gloria
3036 2755 3210 2820 Patri,
3232 2766 3278 2808 et
3310 2754 3471 2819 Filio,
3495 2765 3552 2807 ct

1971 2863 2356 2920 campanarum
2383 2849 2535 2918 signa
2554 2889 2570 2914 ,
2601 2848 2717 2904 sive
2767 2847 2872 2902 alia
2898 2864 3018 2917 qua:
3045 2847 3426 2919 congruentius
3447 2855 3557 2901 tra-

1971 2941 2262 2996 ctabuntur
2301 2956 2426 2997 cum
2461 2941 2531 2996 ad
2567 2941 2970 2995 dilucidandum
2998 2956 3062 2995 ea
3087 2948 3406 3010 perventum
3439 2938 3558 2992 fue-

1973 3030 2062 3084 rit.
2089 3029 2250 3085 Panis
2277 3028 2536 3096 ctelestis,
2561 3027 2617 3084 id
2637 3037 2740 3092 est,
2768 3044 2964 3098 corpus
2987 3028 3224 3094 Domini,
3250 3037 3558 3082 reservatur

1974 3137 2005 3176 a
2034 3122 2166 3178 feria
2197 3122 2384 3193 quinta
2411 3138 2582 3191 usque
2607 3123 2674 3177 ad
2702 3122 3058 3177 Parasccven.
3093 3121 3402 3177 Secundum
3439 3120 3555 3174 Au-

1975 3215 2249 3285 gustinum
2289 3215 2357 3268 ad
2395 3211 2737 3268 Ianuarium.
2791 3212 2930 3268 Sunt
2971 3213 3062 3282 qui
3091 3213 3332 3281 quotidie
3377 3210 3556 3266 volunt

1974 3305 2364 3360 eucharistiam
2402 3320 2640 3360 sumere.
2676 3304 2832 3359 Valet
2861 3303 3046 3366 etiam,
3085 3303 3292 3372 inquit,
3322 3303 3387 3357 ad
3418 3303 3556 3358 banc

1975 3395 2404 3459 similitudinem,
2432 3395 2575 3462 quod
2604 3394 2656 3448 in
2689 3394 2865 3463 primo
2895 3393 3089 3464 populo
3117 3394 3406 3462 unicuique
3424 3393 3554 3450 ﬁde-

1974 3487 2106 3542 lium
2147 3503 2344 3541 manna
2388 3486 2682 3541 secundum
2723 3485 2996 3555 propriam
3032 3484 3359 3539 voluntatem
3385 3485 3437 3538 in
3465 3500 3557 3539 ore

1974 3580 2218 3649 sapiebat
2249 3598 2262 3633 :
2295 3580 2341 3634 si
2371 3579 2795 3648 uniuscujusque
2827 3578 2878 3632 in
2910 3593 3005 3633 ore
3039 3577 3338 3633 Christiani
3369 3593 3548 3632 sacra-

1974 3684 2214 3730 mentum
2243 3671 2394 3736 illud,
2440 3685 2538 3740 per
2567 3669 2707 3739 quod
2749 3669 2989 3724 salvatus
3032 3685 3098 3724 ac
3134 3669 3448 3739 subjugatus
3477 3678 3558 3723 est

1976 3761 2228 3817 mundus.
2267 3759 2402 3816 Nam
2430 3769 2486 3816 et
2513 3761 2601 3818 ille
2628 3761 2944 3815 honorando
2981 3776 3086 3814 non
3129 3759 3288 3814 audet
3322 3759 3560 3830 quotidie

1975 3871 2210 3921 sumere,
2241 3863 2299 3910 et
2342 3854 2432 3910 ille
2460 3854 2777 3909 honorando
2819 3868 2925 3908 non
2957 3854 3120 3907 audet
3145 3851 3255 3906 ullo
3296 3851 3383 3909 die
3419 3867 3560 3922 pra:-

1975 3946 2294 4001 termittere.
2343 3945 2725 4015 Contemptum
2753 3944 2926 3999 solum
2957 3959 3064 3998 non
3099 3943 3216 4001 vult
3250 3943 3404 3998 cibus
3435 3943 3558 4007 iste,

1976 4038 2114 4094 sicut
2156 4053 2354 4092 manna
2383 4037 2678 4092 fastidium.
2712 4036 2768 4090 In
2799 4035 3100 4091 Parascevc
3143 4051 3248 4089 non
3280 4034 3562 4091 conﬁcitur

1974 4147 2170 4202 corpus
2204 4130 2438 4185 Domini.
2470 4128 2706 4185 Necesse
2733 4135 2819 4183 est
2847 4135 2907 4181 ut
2934 4127 3008 4190 bi,
3041 4127 3237 4195 quibus
3259 4133 3342 4180 est
3371 4125 3551 4179 volun-

1975 4230 2059 4276 tas
2101 4218 2558 4284 communicandi,
2613 4218 2849 4272 habeant
2897 4215 3223 4269 sacriﬁcium
3269 4229 3336 4269 ex
3386 4215 3556 4283 priori

1974 4312 2079 4367 die.
2110 4311 2242 4367 Dein
2274 4309 2537 4366 transitur
2564 4307 2631 4362 ad
2656 4306 2988 4368 convivium,
3021 4320 3089 4359 ex
3119 4319 3226 4373 quo
3253 4301 3420 4358 Coena
3453 4303 3556 4358 Do-

1976 4404 2173 4458 minica
2195 4410 2436 4456 vocatur.

291 4489 731 4548 minibusfactus
761 4500 866 4558 est,
899 4499 963 4546 ut
991 4493 1105 4562 ipse
1135 4500 1365 4547 testatur
1393 4509 1408 4544 :
1441 4491 1594 4544 Exivi
1616 4508 1647 4544 a
1681 4488 1868 4553 Patre,
1903 4525 1952 4584 ο
2051 4494 2202 4549 Unde
2225 4493 2462 4548 Isidorus
2503 4509 2518 4548 ;
2560 4490 2726 4546 Cinna
2758 4488 2973 4545 Domini
3000 4488 3142 4544 dicta
3175 4497 3280 4553 est,
3316 4503 3383 4543 eo
3413 4489 3556 4558 quod

288 4590 339 4633 et
392 4581 508 4633 veni
555 4581 610 4634 in
652 4581 906 4635 mundum
944 4597 963 4636 :
1003 4582 1192 4635 iterum
1236 4579 1472 4650 relinquo
1505 4579 1790 4654 mundum,
1825 4589 1872 4631 et

289 4670 428 4724 vado
473 4669 543 4722 ad
587 4669 820 4725 Patrem.
859 4671 1013 4738 Quod
1060 4680 1144 4726 est
1182 4678 1367 4739 aperte
1405 4669 1606 4733 dicere,
1639 4669 1875 4724 Visibilis

287 4760 521 4830 apparui
565 4761 873 4817 hominibus
906 4780 919 4815 :
960 4763 1176 4818 rediens
1202 4763 1268 4817 ad
1297 4761 1538 4825 Patrem,
1584 4760 1871 4814 invisibilis

287 4866 408 4905 cro.
428 4849 684 4916 Quamvis
707 4853 1053 4921 prmsentiam
1065 4853 1182 4923 ejus
1197 4851 1532 4923 corporalem
1558 4865 1662 4904 non
1692 4849 1874 4903 videa-

285 4957 442 5003 mus,
500 4951 680 4997 tamen
738 4947 1043 5001 venerando
1092 4962 1212 5001 eam
1263 4945 1507 5017 quotidie
1551 4945 1868 4999 salutamus.

286 5033 432 5099 Quia
471 5033 744 5104 tetigimus
784 5036 853 5090 ad
899 5035 1298 5092 dilucidandum
1346 5039 1414 5093 de
1455 5035 1666 5092 ratione
1707 5033 1810 5089 olei
1855 5051 1868 5087 :

287 5136 437 5175 nunc
465 5121 644 5192 placet
669 5123 866 5188 dicere,
900 5125 944 5180 si
969 5125 1230 5181 Dominus
1255 5126 1484 5192 dederit,
1516 5141 1685 5197 quare
1713 5124 1874 5179 omit-

290 5224 495 5277 tamus,
519 5210 701 5268 Gloria
716 5213 870 5269 Patri
896 5225 944 5270 et
959 5215 1006 5268 F
1010 5217 1102 5270 ilio
1127 5227 1174 5272 et
1197 5215 1422 5288 Spiritui
1443 5227 1644 5272 sancto.
1673 5217 1874 5295 Tridnq

283 5303 460 5372 jacuit
500 5305 761 5360 Dominus
801 5307 856 5360 in
895 5307 1145 5377 sepulcro
1181 5308 1474 5363 secundum
1499 5307 1871 5376 Evangelium,

289 5393 438 5463 quod
484 5395 663 5450 dicit:
704 5395 851 5451 Sicut
892 5397 993 5466 fuit
1041 5397 1210 5453 Jonas
1253 5400 1309 5452 in
1339 5406 1515 5453 ventre
1561 5399 1660 5452 ceti
1707 5397 1872 5451 tribas

287 5485 478 5541 diebus
502 5498 550 5541 et
579 5489 746 5543 tn'bus
786 5492 1045 5558 noctibus,
1081 5494 1158 5547 sic
1197 5495 1294 5547 erit
1334 5490 1382 5544 F
1385 5491 1510 5546 ilius
1554 5492 1777 5546 hominis
1817 5493 1871 5546 in

294 5576 453 5632 tarde
487 5586 640 5633 terra:
666 5579 834 5635 tribus
855 5582 1037 5637 diebus
1064 5593 1111 5638 et
1142 5584 1309 5638 tribus
1336 5582 1590 5637 noctibus.
1619 5581 1770 5648 Quod
1800 5582 1870 5635 ita

292 5671 631 5740 Augustinus
665 5673 718 5726 in
763 5673 921 5729 libro-
942 5677 1118 5745 primo
1148 5675 1514 5742 Quaestionum
1560 5673 1875 5744 Evangelia-

300 5775 420 5814 ram
453 5780 464 5814 :
501 5761 680 5818 Sexttc
721 5764 870 5821 feriae
909 5768 1012 5823 dici
1060 5777 1286 5842 partem,
1338 5782 1441 5835 qua
1483 5765 1724 5836 sepultus
1767 5774 1870 5830 est,

1978 4585 2031 4639 in
2061 4599 2126 4639 eo
2151 4583 2236 4637 die
2269 4581 2519 4636 Salvator
2553 4581 2763 4636 Pascha
2794 4595 2918 4634 cum
2953 4579 3233 4648 discipulis
3267 4579 3378 4634 suis
3407 4577 3556 4633 fecit.

1979 4676 2134 4744 Quali
2183 4674 2342 4730 modo
2391 4673 2525 4728 illud
2572 4681 2821 4728 sanctum
2862 4671 3169 4726 convivium
3222 4669 3556 4724 celebratum

1976 4769 2066 4831 sit,
2115 4765 2354 4820 Joannes
2392 4764 2722 4835 evangelista
2759 4770 2989 4818 narrat:
3020 4761 3156 4817 Ecce
3201 4779 3345 4816 caena
3391 4762 3557 4832 facta,

1975 4858 2248 4928 inquiens,
2289 4872 2406 4909 cum
2443 4853 2683 4909 diabolus
2723 4854 2841 4924 jam
2890 4853 3190 4907 immisisset
3237 4853 3293 4907 in
3337 4869 3447 4917 cor,
3500 4863 3556 4906 ut

1973 4951 2198 5004 traderet
2235 4964 2351 5004 eam
2389 4947 2566 5002 Iuda:
2591 4946 2824 5002 Simonis
2873 4945 3200 5012 Scariotltis,
3241 4947 3408 5001 sciens
3432 4947 3556 5016 quia

1974 5042 2149 5096 omnia
2173 5040 2314 5094 dedit
2342 5040 2390 5094 ei
2427 5037 2590 5093 Pater
2614 5040 2671 5092 in
2692 5055 2906 5103 manus,
2934 5047 2982 5091 et
3006 5038 3130 5110 quia
3160 5054 3192 5090 a
3227 5035 3340 5091 Deo
3375 5037 3552 5098 exivit,

1972 5141 2022 5186 et
2051 5132 2119 5185 ad
2145 5130 2313 5200 Deum
2347 5129 2520 5194 vadit,
2555 5129 2724 5199 surgit
2752 5145 2784 5182 a
2813 5145 2978 5194 cmna,
3008 5137 3056 5182 et
3083 5127 3228 5198 ponit
3254 5128 3555 5182 vestimenta

1973 5239 2070 5276 sua
2103 5235 2121 5272 :
2153 5229 2200 5274 et
2231 5236 2348 5272 cum
2375 5221 2656 5290 accepisset
2681 5219 2919 5282 linteam,
2945 5218 3218 5288 pra'cina‘it
3240 5234 3295 5272 se
3320 5231 3338 5268 :
3368 5215 3556 5269 deinde

1974 5314 2114 5368 misit
2139 5329 2330 5383 aquam
2354 5313 2409 5365 in
2431 5311 2619 5382 pelvim
2643 5353 2658 5375 ,
2687 5321 2734 5366 et
2761 5311 2908 5382 capit
2943 5309 3118 5364 lavare
3137 5310 3290 5380 pedes
3325 5307 3557 5375 discipu-

1972 5402 2142 5456 lorum
2165 5442 2180 5468 ,
2216 5413 2262 5456 et
2308 5411 2573 5472 extergere
2621 5401 2778 5457 linteo
2800 5443 2814 5467 ,
2845 5417 2948 5472 quo
2989 5409 3100 5453 erat
3129 5396 3459 5468 praecinctus.
3488 5394 3556 5450 Et

1975 5505 2097 5564 post
2128 5510 2298 5565 pauca
2327 5513 2338 5548 :
2371 5494 2657 5565 Postquam
2686 5511 2806 5563 ergo
2830 5492 2952 5547 lavit
2985 5489 3136 5560 pedes
3165 5501 3370 5550 eorum,
3403 5501 3554 5541 acce-

1973 5585 2046 5654 pit
2084 5585 2384 5639 vestimenta
2414 5602 2511 5637 sua
2541 5599 2558 5635 :
2589 5594 2635 5638 ct
2669 5601 2786 5637 cum
2829 5579 3142 5634 recubuisset
3177 5578 3388 5640 iterum,
3420 5575 3555 5630 dixit

1975 5675 2048 5727 eis
2087 5688 2102 5724 :
2145 5673 2305 5728 Scitis
2331 5675 2457 5747 quid
2485 5673 2694 5744 fecerim
2730 5671 2869 5726 vobis
2893 5671 2916 5720 ?
2945 5667 3098 5736 Quod
3126 5666 3457 5738 Augustinus
3485 5667 3558 5721 ita

1979 5765 2034 5820 in
2060 5767 2266 5820 eodem.
