3890 6180
406 337 545 391 Nl!)

1423 326 1761 384 'AMALARII
1796 323 2235 381 PRESBYTER!
2273 324 2623 381 METENSIS

3522 327 3682 384 1020

388 511 391 515 ι
474 447 592 502 Νοη
639 446 819 515 itaque
849 441 1107 500 debemus
1154 441 1453 513 intelligere
1500 441 1664 496 veluti
1706 439 1820 507 jam
1849 454 1977 494 cou-
2005 440 2057 500 A
2082 438 2217 493 ritas
2243 436 2500 507 loquitur,
2528 440 2670 509 quod
2695 455 2832 509 opus
2876 441 3078 498 habeat
3104 444 3268 514 pedes
3292 445 3473 502 lavare
3496 447 3677 504 etiam

405 546 673 608 sumptam
696 546 856 604 atque
879 542 1208 588 transactam
1234 551 1248 587 :
1274 532 1450 587 adhuc
1472 532 1616 586 enim
1636 531 1978 594 coenabatur,

405 647 529 688 cum
559 631 815 686 Dominus
834 628 1091 693 surrexit,
1120 635 1176 682 et
1202 627 1335 681 lavit
1359 628 1527 697 pedes
1555 624 1976 693 discipulorum;

404 741 533 780 nam
593 731 778 794 postea
834 721 1081 776 recubuit
1133 728 1187 775 et
1234 719 1529 775 buccellam
1585 732 1683 771 suo
1732 715 1979 769 traditori

403 823 588 885 postea
630 814 776 869 dedit
813 831 825 867 :
854 813 1041 881 utique
1082 811 1319 865 nondum
1353 809 1504 863 ﬁnita
1539 821 1715 872 coena,
1766 807 1871 860 hoc
1897 810 1983 860 est

403 908 530 963 dum
557 907 729 960 adhuc
757 907 911 976 panis
953 906 1006 959 in
1034 918 1225 959 mensa
1262 909 1422 956 esset.
1451 900 1618 955 Carna
1657 914 1787 968 ergo
1811 897 1977 963 facta,

401 999 607 1053 dictum
635 1006 720 1053 est
741 997 854 1065 jam
885 1004 1094 1066 parata,
1128 1003 1183 1048 et
1213 994 1278 1048 ad
1307 990 1711 1047 convivantium
1736 1000 1977 1041 mensam

399 1104 570 1157 usque
609 1089 872 1159 perducta
906 1106 918 1140 :
962 1086 1081 1141 Vidi
1121 1083 1406 1154 quemdam
1452 1081 1762 1151 religiosum
1793 1092 1857 1130 ea
1892 1076 1980 1131 die

395 1179 576 1247 primo
597 1178 796 1249 aliquid
824 1192 1039 1234 sumere
1064 1178 1131 1230 de
1155 1177 1294 1240 cibo,
1320 1183 1377 1229 et
1397 1182 1584 1242 postea
1608 1172 1789 1226 lavare
1813 1170 1980 1240 pedes

397 1270 806 1338 peregrinorum
828 1309 843 1332 ,
873 1275 930 1322 et
963 1267 1043 1321 sic
1080 1266 1313 1320 transire
1350 1265 1416 1317 ad
1457 1276 1719 1324 mensam,
1765 1261 1978 1316 Domini

399 1357 572 1411 nostri
612 1357 881 1425 exemplo.
923 1356 1190 1410 Lavamus
1234 1370 1300 1410 eo
1336 1355 1423 1408 die
1463 1369 1569 1407 non
1604 1351 1776 1406 solum
1814 1350 1979 1420 pedes

401 1448 661 1512 fratrum,
703 1449 798 1503 sed
842 1448 1005 1502 etiam
1049 1448 1358 1517 pavimenta
1409 1444 1682 1499 Ecclesiae.
1720 1441 1979 1509 Quamvis

398 1540 613 1593 ornatui
659 1540 829 1608 possit
865 1552 1169 1610 congruere
1212 1538 1411 1592 lavatio
1439 1550 1660 1599 eorum,
1703 1533 1980 1589 Paschalis

399 1631 730 1697 festivitatis,
774 1638 954 1685 tamen
995 1646 1104 1685 non
1149 1631 1302 1685 deest
1330 1628 1533 1698 aliquid
1563 1626 1884 1698 mysterium
1922 1626 1976 1680 in

399 1737 485 1776 eo.
509 1720 751 1775 Parietes
772 1721 985 1785 domus,
1007 1720 1327 1774 vocabulum
1348 1719 1549 1774 habent
1570 1716 1829 1772 Ecclesiae
1848 1717 1975 1786 quia

2083 530 2195 595 ille,
2227 531 2319 601 qui
2358 530 2501 587 lotus
2541 542 2644 587 est.
2673 531 2840 600 Quid,
2866 533 3064 590 fratres
3094 539 3221 603 mei,
3268 539 3395 609 quid
3429 541 3683 610 putatis?

2081 620 2199 675 Nisi
2241 623 2369 692 quia
2412 623 2575 678 homo
2614 625 2666 679 in
2717 636 2909 682 sancto
2948 630 3165 698 quidem
3210 632 3478 701 baptismo
3518 642 3677 689 totus

2081 711 2319 768 abluitur
2340 728 2447 767 non
2483 723 2707 784 propter
2736 716 2925 785 pedes,
2967 720 3062 774 sed
3100 727 3249 775 totus
3277 724 3541 778 omnino:
3574 740 3675 779 ve—

2082 810 2387 859 rumtamen
2427 820 2552 860 cum
2601 806 2657 860 in
2701 808 2865 862 rebus
2913 810 3166 866 humanis
3202 821 3387 881 postea
3433 814 3673 880 vivitur,

2080 899 2269 967 utique
2315 907 2460 953 terra
2497 900 2758 955 calcatur.
2799 902 2905 971 Ipsi
2957 903 3101 958 enim
3146 906 3367 959 humani
3411 905 3673 968 affectus,

2082 988 2200 1042 sine
2226 990 2424 1057 quibus
2468 991 2524 1044 in
2572 991 2676 1046 hac
2721 993 3055 1048 mortalitate
3100 1010 3206 1048 non
3257 995 3474 1061 vivitur,
3504 999 3670 1066 quasi

2081 1078 2247 1146 pedes
2272 1088 2418 1143 sunt,
2444 1081 2535 1139 ubi
2574 1096 2640 1135 ex
2675 1082 2925 1137 humanis
2967 1085 3131 1139 rebus
3170 1084 3463 1152 allicimur;
3496 1096 3554 1142 et
3582 1089 3669 1143 sic

2082 1167 2367 1234 allicimur,
2394 1179 2457 1225 ut
2483 1171 2529 1225 si
2563 1170 2859 1230 dixerimus
2887 1172 3011 1241 quia
3045 1181 3329 1242 peccatum
3358 1190 3463 1228 non
3499 1175 3669 1230 hahe-

2084 1274 2225 1322 mus,
2253 1274 2351 1315 nos
2377 1260 2524 1330 ipsos
2550 1259 2906 1330 decipiamus,
2932 1270 2991 1317 et
3011 1263 3217 1319 veritas
3242 1278 3350 1318 non
3380 1264 3586 1319 mansit
3608 1265 3665 1318 in

2085 1349 2257 1403 nobis.

2153 1438 2405 1506 Quotidie
2445 1456 2580 1511 ergo
2604 1442 2773 1511 pedes
2819 1443 2965 1497 lavat
2992 1443 3170 1504 nobis,
3212 1445 3304 1514 qui
3350 1445 3667 1515 interpellat

2081 1544 2182 1599 pro
2216 1531 2372 1592 nobis
2413 1539 2469 1584 et
2516 1532 2758 1601 quotidie
2785 1548 2939 1603 ,opus
2983 1533 3245 1593 habemus
3276 1542 3336 1587 ut
3368 1534 3535 1603 pedes
3575 1535 3664 1590 la-

2083 1635 2304 1689 vemus,
2345 1623 2398 1678 id
2435 1632 2524 1680 est
2558 1632 2625 1678 ut
2656 1625 2776 1678 vias
2810 1626 3174 1694 spirituale
3210 1641 3497 1697 gressuum
3528 1628 3662 1684 «ﬁl-i—

2083 1727 2292 1782 gamus.

396 1812 678 1883 continent
702 1783 1002 1864 Ecclesiam
1022 1849 1035 1873 ,
1064 1822 1171 1878 npn
1203 1815 1329 1861 sunt
1368 1807 1470 1876 ipsi
1511 1805 1773 1861 Ecclesia.
1823 1783 1975 1871 Quod
2006 1783 2052 1842 Β
2148 1805 2206 1861 ιιι
2238 1807 2354 1876 ipsa
2380 1809 2636 1871 oratione,
2673 1808 2952 1873 Dominica
2988 1809 3328 1874 confitemur,
3373 1825 3497 1864 cum
3528 1810 3659 1864 «ﬁci—

397 1917 685 1970 possumus
734 1900 1032 1971 intelligere
1086 1915 1154 1955 ex
1206 1897 1652 1968 interpretatione
1701 1896 1974 1951 Erdesiae.

388 1994 666 2064 Legamus
689 2007 852 2063 super
870 1992 1092 2047 Bedam.
1118 1990 1247 2058 Ejus
1272 1978 1452 2061 lingua
1477 1989 1821 2053 discernitur,
1849 1987 1978 2058 quid

396 2087 538 2141 inter
559 2100 882 2156 synagogazn
922 2092 977 2137 et
1012 2082 1311 2137 Ecclesiam
1339 2082 1432 2145 sit,
1462 2088 1629 2150 atque
1657 2080 1980 2148 interpreta-

395 2177 598 2232 tionem
628 2189 839 2229 eorum.
886 2175 1085 2229 Verum
1115 2172 1317 2238 differt,
1344 2173 1537 2241 inquit,
1582 2172 1725 2225 inter
1745 2184 1975 2240 synago-

397 2283 520 2339 gam
547 2282 665 2337 qum
691 2266 1037 2337 congregatio
1057 2306 1072 2331 ,
1102 2273 1159 2319 et
1189 2264 1487 2320 Ecelesiam
1509 2278 1631 2334 qua:
1660 2262 1981 2318 convocatio

397 2358 804 2428 interpretatur,
867 2358 1011 2426 quod
1081 2356 1281 2410 veteris
1348 2355 1694 2410 instrumenti
1745 2353 1979 2423 populus

310 2468 327 2477 ί
396 2458 628 2520 utroque
648 2450 931 2515 vocabulo,
961 2450 1087 2503 novi
1118 2457 1301 2504 autem
1325 2457 1537 2503 tantum
1576 2448 1815 2503 Ecclesia
1842 2464 1982 2503 nun-

396 2552 627 2614 cupatur
656 2557 673 2598 :
702 2544 829 2613 quia
861 2544 1111 2599 videlicet
1147 2550 1204 2597 et
1230 2557 1427 2613 pecora
1456 2549 1512 2597 et
1537 2541 1791 2596 inanimae
1824 2555 1974 2609 quae-

394 2648 502 2705 que
546 2649 635 2689 res
663 2636 979 2707 congregari
1008 2635 1064 2689 in
1096 2649 1263 2688 unum
1288 2640 1534 2703 possunt,
1566 2632 1856 2687 convocari
1884 2646 1979 2688 au-

396 2734 505 2781 tem
522 2742 630 2782 non
651 2728 754 2781 nisi
779 2728 986 2783 ratione
1006 2727 1213 2783 utentia
1233 2734 1480 2796 possunt.
1513 2726 1590 2781 Ac
1610 2741 1708 2796 per
1727 2726 1831 2780 hoc
1851 2725 1976 2794 quia

396 2819 633 2875 Ecclesia
664 2836 769 2875 non
805 2821 1039 2891 parietes
1072 2821 1266 2875 domus
1294 2838 1309 2873 :
1341 2821 1434 2890 qui
1473 2828 1652 2874 tamen
1688 2828 1976 2890 propterea

396 2912 808 2967 sanctificantur
846 2914 913 2968 ab
950 2914 1223 2983 episcOpo,
1268 2922 1328 2967 ut
1354 2914 1410 2967 in
1448 2913 1529 2968 eis
1559 2913 1692 2968 velit
1732 2927 1854 2967 esse
1885 2912 1979 2966 ad-

393 3011 588 3058 ventus
618 3004 965 3075 angelorum,
1001 3013 1055 3059 et
1084 3002 1331 3059 homines
1369 3005 1424 3058 in
1462 2999 1971 3067 eam‘introeuntes,

395 3095 464 3149 ab
505 3095 651 3148 omni
681 3095 1006 3165 turpiloquio
1044 3103 1098 3149 et
1136 3094 1468 3149 scurrilitate
1511 3095 1676 3149 etiam
1705 3103 1762 3150 et
1795 3094 1970 3149 inutili
2000 3126 2044 3188 α

393 3193 721 3264 cogitatione
749 3195 929 3249 norint
964 3210 1023 3249 se
1049 3184 1346 3264 prahiberi.
1378 3192 1618 3247 Audiant
1639 3193 1729 3264 qui
1768 3193 1976 3248 intrant

394 3281 699 3346 ecclesiam,
724 3297 845 3353 qua:
865 3282 1071 3337 audivit
1098 3280 1327 3354 Moyses,
1358 3282 1573 3352 quando
1605 3282 1775 3338 voluit
1795 3283 1973 3338 visere

393 3372 589 3426 rubum
637 3372 935 3435 ardentem,
983 3379 1035 3428 et
1077 3362 1368 3437 Dominus,
1410 3372 1491 3426 Ne
1538 3373 1861 3445 appmpries,
1891 3374 1973 3428 in-

399 3465 539 3535 quit,
567 3465 689 3531 ltuc,
725 3463 863 3520 solre
887 3464 1293 3519 calceamentum
1319 3465 1384 3519 de
1406 3465 1623 3537 pedibus
1650 3466 1755 3520 tuis
1777 3483 1796 3531 ;
1827 3464 1972 3521 locus

393 3558 550 3621 enim,
576 3557 632 3611 in
658 3572 760 3628 quo
789 3565 929 3621 stas,
959 3564 1099 3610 terra
1126 3564 1310 3609 sancta
1351 3564 1447 3609 est.
1480 3555 1548 3609 Et
1584 3555 1781 3611 iterum
1810 3571 1973 3628 ange-

397 3648 482 3704 lus
502 3646 569 3702 ad
587 3644 752 3702 Iosue
778 3644 983 3711 :Solve,
1013 3646 1208 3715 inquit,
1234 3644 1643 3700 calceamentum
1668 3646 1731 3699 de
1756 3646 1971 3716 pedibus

393 3739 529 3793 tuis:
545 3737 688 3792 locus
702 3737 836 3792 enim
849 3737 902 3791 in
915 3753 1017 3809 quo
1030 3747 1162 3802 stas,
1177 3746 1392 3791 sanctus
1405 3746 1498 3791 est.
1517 3735 1891 3792 Calceamenta
1906 3738 1972 3792 de

395 3829 963 3885 mortuisanimalibus
987 3828 1140 3883 ﬂuat.
1158 3827 1427 3884 Mortuum
1451 3827 1649 3882 animal
1669 3835 1753 3884 est
1773 3828 1968 3894 Adam,

394 3922 461 3977 de
505 3936 614 3993 quo
652 3936 752 3976 nos
795 3928 1023 3976 mortem
1060 3921 1346 3976 traximus.
1379 3918 1674 3976 Videamus
1715 3920 1760 3975 si
1789 3920 1971 3991 aliquo

394 4012 556 4068 modo
590 4027 744 4068 mens
772 4019 955 4067 nostra
984 4011 1221 4067 calceata
1261 4011 1334 4068 sit
1378 4025 1529 4066 more
1565 4008 1701 4080 ejus.
1739 4010 1851 4066 Nisi
1881 4012 1971 4067 ille

396 4100 551 4156 fieret
578 4101 860 4169 mortalis,
906 4116 1014 4157 non
1058 4101 1384 4158 haberemus
1433 4101 1813 4157 necessitatem
1840 4102 1970 4157 dor-

395 4194 596 4251 miendi
621 4235 636 4262 ,
680 4210 788 4250 non
828 4194 1112 4250 domorum
1136 4193 1605 4261 aediﬁcandarum,
1644 4209 1752 4248 non
1783 4208 1972 4249 ncces-
2021 4240 2032 4252 .

394 4287 608 4344 sitatem
635 4289 996 4359 agriculture,
1021 4302 1129 4343 non
1155 4287 1506 4355 esuriremus,
1532 4301 1642 4342 non
1671 4287 1968 4354 sitire‘mus,

395 4396 503 4436 non
533 4380 672 4437 bella
695 4394 1142 4452 componeremus
1160 4423 1174 4448 ,
1196 4382 1323 4452 quia
1343 4381 1637 4453 unicuique
1666 4380 1800 4436 satis
1827 4387 1975 4436 esset

2077 1914 2236 1954 mus:
2264 1899 2484 1956 Dimitte
2517 1901 2663 1955 nobis
2709 1900 2883 1955 debila
2932 1911 3130 1965 nostra,
3166 1902 3300 1955 sicut
3346 1911 3397 1955 et
3432 1918 3528 1955 nos
3571 1902 3657 1954 di-

2077 1989 2331 2043 mittimus
2378 1989 2697 2044 debitoribus
2734 1990 2945 2044 nostris.
2978 1990 3036 2044 In
3073 1990 3188 2059 ipsa
3214 1990 3301 2044 die
3334 1990 3659 2059 pmuitentes

2077 2076 2145 2131 ad
2186 2078 2564 2133 remissionem
2610 2087 2960 2148 peccatorum
3000 2080 3228 2135 redeunt
3270 2079 3426 2147 juxta
3464 2080 3654 2136 Decre-

2080 2166 2210 2221 talia
2254 2167 2554 2224 Innocentii
2601 2171 2776 2240 papze,
2805 2171 2899 2239 qui
2950 2171 3116 2226 dicit:
3148 2171 3227 2227 De
3270 2172 3659 2242 paenitentibus

2077 2264 2279 2324 autem,
2314 2260 2428 2315 sive
2469 2261 2535 2315 de
2573 2261 2911 2331 gravioribus
2953 2263 3281 2326 commissis.
3318 2264 3435 2317 sive
3476 2279 3541 2318 ex
3582 2262 3657 2317 le-

2076 2350 2320 2405 vioribus
2363 2351 2741 2421 pteuitentiam
2781 2361 3006 2423 gerunt,
3053 2353 3097 2409 si
3145 2353 3290 2407 nulla
3334 2354 3657 2409 interveniat

2076 2443 2359 2511 aegritudo,
2388 2432 2578 2514 quinta
2608 2442 2742 2500 feria
2770 2451 2896 2500 ante
2923 2444 3145 2500 Pascha:
3167 2445 3385 2500 Domini
3414 2445 3533 2515 ejus
3563 2459 3650 2499 re-

2077 2533 2396 2589 mittendum
2444 2534 2701 2590 Romana:
2745 2535 3003 2591 Ecclesiae
3050 2538 3387 2592 consuetudo
3433 2538 3651 2592 demon-

2077 2633 2233 2681 strat.

2147 2715 2495 2771 Innocentius
2522 2723 2733 2787 teinpus
2759 2716 3013 2788 prznligit,
3046 2716 3407 2788 Hieronymus
3437 2716 3651 2772 modum

2078 2809 2133 2863 in
2162 2807 2389 2877 epistola
2415 2809 2483 2864 ad
2532 2808 2805 2864 Oceanum
2850 2810 2919 2865 de
2965 2817 3137 2864 morte
3185 2809 3441 2873 Fabiolzn,
3470 2808 3643 2877 cujus,

2078 2900 2130 2954 id
2172 2907 2288 2965 est,
2338 2898 2591 2961 Fabiolae,
2619 2900 3002 2971 paenitentiam
3050 2898 3236 2954 laudat
3279 2898 3345 2954 de
3391 2899 3649 2953 adulterio

2076 2990 2385 3054 commisso,
2429 2990 2651 3045 dicens:
2677 2990 2817 3057 Quid
2858 3006 2959 3062 ego
2992 2991 3044 3045 in
3093 2989 3307 3046 abolitis
3331 3001 3384 3046 et
3424 2991 3653 3061 antiquis

2076 3094 2280 3144 moror,
2325 3096 2576 3150 quaerens
2619 3096 2883 3136 excusare
2929 3081 3159 3151 culpam,
3193 3080 3347 3150 cujus
3387 3083 3648 3152 poeniten—

2078 3169 2206 3224 tiam
2243 3170 2359 3240 ipsa
2386 3170 2634 3227 confessa
2671 3171 2786 3226 est?
2813 3170 2946 3237 Quis
2987 3171 3090 3225 hoc
3117 3171 3388 3234 crederet,
3435 3179 3493 3226 ut
3532 3179 3648 3241 post

2075 3262 2553 3319 mortemsecundi
2580 3261 2684 3317 viri
2712 3261 2765 3315 in
2791 3269 2964 3316 semet
3004 3277 3243 3325 reversa,
3269 3277 3376 3331 quo
3405 3271 3637 3331 tempore

2075 3349 2252 3406 solent
2292 3351 2467 3407 viduae
2513 3351 2866 3422 negligentes,
2903 3349 3036 3422 jugo
3078 3353 3356 3407 servitutis
3399 3366 3637 3415 excusso,

2074 3456 2235 3511 agere
2255 3457 2315 3499 se
2339 3442 2585 3508 liberius,
2606 3444 2755 3499 adire
2783 3442 3020 3509 balneas,
3046 3442 3274 3500 volitare
3301 3459 3400 3514 per
3420 3443 3632 3513 plateas,

2074 3532 2252 3588 vultus
2280 3532 2631 3589 circumferre
2656 3534 3013 3599 meretricios,
3043 3549 3258 3593 saccum
3286 3534 3535 3589 induere?
3559 3548 3633 3587 er-

2075 3638 2254 3679 rorem
2282 3624 2494 3694 publice
2521 3625 2816 3683 fateretur?
2837 3632 2895 3680 et
2923 3632 3034 3680 tota
3063 3625 3199 3680 urbe
3236 3633 3507 3695 spectante
3538 3622 3631 3677 Ro.

2073 3730 2256 3780 mana,
2284 3723 2410 3775 ante
2438 3716 2580 3773 diem
2608 3714 2852 3780 Pascha},
2900 3717 2956 3770 in
2995 3714 3209 3785 publica
3239 3715 3466 3785 quodam
3496 3713 3631 3767 Late

2074 3806 2191 3861 rani
2213 3845 2228 3871 ,
2273 3806 2364 3875 qui
2390 3805 2703 3863 Caesariano
2738 3813 3018 3863 truncatus
3046 3814 3130 3861 est
3157 3805 3355 3877 gladio,
3385 3810 3544 3859 staret
3579 3800 3624 3853 in

2071 3898 2262 3954 ordine
2315 3899 2736 3968 pmnilentium?
2782 3896 3060 3968 Episcopis
3107 3906 3162 3952 et
3222 3894 3541 3967 presbyteris
3579 3898 3626 3945 et

2072 3989 2218 4047 omni
2243 3989 2440 4060 populo
2478 3989 2906 4061 eollaerymanti,
2931 4005 3122 4061 sparso
3142 3989 3316 4055 crine,
3339 4004 3430 4043 ora
3453 3983 3625 4047 lurida,

2073 4080 2348 4151 squalidas
2391 4096 2606 4147 manus,
2652 4081 2870 4137 sordida
2920 4081 3060 4136 colla
3103 4078 3476 4136 submitteret?
3514 4074 3627 4143 Quae

2071 4181 2295 4243 peccata
2324 4171 2481 4229 ﬂetus
2505 4174 2605 4229 iste
2634 4188 2741 4235 non
2771 4174 2997 4244 purget?
3018 4171 3164 4238 Quas
3193 4172 3510 4226 inveteratas
3532 4178 3631 4221 ma-

2073 4266 2224 4322 culas
2247 4267 2366 4322 haec
2392 4266 2626 4321 lamenta
2652 4278 2759 4323 non
2782 4264 3041 4321 abluam?
3066 4263 3125 4318 ln
3155 4264 3276 4318 istis
3296 4260 3534 4318 omnibus
3554 4271 3630 4314 eu-

2073 4358 2385 4428 gnoscimus
2424 4356 2579 4413 valde
2604 4366 2924 4428 praesentem
2960 4356 3101 4415 diem
3128 4363 3495 4413 consecratum
3521 4364 3630 4407 esse

396 4472 494 4528 Dei
546 4473 835 4544 imaginem
885 4473 986 4528 sibi
1035 4488 1349 4541 reservare,
1392 4482 1450 4529 et
1495 4476 1729 4544 gaudere
1771 4473 1973 4529 unione
1996 4471 2050 4532 D
2076 4448 2382 4504 ’θωίδδίοθί
2407 4457 2774 4518 peccatorum

397 4563 756 4621 fraternitatis
782 4583 794 4619 :
827 4572 888 4619 ut
914 4565 1078 4620 etiam
1120 4571 1333 4621 taceam
1368 4566 1435 4620 de
1461 4566 1665 4641 apertis
1692 4565 1930 4634 peccatis
1953 4604 1968 4630 ,

396 4658 614 4727 quando
639 4659 785 4713 circa
813 4658 929 4712 haec
952 4671 1108 4711 mens
1135 4657 1335 4721 studet,
1365 4655 1603 4711 calceata
1632 4662 1717 4709 est
1743 4654 1972 4724 pellibus

397 4749 596 4802 mortui
632 4749 899 4803 animalis.
935 4748 1206 4804 latrantes
1244 4763 1344 4803 nos
1383 4748 1452 4802 ad
1489 4754 1677 4801 sancta
1705 4745 1841 4810 loca,
1878 4746 1971 4801 ubi

397 4835 660 4893 Dominus
687 4848 743 4894 et
770 4837 992 4909 angelus
1014 4837 1130 4906 ejus
1152 4846 1256 4904 est,
1297 4851 1560 4894 exuamus
1594 4851 1694 4891 nos
1727 4835 1818 4891 hic
1863 4836 1972 4892 cal-

398 4926 695 4982 ceamentis
717 4967 734 4993 ,
781 4935 836 4983 et
864 4928 1163 4998 cogitemus
1202 4927 1270 4983 de
1299 4926 1713 4983 conversatione
1754 4927 1972 4999 angelo-

399 5032 521 5073 rum
536 5017 626 5072 ubi
642 5026 727 5073 est
740 5020 956 5088 requies
969 5020 1086 5075 sine
1102 5034 1316 5084 somno,
1338 5017 1430 5074 ubi
1451 5018 1643 5073 domus
1667 5017 1839 5089 gratia
1855 5034 1974 5088 pro-

400 5110 649 5166 tectiouis
663 5108 781 5174 Dei,
798 5110 890 5165 ubi
906 5124 1041 5179 opus
1051 5110 1168 5166 sine
1178 5109 1383 5183 labore,
1399 5109 1623 5165 satietas
1642 5109 1759 5164 sine
1771 5108 1971 5175 esurie,

398 5201 490 5257 ubi
519 5215 628 5271 pax
653 5208 913 5270 perpetua
941 5200 1057 5254 sine
1088 5199 1252 5255 bello.
1291 5198 1663 5254 Pavimentum
1686 5197 1928 5255 ecclesiae
1952 5238 1968 5265 ,
2040 5238 2062 5256 .

397 5291 674 5347 auditores
719 5289 1102 5361 magistrorum
1144 5287 1435 5360 significat.
1480 5288 1706 5343 Lavatio
1729 5287 1923 5342 domus
1952 5326 1968 5352 ,

393 5399 519 5456 quae
548 5382 909 5452 nuncupative
936 5379 1181 5437 Ecclesia
1215 5380 1413 5437 dicitur
1433 5421 1449 5447 ,
1480 5389 1563 5436 est
1588 5380 1803 5451 signum
1820 5376 1969 5432 lava-

394 5476 561 5532 tionis
591 5474 791 5545 pedum
838 5471 1066 5528 fratrum
1115 5488 1132 5530 ε
1180 5472 1381 5528 lavatio
1441 5471 1639 5543 pedum
1690 5469 1919 5524 fratrum
1949 5511 1964 5537 ,

393 5568 608 5637 signum
638 5574 724 5622 est
746 5564 1082 5622 remissionis
1105 5573 1448 5637 peccatorum
1479 5606 1493 5631 ,
1536 5565 1649 5620 sive
1694 5562 1908 5633 quando
1935 5576 1966 5616 a

394 5655 623 5712 Domino
651 5658 999 5713 remittuntur
1024 5699 1039 5723 ,
1071 5658 1183 5717 sive
1219 5657 1447 5713 invicem
1474 5671 1504 5711 a
1541 5654 1698 5711 nobis
1721 5653 1871 5723 ipsis.

2146 4549 2263 4605 Non
2309 4550 2456 4605 enim
2493 4557 2766 4621 putamus,
2802 4548 3054 4621 praesenti
3102 4546 3309 4616 quintte
3354 4545 3499 4601 feria:
3529 4544 3626 4599 for-

2077 4644 2213 4699 tuitu
2256 4643 2359 4699 hoc
2385 4643 2650 4700 accidere.
2682 4641 2792 4697 Nos
2831 4640 2984 4696 scioli
3014 4639 3233 4696 interim
3262 4638 3500 4693 dicamus
3516 4632 3629 4704 quid

2076 4735 2233 4789 nobis
2280 4734 2527 4790 videatur
2559 4732 2801 4788 rationes
2844 4731 3073 4795 habere,
3120 4729 3265 4799 quod
3313 4728 3368 4782 in
3406 4727 3516 4791 ipso
3555 4724 3631 4778 die

2076 4827 2244 4881 voluit
2290 4826 2551 4881 Dominus
2594 4824 2759 4894 pedes
2806 4822 3020 4885 lavare,
3060 4821 3213 4889 cujus
3256 4817 3502 4888 exemplo
3542 4828 3632 4869 nos

2075 4917 2245 4986 pedes
2270 4925 2325 4970 et
2358 4924 2555 4971 caetera
2597 4914 2858 4979 lavamus,
2889 4927 3011 4982 quae
3034 4910 3236 4965 lavatio
3278 4908 3629 4964 remissionem

2072 5011 2418 5074 peccatorum
2479 5000 2770 5073 significat.
2818 5000 3157 5071 Quapropter
3209 5006 3269 5053 et
3328 4996 3629 5069 pcenitentes

2072 5096 2261 5151 eadem
2291 5095 2381 5153 die
2415 5095 2482 5149 ad
2511 5108 2705 5148 manus
2747 5091 3092 5147 sacerdotum
3118 5095 3432 5152 recurrunt,
3455 5093 3507 5141 et
3541 5094 3629 5136 cur

2072 5188 2262 5244 eadem
2318 5185 2409 5242 die
2462 5183 2642 5240 oleum
2701 5189 3071 5239 consecretur.
3138 5180 3403 5234 Dominus
3459 5182 3629 5232 noster

2071 5278 2258 5347 quinta
2282 5283 2442 5331 aetate
2469 5274 2616 5329 venit
2652 5273 2708 5328 in
2746 5271 3038 5337 mundum,
3070 5277 3282 5325 sextam
3311 5261 3633 5323 consecravit

2073 5380 2171 5423 suo
2219 5367 2469 5421 adventu.
2512 5364 2591 5419 De
2622 5378 2731 5433 quo
2776 5361 3074 5431 Gregorius
3118 5360 3176 5415 in
3208 5359 3352 5415 libro
3387 5358 3454 5414 de
3485 5352 3626 5410 Edi-

2073 5457 2321 5513 ficatione
2363 5456 2550 5526 templi
2590 5473 2604 5510 :
2643 5454 2747 5522 Qui
2788 5463 2845 5510 et
2882 5442 2939 5509 in
2974 5452 3082 5508 line
3116 5450 3422 5524 Synagoga:
3455 5443 3622 5503 venit.

2073 5560 2129 5606 et
2154 5559 2281 5605 ante
2310 5548 2523 5603 initium
2553 5546 2831 5612 Ecclesia,
2857 5560 3018 5616 quam
3039 5560 3104 5601 ex
3130 5542 3386 5615 gentibus
3406 5534 3622 5605 ωιιεεῑι.

2143 5639 2249 5697 Sed
2294 5638 2472 5708 primo
2517 5637 2797 5693 videamus
2840 5634 3017 5706 qualis
3064 5641 3210 5689 esset
3257 5642 3392 5688 aetas
3432 5628 3625 5698 quinta.

467 5745 793 5817 Augustinus
822 5749 890 5803 de
919 5765 982 5804 eo
1027 5721 1082 5803 in
1112 5747 1356 5804 Joanne:
1392 5747 1648 5801 Dominus
1678 5721 1827 5811 dicit,
1876 5758 1966 5798 vc.
1996 5732 1997 5735 “
2068 5742 2252 5805 postea
2300 5732 2597 5802 intelligere
2625 5730 2922 5801 poterimus
2948 5729 2994 5783 si
3035 5743 3155 5783 eam
3195 5727 3455 5781 Dominus
3492 5721 3625 5773 inve-
