3890 6180
372 288 536 380 rost

1166 327 1253 381 DE
1294 327 1842 387 ECCLESlAS'ﬂClS
1874 328 2164 386 OFFlCIlS
2202 331 2378 385 leﬂl
2420 332 2507 386 IV.
2547 361 2618 371 —
2650 330 2780 388 LIB.
2818 332 2859 387 Ῑ.

3491 318 3635 400 H322

364 433 558 487 nissct.
588 432 726 487 Dicit
754 431 820 489 de
850 449 912 489 ea
949 435 1199 490 dominus
1222 438 1361 493 Beda
1387 456 1403 491 :
1430 438 1627 506 Quinta
1656 437 1745 493 die
1770 439 1950 509 pisces
1976 451 2024 509 Α
2054 438 2143 494 illo
2185 437 2398 507 expleta
2442 447 2527 494 est
2566 447 2827 511 tempore,
2858 442 3075 511 quando
3105 443 3412 513 baptizatus
3458 459 3541 504 cst
3571 453 3628 507 in

361 539 605 594 avesque
649 526 806 595 aquis
836 526 1064 582 eductae.
1109 529 1177 583 Et
1203 539 1325 599 post
1350 545 1520 600 pauca
1547 550 1559 585 :
1589 530 1865 586 Successit
1890 539 1945 588 et

361 630 616 685 vespera,
643 616 861 685 quando
885 617 1202 675 imminente
1220 621 1332 691 jam
1360 620 1660 676 Salvatoris
1686 621 1943 687 adventu,

359 720 503 777 gens
539 704 723 760 Iudaea
777 717 1000 778 propter
1052 710 1317 767 scelerum
1366 711 1788 784 magnitudinem
1832 712 1945 767 Ro-

360 799 547 854 manis
598 800 884 856 tributaria
922 801 1101 868 facta,
1132 805 1361 872 insuper
1406 813 1461 860 et
1497 804 1690 860 alienis
1727 803 1946 875 regibus

361 894 447 941 est
478 904 687 957 pressa.

433 1000 506 1055 Et
535 1001 729 1056 iterum
755 1001 811 1056 in
832 1002 1055 1065 eodem.
1083 1005 1135 1061 id
1156 1014 1238 1061 est
1261 1006 1328 1062 de
1355 1007 1720 1076 temporibus:
1745 1006 1944 1073 Quinta

357 1089 518 1159 quasi
546 1090 737 1145 senilis
754 1100 888 1146 aetas
909 1107 942 1146 a
965 1095 1437 1165 transmigratione
1459 1096 1745 1166 Babylonis
1775 1112 1945 1167 usque

358 1182 437 1239 ad
474 1184 765 1239 adventum
794 1186 1004 1241 Domini
1049 1185 1367 1243 Salvatoris.
1398 1188 1467 1243 Et
1506 1189 1664 1258 paulo
1697 1196 1856 1258 post:
1884 1188 1943 1245 In

358 1290 468 1346 qua
494 1283 554 1329 ut
579 1276 727 1344 gravi
754 1287 1031 1333 senectute
1056 1278 1198 1335 fessa
1222 1280 1377 1335 malis
1398 1281 1766 1338 crebrioribus
1789 1282 1947 1351 plebs

358 1365 588 1421 Hebraea
632 1375 923 1434 quassatur
945 1367 1007 1437 1-.
1046 1368 1327 1435 Quomodo
1363 1380 1621 1439 quassata
1663 1373 1735 1425 sit
1779 1371 1944 1425 lsaias

358 1458 534 1528 tangit
559 1474 575 1512 :
605 1457 885 1513 Calamam
911 1469 1229 1528 quassatum
1254 1476 1360 1515 non
1390 1471 1655 1527 conteret,
1690 1470 1745 1517 et
1774 1462 1942 1517 linum

356 1550 632 1622 fnmigans
683 1567 791 1606 non
846 1553 1175 1623 exstinguet.
1223 1553 1376 1620 Quod
1427 1554 1505 1608 ita
1550 1554 1842 1625 Gregorius
1887 1554 1942 1607 in

354 1640 655 1696 Moralibus
680 1660 695 1695 :
723 1642 862 1708 Quid
896 1643 1045 1697 enim
1094 1643 1291 1698 calami
1322 1645 1542 1699 nomine
1576 1645 1680 1699 nisi
1727 1644 1940 1699 Iudaici

351 1731 543 1802 populi
579 1733 875 1802 temporale
914 1748 1141 1803 regnum
1169 1734 1487 1789 denuntiat?
1514 1735 1694 1791 nitens
1720 1735 1940 1804 quidem

352 1824 625 1890 exterius,
666 1824 759 1879 sed
805 1825 1035 1881 interius
1075 1840 1325 1881 vacuum.
1368 1827 1434 1881 Et
1473 1829 1601 1898 quia
1647 1827 1702 1883 in
1746 1827 1940 1882 eodem

352 1915 554 1985 populo
585 1931 755 1985 genus
776 1915 891 1983 jam
932 1917 1113 1988 regale
1150 1916 1443 1985 defecerat,
1472 1926 1528 1975 et
1571 1933 1794 1989 regnum
1822 1919 1940 1988 ejus

351 2004 663 2075 alienigena
720 2003 1066 2074 possidebat,
1123 2016 1311 2076 aperte
1357 2007 1461 2062 hoc
1510 2007 1654 2062 idem
1713 2023 1939 2078 regnum

349 2104 678 2165 quassatum
703 2096 976 2152 calamum
1005 2106 1183 2152 vocat.

425 2207 568 2275 Quid
598 2224 731 2264 vero
775 2225 875 2279 per
899 2209 1094 2277 linum,
1140 2210 1242 2266 nisi
1273 2211 1391 2281 ejus
1429 2209 1791 2267 sacerdotium
1837 2225 1938 2265 es-

341 2299 649 2368 primitur?
688 2299 832 2371 quod
880 2300 1041 2356 lineis
1081 2301 1338 2356 nimirum
1388 2301 1628 2356 vestibus
1658 2301 1935 2365 utebatur,

346 2389 498 2458 quod
541 2391 667 2461 quia
715 2391 768 2445 in
814 2391 1048 2446 adventu
1094 2392 1308 2447 Domini
1348 2393 1629 2447 charitatis
1683 2390 1934 2447 ardorem

345 2482 608 2551 perdidit,
638 2484 794 2553 quasi
823 2483 1025 2538 amisso
1046 2482 1159 2552 jam
1186 2484 1310 2553 igne
1358 2483 1517 2549 fidei,
1546 2498 1657 2537 non
1686 2482 1886 2537 ardens
1918 2500 1932 2535 :

346 2576 448 2628 sed
476 2574 744 2646 fnmigans
792 2575 912 2631 fuit.
953 2577 1271 2633 lncarnatus
1314 2586 1494 2633 autem
1532 2578 1811 2642 Dominus,
1840 2593 1934 2632 ca-

348 2664 557 2719 lamum
579 2673 896 2734 quassatum
923 2682 1028 2721 non
1065 2668 1352 2739 confregit,
1376 2678 1432 2723 ct
1462 2667 1632 2722 linum
1660 2668 1928 2739 fumigans

349 2771 460 2809 non
510 2757 772 2811 exstinxit
811 2775 825 2811 :
867 2759 992 2826 quia
1039 2756 1238 2813 Judteze
1288 2775 1512 2830 regnum
1541 2801 1556 2825 ,
1606 2759 1747 2829 quod
1797 2774 1936 2829 pene

346 2847 692 2903 destructum
717 2848 829 2917 jam
861 2848 1071 2914 fuerat,
1101 2850 1323 2920 ejusque
1361 2852 1726 2906 sacerdotium
1746 2892 1760 2916 ,
1790 2852 1934 2921 quod

347 2937 534 3006 ignem
594 2937 719 2993 lldei
771 2953 881 2994 non
933 2941 1196 3005 tenebat,
1254 2957 1360 2995 non
1423 2949 1694 3010 potestate
1743 2940 1934 3010 judicii

344 3027 613 3096 perculit,
663 3030 757 3084 sed
808 3045 931 3084 cum
987 3030 1263 3100 patientia:
1319 3031 1734 3101 longanimitate
1793 3031 1932 3087 tole-

346 3117 515 3171 ravit.
579 3117 897 3174 Audivimus
969 3120 1371 3188 quassationem
1442 3122 1646 3191 quintae
1706 3123 1929 3188 artatis,
1961 3158 2004 3216 Ο

346 3223 515 3277 quam
552 3207 815 3263 Dominus
857 3210 1088 3275 invenit,
1118 3210 1399 3265 audiamus
1440 3213 1922 3276 restaurationem,

343 3313 456 3366 qua
496 3299 754 3354 Dominus
810 3307 1021 3354 sextam
1068 3309 1287 3356 mtatem
1335 3316 1433 3357 suc
1479 3303 1713 3357 adventu
1767 3318 1928 3374 repa-

348 3387 513 3441 ravit.

418 3498 535 3566 Qua
569 3500 635 3554 de
662 3515 721 3555 re
748 3500 990 3555 venisset
1024 3499 1091 3553 ad
1122 3515 1221 3554 nos
1261 3500 1313 3554 in
1347 3497 1452 3553 fine
1485 3500 1685 3570 quinta:
1728 3501 1928 3565 tetatis,

344 3589 403 3642 in
439 3586 545 3641 fine
576 3587 779 3657 quinta)
826 3587 977 3643 feriat
1021 3588 1295 3643 hodierna:
1344 3587 1655 3643 festivitatis
1703 3590 1928 3644 demon-

344 3688 523 3745 strat,
563 3680 615 3734 in
646 3696 751 3750 qua
791 3690 847 3736 et
888 3681 1061 3752 legem
1097 3680 1307 3744 finivit,
1341 3682 1485 3751 quod
1531 3682 1584 3735 in
1620 3682 1933 3752 posteriori—

344 3772 449 3826 bus
479 3771 779 3826 scribemus
802 3773 914 3827 Deo
942 3773 1160 3827 volente
1191 3790 1204 3825 :
1235 3772 1386 3827 Nunc
1414 3773 1701 3827 dicendum
1742 3780 1826 3828 est
1864 3774 1931 3830 de

344 3863 435 3917 his
481 3877 600 3931 qua:
648 3877 832 3917 secum
877 3863 1122 3917 adduxit.
1179 3861 1382 3919 Scribit
1431 3860 1667 3918 Daniel:
1710 3862 1932 3934 Septua-

342 3954 494 4024 ginta
548 3952 888 4006 ltebdomada:
944 3952 1258 4007 abbreviatte
1309 3962 1429 4006 sunt
1482 3968 1637 4021 super
1682 3951 1931 4021 populum

344 4054 520 4107 tuum,
547 4055 594 4098 et
625 4060 782 4113 super
803 4044 981 4097 urbem
1005 4053 1243 4097 sanctam
1276 4052 1421 4096 tuam
1463 4051 1521 4096 ut
1547 4052 1933 4096 consummatur

342 4136 735 4206 pra'varicatio,
766 4145 813 4188 et
843 4134 1000 4204 ﬁnem
1030 4135 1253 4206 accipiat
1285 4144 1575 4205 peccatum,
1609 4143 1655 4187 et
1693 4133 1933 4188 deleatur

343 4227 623 4296 iniquitas,
656 4235 705 4279 et
749 4225 1048 4279 adducatur
1085 4227 1297 4297 justitia
1340 4227 1684 4296 sempiterna,
1729 4234 1777 4278 et
1827 4225 1930 4279 im-

343 4318 558 4388 pleatur
590 4319 719 4372 visio
755 4327 805 4373 et
841 4320 1146 4390 prophetia,
1177 4328 1225 4375 et
1266 4330 1495 4390 ungatur
1542 4315 1769 4372 Sanctus
1803 4333 1930 4371 san-

298 4447 302 4451 ‹
350 4418 581 4462 (torum.

2044 528 2301 594 Iordane,
2325 538 2381 584 et
2410 528 2643 600 Spiritus
2675 540 2895 589 sanctus
2925 532 2977 586 in
3018 535 3198 603 specie
3234 536 3495 595 columbae
3538 542 3631 597 de-

2045 619 2256 675 scendit
2304 634 2467 690 super
2494 635 2643 685 eum,
2687 629 2744 675 ct
2795 623 2994 677 mansit
3048 623 3100 676 in
3152 624 3262 679 illo.
3318 625 3629 686 Secundum

2044 709 2208 763 verba
2236 710 2599 778 praecedentia
2628 721 2912 782 propterea
2962 715 3106 769 venit
3148 724 3209 770 ut
3239 728 3517 776 consortes
3544 721 3628 775 fa-

2045 806 2195 853 ceret
2222 800 2373 869 regni
2406 801 2511 855 sui.
2540 800 2667 857 Ilaec
2700 804 2884 858 unctio
2925 806 3210 863 conficitur
3236 810 3424 877 quinta
3470 811 3630 872 feria.

2044 888 2170 956 quia
2200 888 2313 957 ipse
2340 889 2490 944 venit
2513 890 2579 943 ad
2610 908 2707 947 nos
2742 894 2931 961 quinta
2968 905 3129 952 :ctate
3163 900 3366 954 mundi.
3402 901 3507 957 Sed
3544 904 3627 958 di-

2045 978 2189 1033 latus
2217 988 2301 1034 est
2349 981 2572 1050 quidam
2619 985 2815 1041 modus
2843 988 3117 1044 unctionis
3166 1005 3195 1043 a
3225 992 3506 1047 nativitatc
3545 1010 3630 1049 sc-

2045 1070 2280 1124 cundum
2331 1069 2550 1139 lsaiam,
2577 1083 2633 1128 et
2675 1076 3026 1149 Evangelium
3059 1079 3110 1135 in
3160 1084 3337 1153 specie
3366 1084 3625 1140 columbm

2044 1173 2219 1229 usque
2264 1160 2331 1215 ad
2378 1160 2736 1232 baptismum,
2784 1167 3052 1236 (quamvis
3099 1170 3168 1225 ab
3210 1172 3365 1227 initio
3407 1188 3475 1229 ex
3519 1191 3627 1245 quo

2044 1249 2212 1317 carpit
2235 1251 2398 1305 homo
2441 1252 2560 1307 ﬁeri
2598 1256 2889 1313 credamus
2928 1260 3236 1315 unctionem
3267 1262 3321 1316 in
3362 1262 3488 1319 .lesu
3516 1266 3624 1335 spi-

2044 1341 2292 1395 ritnalem
2342 1344 2584 1418 manere)
2641 1363 2748 1403 non
2805 1351 3075 1422 discrepat
3117 1354 3184 1407 ab
3236 1355 3338 1410 hac
3389 1357 3621 1421 ratione,

2045 1435 2187 1504 quod
2214 1435 2405 1504 quinta
2435 1436 2571 1491 feria
2601 1450 2953 1497 consecratur
2983 1442 3180 1507 oleum,
3212 1452 3269 1500 et
3305 1448 3487 1503 unctio
3519 1463 3629 1503 scr-

2043 1534 2205 1578 vatur
2243 1542 2413 1596 usque
2441 1529 2510 1583 ad
2540 1529 2869 1599 baptismum
2909 1543 3179 1589 nostrum.
3208 1534 3378 1602 Quem
3409 1538 3625 1593 modum

2042 1613 2360 1671 Ambrosius
2390 1617 2702 1672 manifestat
2733 1620 2789 1674 in
2834 1621 2974 1677 libro
3019 1638 3182 1694 super
3227 1627 3471 1683 Lucam:
3507 1627 3613 1681 Ro-

2045 1706 2196 1774 gabo,
2222 1706 2420 1777 inquit,
2439 1708 2672 1773 Patrem,
2698 1719 2744 1763 et
2767 1710 2930 1765 alium
2950 1715 3264 1782 paraclitum
3288 1716 3432 1771 dabit
3462 1716 3621 1780 vobis,

1970 1810 2017 1871 Β
2045 1805 2101 1847 ut
2132 1796 2392 1851 vobiscum
2418 1800 2485 1852 sit
2513 1799 2569 1852 in
2593 1810 2871 1868 (cternum,
2900 1803 3143 1872 spiritum
3174 1807 3430 1872 veritatis,
3471 1825 3625 1878 quem

2039 1890 2126 1943 hic
2145 1890 2371 1947 mundus
2401 1909 2503 1946 non
2542 1902 2706 1963 potest
2740 1895 2992 1965 accipere,
3019 1897 3145 1966 quia
3173 1913 3278 1951 non
3314 1898 3446 1953 videt
3476 1915 3620 1964 cum,

2040 1996 2133 2035 nec
2160 1982 2254 2035 scit
2280 1998 2418 2036 eum.
2437 1982 2629 2039 Merito
2650 1998 2781 2055 ergo
2800 2000 2857 2040 se
2876 1985 2931 2041 in
2956 1999 3182 2055 corpore
3208 1986 3617 2052 demonstravit,

2038 2071 2297 2141 quoniam
2322 2072 2374 2127 in
2404 2072 2707 2131 divinitatis
2732 2090 2844 2130 sua:
2883 2076 3184 2130 substantia
3218 2092 3324 2131 non
3368 2077 3618 2132 videtur:

2040 2163 2287 2217 Vidimus
2328 2164 2609 2234 spiritum,
2643 2165 2736 2221 sed
2784 2166 2836 2229 in
2879 2166 3058 2236 specie
3111 2166 3398 2237 corporali.
3451 2166 3623 2221 llomo

2037 2252 2285 2308 Christus
2324 2253 2482 2312 Iesus
2522 2265 2810 2328 postquam
2845 2260 3011 2328 coepit
3043 2272 3165 2315 esse
3196 2261 3377 2325 homo,
3409 2275 3623 2328 semper

2038 2344 2143 2399 fuit
2172 2346 2333 2409 Deus,
2362 2347 2449 2405 cui
2478 2363 2577 2418 per
2602 2349 2937 2413 incrementa
2966 2352 3334 2407 membrorum
3371 2366 3474 2406 non
3504 2366 3620 2406 crc-

2036 2436 2215 2492 dimus
2243 2446 2400 2492 aucta
2441 2453 2563 2495 esse
2590 2440 2980 2495 charismatum
3022 2442 3184 2496 dona.
3228 2440 3295 2495 1n
3334 2442 3445 2510 ipso
3481 2440 3621 2495 enim

2034 2524 2290 2579 inhabitat
2349 2528 2517 2582 omnis
2566 2527 2842 2599 plenitudo
2905 2529 3195 2583 divinitatis
3255 2529 3618 2600 corporaliter.

2037 2613 2192 2669 Unde
2240 2613 2600 2685 Hieronymus
2650 2618 2703 2671 in
2753 2617 2893 2673 Isaia
2932 2633 2947 2672 :
2985 2617 3289 2677 Noscamus
3330 2618 3615 2673 infantiam

2035 2704 2256 2760 humani
2276 2707 2522 2775 corporis
2544 2708 2737 2764 divina:
2758 2725 2863 2764 non
2890 2709 3274 2781 praajndicasse
3301 2710 3614 2781 sapientim;

2034 2804 2089 2849 ct
2124 2796 2319 2852 iterum
2349 2816 2363 2852 :
2396 2796 2573 2868 Super
2599 2800 2743 2855 hunc
2783 2815 2913 2872 ergo
2943 2800 3153 2867 liorem,
3194 2801 3287 2872 qui
3320 2794 3389 2855 de
3420 2808 3609 2857 trunca

2035 2888 2218 2944 radice
2248 2888 2399 2945 Jesse
2426 2905 2525 2960 per
2570 2890 2793 2946 Mariam
2820 2892 3084 2964 virginem
3125 2900 3347 2962 repente
3387 2909 3614 2947 consur-

2035 2992 2146 3050 get,
2176 2982 2481 3051 requiescet
2510 2981 2746 3038 Sciritus
2792 2984 3022 3048 Domini,
3052 2985 3179 3056 quia
3216 2985 3272 3040 in
3321 2984 3439 3056 ipso
3466 3001 3613 3040 cont-

2034 3072 2235 3140 placuit
2290 3087 2507 3129 omnem
2566 3074 2957 3145 plenitudinem
3014 3074 3317 3130 divinitatls
3368 3076 3615 3131 habitare

2036 3161 2411 3230 corporaliter,
2458 3176 2801 3234 nequaquam
2844 3179 2943 3233 per
2969 3173 3173 3235 partes,
3202 3173 3265 3218 ut
3311 3164 3364 3219 in
3406 3166 3621 3220 ueteris

2037 3252 2261 3307 sanctis.
2290 3252 2357 3307 Et
2404 3252 2550 3307 Beda
2591 3253 2645 3308 in
2678 3252 2861 3309 Luca:
2891 3253 3139 3311 Notanda
3179 3255 3454 3309 distinctio
3499 3270 3619 3310 ver-

2030 3341 2255 3406 borum,
2304 3342 2432 3411 quia
2479 3340 2739 3397 Dominus
2783 3342 2941 3399 Jesus
2970 3343 3221 3399 Christus
3270 3344 3324 3397 in
3360 3359 3425 3399 eo
3472 3345 3617 3413 quod

2032 3445 2165 3499 p'let'
2191 3438 2332 3492 erat,
2375 3430 2427 3484 id
2459 3438 2577 3495 est,
2619 3431 2861 3487 habitum
2888 3432 3140 3495 humana:
3188 3430 3494 3505 fragilitatis
3530 3433 3615 3486 in-

2032 3519 2243 3583 duerat,
2272 3533 2524 3575 crescere
2560 3528 2617 3574 et
2643 3522 2940 3577 confortari
2981 3521 3254 3576 habebat:
3282 3521 3338 3576 ln
3375 3537 3441 3577 eo
3486 3538 3619 3578 vero

2030 3609 2174 3678 quod
2216 3610 2385 3665 etiam
2431 3611 2657 3667 verbum
2703 3611 2831 3676 Dei,
2875 3612 3019 3667 Deus
3047 3620 3283 3667 aeternus
3326 3622 3475 3678 erat,
3518 3630 3620 3670 nec

2031 3698 2323 3754 confortari
2358 3700 2653 3772 indigebat,
2680 3717 2781 3757 nec
2814 3702 3047 3758 habebat
3091 3703 3278 3773 augeri
3309 3717 3323 3755 :
3362 3702 3502 3758 unde
3535 3720 3621 3758 rc-

2030 3788 2269 3842 ctissirne
2299 3787 2490 3857 plenus
2526 3789 2790 3858 sapientia
2827 3790 3142 3860 perhibetur
3176 3798 3231 3844 et
3274 3791 3476 3859 gratia.
3518 3791 3620 3846 Sa-

2031 3880 2235 3950 pientia
2262 3880 2501 3949 quidem,
2529 3882 2653 3950 quia
2682 3882 2736 3939 in
2768 3882 2882 3954 ipso
2910 3881 3119 3936 habitat
3142 3882 3319 3936 omnis
3346 3881 3619 3952 plenitudo

2032 3969 2332 4025 divinitatis
2360 3970 2759 4039 corporaliter:
2804 3971 2975 4042 gratia
3027 3980 3232 4035 autem,
3274 3972 3402 4040 quia
3444 3972 3619 4027 eidem

2033 4064 2316 4121 mediatori
2370 4065 2463 4120 Dei
2512 4074 2568 4121 et
2616 4065 2895 4123 hominum
2963 4065 3171 4119 homini
3222 4063 3350 4119 Jesu
3400 4065 3619 4121 Christo

2033 4171 2226 4225 magna
2271 4155 2443 4225 gratia
2494 4155 2752 4211 donatum
2783 4163 2899 4217 est,
2941 4162 2999 4206 ut
3043 4169 3110 4207 ex
3155 4168 3262 4222 quo
3302 4153 3419 4207 fieri
3459 4154 3619 4217 homo

2032 4248 2304 4316 cmpisset.
2343 4245 2616 4315 perfectus
2660 4250 2890 4299 essetet
2930 4242 3095 4295 Deus.
3141 4239 3329 4294 Simile
3356 4249 3441 4296 est.
3474 4240 3623 4309 quod

2030 4338 2267 4392 Joannes
2294 4335 2488 4390 scribit
2518 4350 2641 4390 cum
2671 4333 2888 4403 plenum
2917 4331 3092 4405 gratia
3118 4340 3171 4388 et
3202 4333 3617 4397 veritatc,eam-
3675 4333 3679 4337 ’

2033 4427 2155 4480 dem
2204 4426 2379 4494 ipsam
2424 4423 2726 4481 divinitatis
2755 4422 3133 4479 excellentiam
3159 4422 3428 4488 veritatis,
3454 4438 3621 4494 quam

418 4517 575 4574 Unde
600 4518 741 4573 Beda
771 4520 824 4572 in
851 4518 989 4573 libro
1016 4518 1083 4573 de
1109 4518 1463 4585 Temporibus
1483 4537 1495 4572 :
1513 4518 1654 4572 Nulli
1682 4517 1925 4579 dubium,
1954 4492 2006 4552 Ῐ)
2031 4518 2207 4572 Lucas
2225 4492 2529 4589 sapientia:
2576 4515 2797 4571 nomine
2842 4514 3246 4571 commendans.
3290 4513 3358 4571 Et
3418 4492 3619 4567 iterum

342 4609 478 4678 quin
515 4608 628 4663 haec
670 4609 832 4664 verba
878 4608 1307 4663 incarnationem
1355 4606 1557 4662 Christi
1601 4607 1925 4677 designent;

342 4700 439 4769 qui
472 4698 588 4754 tulit
619 4709 841 4770 peccata
873 4698 1080 4763 mundi,
1112 4698 1285 4769 legem
1311 4706 1367 4753 et
1396 4699 1696 4768 prophetas
1742 4697 1931 4768 imple-

340 4793 425 4845 vit
448 4808 462 4855 ;
497 4801 691 4846 unctus
715 4798 798 4846 est
827 4791 947 4846 oleo
974 4806 1085 4860 pne
1111 4789 1465 4860 participibus
1493 4789 1606 4844 suis
1630 4789 1689 4858 ἦ.
1719 4789 1795 4843 De
1822 4805 1929 4857 qua

341 4881 604 4937 unctione
632 4881 763 4936 dicit
813 4881 980 4938 Isaias
1009 4896 1076 4935 ex
1106 4874 1333 4950 persona
1368 4880 1535 4950 ipsius
1582 4878 1883 4934 Salvatoris
1911 4896 1925 4932 :

346 4971 579 5042 Spiritus
618 4972 829 5027 Domini
876 4988 1032 5043 super
1076 4989 1179 5036 me,
1215 4981 1423 5043 propter
1465 4971 1603 5041 quod
1645 4970 1795 5024 unxit
1829 4986 1932 5033 me,

341 5061 701 5130 evangelisare
728 5061 1044 5133 pauperibus
1075 5063 1215 5116 misit
1254 5079 1354 5127 me,
1384 5062 1674 5131 pra'dicare
1712 5059 1931 5131 captivis

345 5153 736 5219 remissionem,
764 5161 812 5207 et
858 5154 1008 5207 ca’ris
1051 5153 1236 5206 visum.
1278 5152 1432 5209 Unde
1476 5151 1833 5224 Hieronymus
1875 5152 1927 5206 in

344 5245 536 5299 eodem
568 5243 704 5301 Isaia
742 5262 755 5298 :
796 5242 1024 5312 Quando
1066 5243 1210 5298 enim
1242 5251 1523 5298 consortes
1556 5243 1928 5307 nominantur,

343 5344 597 5390 naturam
636 5334 817 5390 carnis
847 5334 1105 5405 intelligo,
1135 5332 1263 5403 quia
1304 5333 1447 5388 Deus
1474 5341 1754 5388 consortes
1801 5334 1928 5388 sub—
1964 5368 1980 5385 ι

342 5424 557 5477 stantia:
576 5439 688 5478 sua:
709 5439 815 5478 non
837 5424 1018 5478 habet.
1040 5421 1107 5477 Et
1125 5422 1249 5492 quia
1270 5429 1389 5475 erat
1407 5420 1589 5476 unctio
1609 5422 1924 5492 spiritualis,

343 5522 399 5569 ct
427 5531 770 5586 nequaquam
796 5515 1017 5573 humani
1046 5512 1311 5583 corporis,
1340 5521 1401 5566 ut
1428 5511 1525 5567 fuit
1553 5512 1607 5565 in
1632 5513 1928 5569 sacerdoti-

280 5650 290 5659 .
346 5608 447 5663 bus
483 5606 810 5676 Judzrorum,
845 5606 1047 5663 idcirco
1084 5620 1192 5676 pra:
1222 5603 1581 5669 consortibus,
1611 5603 1664 5657 id
1698 5611 1782 5660 est
1814 5618 1927 5673 prae

345 5702 557 5759 cancris
582 5705 783 5761 sanctis
808 5713 1002 5760 unctus
1022 5718 1144 5761 esse
1175 5708 1521 5757 memoratur.
1552 5700 1717 5772 Cujus
1741 5700 1925 5754 unctio

2031 4606 2275 4678 ejusdem
2306 4606 2361 4659 in
2403 4605 2628 4663 Actibus
2668 4602 3075 4674 apostolorum:
3112 4601 3319 4658 Unctus
3356 4610 3440 4657 est
3486 4616 3621 4672 ergo

2030 4698 2188 4754 Jasus
2215 4713 2324 4753 non
2355 4697 2476 4753 oleo
2512 4694 2734 4760 visibili,
2785 4693 2877 4750 sed
2924 4691 3065 4749 dono
3109 4692 3297 4764 gratia:
3329 4690 3447 4759 Dei,
3475 4693 3619 4763 quod

2033 4790 2229 4846 visibili
2266 4790 2511 4861 signatur
2534 4793 2836 4858 unguento,
2865 4799 2972 4854 quo
3006 4782 3311 4853 baptizatos
3343 4781 3498 4852 ungit
3519 4782 3617 4838 Ec-

2032 4880 2215 4935 cle.~ia.
2257 4879 2368 4935 Nec
2414 4887 2594 4932 tamen
2637 4885 2764 4931 tunc
2806 4884 3002 4930 unctus
3045 4882 3128 4930 est
3163 4872 3371 4944 Spiritu
3400 4881 3616 4939 sancto,

2036 4970 2251 5041 quando
2292 4984 2454 5039 super
2502 4982 2626 5022 eum
2671 4962 3003 5036 baptizatum
3050 4962 3197 5018 velut
3242 4962 3490 5019 columba
3526 4961 3617 5017 de-

2035 5058 2262 5113 scendit.
2306 5059 2458 5113 Tunc
2498 5055 2642 5111 enim
2674 5071 2873 5125 corpus
2915 5070 3104 5121 suum,
3137 5053 3189 5108 id
3220 5062 3305 5109 est
3333 5052 3619 5109 ecclesiam

2034 5166 2209 5214 suam,
2228 5150 2578 5222 praefigurare
2604 5150 2855 5217 dignatus
2881 5158 2987 5217 est,
3010 5149 3064 5204 in
3091 5163 3197 5218 qua
3230 5147 3498 5219 prmcipue
3526 5145 3616 5199 ba-

2032 5240 2224 5310 ptizati
2249 5241 2523 5310 accipiunt
2548 5238 2811 5309 Spiritum
2836 5249 3119 5297 sanctum:
3147 5237 3241 5294 sed
3262 5239 3363 5292 ista
3389 5234 3615 5305 mystica

2033 5344 2088 5391 et
2130 5335 2385 5392 invisibili
2416 5336 2670 5393 unctione
2700 5343 2830 5393 tunc
2875 5333 3255 5407 intelligendus
3295 5339 3381 5385 est
3419 5336 3614 5385 unctus

2033 5429 2248 5499 quando
2277 5430 2499 5485 verbum
2538 5429 2634 5485 Dei
2663 5445 2792 5485 caro
2824 5427 3026 5487 factum
3050 5434 3158 5492 est,
3188 5425 3240 5479 id
3270 5433 3372 5487 est,
3400 5424 3615 5499 quando

2034 5519 2264 5575 lnnnana
2311 5527 2503 5575 natura
2548 5520 2664 5577 sine
2713 5519 2837 5575 ullis
2882 5515 3309 5589 praecedentibus
3348 5514 3610 5571 bonorum

2030 5627 2251 5682 operum
2302 5612 2529 5676 meritis,
2576 5613 2687 5671 Deo
2732 5610 2898 5667 verbo
2943 5616 3030 5664 est
3072 5607 3126 5667 in
3169 5607 3409 5679 Virginis
3456 5615 3613 5663 utero

2031 5703 2295 5773 copulata,
2336 5703 2406 5755 ita
2441 5710 2496 5755 nt
2531 5717 2652 5757 cunt
2687 5700 2774 5754 illo
2800 5699 2952 5754 fieret
2978 5714 3081 5759 una
3120 5714 3369 5770 persona.
3399 5696 3478 5754 Ob
3505 5698 3608 5753 hor
