3890 6180
287 371 428 453 goes
453 415 470 436 ,
557 441 560 444 δ

1324 357 1653 415 AMALARII
1693 355 2132 413 PRESBYTERI
2175 353 2517 409 METENSIS

3415 355 3544 410 102!

284 504 407 544 cum
435 483 754 540 conﬁtemur
789 488 972 533 natum
1019 477 1083 530 dc
1120 474 1324 544 Spiritu
1370 482 1558 529 sancto
1597 484 1652 528 et
1697 473 1863 526 Maria
1895 471 1940 530 A
1969 471 2036 525 de
2074 470 2268 538 quibus
2312 470 2572 539 scriptum
2613 477 2696 524 est
2736 487 2748 523 :
2790 468 2858 525 Et
2905 467 3090 523 relicto
3135 484 3198 523 eo
3245 484 3432 524 omnes
3467 469 3553 524 lu-

285 580 516 651 virgine.
553 577 672 648 ipse
714 573 860 628 venit
897 571 1086 626 tollere
1132 577 1356 640 peccata
1401 568 1621 633 mundi,
1660 578 1718 622 ιιι
1755 584 1865 622 me—

285 677 528 726 moratus
556 666 818 737 propheta
851 663 1126 717 dimittere
1161 661 1470 714 confractos
1509 661 1564 714 in
1597 660 1866 715 remissio-

288 776 412 815 nem
437 761 494 830 1-.
517 758 635 827 ipsa
667 756 752 812 die
781 755 965 808 ﬁnitur
992 753 1077 808 lex
1096 751 1310 807 Veteris
1337 753 1691 819 Testamenti,
1721 753 1866 824 quod

290 849 600 904 manifestat
644 862 708 901 ex
773 844 1097 900 auctoritate
1147 842 1554 912 Scripturarum
1607 843 1748 897 idem
1815 843 1865 896 in

285 939 450 995 Luca.
498 938 681 1009 Moyse
723 937 922 1006 quippe
951 943 1186 999 mortuo,
1219 932 1382 989 JOsue
1425 935 1531 988 dux
1563 935 1864 999 ordinatur,

285 1033 412 1102 quia
447 1031 560 1100 lege
593 1027 975 1084 traditionibus
996 1026 1394 1079 Pharisaeorum
1427 1033 1682 1094 corrupta
1711 1023 1869 1078 Chri-

285 1128 402 1175 stus
427 1121 764 1174 incarnatur.
789 1115 952 1171 Josuc
979 1124 1134 1169 trans
1157 1113 1446 1168 Jordanem
1471 1130 1668 1168 manna
1694 1115 1869 1184 pascit

283 1222 341 1266 et.
369 1210 628 1279 pascitur,
659 1209 784 1278 quia
814 1206 1076 1260 Dominus
1104 1219 1274 1273 usque
1306 1206 1373 1259 ad
1418 1213 1631 1273 tempus
1661 1205 1741 1259 sui
1775 1205 1868 1259 ba-

284 1299 558 1370 ptismatis
582 1295 936 1352 caeremonias
963 1293 1101 1362 legis
1132 1300 1186 1347 ct
1219 1293 1333 1361 ipse
1368 1299 1567 1356 servat,
1596 1301 1651 1346 et
1686 1307 1715 1346 a
1744 1307 1871 1346 cun-

286 1391 391 1445 ctis
421 1389 627 1444 servari
669 1387 958 1442 desiderat.
993 1385 1392 1440 Transduetam
1426 1384 1639 1453 plebem
1679 1381 1871 1438 Iorda-

287 1496 413 1536 nem
459 1479 622 1535 Josue
650 1487 802 1549 petra
833 1477 1194 1542 circumcidit,
1225 1477 1352 1546 quia
1394 1474 1646 1550 baptismi
1695 1475 1870 1546 gratia

287 1571 600 1634 celebrata,
655 1569 908 1624 Salvator
947 1568 1113 1622 etiam
1161 1567 1551 1642 cogitationum
1595 1568 1737 1636 quod
1785 1566 1871 1622 lex

296 1661 652 1730 nequiverat,
699 1657 984 1712 illecebras
1031 1655 1156 1710 ﬁdei
1185 1656 1475 1711 severitate
1503 1656 1784 1726 prmcidit:
1818 1663 1872 1711 et

295 1759 408 1805 tres
435 1750 598 1805 semis
642 1763 815 1802 annos
863 1747 1016 1816 quasi
1057 1744 1216 1800 solito
1251 1761 1449 1801 manna
1489 1746 1740 1813 nutriret,
1780 1762 1870 1801 sa-

1971 575 2185 634 gerunt.

2559 656 2786 712 CAPUT
2826 657 2964 712 Xiil.

2281 751 2357 804 De
2386 751 2605 821 septima
2634 752 2904 814 varietate,
2935 747 3246 806 Parasceve.

2040 842 2282 913 Septima
2321 841 2557 895 varietas
2602 849 2685 894 est
2728 841 2782 894 in
2813 851 2965 895 sexta
2995 841 3154 907 feria,
3184 857 3346 910 quam
3386 842 3554 900 Para-

1970 949 2163 989 sceven
2209 947 2484 986 vocamus.
2530 931 2853 996 Parasceve,
2893 939 2954 986 ut
3007 931 3151 987 Beda
3194 933 3302 997 ait,
3344 948 3558 1003 prama-

1969 1024 2110 1078 ratio
2155 1023 2560 1092 interpretatur.
2594 1019 2710 1087 Quo
2761 1022 2980 1076 nomine
3026 1021 3230 1087 Judaei,
3278 1023 3372 1092 qui
3414 1023 3558 1077 inter

1969 1114 2186 1169 Graecos
2216 1113 2696 1176 conversahantur,
2745 1121 2956 1166 sextam
2981 1114 3213 1178 sabbati,
3261 1131 3384 1184 qua:
3414 1131 3560 1169 nunc

1971 1220 2002 1258 a
2051 1204 2211 1258 nobis
2245 1211 2398 1258 sexta
2425 1201 2560 1257 feria
2595 1210 2826 1257 vocatur
2878 1203 3224 1273 appellabant
3260 1222 3276 1258 :
3314 1206 3456 1273 quod
3493 1221 3570 1261 eo

1971 1293 2220 1348 videlicet
2250 1293 2360 1358 die,
2397 1308 2516 1362 qua:
2557 1293 2611 1346 in
2651 1293 2877 1347 sabbato
2915 1292 3163 1358 fuerant,
3208 1296 3562 1359 necessaria,

1969 1391 2338 1451 praepararent
2356 1383 2512 1453 juxta
2547 1382 2689 1450 quod
2733 1381 2822 1436 die
2864 1390 3015 1437 sexta
3046 1398 3246 1438 manna
3285 1386 3565 1454 quondam

1971 1481 2084 1527 erat
2116 1484 2443 1542 praeceptum
2470 1490 2482 1526 :
2512 1481 2662 1528 sexta
2690 1480 2872 1526 autem
2901 1473 2988 1528 die
3014 1473 3279 1543 coliigctis
3308 1474 3553 1545 duplum,

1971 1571 2076 1619 etc.
2107 1563 2210 1630 Qui
2236 1579 2366 1619 vero
2413 1564 2554 1618 inter
2599 1563 2874 1618 Romanos
2909 1564 3077 1618 vitam
3117 1565 3322 1619 ducunt
3347 1564 3563 1632 Judaei,

1972 1652 2222 1708 usitatius
2272 1669 2390 1709 eam
2451 1653 2644 1708 Latine
2702 1666 2912 1707 caenam
2973 1655 3376 1724 cognominant.
3431 1655 3564 1712 Haec

1973 1751 2126 1798 sexta
2163 1742 2318 1810 feria,
2353 1753 2522 1798 sexta:
2550 1742 2702 1798 feriae
2735 1743 2924 1814 prima:
2954 1745 3268 1811 creationis,
3301 1755 3356 1802 et
3386 1757 3566 1803 sexta

294 1851 570 1898 cramenta
597 1841 752 1911 legis,
781 1841 1028 1910 quamvis
1059 1841 1126 1896 ad
1161 1839 1402 1896 ccelestia
1436 1841 1700 1910 promissa
1743 1857 1874 1912 pau-
1902 1842 1948 1901 Β
1975 1834 2152 1888 inlatis
2181 1833 2340 1903 huius
2368 1834 2551 1888 mundi
2581 1841 2886 1904 coaptalur.
2917 1833 2993 1890 De
3019 1844 3171 1890 sexta
3204 1834 3338 1891 feria
3369 1839 3572 1907 primae

292 1932 441 1986 latim
471 1945 791 2000 provocans,
829 1930 1123 1985 observare
1154 1946 1262 1984 non
1289 1939 1504 1986 cessat:
1535 1931 1706 1986 donec
1743 1940 1876 1986 tem-

294 2037 429 2093 pore
477 2019 700 2092 praeﬁxo
753 2019 1116 2073 desideratum
1163 2018 1372 2074 Pascha
1419 2035 1543 2074 cum
1599 2019 1875 2091 discipulis

292 2112 406 2165 suis
436 2113 784 2173 manducans,
811 2109 885 2162 ita
908 2109 1123 2164 demum
1151 2125 1309 2165 mane
1339 2109 1702 2176 illucescente,
1727 2127 1877 2166 mun-

293 2201 516 2257 dissima
547 2200 628 2254 sui
659 2201 904 2269 corporis
931 2209 985 2254 et
1015 2202 1294 2272 sanguinis
1323 2203 1580 2273 mysteria
1621 2203 1673 2257 in
1700 2204 1876 2259 crucis

291 2291 450 2345 altari
478 2299 792 2346 consecrata
818 2292 973 2360 quasi
1017 2307 1206 2362 azyma
1239 2304 1397 2347 terra:
1441 2293 1878 2363 repromissionis

295 2382 599 2436 imbuendis
627 2381 874 2437 ﬁdelibus
911 2381 1120 2438 afferat.
1149 2384 1234 2439 'Et
1280 2385 1478 2440 iterum
1514 2403 1528 2438 :
1560 2385 1630 2439 Et
1669 2395 1875 2456 accepto

295 2471 458 2526 calice
487 2474 688 2542 gratias
719 2474 843 2542 egit,
871 2483 918 2527 et
946 2475 1078 2529 dixit
1105 2489 1123 2526 :
1157 2476 1385 2546 Accipite
1416 2486 1464 2530 et
1499 2477 1714 2531 dividite
1742 2478 1879 2531 inter

296 2580 404 2618 vos.
429 2562 495 2617 Et
525 2563 612 2618 hic
640 2563 780 2618 calix
812 2565 879 2618 ad
930 2573 1086 2619 vetus
1132 2565 1257 2619 illud
1306 2565 1534 2631 Pascha,
1581 2568 1667 2622 cui
1715 2566 1877 2623 ﬁnem

299 2655 644 2710 desiderabat
689 2656 988 2725 imponere,
1026 2657 1280 2727 pertinet.
1327 2658 1444 2730 Quo
1479 2667 1722 2729 accepto,
1754 2673 1877 2728 gra-

299 2744 404 2798 tias
439 2744 573 2812 egit,
618 2745 688 2799 ob
713 2745 816 2798 hoc
852 2745 1131 2810 nimirum,
1161 2747 1288 2815 quia
1327 2757 1510 2802 vetera
1556 2749 1874 2812 transitura,

297 2843 354 2889 et
379 2834 556 2888 futura
581 2835 798 2890 fuerant
823 2836 1003 2889 omnia
1034 2852 1192 2890 nova.
1217 2836 1328 2892 Lex
1355 2852 1462 2892 non
1487 2838 1729 2893 solvebat
1751 2853 1875 2907 pec-

297 2933 440 2987 cata,
473 2924 567 2978 sed
596 2925 870 2998 puniebat.
915 2924 1163 2979 Christus
1204 2925 1258 2979 in
1304 2928 1491 2996 quinta
1538 2927 1672 2981 fcria
1701 2928 1879 2982 veteri

300 3013 404 3084 legi
451 3011 611 3066 ﬁnem
637 3012 748 3078 dat,
780 3022 1002 3082 peccata
1034 3014 1280 3069 absolvit.
1322 3015 1558 3086 Idipsum
1601 3018 1653 3071 in
1699 3019 1879 3091 prima

300 3103 548 3157 oratione
583 3102 757 3158 Missa:
801 3111 958 3158 sonat
1001 3106 1276 3171 sacerdos,
1305 3107 1568 3163 dicendo:
1598 3109 1677 3164 ita
1721 3110 1878 3165 nobis

1975 1925 2266 1980 creationis
2295 1925 2446 1990 dicit,
2473 1925 2565 1994 qui
2592 1941 2756 1994 supra
2790 1925 2847 1979 in
2882 1925 3018 1982 libro
3045 1926 3112 1981 de
3147 1925 3517 1997 Temporibus
3545 1948 3566 1983 :-

1977 2014 2144 2070 Sexta
2187 2015 2275 2070 die
2305 2023 2451 2069 terra
2480 2017 2593 2070 suis
2620 2015 2990 2070 animantibus
3014 2015 3287 2084 impletur,
3315 2026 3371 2071 et
3399 2020 3567 2074 homo

1975 2110 2184 2180 primus
2215 2109 2282 2163 ad
2326 2108 2616 2178 imaginem
2667 2107 2762 2162 Dei
2804 2115 3024 2162 creatur
3060 2122 3293 2176 moxque
3334 2124 3404 2162 ex
3445 2107 3578 2177 ejus

1976 2200 2146 2256 latere
2173 2198 2492 2256 dormientis
2529 2206 2746 2268 sumpta
2774 2207 2948 2264 costa,
2993 2196 3198 2255 femina
3245 2197 3564 2255 fabricatur.

1976 2289 2043 2342 Et
2088 2289 2282 2343 iterum
2313 2288 2380 2345 de
2408 2296 2562 2342 sexta
2609 2296 2768 2343 mtate
2804 2305 2818 2341 :
2849 2287 3015 2344 Sexta
3055 2299 3214 2344 aetate
3246 2304 3576 2358 prteconan—

1976 2381 2120 2436 tibus
2144 2379 2447 2450 prophetis,
2475 2379 2644 2434 Filius
2670 2379 2766 2435 Dei
2791 2381 2846 2436 in
2869 2395 3053 2445 carne,
3081 2379 3180 2450 qui
3203 2381 3477 2436 hominem
3501 2380 3570 2435 ad

1977 2471 2270 2541 imaginem
2299 2470 2397 2527 Dei
2443 2479 2677 2537 crearet,
2708 2472 2960 2542 apparuit
3000 2490 3014 2525 :
3046 2472 3139 2542 qui
3188 2472 3463 2528 dormiens
3513 2475 3580 2529 in

1977 2576 2165 2626 cruce,
2193 2563 2519 2634 sanguinem.
2539 2570 2594 2618 et
2632 2577 2827 2632 aquam
2869 2562 2936 2616 de
2969 2563 3159 2628 latere,
3189 2565 3336 2620 unde
3381 2564 3571 2621 Eccle-

1977 2652 2112 2707 siain
2149 2652 2254 2707 sibi
2291 2659 2659 2718 consecraret,
2689 2653 2982 2708 emanavit.
3024 2654 3226 2709 Eadem
3253 2655 3343 2710 die
3371 2654 3572 2733 legitur

1975 2742 2134 2799 lectio
2162 2742 2286 2798 libri
2335 2743 2530 2809 Exodi,
2556 2744 2609 2797 in
2639 2759 2744 2814 qua
2788 2759 2983 2814 agnus,
3029 2745 3122 2815 qui
3161 2745 3248 2800 die
3288 2746 3574 2800 Dominieo

1976 2831 2277 2891 Jerusalem
2308 2833 2375 2888 ad
2407 2833 2790 2889 immolandum
2837 2834 3075 2900 intravit,
3111 2835 3445 2890 immolatur.
3477 2837 3571 2891 Di-

1977 2926 2053 2981 cit
2075 2925 2237 2981 lectio
2261 2944 2275 2979 :
2303 2924 2519 2982 Decium
2554 2926 2639 2980 die
2670 2927 2859 2980 mensis
2895 2927 3062 2998 hujus.
3095 2927 3247 2982 tollat
3285 2929 3570 3000 unusquis-

1975 3034 2076 3090 que
2105 3033 2301 3089 agnum
2329 3034 2422 3088 per
2471 3016 2705 3087 familias
2746 3026 2793 3071 et
2835 3018 3018 3072 domos
3065 3036 3191 3074 suas
3239 3019 3329 3091 (de
3361 3034 3469 3090 quo
3513 3020 3577 3074 in.

1975 3107 2389 3179 posterioribus)
2431 3118 2480 3162 et
2526 3108 2796 3163 servabitis
2845 3126 2962 3163 eum
3004 3127 3168 3180 usque
3211 3111 3281 3164 ad
3325 3121 3576 3182 quartam

298 3192 481 3248 ablato
506 3195 791 3248 vetustatis
820 3207 1005 3250 errore
1050 3196 1467 3252 resurrectionis
1494 3215 1603 3254 sua:
1647 3200 1877 3271 gratiam
1907 3192 1951 3254 C
1983 3197 2238 3252 decimam
2282 3197 2420 3251 diem
2449 3198 2640 3251 mensis
2671 3198 2852 3268 hujus,
2891 3201 3280 3271 immolabitque
3307 3218 3428 3256 eum
3453 3201 3575 3254 uni-

300 3283 585 3354 largiatur.
617 3284 788 3340 Alfert
811 3294 867 3341 et
887 3286 1065 3342 oleum
1095 3303 1201 3358 quo
1232 3298 1506 3360 ungantur
1536 3293 1620 3347 sui
1653 3308 1878 3348 consor-

300 3385 406 3441 tes,
431 3373 500 3431 de
520 3376 715 3444 quibus
741 3377 870 3431 dicit
896 3377 1085 3432 Petrus
1109 3393 1124 3432 :
1149 3379 1258 3434 Vos
1279 3380 1410 3434 estis
1431 3395 1600 3450 genus
1622 3381 1876 3448 electum,

299 3465 482 3538 regale
509 3466 894 3521 sacerdotium.
926 3467 1117 3522 Restat
1141 3469 1319 3524 adhuc
1347 3485 1514 3524 unum
1539 3471 1593 3525 in
1633 3470 1880 3529 Romano

299 3556 521 3621 Ordine,
540 3556 628 3612 ubi
657 3557 919 3628 praecipit,
948 3565 1006 3611 ut
1031 3574 1060 3612 a
1087 3558 1274 3628 quinta
1303 3558 1437 3614 feria
1463 3575 1634 3630 usque
1663 3565 1715 3615 in
1746 3560 1881 3617 Sab-

299 3648 427 3702 bato
459 3655 646 3703 sancto
674 3648 817 3702 nuda
844 3649 956 3703 sint
974 3649 1164 3704 altaria
1189 3667 1201 3703 :
1230 3650 1374 3720 quod
1404 3650 1549 3705 aliud
1577 3667 1684 3707 non
1716 3653 1883 3724 signi-

301 3737 447 3804 ﬁcat,
481 3740 534 3792 ni
571 3739 747 3804 fallor,
796 3741 898 3795 nisi
941 3740 1120 3812 fugam
1148 3742 1534 3812 apostolorum,
1567 3759 1730 3814 quam
1762 3746 1882 3816 ipse

301 3829 560 3884 Dominus
604 3839 832 3886 testatur
870 3833 921 3886 in
955 3833 1243 3904 Evangelio
1270 3832 1533 3889 Joannis:
1570 3834 1728 3890 Modo
1771 3854 1883 3892 cre-

301 3919 604 3973 ditis:ecce
643 3921 777 3974 venit
830 3922 981 3987 hora,
1029 3932 1083 3977 ut
1117 3923 1492 3996 dispergamini
1533 3927 1884 3997 unusquisque

301 4012 356 4066 in
393 4010 626 4081 propria,
664 4020 712 4065 et
749 4028 828 4065 me
867 4012 1036 4067 solum
1076 4013 1400 4087 relinquatis.
1439 4016 1591 4084 Quod
1632 4016 1884 4090 Augusti-

302 4115 405 4155 nus
436 4100 490 4154 in
520 4099 708 4156 eodem
737 4101 809 4155 ita
848 4111 1046 4157 tractat
1071 4121 1084 4157 :
1118 4105 1270 4160 Tunc
1306 4105 1379 4160 ita
1408 4106 1883 4176 perturbabimini,

303 4198 366 4246 ut
405 4190 567 4246 etiam
597 4190 741 4262 quod
788 4192 948 4248 modo
982 4194 1204 4250 creditis
1246 4195 1567 4267 relinquatis
1597 4196 1656 4266 τ.
1699 4195 1885 4253 Altarc

303 4281 578 4338 Christum
603 4283 898 4352 signiﬁcat,
927 4293 987 4338 ut
1019 4285 1164 4340 Beda
1206 4297 1393 4340 narrat
1427 4286 1480 4340 in
1522 4285 1660 4340 libro
1687 4287 1754 4342 de
1782 4286 1887 4341 Ta-

303 4372 598 4428 bernaculo
630 4381 685 4428 et
710 4373 865 4430 Vasis
891 4372 1026 4443 ejus.
1051 4375 1289 4430 Aureum
1329 4391 1460 4432 vero
1502 4377 1672 4432 altare
1710 4378 1885 4449 ipsum

305 4461 592 4516 Dominum
641 4463 930 4536 signiﬁcat,
958 4466 1084 4536 quia
1117 4468 1258 4522 miro
1289 4476 1452 4539 atque
1498 4469 1756 4524 ineffabili
1797 4486 1886 4526 or-

1981 3304 2128 3341 cersa
2156 3286 2438 3342 multitudo
2460 3287 2693 3366 ﬁliorum
2716 3287 2888 3342 Israel
2911 3290 2980 3343 ad
3004 3308 3299 3360 vesperam.

2051 3379 2312 3434 Dominus
2339 3387 2525 3434 noster
2553 3385 2639 3433 est
2682 3393 2876 3449 agnus,
2905 3380 2996 3449 qui
3026 3381 3326 3452 incipiente
3359 3383 3574 3450 quinta~

1980 3468 2190 3525 decima
2233 3469 2360 3529 luna
2417 3472 2646 3528 traditus
2695 3482 2806 3538 est,
2840 3484 2894 3528 et
2941 3492 3167 3534 crucem
3189 3479 3435 3533 ascendit
3471 3495 3567 3548 pa-

1983 3573 2218 3617 rascevc.
2251 3558 2508 3630 Sequitur
2555 3563 2971 3633 Responsorius,
3000 3581 3123 3619 cum
3171 3575 3408 3636 quatuor
3450 3583 3571 3621 ver-

1983 3651 2132 3706 sibus
2174 3666 2188 3704 :
2229 3651 2469 3723 nullique
2505 3653 2770 3721 dubium,
2811 3657 2940 3725 quin
2993 3655 3242 3714 Christus
3292 3659 3456 3714 homo
3502 3677 3580 3718 ex

1986 3751 2224 3814 quatuor
2247 3743 2529 3802 elementis
2557 3746 2899 3800 consisteret.
2934 3745 3193 3803 Naturale
3247 3758 3332 3804 est
3371 3751 3574 3806 homini

1983 3842 2044 3886 ut
2087 3849 2155 3888 ex
2192 3841 2358 3900 terra,
2401 3841 2464 3892 et.
2505 3850 2666 3905 aqua,
2712 3844 2768 3890 et
2820 3851 2968 3900 aere,
3014 3846 3070 3892 et
3114 3838 3238 3910 igne
3285 3841 3568 3895 consistat.

1985 3919 2211 3990 Quando
2255 3929 2506 3978 naturam
2552 3923 2792 3979 hominis
2834 3927 3151 3995 assumpsit,
3187 3927 3308 3983 haec
3346 3936 3576 4001 quatuor

1984 4014 2253 4072 elementa
2299 4016 2609 4087 assumpsit.
2643 4016 2736 4072 Illa
2777 4017 3088 4088 pendebant
3121 4019 3175 4074 in
3224 4035 3391 4076 cruce
3436 4022 3576 4076 inter

1987 4105 2198 4161 medios
2227 4105 2361 4161 duos
2393 4107 2652 4162 latrones.
2687 4107 2835 4164 Unde
2863 4124 3004 4166 unus
3048 4125 3260 4176 versus.
3304 4110 3366 4166 In
3395 4112 3572 4167 medio

1986 4197 2215 4252 duorum
2244 4197 2554 4252 animalium
2601 4201 2983 4270 cognosceris:
3021 4202 3164 4271 quod
3201 4201 3275 4256 ita
3317 4201 3572 4273 Hierony-

1987 4301 2107 4341 mus
2150 4287 2204 4340 in
2233 4285 2453 4342 Abacuc
2480 4306 2492 4341 :
2520 4286 2693 4344 Porro
2723 4289 2952 4360 simplex
2979 4289 3358 4360 interpretatio
3384 4302 3438 4347 et
3463 4295 3571 4362 opi-

1986 4376 2078 4431 nio
2121 4377 2263 4448 vulgi
2296 4377 2363 4432 de
2409 4376 2691 4433 Salvatore
2737 4380 3019 4453 intelligit,
3064 4384 3206 4451 quod
3258 4385 3405 4440 inter
3444 4386 3572 4440 duos

1987 4464 2226 4522 latrones
2275 4466 2568 4522 cruciﬁxus
2618 4469 2830 4540 agnitus
2868 4471 2939 4525 sit
2977 4471 3036 4540 τ.
3079 4471 3340 4538 Quamvis
3382 4475 3450 4530 de
3487 4492 3572 4531 ea-

303 4553 431 4608 dine
478 4554 552 4610 ita
580 4571 799 4611 carnem
830 4571 1014 4611 veram
1050 4558 1216 4613 traxit
1259 4575 1328 4616 ex
1357 4560 1562 4624 Adam,
1593 4567 1652 4614 ut
1687 4576 1718 4613 a
1753 4575 1884 4630 pec-
1909 4561 1960 4620 D
1987 4556 2109 4612 dem
2139 4573 2198 4611 re
2240 4557 2312 4610 sit
2353 4565 2407 4611 et
2436 4557 2574 4613 alter
2621 4573 2834 4627 sensus,
2866 4569 3048 4616 tamen
3081 4563 3174 4632 qui
3212 4564 3317 4620 hoc
3344 4564 3569 4620 ofﬁcium

304 4657 431 4705 cato
459 4651 640 4705 carnis
663 4649 792 4706 Adae
828 4651 1094 4707 veraciter
1119 4662 1265 4706 esset
1295 4653 1569 4706 immunis.
1600 4651 1881 4718 Quomodo

302 4741 521 4810 quidem
565 4743 734 4799 altare
765 4753 1054 4814 utrumque
1081 4758 1149 4798 ex
1195 4744 1356 4798 unius
1386 4743 1738 4814 ejusdemque
1784 4757 1878 4810 ge-

304 4834 452 4888 neris
490 4833 649 4904 iiguis
679 4835 918 4903 factum,
961 4837 1056 4892 sed
1101 4852 1205 4891 non
1253 4845 1542 4905 utrumque
1586 4842 1705 4889 erat
1749 4848 1882 4888 auro

305 4931 639 4992 coopertum.
671 4924 776 4980 Sed
800 4936 854 4980 et
887 4927 941 4979 in
970 4929 1073 4980 hoc
1097 4925 1256 4980 altari
1283 4925 1414 4980 nihil
1445 4923 1663 4979 carnale
1689 4921 1881 4978 oil‘erc-

307 5015 496 5079 batur,
541 5030 730 5070 vcmm
779 5025 1019 5072 aromata
1075 5028 1284 5073 tantum
1332 5017 1706 5081 adolebantur,
1753 5016 1881 5086 quia

309 5105 565 5159 Dominus
609 5120 798 5174 preces
842 5107 956 5161 sive
988 5107 1256 5178 lacrymas
1293 5106 1596 5172 eli'undens,
1641 5122 1745 5161 non
1789 5121 1887 5176 pro

307 5195 422 5252 suis
447 5194 740 5278 erratibus,
771 5196 862 5268 qui
908 5196 1038 5250 nulli
1069 5205 1245 5263 erant,
1280 5195 1375 5252 sed
1422 5210 1523 5266 pro
1560 5205 1750 5251 nostra
1781 5195 1885 5250 hoc

306 5289 481 5343 salute
523 5286 776 5343 faciebat.
809 5287 962 5342 Sicut
1002 5287 1148 5343 enim
1202 5300 1329 5342 arca
1381 5287 1526 5341 intra
1566 5286 1743 5341 velum
1793 5301 1887 5354 po—
1926 5343 1936 5352 ,

305 5378 428 5442 sita,
455 5377 734 5434 hominem
780 5379 949 5433 Deum
989 5377 1268 5433 sedentem
1302 5377 1371 5432 ad
1405 5378 1684 5432 dexteram
1721 5376 1888 5443 majc-
1933 5367 1939 5380 ’

306 5469 462 5525 statis
501 5469 557 5525 in
601 5470 851 5537 excelsis,
896 5469 1165 5542 signiﬁcat
1195 5471 1268 5524 ita
1305 5470 1475 5525 altare
1512 5476 1665 5525 extra
1705 5469 1885 5524 velum

306 5560 540 5628 quidem,
577 5563 671 5617 sed
697 5577 864 5633 prope
893 5562 1174 5618 introitum
1203 5559 1318 5629 ejus
1347 5563 1606 5631 positum,
1637 5562 1883 5617 eumdem

306 5651 655 5708 mediatorem
684 5655 781 5711 Dei
819 5663 875 5709 et
915 5656 1195 5710 hominum
1234 5663 1414 5726 potest
1453 5655 1748 5728 ﬁguraliter
1789 5670 1886 5709 ex-

305 5743 558 5808 primere.
610 5744 936 5802 Vestimenta
989 5748 1197 5815 altaris,
1247 5749 1445 5803 Christi
1495 5729 1678 5804 sancti
1720 5758 1880 5813 sunt,

1989 4647 2285 4713 constituit,
2329 4647 2460 4703 illud
2488 4649 2778 4716 intellexit,
2808 4652 2952 4725 quod
2985 4652 3176 4709 beatus
3215 4653 3574 4727 Hieronymus

1990 4737 2174 4790 retulit
2209 4753 2277 4792 ex
2306 4739 2451 4810 vulgi
2491 4741 2750 4808 opinione
2793 4741 3023 4796 duorum
3060 4743 3356 4798 latronum.
3387 4744 3571 4800 Oratio

1987 4840 2220 4896 sequens
2266 4837 2567 4884 memorat:
2600 4831 2744 4885 Deus
2777 4846 2806 4884 a
2836 4847 2944 4901 quo
2980 4840 3036 4887 et
3059 4832 3224 4888 Iudas
3265 4843 3450 4890 reatus
3493 4836 3568 4890 sui

1986 4933 2224 4988 poenam,
2256 4927 2310 4974 et
2335 4919 2692 4976 confessionis
2721 4937 2832 4977 sua:
2857 4923 2996 4978 latro
3020 4925 3298 4992 praemium
3324 4927 3563 4998 sumpsit.
3627 4953 3630 4958 -

1989 5009 2105 5062 Duo
2153 5023 2350 5080 genera
2401 5019 2529 5064 sunt
2584 5010 2927 5067 alllictorum.
2977 5011 3153 5067 Unum
3201 5029 3308 5068 non
3355 5015 3564 5086 prodeSt

1987 5098 2347 5167 patientibus,
2387 5099 2515 5170 quia
2563 5116 2671 5155 non
2725 5102 3069 5171 corriguntur
3103 5115 3200 5172 per
3233 5119 3429 5174 prenas
3463 5123 3478 5158 :
3517 5104 3563 5157 in

1989 5204 2098 5258 quo
2135 5205 2334 5260 genere
2362 5199 2488 5246 sunt
2525 5190 2691 5247 Judas
2729 5201 2785 5248 et
2821 5192 2961 5247 latro
2995 5208 3102 5248 non
3133 5208 3454 5251 conversus.
3481 5194 3566 5250 Al-

1990 5290 2165 5337 terum
2203 5284 2424 5354 prodest
2460 5284 2545 5339 his
2591 5286 2683 5355 qui
2724 5285 3000 5342 fructuosa
3035 5287 3306 5356 paenitent
3343 5304 3562 5359 quorum

1991 5385 2176 5448 typum
2213 5379 2350 5432 alter
2372 5378 2512 5433 latro
2549 5387 2750 5449 portat,
2773 5379 3097 5434 venerabilis
3118 5365 3339 5449 quidem
3361 5396 3426 5436 ex
3449 5395 3562 5436 con-

1992 5470 2245 5526 fessione.
2285 5470 2351 5525 lii
2401 5471 2492 5542 qui
2533 5487 2640 5526 non
2680 5473 3028 5543 corriguntur
3061 5487 3125 5526 ex
3175 5471 3465 5528 afﬂictione
3501 5471 3559 5526 a'i

1991 5575 2188 5631 corpus
2218 5563 2492 5632 pertinent
2519 5560 2668 5616 Judm
2696 5562 3011 5633 proditoris,
3040 5571 3096 5616 et
3121 5562 3350 5618 latronis
3377 5547 3546 5631 impii:

1991 5651 2082 5722 qui
2123 5652 2500 5722 corriguntur,
2543 5650 2610 5704 ad
2652 5651 2916 5706 latronem
2963 5653 3054 5720 qui
3101 5651 3302 5706 meruit
3350 5652 3548 5710 audire,

1993 5743 2162 5798 Hodie
2185 5759 2383 5798 mecum
2409 5744 2510 5798 eris
2540 5743 2591 5796 in
2629 5743 2896 5814 paradiso.
2927 5742 3180 5811 Sequitur
3210 5741 3368 5796 lectio
3388 5741 3544 5796 Οςυω.
