3890 6180
295 231 444 294 1025

1089 235 1178 295 DE
1215 236 1768 298 ECCLESIASTICIS
1806 237 2095 301 OFFICIIS
2135 243 2314 302 LIBRI
2352 243 2439 304 IV.
2480 281 2548 290 —
2587 250 2716 306 LIB.
2754 250 2795 309 Ι.

2314 109 2346 121 -ο

3426 255 3563 313 1026

293 353 608 438 Antequam
633 349 876 405 dicamus
891 349 958 407 de
981 351 1082 405 hac
1104 351 1352 415 lectione,
1369 351 1655 407 dicendum
1679 361 1764 408 est
1788 370 1887 408 cur
1990 357 2065 412 sis
2093 359 2355 422 tolerans,
2393 361 2664 417 habitabis
2690 362 2743 418 in
2774 362 3044 432 adjutorio
3071 364 3356 428 Altissimi,
3421 373 3564 427 sicut

294 437 549 492 addatur.
571 437 629 493 In
653 448 846 510 quarta
873 438 1008 494 feria
1035 441 1250 510 quando
1274 441 1557 496 consilium
1576 441 1888 497 Jndteorum

290 528 368 582 de
417 537 590 584 morte
640 530 851 584 Domini
889 533 956 585 ad
996 531 1312 586 memoriam
1362 532 1696 598 reduximus,
1745 548 1888 587 mor—

295 631 410 677 tem
441 633 681 678 nostram
711 608 926 693 duplam
952 623 1435 688 manifestavimus,
1464 640 1564 694 pro
1593 641 1699 694 qua
1727 639 1884 678 vene-

298 721 390 767 rat
428 712 692 769 Christus.
707 716 852 784 pati,
891 726 1071 770 tamen
1109 731 1261 769 suam
1292 715 1600 786 passionem
1631 730 1806 785 usque
1832 717 1886 770 in

294 814 512 859 sextam
540 804 727 861 feriam
751 809 1007 873 servavit,
1025 823 1131 878 qua
1152 807 1238 862 die
1257 809 1464 877 primus
1485 825 1681 879 parens
1702 818 1888 865 noster

295 896 552 950 conditus
576 906 680 953 est.
706 897 975 953 Hodierna
1018 900 1122 966 die,
1140 901 1246 955 hoc
1273 909 1358 954 est
1385 901 1437 954 in
1472 915 1787 969 paraseeve.
1818 901 1887 956 ad

297 989 626 1044 memoriam
656 991 968 1046 reducimus
1011 1007 1166 1046 suam
1197 992 1504 1062 passionem
1535 992 1603 1046 ad
1643 1001 1886 1047 nostram

296 1077 689 1145 imitationem,
738 1082 805 1135 de
835 1097 939 1151 qua
974 1081 1108 1136 dicit
1137 1080 1332 1136 Petrus
1364 1101 1376 1136 :
1408 1080 1650 1136 Christus
1697 1097 1885 1152 passus

295 1179 374 1222 cst
421 1187 520 1240 pro
549 1157 716 1239 nobis,
751 1173 893 1227 vobis
937 1172 1232 1244 relinquens
1257 1172 1570 1244 exemplum,
1614 1183 1668 1226 ut
1690 1189 1884 1243 sequa-

295 1267 433 1321 mini
465 1264 677 1334 vestigia
724 1264 862 1333 ejus.
906 1263 1141 1334 ldipsum
1176 1264 1416 1332 apertius
1453 1278 1740 1332 possumus
1773 1277 1886 1317 me-

299 1371 523 1412 morare
564 1371 629 1410 ex
669 1354 902 1410 lectione
943 1370 1067 1424 qua:
1105 1354 1305 1426 legitur
1350 1356 1540 1409 eadem
1583 1354 1698 1420 die;
1745 1355 1888 1408 Dicit

298 1452 448 1507 enim
480 1470 494 1505 :
523 1451 642 1504 Erit
673 1450 866 1521 absque
886 1449 1093 1504 macula
1114 1449 1382 1504 masculus
1404 1450 1704 1515 anniculus,
1723 1451 1884 1520 juxta

298 1563 455 1617 quem
484 1545 642 1598 ritum
687 1543 878 1598 tolletis
919 1543 1147 1609 haedum,
1178 1553 1226 1597 et
1267 1543 1539 1597 servabitis
1563 1559 1681 1596 eum
1722 1559 1885 1612 usque

299 1636 371 1688 ad
389 1643 637 1705 quartam
658 1632 914 1687 decimam
950 1632 1088 1686 diem
1130 1633 1322 1687 mensis
1352 1632 1536 1702 hujus.
1565 1632 1749 1703 Agnus
1779 1633 1883 1686 iste

1989 449 2123 504 dicit
2147 451 2249 503 iste
2281 452 2518 520 psalmus
2552 454 2611 522 ὴ.
2653 453 2870 523 Longus
2903 465 2987 510 est
3025 457 3126 511 iste
3152 465 3378 517 tractus.
3413 461 3562 530 quia,

1987 543 2128 609 quod
2164 543 2488 610 promissum
2519 554 2604 600 est
2635 546 2788 601 nobis
2819 548 2871 601 in
2913 549 3144 604 lectione
3168 549 3338 618 Oscae,
3371 553 3461 608 ubi
3483 553 3568 610 di-

1987 632 2081 695 cit,
2108 629 2237 686 Post
2260 633 2392 687 duos
2415 634 2525 688 dies
2547 636 2816 691 suscitabit
2843 655 2956 704 nos,
3004 641 3056 694 in
3085 645 3242 695 tertia
3266 643 3352 697 die
3381 660 3563 698 resur-

1985 737 2113 791 gere
2158 723 2211 776 in
2247 738 2341 794 spe
2365 725 2622 781 debemus
2665 737 2869 795 tenere,
2901 746 3005 785 non
3049 732 3102 785 in
3132 747 3209 786 re.
3243 733 3395 788 Unde
3417 735 3554 790 Grc-

1985 815 2171 883 gorius
2192 815 2245 868 in
2268 816 2407 870 libro
2433 817 2500 872 de
2517 817 2894 876 Aidiﬁcatiune
2919 823 3133 892 templi:
3153 823 3287 879 Hinc
3305 834 3385 879 est
3413 829 3556 896 quod

1984 907 2249 975 prOpheta
2284 907 2423 962 alius
2464 925 2562 980 per
2613 914 3067 968 resurrectionem
3109 914 3319 969 Domini
3361 917 3556 971 huma-

1985 1012 2115 1050 num
2143 1013 2313 1066 genus
2337 999 2471 1053 vidit
2503 1000 2556 1053 in
2584 1001 2689 1057 ﬁne
2714 1003 2986 1067 suscitari,
3019 1014 3184 1073 atque
3210 1006 3290 1060 ait
3327 1025 3340 1059 :
3378 1005 3564 1075 Viviﬁ-

1983 1093 2120 1146 cabit
2160 1111 2254 1147 nos
2282 1107 2397 1164 post
2425 1096 2556 1149 duos
2582 1096 2717 1160 dies,
2748 1098 2804 1150 in
2832 1097 2917 1151 die
2956 1099 3109 1152 tertia
3147 1100 3421 1153 suscitabit
3447 1117 3562 1163 nos,

1984 1192 2033 1236 et
2060 1184 2288 1237 vivemus
2315 1185 2369 1237 in
2405 1196 2679 1255 conspectu
2703 1185 2837 1254 ejus.
2877 1188 2995 1255 lpsa
3028 1190 3354 1243 resurrectio
3379 1189 3430 1242 in
3460 1190 3566 1244 line

1987 1279 2192 1326 tractus
2234 1284 2567 1328 memoratur
2618 1293 2630 1328 :
2678 1275 3026 1346 Longitudine
3090 1278 3292 1331 dierum
3360 1279 3564 1348 replebo

1984 1377 2125 1423 eum,
2169 1372 2215 1415 et
2261 1364 2532 1416 ostendam
2578 1364 2657 1417 illi
2699 1365 2933 1420 salutare
2977 1383 3166 1421 meum.
3196 1367 3348 1423 Unde
3389 1369 3566 1439 Angu-

1984 1453 2161 1506 stinus
2184 1453 2235 1506 in
2261 1455 2451 1508 eodem
2474 1455 2683 1524 psalmo
2714 1471 2729 1508 :
2756 1455 2886 1522 Qua:
2905 1465 2989 1512 est
3019 1457 3297 1528 longitudo
3325 1459 3568 1513 dierum?

1984 1543 2093 1598 vita
2124 1554 2345 1608 aeterna,
2378 1545 2590 1610 fratres,
2616 1546 2780 1600 nolite
2809 1557 3002 1615 putare
3036 1547 3424 1618 longitudinem
3454 1550 3571 1604 die-

1986 1650 2106 1688 rum
2134 1635 2238 1690 diei
2264 1635 2382 1698 hos,
2414 1643 2471 1688 ut
2503 1644 2628 1689 sunt
2657 1635 2774 1690 dies
2799 1637 3003 1691 aestatis
3034 1638 3146 1692 dies
3174 1639 3428 1708 majores.
3455 1638 3565 1693 Ta-

301 1725 514 1793 absque
544 1722 774 1785 macula,
817 1721 1045 1776 Christi-
1067 1736 1266 1792 corpus
1313 1720 1587 1790 signiﬁcat
1619 1722 1885 1776 immacu-
1914 1713 1960 1771 Β
1989 1727 2068 1782 les
2106 1727 2219 1782 dies
2261 1728 2416 1783 nobis
2444 1728 2608 1783 habet
2657 1727 2807 1782 dare.
2860 1728 3161 1798 Longitudo
3200 1729 3288 1783 illa
3324 1723 3408 1784 est
3442 1744 3564 1799 quae

299 1815 472 1869 latum
508 1831 522 1866 :
552 1813 738 1869 haedus
780 1829 979 1882 corpus
1017 1828 1198 1878 suum,
1237 1813 1380 1882 quod
1415 1828 1514 1866 nos
1541 1827 1752 1877 sumus,
1790 1813 1884 1881 qui

297 1912 619 1974 peccatores
645 1920 850 1960 sumus.
885 1903 1189 1974 Utrumque
1235 1903 1436 1958 animal
1461 1913 1797 1958 memoratur
1832 1905 1883 1958 in

299 1997 568 2068 religione
596 1997 828 2067 paschae.
860 1994 1014 2050 Sicut
1039 2011 1104 2050 ex
1143 1994 1424 2064 Scriptura
1451 1994 1710 2051 discimus
1739 2013 1751 2048 :
1779 1991 1886 2049 Pa-

299 2091 430 2143 scha
455 2100 690 2144 nostrum
711 2089 766 2141 in
787 2087 1146 2142 immolatione
1181 2104 1292 2142 esse
1313 2086 1526 2152 Christi,
1545 2087 1624 2177 ita
1641 2095 1886 2141 nostram

301 2178 732 2234 immolationem
759 2178 814 2232 in
842 2175 1264 2231 mortiﬁcatione
1291 2176 1547 2230 vitiorum
1571 2175 1608 2241 ;’
1637 2184 1694 2230 et
1721 2175 1769 2230 si
1796 2189 1888 2229 ne-

299 2283 462 2325 cesse
486 2268 649 2322 fuerit
678 2268 731 2321 in
758 2265 1018 2322 eﬁ‘usione
1037 2265 1283 2320 omnium
1303 2263 1652 2333 praesentium
1678 2277 1883 2328 rerum,

299 2360 473 2416 etiam
496 2367 552 2414 et
584 2358 753 2428 ipsius
786 2357 1000 2421 animae,
1050 2363 1105 2411 et
1140 2355 1220 2411 sic
1254 2353 1642 2409 transeundum
1679 2352 1748 2406 ad
1785 2351 1889 2406 Pa-

302 2460 466 2506 trem.
495 2450 680 2505 Lectio
707 2463 941 2519 sequens
961 2446 1118 2504 Oscae
1145 2447 1280 2503 dicit
1311 2465 1324 2500 :
1365 2444 1564 2511 Venite,
1590 2453 1638 2499 et
1662 2453 1888 2499 reverta-

301 2561 426 2598 mur
451 2545 518 2598 ad
537 2543 842 2608 Dominum,
883 2543 1007 2614 quia
1027 2543 1138 2611 ipse
1159 2541 1289 2610 cepit
1312 2549 1360 2593 et
1385 2538 1591 2592 sanabit
1617 2553 1731 2603 nos,
1772 2553 1889 2607 per-

304 2636 465 2690 cutiet
503 2643 551 2689 et
592 2632 795 2687 curabit
835 2649 952 2698 nos,
1003 2628 1301 2699 Vivi/icabit
1325 2646 1439 2694 nos,
1463 2637 1577 2698 post
1602 2627 1734 2681 duos
1752 2627 1886 2692 dies,

303 2725 363 2779 in
391 2724 475 2778 die
494 2725 645 2778 tertia
670 2722 940 2778 suscitabit
961 2737 1073 2787 nos,
1088 2730 1134 2774 et
1149 2720 1374 2775 vivemus
1385 2719 1439 2773 in
1457 2726 1730 2788 conspectu
1747 2718 1886 2787 ejus.

303 2813 464 2881 Quod
488 2814 568 2870 sic
592 2813 949 2885 Hieronymus
977 2813 1032 2867 in
1053 2811 1244 2867 eodem
1270 2809 1422 2867 Oscae
1455 2809 1733 2865 :Percutit
1759 2823 1890 2880 ergo

305 2904 571 2961 Dominus
600 2913 656 2960 et
673 2913 831 2961 curat
863 2919 985 2971 nos,
1029 2902 1155 2973 quia
1179 2916 1341 2974 quem
1364 2901 1539 2972 diligit
1561 2901 1813 2972 corripit,
1835 2910 1891 2956 et

305 2995 540 3066 castigat
560 3010 775 3050 omnem
803 2994 994 3059 ﬁlium,
1027 3009 1186 3065 quem
1221 2993 1449 3063 recipit:
1473 3001 1530 3047 et
1572 3008 1680 3047 non
1710 2992 1884 3048 solum

1986 1833 2092 1872 non
2123 1818 2286 1872 habet
2309 1818 2487 1882 linem,
2517 1826 2716 1872 :eterna
2748 1818 2856 1871 vita
2883 1833 3004 1886 qua:
3031 1819 3186 1872 nobis
3204 1821 3566 1888 promittitur.

1985 1908 2052 1962 Et
2077 1908 2236 1978 paulo
2275 1916 2415 1978 post,
2455 1907 2524 1961 Et
2565 1909 2834 1962 ostendam
2857 1908 2937 1962 illi
2971 1907 3205 1962 salutare
3229 1926 3420 1963 meum.
3460 1909 3571 1966 Nec

1984 1999 2108 2062 hoc,
2151 1998 2368 2063 fratres,
2400 1999 2639 2053 breviter
2672 2001 3104 2068 praetereundum
3130 2009 3235 2054 est.
3282 1997 3568 2054 Ostendam

1982 2087 2063 2142 illi
2103 2088 2336 2142 salutare
2397 2104 2588 2154 meum,
2628 2090 2731 2144 hoc
2767 2089 2926 2154 dixit,
2968 2089 3249 2144 ostendam
3290 2089 3366 2144 illi
3394 2090 3570 2159 ipsum

1984 2177 2284 2234 Christum.
2318 2177 2385 2233 Et
2405 2179 2568 2250 paulo
2588 2187 2711 2248 post
2745 2196 2759 2234 :
2789 2177 2894 2233 Per
2921 2181 3080 2233 tidem
3109 2179 3284 2234 adhuc
3314 2181 3570 2245 vivimus,

1985 2280 2166 2326 etnon
2207 2286 2302 2341 per
2326 2271 2604 2340 speciem?
2655 2270 2883 2338 Quando
2907 2271 3014 2326 erit
3048 2271 3294 2342 species?
3335 2270 3567 2338 Quando

1985 2361 2231 2416 videmus
2252 2360 2389 2416 facie
2417 2361 2485 2415 ad
2512 2360 2915 2431 faciem?quod
2936 2360 3068 2416 dicit
3087 2361 3398 2431 Apostolus,
3426 2362 3571 2432 quod

1987 2451 2143 2506 nobis
2192 2451 2462 2521 promittit
2489 2451 2632 2505 Deus
2661 2451 2716 2505 in
2755 2447 2951 2522 ma'gno
2976 2451 3198 2520 prmntio
3222 2453 3465 2506 omnium
3489 2451 3570 2505 la-

1985 2543 2180 2598 borum
2211 2552 2552 2608 nostrorum;
2591 2544 2849 2613 quidquid
2872 2543 3108 2608 laboras,
3143 2543 3196 2597 in
3220 2544 3326 2598 hoc
3354 2543 3575 2599 laboras

1987 2641 2048 2686 ut
2077 2633 2278 2687 videas.
2313 2633 2379 2687 Et
2402 2642 2523 2704 post
2549 2649 2720 2703 pauca
2747 2651 2760 2685 :
2790 2632 2910 2702 ipse
2931 2633 3023 2702 qui
3061 2631 3281 2687 humilis
3309 2633 3458 2687 visus
3486 2640 3571 2688 est

1990 2720 2104 2791 ipse
2143 2721 2414 2776 videbitur
2457 2738 2706 2792 magnus,
2746 2730 2802 2777 et
2834 2723 3158 2778 certilicabit
3203 2739 3322 2778 nos.
3363 2721 3572 2780 Dehinc

1990 2810 2237 2880 sequitur
2256 2812 2456 2880 passio.
2488 2812 2546 2866 In
2576 2827 2640 2867 ea
2661 2812 2806 2866 velut
2829 2813 3004 2882 ipsum
3028 2812 3305 2867 Christum
3329 2812 3382 2866 in
3408 2827 3572 2868 cruce

1991 2902 2256 2956 videmus.
2289 2902 2478 2956 Re‘ert
2500 2902 2776 2958 Romanus
2806 2902 3020 2958 libellus
3043 2902 3172 2972 quid
3201 2913 3386 2972 postea
3409 2918 3576 2974 agen-

1993 2993 2120 3048 dum
2149 2993 2238 3059 sit,
2268 2993 2454 3048 dicens
2485 3009 2501 3047 :
2533 2992 2726 3049 Statim
2768 2995 2874 3048 duo
2919 2993 3132 3048 diaconi
3173 2994 3377 3049 nudant
3403 2995 3574 3050 altare

523 3088 618 3143 sed
647 3087 884 3142 viviﬁcat
911 3058 1192 3157 post-duos
1219 3058 1362 3152 dies;
1406 3094 1460 3140 et
1495 3085 1656 3140 tertio
1685 3084 1774 3140 die
1801 3099 1888 3139 re-
1916 3058 1962 3119 Ο
1993 3058 2234 3148 sindone,
2261 3100 2377 3153 qute
2397 3084 2543 3153 prius
2567 3083 2740 3153 fuerat
2760 3083 2855 3137 sub
2876 3082 3160 3154 Evangelia
3183 3086 3456 3154 posita,~in
3469 3102 3575 3140 mo-

304 3192 541 3248 surgens
571 3178 640 3232 ab
665 3172 876 3241 inferis,
918 3191 1078 3231 omne
1113 3177 1409 3231 humanum
1437 3190 1622 3231 secum
1660 3176 1888 3232 suscitat

305 3283 500 3339 genus.
527 3268 769 3338 Cumque
795 3282 1084 3338 percussos
1108 3267 1402 3332 curaverit,
1434 3277 1489 3321 et
1507 3277 1728 3322 curatos
1748 3268 1887 3323 vivi-

307 3357 577 3424 ﬁcaverit,
601 3367 655 3413 et
677 3357 978 3413 viviﬁcatos
1013 3358 1378 3424 suscitaverit,
1404 3365 1534 3412 tunc
1559 3359 1806 3413 vivemus
1830 3360 1885 3414 in

307 3455 602 3516 conspectu
622 3446 757 3515 ejus,
788 3449 879 3518 qui
905 3448 996 3503 illo
1020 3449 1244 3504 absente
1267 3448 1463 3502 mortui
1485 3447 1798 3518 jacebamus
1820 3450 1882 3519 1-.

305 3537 368 3592 In
393 3538 498 3591 ista
526 3539 918 3594 resurrectione
953 3540 1354 3594 demonstratur
1383 3537 1590 3592 utilitas
1635 3538 1888 3593 imitatio.

308 3629 399 3683 nis
429 3637 645 3693 nostrae,
672 3630 800 3700 quia
835 3629 882 3684 si
903 3629 1284 3699 compatimur,
1325 3638 1380 3684 et
1407 3627 1883 3700 conregnabimus.

311 3721 575 3792 Sequitur
611 3731 818 3778 tractus
848 3739 863 3776 :
897 3721 1001 3787 Qui
1021 3721 1220 3775 habitat
1248 3721 1300 3774 in
1325 3721 1592 3790 adjutorio
1623 3719 1887 3775 altissimi.

306 3813 601 3884 Expositor
627 3813 961 3884 Augustinus
984 3811 1172 3880 psalmi
1196 3810 1497 3880 przesentis,
1529 3811 1582 3865 in
1611 3810 1888 3880 praefatio-

307 3922 381 3961 ne
406 3905 525 3976 ejus
558 3911 825 3958 monstrat
857 3917 1021 3973 quam
1044 3910 1406 3971 congruenter
1430 3916 1529 3971 per
1562 3909 1887 3970 praesentem

307 3995 579 4065 psalmum
626 3993 829 4047 imitari
868 3992 1162 4048 debeamus
1215 3991 1523 4062 passionem
1569 3989 1790 4044 Christi.
1826 3989 1887 4044 ln

307 4100 440 4154 quo,
474 4085 670 4154 inquit,
709 4084 972 4138 imitaturi
997 4098 1185 4138 sumus
1205 4083 1322 4137 vias
1353 4081 1595 4138 Christi?
1633 4081 1890 4151 Nunquid

310 4177 366 4231 in
388 4192 453 4233 ea
476 4177 878 4246 magniﬁcentia
906 4192 1010 4246 qua
1053 4175 1196 4232 Deus
1222 4184 1340 4231 erat
1366 4175 1421 4228 in
1445 4174 1646 4230 carne?
1689 4172 1796 4228 Aut
1820 4173 1888 4228 ad

309 4269 417 4325 hoc
450 4285 552 4326 nos
575 4271 908 4334 exhortatur,
946 4277 1040 4324 aut
1069 4269 1171 4324 hoc
1197 4285 1227 4323 a
1264 4269 1420 4323 nobis
1446 4267 1636 4338 exigit,
1675 4275 1734 4321 ut
1761 4267 1887 4322 talia

307 4355 578 4413 miracula
603 4359 781 4428 qualia
809 4358 956 4425 fecit,
982 4358 1084 4429 ipsi
1119 4357 1418 4412 faciamus?
1445 4357 1513 4453 iit
1533 4356 1698 4427 paulo
1721 4365 1844 4453 post
1913 4395 1966 4453 Β

307 4449 433 4505 Non
482 4449 587 4504 hoc
630 4449 726 4505 tibi
759 4449 913 4516 dicit,
950 4449 1068 4505 Non
1105 4449 1208 4505 erit
1242 4447 1539 4517 discipulus
1578 4462 1732 4502 meus
1779 4445 1885 4500 nisi

304 4539 683 4596 ambulaveris
712 4555 876 4610 super
909 4555 1080 4605 mare,
1122 4547 1216 4593 aut
1242 4539 1344 4592 nisi
1375 4537 1724 4592 suscitaveris
1749 4550 1894 4590 mor-

305 4641 466 4686 tuum
482 4629 920 4700 quatriduanum,
941 4637 1036 4684 aut
1048 4630 1150 4685 nisi
1167 4629 1444 4701 aperueris
1457 4627 1644 4682 oculos
1656 4628 1783 4682 caeci
1797 4641 1894 4681 na-

303 4721 372 4776 ti.
398 4720 471 4775 Et
491 4719 653 4790 paulo
670 4730 815 4790 post,
831 4720 1026 4774 Discite
1045 4737 1076 4772 a
1093 4736 1193 4786 me,
1215 4719 1340 4791 quia
1361 4717 1502 4771 mitis
1515 4733 1632 4770 sum
1650 4726 1699 4770 et
1721 4717 1893 4770 humi-

302 4809 374 4863 lis
399 4808 582 4862 corde.
598 4807 753 4876 Quod
774 4807 979 4864 factum
990 4817 1075 4864 est
1095 4813 1318 4878 propter
1340 4816 1412 4873 te,
1433 4806 1535 4862 hoc
1564 4806 1618 4860 in
1642 4820 1708 4860 eo
1727 4806 1892 4861 debes

302 4899 620 4964 attendere,
650 4910 711 4953 ut
736 4899 986 4954 imiteris.
1030 4899 1098 4953 Et
1142 4897 1302 4968 paulo
1329 4906 1452 4969 post
1487 4915 1500 4951 :
1535 4895 1646 4952 Nec
1677 4896 1744 4950 ad
1775 4896 1893 4964 ipsa

300 5003 448 5058 ergo
475 4987 734 5043 miracula
771 4988 1024 5044 hortatur
1054 5003 1174 5057 qua:
1195 4988 1310 5058 ipse
1339 4986 1485 5051 fecit,
1517 4993 1574 5042 et
1602 4993 1894 5055 antequam

301 5085 463 5131 esset
509 5077 704 5144 homo;
739 5078 836 5136 sed
863 5094 971 5148 quo
998 5088 1052 5134 te
1079 5078 1363 5132 hortatur?
1389 5087 1450 5133 ut
1479 5078 1706 5134 imiteris
1750 5075 1894 5147 quod

300 5181 423 5222 non
449 5175 632 5236 posset
658 5167 767 5223 nisi
794 5166 974 5223 factus
1009 5168 1191 5223 homo.
1239 5166 1492 5222 Tolerare
1517 5167 1662 5224 enim
1687 5165 1893 5237 passio-

301 5273 413 5314 nes
464 5257 711 5328 nunquid
735 5267 923 5329 posset
958 5259 1064 5314 nisi
1096 5258 1294 5313 homo?
1331 5257 1464 5312 Mori
1494 5266 1549 5310 et
1571 5257 1813 5326 cruciﬁgi
1836 5264 1891 5310 et

299 5347 595 5404 humiliari
633 5365 744 5405 non
778 5358 964 5419 posset
983 5351 1090 5406 nisi
1119 5351 1302 5405 homo.
1347 5349 1406 5404 Si
1435 5364 1565 5419 ergo
1592 5359 1649 5403 et
1684 5357 1740 5403 tu
1777 5363 1891 5402 mo-

301 5438 509 5495 lestias
530 5438 690 5508 huius
712 5441 898 5497 saeculi
931 5442 1155 5513 pateris,
1203 5455 1338 5510 quas
1362 5439 1493 5494 fecit
1513 5439 1755 5494 diabolus
1781 5439 1895 5495 sive

302 5535 510 5599 aperte
537 5543 636 5598 per
656 5530 923 5597 homines,
945 5531 1060 5588 sive
1079 5530 1289 5586 occulte
1304 5531 1444 5585 sicut
1466 5528 1585 5594 Job,
1613 5529 1691 5583 sis
1715 5527 1893 5592 fortis,

1989 3173 2114 3226 dum
2125 3173 2372 3242 furantis.
2399 3173 2607 3238 Altare,
2630 3182 2844 3243 utscepe
2870 3173 3123 3239 diximus,
3151 3173 3440 3230 Dominum
3467 3193 3569 3232 no-

1988 3276 2160 3321 strum
2173 3265 2459 3336 significat,
2490 3265 2542 3319 in
2563 3281 2670 3335 quo
2685 3274 2900 3320 nostras
2925 3265 3226 3321 oblationes
3258 3266 3406 3320 Patri
3447 3267 3575 3322 olfe-

1989 3358 2158 3412 rimus
2185 3358 2531 3422 vestimenta,
2559 3357 2829 3426 apostolos
2867 3365 2921 3411 et
2946 3373 3134 3412 omnes
3157 3368 3393 3413 sanctos.
3433 3359 3575 3413 Con-

1988 3464 2178 3518 gruum
2194 3457 2278 3503 est
2292 3447 2552 3502 utsubtus
2570 3448 2918 3518 Evangelium
2935 3447 3137 3517 aliquid
3155 3446 3334 3514 jaceat
3354 3458 3577 3519 propter

1988 3540 2364 3603 honestatem;
2421 3552 2532 3606 quo
2579 3537 2812 3603 sublato,
2856 3537 3070 3606 rapitur
3093 3538 3236 3606 quod
3270 3537 3576 3606 subiectum

1990 3627 2108 3690 fuit,
2170 3627 2296 3696 quia
2334 3627 2517 3682 dedito
2557 3625 2772 3681 Christo
2811 3626 2954 3681 inter
2993 3642 3186 3682 manus
3232 3627 3572 3696 iniquorum,

1995 3718 2223 3790 apostoli
2266 3733 2418 3774 more
2457 3718 2638 3773 furum
2673 3717 2927 3787 fugerunt
2977 3728 3033 3774 et
3088 3719 3381 3774 latuerunt.
3420 3718 3575 3787 Quod

1993 3810 2136 3866 enim
2166 3809 2438 3880 signiﬁcat
2461 3809 2656 3873 altare,
2687 3811 2792 3866 hoc
2815 3819 2872 3865 et
2900 3811 3272 3882 Evangelium.
3301 3811 3488 3868 Potest
3518 3815 3573 3868 in

1990 3902 2094 3956 hac
2105 3901 2330 3956 sindone
2362 3900 2587 3972 intelligi
2605 3901 2916 3970 specialiter
2927 3901 3182 3968 Joannes,
3211 3903 3302 3972 qui
3326 3919 3577 3973 perseve-

1991 3991 2133 4044 ravit
2159 4006 2283 4046 cum
2312 3992 2541 4046 Domino
2575 4008 2746 4063 usque
2772 3993 2839 4048 ad
2868 4009 3108 4057 erucem,
3139 3995 3230 4063 qui
3263 4003 3319 4049 et
3345 3997 3575 4058 audivit,

1991 4081 2127 4136 Ecce
2154 4092 2322 4137 mater
2341 4093 2466 4147 tua;
2497 4095 2552 4138 et
2577 4094 2764 4154 pestes
2792 4093 3015 4154 propter
3041 4093 3243 4151 met/um
3265 4083 3575 4140 Judarorum

1991 4187 2050 4228 se
2076 4173 2314 4228 occuluit
2346 4189 2499 4228 more
2527 4173 2729 4227 furum.
2762 4172 2891 4227 Post
2928 4174 3032 4228 hoc
3072 4171 3424 4227 celebrantur
3449 4189 3568 4228 ora-

1993 4263 2186 4332 tjones.
2216 4263 2313 4317 llic
2337 4263 2483 4317 enim
2523 4263 2810 4317 dicendum
2857 4271 2942 4317 est
2970 4277 3037 4316 ex
3063 4262 3433 4318 Decretalibus
3482 4261 3570 4319 ln-

1992 4349 2228 4406 nocentii
2274 4364 2447 4418 papaa,
2487 4363 2657 4417 quare
2689 4349 2856 4404 missa
2887 4364 2996 4405 non
3025 4358 3280 4405 cantetur
3333 4352 3388 4406 in
3419 4361 3575 4408 sexta

1999 4437 2138 4493 feria
2175 4439 2231 4492 et
2268 4438 2322 4490 in
2367 4437 2619 4506 septima.
2652 4437 2788 4509 Nam
2842 4439 3046 4509 utique,
3101 4439 3297 4509 inquit,
3357 4450 3574 4496 constat

1998 4527 2270 4598 apostolos
2294 4526 2458 4583 biduo
2483 4527 2586 4581 isto
2613 4527 2668 4582 in
2705 4527 2928 4583 tristitia
2959 4537 3015 4585 et
3043 4529 3095 4584 in
3127 4544 3362 4585 maerore
3383 4529 3574 4595 fuisse,

1996 4629 2052 4674 et
2096 4625 2320 4688 propter
2362 4625 2565 4672 metum
2606 4614 2914 4671 Judaeorum
2958 4633 3017 4673 se
3058 4617 3384 4685 occuluisse,
3432 4621 3576 4689 quod

1995 4708 2206 4781 utique,
2254 4722 2362 4763 non
2403 4707 2622 4764 dubium
2665 4715 2765 4771 est,
2811 4707 2865 4762 in
2916 4716 3124 4763 tantum
3173 4724 3268 4764 eos
3301 4710 3580 4780 jejunasse

1995 4799 2162 4855 biduo
2189 4806 2512 4860 memorato,
2564 4805 2624 4850 ut
2669 4797 2886 4853 traditio
2912 4797 3166 4853 Ecclesiae
3214 4797 3430 4864 habeat,
3471 4799 3578 4854 isto

2002 4888 2166 4944 biduo
2201 4895 2541 4944 sacramenta
2573 4885 2788 4956 penitus
2827 4902 2934 4942 non
2971 4886 3254 4943 celebrari.
3290 4887 3330 4958 -ι-
3363 4887 3578 4944 Oratio-

2001 4993 2101 5035 nes
2142 4987 2351 5034 tantum
2381 4978 2651 5047 leguntur.
2703 4975 2754 5049 [ι
2782 4976 2862 5033 Ob
2887 4977 2990 5033 hoc
3019 4992 3232 5048 quoque
3273 4994 3380 5033 non
3425 4978 3577 5034 cani-

2001 5080 2090 5126 tur
2149 5054 2308 5126 hodie
2367 5071 2569 5136 missa,
2617 5069 2745 5139 quia
2781 5069 2836 5124 in
2891 5069 2994 5124 hac
3038 5070 3126 5124 die
3184 5068 3448 5124 Dominus
3497 5083 3577 5123 se-

1999 5162 2175 5233 ipsum
2221 5159 2437 5226 obtulit,
2473 5171 2528 5216 et
2585 5161 2702 5230 ipsa
2747 5159 2951 5215 oblatio
2997 5159 3192 5216 sullicit
3241 5161 3308 5214 ad
3344 5162 3574 5216 salutem

1993 5251 2374 5324 credentium]

2070 5342 2168 5397 Hic
2201 5343 2488 5400 reddemus
2530 5343 2674 5413 quod
2715 5353 2908 5414 quarta
2937 5330 3090 5398 feria
3116 5339 3466 5412 promisimus
3506 5336 3576 5392 de

2000 5446 2190 5492 sancto
2218 5435 2518 5504 Augustino
2543 5453 2555 5489 :
2587 5436 2744 5491 Prius
2770 5437 2963 5491 iterum
2986 5435 3055 5489 ad
3082 5429 3394 5487 memoriam
3416 5428 3577 5484 redu-

2001 5543 2087 5593 co,
2115 5527 2332 5598 quando
2355 5527 2733 5596 persequimur
2761 5527 2829 5583 ab
2861 5525 3119 5589 inimicis,
3147 5532 3206 5576 ut
3248 5535 3464 5590 semper
3491 5536 3572 5580 re-

394 5652 422 5680 ι
467 5641 632 5700 chis
664 5646 871 5702 inclusa
903 5647 956 5701 in
983 5662 1090 5702 uno
1119 5652 1275 5702 erant
1298 5643 1610 5716 exetnplart,
1645 5643 1698 5697 in
1737 5642 1946 5697 caeteris
1975 5643 2149 5700 tribus
2186 5659 2290 5698 non
2324 5653 2501 5699 erant.
