3890 6180
328 263 463 322 109.7

1372 244 1704 303 AMALAR“
1738 242 2173 299 PRESBYTER!
2211 239 2552 297 METENES

3436 210 3574 289 102's

323 386 605 432 vertamur
648 370 715 424 ad
752 367 1075 427 orationem,
1119 361 1258 416 unde
1294 361 1366 414 ita
1399 364 1757 414 memoratum
1779 369 1902 409 scu-
1931 360 1976 419 Α
2005 366 2062 411 ιιι
2091 366 2147 410 et
2170 367 2352 411 nostra
2384 355 2647 410 festivitas
2668 367 2699 405 a
2723 349 3031 405 Iudaeorum
3056 348 3358 405 festivitate
3378 351 3570 406 (listiu-

326 479 469 533 tum,
521 464 627 517 Pro
677 478 735 515 eo
780 468 833 512 ut
876 473 955 510 me
1014 454 1309 523 diligerent,
1367 449 1708 505 detrahebant
1755 446 1901 533 mihi.

327 532 472 626 Quid
499 555 595 609 ait.
633 551 745 621 Ego
767 557 939 603 autem
966 544 1180 600 orabam
1228 541 1348 595 Non
1380 539 1596 609 quidem
1619 536 1756 591 dixit
1780 532 1910 626 quid

326 625 545 710 orabat,
594 642 688 699 sed
713 639 842 709 quid
877 636 1071 692 melius
1094 632 1452 701 intelligimus
1486 643 1651 698 quam
1694 641 1795 697 pro
1829 625 1909 681 eis

334 739 506 811 ipsis?
545 732 817 791 Crucitixo
844 729 991 784 enim
1018 727 1259 781 maxime
1287 722 1667 784 detrahebant,
1692 718 1911 811 quando

335 810 481 884 velut
506 823 711 882 homini
733 835 894 891 quem
922 817 1080 887 quasi
1100 816 1345 870 vicerant
1372 813 1688 874 illudebant,
1714 810 1779 864 de
1803 823 1911 877 qua

2006 455 2277 517 gueretur.

2598 535 2828 591 CAPUT
2873 533 3011 589 XIV.

2366 628 2441 682 De
2462 628 2772 681 adorationc
2788 636 2988 681 sancta
3015 627 3209 680 crucis.

2078 720 2212 775 Post
2248 722 2363 775 haec
2391 728 2575 773 monet
2615 717 2827 773 libellus
2861 726 3196 772 memoratos
3221 727 3282 771 ut
3306 729 3599 786 prepare-

2010 823 2101 866 tur
2146 826 2282 865 crux
2316 816 2446 864 ante
2473 809 2666 874 altare,
2709 823 2875 879 quam
2918 807 3152 863 salutant
3180 814 3237 860 et
3269 805 3595 861 osculantur

332 936 498 977 cruce
527 918 618 973 ille
663 885 799 971 dixit
836 928 854 965 :
896 885 1061 964 Pater
1099 908 1305 977 ignosce
1342 902 1478 964 illis,
1517 901 1643 973 quia
1681 899 1914 953 nescium
2013 917 2223 958 omnes.
2255 902 2405 956 Crux
2451 900 2521 954 ah
2547 899 2718 962 initio,
2773 914 2842 954 ex
2872 914 2981 967 quo
3006 913 3126 952 eam
3160 885 3421 951 Dominus
3454 895 3597 951 bea-

335 1014 464 1085 quid
504 1008 724 1081 faciunt.
777 1004 847 1057 Et
888 1000 1050 1071 paulo
1102 1005 1271 1068 post:
1303 993 1473 1049 Nobis
1559 991 1750 1085 utilius
1800 996 1918 1044 erat
2015 994 2094 1049 vit
2129 992 2390 1085 sanguine
2416 1004 2560 1085 suo,
2607 989 2678 1043 ab
2717 989 2975 1085 omnibus
3008 986 3267 1085 ﬁdelibus
3536 993 3601 1039 ει

336 1077 481 1176 quod
504 1077 779 1172 patientiae
804 1091 1078 1165 praebebat
1120 1089 1444 1160 exemplum,
1507 1098 1672 1153 quam
1708 1082 1753 1176 si
1789 1095 1917 1176 suos
2015 1083 2271 1176 operibus
2290 1080 2594 1176 gorillcata
2620 1088 2724 1136 est.
2754 1079 2837 1134 Ex
2866 1078 3053 1176 multis
3077 1077 3596 1176 ειοιπὶιξοξιιιὶοιιίὶιιιςἶ

337 1168 588 1249 inimicos
635 1190 753 1250 sine
812 1185 923 1240 ulla
983 1180 1245 1238 dilatione
1296 1176 1604 1253 perdenda,
1677 1172 1748 1227 ad
1815 1172 1921 1226 hoc
2018 1173 2212 1243 quibus
2256 1172 2553 1244 glorificata
2612 1178 2717 1235 est,
2755 1184 2929 1240 pauca
2971 1169 3194 1238 pingam
3238 1168 3293 1222 in
3332 1168 3603 1237 praesenti

333 1300 440 1340 auos
490 1279 820 1341 mditicaret,
884 1282 946 1329 ut
1006 1271 1355 1341 impatienter
1412 1265 1800 1321 festinaremus
1856 1261 1922 1316 de
2018 1279 2202 1335 opere.
2238 1264 2381 1318 Dicit
2406 1262 2644 1317 Joannes
2693 1261 3116 1331 Chrysosto‘mus
3164 1260 3224 1313 in
3261 1259 3484 1313 homilia
3531 1259 3607 1312 de

342 1376 430 1430 his
453 1388 591 1444 quos
607 1369 779 1425 malos
792 1366 1047 1435 patimur,
1073 1359 1368 1425 vindicari;
1397 1373 1520 1414 cum
1543 1355 1809 1424 scriptum
1829 1351 1918 1415 sit,

344 1465 531 1520 Melior
559 1468 645 1516 est
672 1458 885 1529 patiens
910 1470 1073 1525 quam
1092 1452 1269 1508 fortis.

417 1553 620 1605 Doceat
639 1562 768 1616 ergo
795 1559 895 1600 nos
916 1543 1096 1599 divina
1125 1539 1340 1609 eloquia
1366 1535 1648 1591 Dominico
1673 1531 1926 1602 exemplo

2023 1372 2186 1411 cruce
2214 1364 2272 1410 et
2303 1355 2519 1409 latrone
2551 1372 2565 1407 :
2600 1353 2747 1408 Crux
2798 1367 2924 1421 spes
2955 1351 3416 1416 Christianorum,
3461 1365 3603 1405 crux

2024 1445 2353 1501 resurrectio
2399 1454 2758 1507 mortuorum,
2805 1458 2941 1497 crux
2963 1456 3235 1498 caecorum
3278 1442 3413 1506 dux,
3462 1456 3603 1496 crux

2026 1535 2436 1604 desperatorum
2468 1533 2578 1600 via,
2627 1549 2762 1589 crux
2796 1532 3118 1589 claudorum
3166 1532 3414 1593 baculus,
3465 1547 3609 1587 crux

348 1659 478 1698 cum
502 1640 808 1703 audivimus
837 1654 851 1689 :
881 1634 986 1688 Pro
1015 1650 1074 1688 eo
1096 1641 1152 1685 ut
1178 1647 1260 1684 me
1279 1623 1925 1699 diligerent.d¢lfahebaﬂl
1950 1698 1990 1703 _
2028 1626 2325 1684 consolatio
2364 1641 2682 1696 pauperum,
2703 1641 2842 1681 crux
2868 1624 3164 1679 refrenatio
3191 1625 3445 1690 divitum,
3469 1639 3610 1679 enix

343 1735 503 1799 mihi,
542 1698 634 1804 ego
664 1738 840 1785 autem
887 1725 1129 1788 orabam,
1177 1730 1238 1776 ut
1264 1698 1484 1790 quando
1519 1718 1730 1787 aliquos
1756 1713 1923 1770 senti-
1950 1698 1997 1758 Β
2025 1719 2319 1775 destructio
2345 1717 2722 1789 superborum,
2748 1732 2883 1772 crux
2916 1716 3056 1771 male
3087 1717 3388 1771 viventium
3414 1729 3608 1785 paena,

345 1844 469 1888 mus
498 1827 759 1895 ingratos,
808 1835 917 1874 non
948 1816 1126 1871 solum
1180 1829 1288 1869 non
1326 1812 1620 1867 reddentes
1649 1810 1789 1862 bona
1830 1804 1927 1861 sed

348 1922 575 1988 insuper
606 1915 892 1970 reddentes
927 1908 1070 1965 mala
1094 1923 1194 1978 pro
1223 1906 1401 1969 bonis,
1441 1920 1544 1958 nos
1573 1916 1832 1965 oremus,
1872 1906 1930 1953 et

270 2036 276 2051 ι
355 2012 461 2083 ipsi
483 2010 698 2080 quidem
727 2019 830 2075 pro
874 2003 1019 2067 aliis,
1064 1999 1149 2055 vel
1183 1995 1549 2057 szevientibus,
1587 1992 1673 2048 vel
1690 1990 1929 2083 dolenti-

353 2082 478 2166 bus,
506 2107 563 2152 et
594 2097 649 2150 in
674 2094 779 2149 fide
803 2089 1256 2162 periclitantibus.
1295 2084 1406 2140 Nos
1445 2098 1576 2140 vero
1626 2082 1794 2137 etiam
1831 2093 1930 2148 pro

354 2190 511 2245 nobis
533 2186 805 2256 primitus,
843 2192 902 2236 ut
932 2180 1172 2235 animum
1220 2183 1471 2231 nostrum
1497 2174 1611 2229 Deo
1637 2171 1934 2226 miserante

361 2288 525 2348 atque
570 2274 870 2345 opitulante
913 2272 1210 2330 vincamus,
1268 2279 1377 2335 quo
1419 2262 1648 2319 ferimur
1676 2262 1731 2315 in
1768 2259 1935 2315 ulcis-

354 2356 896 2438 cendi'cupiditatem
935 2380 1059 2421 cum
1099 2360 1405 2417 detrahitur
1427 2358 1545 2414 sive
1571 2355 1937 2427 praesentibus

360 2462 480 2515 sive
507 2456 824 2515 absentibus
867 2454 1054 2519 nobis;
1102 2452 1299 2508 deinde
1323 2451 1449 2506 dum
1500 2445 1703 2503 Christi
1732 2446 1940 2514 patien-

358 2549 494 2605 tiam
528 2548 898 2610 recordamur,
944 2553 1207 2613 tanquam
1241 2541 1358 2611 ipso
1383 2538 1641 2600 excitato,
1684 2536 1826 2591 sicut
1858 2530 1938 2586 fa-

355 2647 509 2696 ctum
531 2647 615 2694 est
640 2639 769 2695 dum
800 2636 1065 2692 dormiret
1089 2634 1143 2688 in
1172 2631 1318 2695 navi,
1357 2630 1448 2700 qui
1479 2626 1940 2699 perturbationem

361 2729 544 2787 cordis
565 2728 737 2784 nostri
758 2733 1257 2797 tempestatemque
1288 2720 1631 2790 tranquillat,
1665 2718 1944 2774 animose—

360 2821 490 2875 dato
519 2827 680 2888 atque
711 2824 923 2887 pacato,
954 2829 1174 2870 oremus
1189 2813 1355 2867 etiam
1383 2826 1483 2881 pro
1515 2810 1648 2881 ipsis
1669 2809 1941 2864 detracto-

354 2908 516 2962 ribus
542 2906 764 2969 nostris,
796 2913 855 2959 ut
886 2903 1063 2960 securi
1105 2903 1367 2966 dicamus,
1401 2900 1618 2956 Dimitte
1647 2897 1815 2962 nobis,
1842 2896 1947 2950 sic—

356 3007 426 3052 .ut
467 3006 515 3051 et
554 3012 646 3050 nos
685 2992 1036 3056 dimittimus;
1083 2991 1225 3046 sicut
1271 2997 1328 3045 et
1364 2989 1454 3045 ille
1500 2987 1809 3043 dimittebat
1853 2984 1968 3055 qui-

366 3093 653 3157 peccatum
681 3083 824 3153 quod
839 3083 888 3137 ei
904 3082 1270 3137 dimitteretur
1292 3081 1477 3149 utique
1501 3094 1611 3134 non
1636 3077 1868 3133 habebat
1882 3076 1943 3147 1-.

370 3173 754 3229 Admonitione
799 3171 1111 3227 ﬁrmissima
1150 3171 1311 3226 sicuti
1347 3169 1606 3225 adnumiti
1655 3184 1863 3232 sumus,
1897 3177 1951 3224 et

368 3280 474 3336 pro
518 3265 677 3320 nobis
716 3278 957 3328 oremus,
1009 3270 1173 3333 atque
1198 3278 1297 3333 pro
1322 3261 1582 3332 periculis
1614 3261 1775 3332 hujus
1804 3261 1950 3327 vitm,

361 3362 432 3409 .et
456 3368 555 3424 pro
571 3353 863 3417 haereticis,
889 3351 1221 3423 perﬁdisque
1245 3350 1465 3417 Iudaeis,
1499 3367 1566 3408 ac
1586 3367 1687 3423 pro
1706 3353 1951 3423 paganis.

362 3447 477 3501 "Per
497 3460 686 3501 omnes
713 3446 988 3501 orationes
1016 3443 1446 3517 genuflexionem
1480 3444 1738 3508 facimus,
1767 3453 1828 3498 ut
1853 3459 1979 3514 per

373 3539 518 3594 hunc
543 3538 787 3593 habitum
814 3537 1091 3606 corporis,
1140 3536 1337 3592 mentis
1366 3535 1729 3591 humilitatem
1768 3544 1954 3592 osten-

379 3631 575 3687 damus
597 3636 822 3698 excepto
852 3628 1067 3699 quando
1108 3642 1329 3684 oramus
1359 3642 1460 3696 pro
1487 3627 1710 3697 perﬁdis
1731 3626 1951 3682 Judmis.

2026 1826 2158 1866 crux
2190 1810 2455 1865 adversus
2508 1810 2785 1864 daemones
2834 1809 3161 1880 triumphus,
3201 1824 3335 1864 crux
3368 1808 3611 1863 devictio

2026 1900 2248 1966 diaboli,
2296 1916 2433 1955 crux
2469 1900 2893 1955 adolescentium
2938 1900 3281 1971 paedagogus,
3312 1914 3449 1953 crux
3476 1914 3605 1954 sus-

2028 1992 2261 2047 tentatio
2291 1990 2532 2061 ineptam,
2579 2006 2717 2046 crux
2745 2006 2871 2060 spes
2888 1991 3321 2061 desperatorum,
3346 2006 3485 2046 crux
3516 2006 3615 2045 na-

2030 2083 2331 2155 vigantium
2364 2084 2729 2154 gubernator,
2754 2099 2889 2140 crux
2925 2083 3358 2153 periclitantium
3390 2095 3610 2154 portus,

2032 2189 2166 2229 crux
2202 2173 2548 2228 obsessorum
2577 2190 2789 2239 murus,
2829 2191 2965 2230 crux
3002 2182 3161 2246 pater
3205 2175 3599 2244 orphanorum,

2032 2279 2170 2319 crux
2203 2261 2459 2319 defensor
2506 2264 2812 2333 viduarum,
2866 2282 2999 2322 crux
3039 2265 3315 2335 iustorum
3360 2266 3617 2321 consilia-

2036 2354 2171 2420 rius,
2223 2369 2358 2410 crux
2394 2355 2775 2411 tribulatorum
2811 2358 3045 2427 requies,
3086 2356 3613 2427 crux-parvulorum

2037 2454 2241 2511 custos,
2273 2461 2405 2502 crux
2439 2447 2683 2503 virorum
2706 2459 2890 2519 caput,
2921 2465 3055 2505 crux
3080 2463 3273 2505 senum
3303 2449 3448 2512 finis,
3478 2465 3614 2505 crux

2035 2534 2222 2590 lumen
2253 2536 2306 2589 in
2334 2535 2575 2591 tenebris
2599 2538 2929 2603 sedentium,
2982 2554 3118 2594 crux
3144 2554 3333 2609 regum
3368 2538 3615 2610 magnifi-

2042 2626 2240 2690 centia,
2269 2636 2404 2681 (ιι-ιιι
2431 2634 2645 2682 scutum
2680 2637 3025 2699 perpetuum,
3052 2645 3187 2685 crux
3207 2631 3616 2687 insensatorum

2045 2718 2336 2788 sapientia,
2370 2734 2508 2774 crux
2557 2720 2782 2776 libertas
2805 2736 3108 2788 servorum,
3160 2737 3297 2777 crux
3334 2723 3622 2792 imperato-

2046 2824 2167 2863 rum
2195 2808 2557 2879 phiiosopbia,
2592 2820 2726 2865 crux
2752 2811 2835 2865 lex
2879 2812 3114 2880 piorum,
3162 2825 3299 2866 crux
3322 2810 3617 2881 propheta-

2046 2915 2169 2954 rum
2222 2900 2606 2971 prtecognutio,
2643 2916 2777 2955 crux
2816 2902 3161 2957 annuntiatio
3214 2901 3605 2971 apostolorum

2042 3009 2187 3049 crux
2233 3002 2534 3064 martyrum
2561 2992 2831 3065 gloriatio,
2872 3008 3004 3049 crux
3037 2994 3431 3047 monachorum
3459 2990 3624 3046 absti-

2055 3074 2279 3147 nentia,
2309 3098 2442 3138 crux
2471 3083 2743 3153 virginum
2774 3084 3019 3149 castitas,
3062 3097 3201 3138 crux
3244 3082 3505 3153 gaudium
3538 3097 3625 3137 sa-

2054 3175 2351 3238 cerdotum,
2403 3190 2538 3230 crux
2569 3175 2832 3231 Ecclesiae
2861 3174 3299 3240 fundamentum,
3322 3188 3459 3229 crux
3479 3174 3627 3230 orbis

2050 3274 2218 3321 terra:
2245 3265 2476 3332 cautela,
2506 3282 2640 3323 crux
2663 3266 2985 3337 templorum
3010 3266 3331 3332 destructio,
3356 3281 3495 3322 crux
3517 3266 3629 3321 ido-

2056 3354 2233 3411 lorum
2271 3356 2530 3427 repulsio,
2583 3372 2719 3413 crux
2760 3356 3076 3413 scandalum
3122 3355 3453 3420 Iudaeorum,
3494 3370 3621 3411 crux

2057 3444 2290 3513 perditio
2327 3445 2642 3516 impiorum,
2676 3460 2808 3502 crux
2848 3444 3210 3501 invalidorum
3259 3444 3458 3509 virtus,
3501 3458 3623 3509 cru;

2058 3534 2436 3603 tegmtamium
2462 3535 2722 3601 medicus,
2752 3551 2887 3591 crux
2912 3534 3227 3590 emundatio
3261 3535 3619 3605 teprosorum,

2053 3638 2196 3678 crux
2234 3610 2656 3695 paralyticorum
2700 3625 2939 3697 requies,
2982 3640 3125 3680 crux
3155 3624 3513 3680 esurientium
3536 3637 3625 3693 pa-

371 3718 458 3773 Illi
495 3719 642 3775 enim
669 3733 805 3788 genu
836 3716 1143 3784 ﬂectebant,
1182 3732 1321 3789 opus
1354 3718 1556 3773 bonum
1586 3717 1728 3773 male
1764 3731 1955 3786 opera-
2057 3713 2174 3777 nis,
2213 3728 2345 3768 crux
2379 3714 2677 3770 sitientium
2708 3715 2854 3782 fons,
2893 3731 3027 3771 crux
3056 3715 3323 3770 nudorum
3352 3715 3623 3785 protectio.

376 3809 596 3873 bantur,
632 3809 760 3877 quia
797 3808 1070 3864 illudendo
1114 3809 1220 3865 hoc
1251 3807 1545 3865 faciebant.
1585 3807 1694 3864 Nos
1746 3809 1817 3864 ad
1859 3808 1956 3863 de-
2060 3802 2214 3859 Penc
2265 3806 2443 3860 omnis
2487 3807 2807 3877 glorilicatio
2859 3823 2967 3878 qua
3000 3809 3266 3863 decorata
3320 3816 3405 3863 est
3451 3813 3625 3861 sancta

377 3898 799 3953 monstrandum
827 3899 971 3969 quod
992 3898 1189 3970 fugere
1217 3899 1513 3955 debeamus
1534 3888 1851 3969 operaque:
1886 3899 1959 3954 si-
2066 3909 2223 3959 crux,
2264 3903 2483 3965 precata
2521 3906 2606 3952 est
2631 3897 2971 3954 orationibus
2988 3896 3308 3968 presbyteri
3331 3906 3451 3967 post
3469 3895 3631 3949 Evan-

381 3986 642 4042 mulando
692 3985 845 4052 fiunt,
898 3988 1130 4043 vitamus
1159 3987 1590 4058 genuﬂexionem
1620 3988 1677 4042 in
1711 3989 1961 4044 oratione
2064 3984 2285 4055 gelium.
2336 3984 2393 4040 Si
2429 3987 2552 4055 quis
2589 4002 2655 4041 ea
2712 3988 2943 4043 voluerit
2965 3988 3221 4052 scrutari,
3263 4002 3386 4057 qua:
3420 3985 3488 4040 ibi
3530 3983 3619 4036 de-

375 4094 483 4149 pro
511 4077 730 4135 Judmis.
776 4078 1037 4133 Similiter
1066 4086 1122 4134 et
1145 4095 1176 4134 a
1202 4079 1354 4150 pacis
1375 4078 1564 4135 osculo
1596 4080 1652 4133 in
1681 4079 1802 4134 istis
1843 4079 1959 4134 die-
2063 4083 2285 4144 precata
2306 4083 2451 4139 sumt,
2488 4082 2545 4130 et
2574 4083 2811 4131 mentem
2840 4076 3047 4131 referre
3072 4077 3142 4130 ad
3167 4084 3489 4145 prmsentcm
3514 4071 3622 4143 glo-

373 4170 486 4228 bus
514 4187 611 4228 nos
641 4172 978 4228 abstinemus
1017 4189 1028 4224 :
1061 4187 1171 4228 non
1213 4171 1358 4240 quod
1387 4171 1539 4241 pacis
1566 4169 1810 4225 osculum
1845 4185 1934 4225 ma

2066 4163 2456 4229 ‘ritlcationem,
2481 4164 2719 4220 inveniet
2745 4165 2886 4220 eain
2908 4164 3109 4219 virtute
3128 4170 3333 4219 sancta:
3355 4162 3539 4219 crucis.
3554 4159 3632 4213 De

376 4258 498 4317 .lum
526 4260 617 4327 sit,
664 4262 754 4317 ubi
775 4277 841 4317 ex
870 4262 1140 4318 charitate
1177 4276 1309 4318 vero
1335 4260 1629 4332 profertur,
1662 4261 1760 4317 sed
1784 4270 1841 4315 ut
1864 4260 1962 4315 de-
2068 4269 2175 4322 qua
2197 4263 2252 4308 et
2282 4253 2706 4325 Hieronymusin
2739 4262 2970 4311 tractatu
2990 4254 3244 4325 Epistolaa
3263 4256 3334 4310 ad
3354 4254 3630 4325 Ephesios:

378 4359 722 4409 monstretur
743 4369 905 4423 quam
944 4353 1201 4425 iniuriam
1228 4370 1423 4425 passus
1448 4354 1521 4409 sit
1543 4352 1794 4411 Christus
1812 4368 1844 4407 a
1866 4334 1965 4408 suo
1992 4388 2045 4448 Β
2070 4343 2215 4399 Crux
2243 4344 2425 4448 itaQue
2449 4344 2655 4448 Christi
2687 4360 2796 4402 non
2836 4346 3009 4448 solum
3034 4347 3212 4448 nobis,
3242 4347 3339 4402 sed
3363 4354 3420 4401 et
3442 4341 3631 4447 angelis

378 4442 685 4511 proditam,
714 4451 775 4498 ut
787 4451 952 4498 etuos
976 4443 1212 4499 vitemus
1231 4445 1481 4500 eamdem
1499 4444 1753 4514 injuriam
1785 4442 1840 4496 in
1859 4440 1970 4497 fra-
1992 4436 2039 4448 "
2070 4438 2386 4506 cunctisque
2411 4436 2468 4491 in
2492 4437 2634 4494 cudo
2660 4437 2955 4493 virtutibus
2987 4437 3208 4507 profuit.
3242 4445 3300 4493 et
3327 4436 3529 4507 attenti!
3550 4448 3631 4487 διο

392 4531 583 4588 tnibus.
618 4532 772 4601 Quod
808 4534 930 4588 dico
964 4533 1070 4588 tale
1107 4542 1191 4589 est
1234 4552 1247 4589 :
1296 4534 1575 4590 locutione
1608 4543 1664 4589 et
1697 4546 1863 4602 opere
1884 4532 1973 4587 de-
2071 4537 2415 4585 cramentum
2467 4529 2612 4598 quod
2643 4538 2799 4586 antea
2833 4529 3168 4591 nesciebant.
3204 4528 3276 4584 Et
3320 4522 3628 4583 Sublimi”

390 4625 583 4680 bemus
616 4624 850 4680 subditis
901 4633 1225 4689 monstrare,
1279 4625 1562 4679 vitandum
1610 4638 1732 4680 esse
1768 4622 1969 4677 malum
2073 4618 2329 4674 Carmine
2347 4618 2637 4675 Paschali:
3024 4620 3099 4691 ‘1‘-

390 4712 561 4769 Judaa.
596 4712 764 4786 Signo
791 4714 979 4770 doloso
1018 4715 1248 4770 traditus
1271 4722 1356 4770 est
1401 4713 1654 4769 Christus
1693 4730 1705 4765 :
1743 4725 1845 4769 nec
1875 4712 1973 4766 mi-
2200 4717 2343 4769 Ncse
2363 4719 2478 4781 quis
2499 4720 2698 4781 ignoret
2713 4720 2927 4782 speciem
2949 4731 3115 4768 crucis
3131 4726 3245 4768 esse
3258 4717 3525 4768 οοΙειιάιιιι.

395 4818 517 4858 rum
554 4803 602 4879 si
627 4820 691 4859 ea
735 4804 1184 4871 intermittamus,
1227 4812 1288 4859 ut
1324 4811 1514 4859 nostra
1564 4801 1973 4872 distinguantur
2144 4803 2237 4858 Dei
2258 4804 2410 4858 enim
2436 4804 2606 4859 Filius
2635 4805 2936 4862 cxinanivit
2954 4819 3036 4870 se,
3064 4812 3123 4859 ut
3153 4803 3392 4859 visibilis
3427 4813 3629 4872 appare-

401 4908 433 4946 a
452 4890 755 4960 Judaismo,
776 4910 900 4950 cum
914 4893 977 4949 S.
1001 4894 1336 4966 Augustinus
1352 4894 1528 4950 dicat:
1551 4891 1807 4948 Nostrum
1829 4891 1972 4948 diem
2077 4902 2162 4948 ret
2184 4893 2512 4948 hominibus.
2544 4893 2621 4948 Ea
2666 4893 2757 4949 die
2786 4908 2896 4964 qua
2933 4909 3069 4949 crux
3093 4891 3457 4952 deosculatar,
3481 4885 3632 4944 humi-

394 4979 596 5056 ‘festum
621 4982 1036 5052 paschalemque
1073 4984 1195 5040 ideo
1234 4982 1470 5038 transire
1506 4981 1578 5038 ad
1607 4981 1973 5044 Dominicum,
2078 4983 2236 5039 liatus
2256 4993 2345 5039 est
2372 4999 2472 5054 pro
2500 4985 2655 5039 nobis
2675 4985 2826 5039 Patri
2851 4999 3020 5054 usque
3048 4984 3118 5038 ad
3140 4991 3405 5046 mortua,
3430 4988 3629 5035 mortem

400 5078 463 5126 ut
489 5078 672 5125 nostra
699 5070 963 5127 festivitas
992 5072 1357 5144 distinguatur
1384 5085 1415 5125 a
1444 5064 1978 5126 festivitate'Juduso-
2079 5083 2269 5130 autem.
2289 5074 2490 5129 crucis.
2521 5073 2578 5129 Si
2623 5072 2785 5136 huius
2807 5074 3002 5129 mortis
3029 5072 3334 5128 imitatores
3362 5085 3483 5125 esse
3503 5067 3632 5123 debe-

401 5177 564 5218 rum.-
588 5161 728 5216 Dicit
749 5163 819 5217 ad
842 5162 1160 5218 Ianuarium
1199 5184 1213 5219 :
1242 5162 1380 5219 Nam
1405 5161 1579 5219 Judzei
1602 5160 1979 5219 tantummodo
2082 5178 2223 5227 mus,
2259 5177 2470 5219 necnon
2497 5172 2553 5218 et
2578 5163 2902 5219 humilitatis
2928 5171 3314 5233 oportet-esse.
3359 5159 3509 5216 Unde
3528 5171 3630 5226 pro-

398 5265 645 5307 mensem
668 5267 928 5307 novorum
952 5261 1009 5308 et
1034 5253 1219 5309 lunam
1241 5254 1534 5310 observant
1558 5270 1589 5309 a
1612 5260 1807 5324 quarta
1836 5252 1978 5308 decio
2086 5253 2382 5310 sternimur
2420 5261 2545 5307 ante
2586 5268 2826 5315 crucem,
2867 5260 2928 5307 ut
2962 5251 3071 5306 ﬁxa
3112 5249 3400 5305 humilitas
3446 5243 3628 5302 mentis.

400 5344 495 5396 ina
519 5355 690 5410 usque
738 5341 808 5396 ad
835 5341 1153 5398 vicesimam
1174 5345 1440 5414 primam;
1470 5345 1565 5401 sed
1590 5344 1720 5415 quia
1748 5343 1879 5399 illud
1896 5358 1984 5397 eo-
2089 5362 2187 5418 per
2232 5346 2474 5401 habitum
2521 5346 2765 5414 corporis
2803 5345 2964 5400 ἀειο
3012 5349 3236 5396 .tretnr.
3293 5336 3630 5394 Humilitatem

405 5450 529 5491 rum
567 5434 795 5502 Pascha,
836 5451 945 5508 quo
970 5452 1166 5508 passus
1212 5446 1298 5494 est
1319 5438 1602 5503 Dominus,
1636 5437 1713 5492 ita
1743 5436 1985 5493 occurrit
2084 5436 2290 5492 mentis
2316 5450 2424 5489 non
2455 5449 2743 5504 possumus
2794 5432 3026 5503 amplius
3062 5438 3393 5489 monstrans.
3415 5437 3562 5497 quam
3584 5425 3631 5471 ιιι

404 5535 469 5579 ιιι
493 5525 877 5583 intermortem
901 5527 1019 5598 ejus
1037 5536 1093 5583 et
1111 5528 1573 5585 resurrectionem
1601 5527 1815 5584 medius
1836 5534 1984 5583 esset
2090 5536 2269 5582 totum
2301 5534 2503 5594 corpus
2530 5524 2598 5579 ad
2624 5532 2827 5581 terram
2854 5529 3253 5593 prosternatur.
3301 5517 3451 5574 Unde

354 5638 361 5657 ι
407 5616 619 5673 sabbati
656 5620 793 5688 dies,
844 5620 1147 5677 addendum
1186 5628 1369 5692 patres
1426 5621 1600 5676 nostri
1633 5628 1983 5685 censuerunt,
2090 5619 2267 5672 stinus
2312 5616 2365 5670 in
2418 5615 2626 5686 psalmo
2681 5613 3096 5685 quadragesimo
3160 5610 3368 5666 tertio:
3407 5605 3626 5674 ριιίείιωε
