3890 6180
238 252 381 307 ⁷Ιο¹ὶ9

1012 243 1100 301 DE
1139 241 1687 300 ECCLESIASTICIS
1723 238 2008 299 OFFICHS
2044 236 2227 293 1.le
2263 236 2352 293 ιν.
2395 246 2464 279 ιε·-
2503 239 2628 294 Llll.
2672 239 2710 293 Ι.

3354 243 3491 300 1050

230 372 380 427 enim
413 367 490 421 ita
520 363 853 427 humiliatur,
875 370 1129 432 utgenua
1151 358 1302 429 ﬁgat,
1325 356 1502 412 adhuc
1520 355 1685 410 habet
1706 369 1815 424 quo
1842 359 1893 417 Α
1920 354 2076 408 riam.
2120 351 2213 407 Sic
2253 353 2399 408 enim
2463 355 2726 425 scriptum
2781 365 2869 409 est
2910 354 2968 409 in
3006 367 3311 413 memorato
3352 357 3493 415 libro

229 458 581 522 humilietur;
606 453 850 523 quisquis
869 459 1049 505 autem
1069 450 1148 505 sic
1170 447 1507 511 humiliatur,
1528 454 1587 499 ut
1604 442 1811 501 haereat

228 552 287 605 in
319 557 471 603 terra
510 553 701 601 venter
737 542 874 611 ejus,
907 540 1049 596 ultra
1068 554 1177 610 quo
1205 537 1544 601 humilietur,
1584 551 1691 590 non
1714 535 1812 588 ha-

228 641 348 695 bet.
392 637 484 693 Sic
514 642 829 706 prosternor
862 638 988 685 ante
1010 643 1230 683 crucem
1256 634 1316 681 ut
1340 624 1507 681 Paula
1531 630 1803 693 prostrata

231 737 323 785 est
356 742 373 781 :
403 727 472 780 de
498 740 605 795 qua
652 723 900 777 laudator
924 718 1286 790 panegyricus
1313 715 1430 784 ejus
1452 714 1813 784 Hieronymus

230 817 371 873 dicit
395 817 451 870 in
488 813 671 869 libello
707 812 844 868 Vita:
892 810 1135 881 ejusdem
1164 807 1345 861 Paulae
1375 824 1388 859 :
1424 806 1811 871 Prostrataque

234 918 321 964 est
348 914 474 961 ante
500 918 737 969 crucem,
764 902 922 971 quasi
954 900 1275 971 pendentem
1301 897 1594 952 Dominum
1623 910 1816 950 cerne—

236 1006 343 1052 ret.
400 995 471 1049 Et
520 1009 621 1063 ego
652 991 843 1061 jacens
881 1000 1010 1045 ante
1052 1001 1294 1052 crucem,
1334 1001 1528 1056 passus
1567 984 1817 1040 Christus

235 1101 339 1157 pro
385 1100 496 1149 me,
535 1081 870 1153 proscriptus
907 1088 994 1135 est
1045 1079 1101 1133 in
1149 1076 1312 1132 corde
1362 1089 1506 1137 meo,
1562 1074 1817 1127 virtutem

236 1186 446 1253 sanctae
479 1174 679 1238 crucis,
718 1187 883 1242 quam
926 1170 1140 1240 accepit
1185 1183 1250 1223 ex
1287 1166 1383 1221 Dei
1431 1164 1587 1233 Filio,
1628 1163 1814 1217 adem.

236 1271 561 1326 Creaturam
597 1265 797 1321 nullam
835 1263 1060 1319 colendo
1108 1270 1169 1316 ut
1195 1260 1367 1314 Deum
1395 1259 1584 1321 adoro,
1614 1256 1709 1311 sed
1730 1272 1824 1309 ve-

237 1359 524 1416 nerando:
561 1356 703 1412 unde
753 1353 1040 1424 Apostolus
1076 1350 1272 1421 inquit,
1328 1346 1544 1402 Honore
1593 1346 1818 1400 invicem

246 1455 641 1528 prmenientes.
670 1449 858 1507 Omnis
884 1446 1181 1503 substantia
1220 1459 1340 1514 qua:
1383 1442 1525 1497 Deus
1565 1454 1673 1493 non
1715 1445 1818 1500 est,

236 1524 490 1602 creatura
513 1553 624 1609 est;
654 1549 709 1596 et
725 1555 843 1610 qua:
865 1544 1112 1593 creatura
1141 1542 1240 1597 est,
1258 1534 1399 1588 Deus
1422 1536 1641 1585 nonest.
1676 1524 1817 1580 Crux

238 1635 447 1693 Christi
488 1641 615 1687 ante
640 1646 727 1686 me
751 1628 947 1699 posita,
987 1624 1264 1682 Christum
1301 1619 1458 1691 quasi
1497 1615 1820 1688 pendentem

1914 444 2096 509 tertio,
2137 444 2293 499 titulo
2333 446 2606 499 secundo:
2631 444 2948 501 Ostenditur
2991 457 3175 502 autem
3201 463 3374 511 usque
3399 450 3494 505 ho-

1912 537 2002 591 die
2045 546 2101 590 et
2149 537 2205 589 in
2256 551 2452 607 magna
2498 537 2850 592 veneratione
2897 539 3129 594 habetur
3181 539 3335 596 locus
3377 541 3493 606 ille,

1913 628 2005 682 ubi
2056 636 2318 682 venturus
2373 629 2442 682 ad
2484 628 2625 683 hanc
2673 645 2907 700 pugnam
2943 629 3245 698 Oswaldus,
3279 634 3494 703 signum

1914 728 2115 776 sanctae
2154 719 2334 774 crucis
2376 718 2568 781 erexit,
2610 732 2675 773 ac
2721 717 2877 774 ﬂexis
2927 721 3156 789 genibus
3204 721 3374 777 Deum
3403 724 3499 780 de-

1913 820 2165 880 precatus
2192 818 2298 875 est,
2324 818 2385 865 ut
2407 809 2461 863 in
2498 817 2647 864 tanta
2679 824 2860 865 rerum
2889 812 3213 867 necessitate
3246 815 3360 869 suis
3384 816 3494 871 cul-

1917 904 2125 959 toribus
2169 902 2378 958 caelesti
2416 912 2763 957 succurreret
2802 904 3021 959 auxilio.
3056 905 3298 975 Denique
3318 905 3491 962 fertur

1919 996 2045 1065 quia
2101 993 2244 1049 facta
2282 997 2449 1050 citato
2500 1008 2664 1066 opere
2710 1010 2891 1061 cruce,
2937 1012 3001 1051 ac
3065 996 3220 1052 fovea
3276 1012 3486 1069 praepa-

1918 1094 2057 1152 rata,
2103 1087 2159 1140 in
2185 1101 2292 1156 qua
2334 1087 2497 1141 statui
2526 1085 2774 1150 deberet,
2801 1088 2916 1156 ipse
2957 1086 3061 1142 ﬁde
3108 1087 3325 1143 fervens
3350 1090 3492 1143 hanc

1920 1178 2241 1246 arripuerit,
2282 1192 2345 1232 ac
2402 1178 2571 1232 foveze
2627 1178 2980 1247 imposuerit,
3032 1187 3195 1249 atque
3259 1187 3491 1248 utraque

1920 1285 2086 1323 manu
2130 1277 2367 1325 erectam
2398 1270 2651 1336 tenuerit,
2690 1270 2860 1325 donec
2899 1277 3121 1339 aggesto
3164 1286 3197 1323 a
3227 1271 3491 1325 militibus

1920 1358 2142 1427 pulvere
2168 1360 2328 1414 terrae
2357 1360 2630 1428 ﬁgeretur,
2660 1361 2840 1416 ethoc
2875 1359 3036 1425 facto,
3069 1360 3211 1416 elata
3240 1363 3292 1415 in
3325 1363 3495 1417 altum

1920 1461 2056 1502 voce
2074 1457 2271 1503 cuncto
2285 1449 2549 1503 exercitui
2573 1449 2991 1518 proclamaverit
3014 1467 3027 1502 :
3055 1449 3358 1504 Flectamus
3381 1464 3501 1503 om-

1912 1552 2020 1592 nes
2047 1551 2240 1608 genua,
2274 1546 2329 1593 et
2354 1537 2524 1591 Deum
2555 1539 2980 1606 omnipotentem
3007 1539 3190 1592 vivum
3218 1554 3282 1594 ac
3308 1554 3500 1593 verum

1926 1630 1980 1684 in
2026 1643 2313 1683 commune
2338 1628 2710 1698 deprecemur,
2747 1637 2809 1682 ut
2837 1643 2937 1683 nos
2982 1630 3048 1682 ab
3075 1629 3233 1683 hoste
3259 1628 3498 1698 superbo

238 1730 295 1784 in
325 1744 393 1783 ea
424 1734 608 1781 mente
630 1716 808 1778 teneo-
836 1720 955 1791 Ipsa
984 1719 1149 1773 verba
1166 1723 1376 1771 ηοεῑΐω
1419 1705 1821 1781 deprecationis
1849 1708 1896 1767 Β
1924 1737 1988 1776 ac
2009 1721 2188 1777 feroce
2216 1736 2314 1777 sua
2356 1720 2705 1776 miseratione
2735 1718 3009 1775 defendat.
3060 1719 3154 1773 Sic
3185 1720 3330 1774 enim
3358 1720 3495 1788 ipse,

238 1820 620 1875 demonstrant
662 1827 824 1885 quem
883 1810 1188 1865 adoremus.
1242 1805 1485 1860 Dicimus
1541 1819 1553 1854 :
1593 1798 1822 1854 Crucem

238 1920 394 1965 tuam
431 1908 739 1969 adoramus,
790 1901 1034 1964 Domine,
1085 1907 1142 1955 et
1184 1905 1429 1952 sanctam
1468 1888 1826 1948 resurrectio-

239 2016 367 2055 nem
392 2010 540 2053 tuam
571 1995 854 2051 laudamus
890 2001 945 2048 et
991 1989 1374 2062 glorificamus.
1424 1980 1526 2038 Hic
1570 1996 1676 2036 non
1700 1987 1827 2034 sunt

241 2090 411 2144 verba
441 2085 792 2159 precationis,
842 2074 936 2138 sed
966 2076 1344 2137 ostentationis
1382 2070 1669 2130 adurendae
1697 2086 1825 2125 cru-

240 2180 347 2243 cis,
400 2158 457 2232 et
484 2164 848 2247 gloriﬁcanda:
887 2167 1316 2225 'resurrectionis
1366 2163 1599 2220 Domini.
1638 2158 1743 2216 Sed
1772 2169 1829 2213 et

242 2274 300 2326 in
324 2271 434 2324 alio
468 2269 585 2323 loco
620 2266 855 2321 solemus
883 2258 1063 2317 dicere
1097 2280 1110 2314 :
1146 2257 1290 2314 Deus
1312 2257 1401 2327 qui
1440 2243 1705 2324 unigeniti
1740 2242 1827 2306 Fi-

240 2362 301 2415 lii
350 2360 427 2415 tui
471 2356 682 2412 Domini
712 2354 883 2409 nostri
908 2351 1035 2407 Iesu
1064 2349 1266 2406 Christi
1301 2346 1537 2418 pretioso
1567 2338 1828 2415 sanguine

239 2455 545 2508 humanum
567 2463 736 2521 genus
761 2444 1029 2501 redimere
1053 2432 1303 2513 dignatus
1329 2454 1411 2505 es,
1442 2437 1678 2493 concede
1706 2448 1829 2506 pro-

242 2546 417 2617 pitius
437 2552 499 2597 ut
524 2542 615 2611 qui
649 2541 717 2595 ad
737 2532 1089 2593 adorandum
1117 2531 1385 2588 vivificam
1413 2543 1628 2585 erucem
1675 2526 1830 2580 adve-

245 2616 430 2697 niunt,
476 2649 506 2687 a
542 2639 894 2702 peccatorum
942 2639 1165 2681 suorum
1209 2619 1440 2678 nexibus
1500 2616 1819 2672 liberentur.

244 2726 425 2794 Quem
459 2723 737 2793 deprecor,
774 2720 952 2788 ipsum
1005 2716 1189 2778 adoro,
1237 2710 1557 2783 prosternor
1604 2721 1830 2776 corpore

245 2822 379 2869 ante
424 2810 664 2875 crucem,
723 2815 906 2863 mente
954 2812 1081 2859 ante
1108 2800 1417 2866 Dominum,
1449 2814 1678 2853 veneror
1704 2813 1830 2852 cru-

249 2910 400 2966 cem,
429 2917 526 2971 per
566 2874 729 2968 quam
759 2892 1069 2966 redemptus
1097 2883 1258 2958 sum;
1314 2891 1407 2946 sed
1448 2874 1599 2943 illum
1644 2888 1832 2958 depre-

249 3011 373 3060 cor,
420 2990 512 3063 qui
552 2987 799 3046 redemit.
828 2987 906 3041 De
942 3001 1046 3057 qua
1086 2983 1402 3039 adoratione
1443 2980 1705 3048 scriptum
1749 2974 1833 3032 est

247 3088 310 3141 in
351 3076 625 3153 tripartita
645 3069 916 3142 ‘Historia,
947 3074 1087 3129 libro
1145 3072 1321 3142 primo
1354 3090 1365 3124 :
1394 3066 1531 3123 lloc‘
1558 3068 1702 3123 enim
1762 3049 1904 3121 si-C

245 3148 711 3249 gnum-bellicum
756 3170 896 3223 inter
938 3166 1041 3223 alia
1078 3164 1370 3236 pretiosius
1409 3170 1529 3216 erat
1569 3176 1635 3216 eo
1685 3148 1836 3229 quod

250 3248 643 3337 imperatorem
670 3259 973 3329 praecedere
1002 3256 1057 3309 (ἐι
1095 3251 1472 3309 αόονιιτῖἰιὶυᾶ
1507 3264 1536 3303 a
1576 3248 1837 3302 militibus

250 3355 430 3412 moris
472 3360 636 3407 esset.
673 3348 806 3404 item
852 3346 906 3401 in
935 3346 1124 3402 eadem
1147 3357 1330 3414 opere,
1369 3338 1506 3394 libro
1554 3337 1790 3392 secundo
1820 3353 1832 3388 :

252 3446 457 3505 Audivi
472 3443 615 3499 enim
638 3438 1031 3495 etProbianum
1051 3432 1229 3488 virum
1252 3432 1304 3485 in
1326 3428 1526 3500 palatio
1550 3426 1837 3481 habentem

254 3535 511 3591 militiam
556 3531 909 3592 medicorum,
940 3524 1147 3581 crudeli
1187 3525 1439 3593 podagrae
1467 3517 1720 3587 passione
1747 3514 1839 3569 de-

257 3635 498 3689 tentum,
550 3623 624 3677 ibi
666 3617 943 3675 doloribus
974 3616 1286 3675 liberatum,
1323 3610 1480 3680 eique
1525 3605 1839 3678 apparuisse

257 3726 509 3775 sanctam
548 3710 867 3769 mirabiliter
914 3709 1200 3764 visionem.
1255 3704 1389 3759 Cum
1440 3701 1583 3757 enim
1639 3690 1839 3754 dudum

258 3822 512 3881 paganus
544 3812 708 3868 esset,
753 3802 928 3858 factus
944 3807 1134 3870 postea
1168 3794 1534 3856 Christianus,
1578 3790 1841 3860 aliquate-

260 3914 369 3953 nus
407 3897 603 3967 dogma
643 3888 968 3962 sequebatur
1000 3888 1206 3944 :‘totius
1228 3900 1358 3940 vero
1386 3882 1578 3938 salutis
1600 3895 1838 3943 causam,

260 3989 319 4042 id
382 3995 488 4048 est,
539 3981 963 4038 saeratiSsimam
1010 3992 1264 4041 crucem,
1309 3973 1529 4029 nolebat
1585 3972 1833 4052 adorare.

260 4078 422 4134 Hanc
467 4074 688 4131 habenti
730 4071 1073 4135 sententiam,
1117 4068 1300 4125 divina
1359 4066 1533 4120 virtus
1576 4078 1845 4133 apparens

260 4170 481 4238 signum
535 4164 855 4220 monstravit
901 4162 1107 4226 crucis,
1142 4159 1291 4231 quod
1337 4163 1459 4212 erat
1504 4156 1742 4225 positum
1786 4154 1844 4209 in

260 4257 463 4312 altario
491 4256 610 4325 ejus
635 4253 898 4317 ecclesia),
946 4261 1002 4306 et
1024 4256 1210 4320 aperte
1238 4247 1420 4319 palam
1456 4245 1587 4301 fecit
1609 4245 1738 4314 quia
1776 4259 1844 4299 ex

1923 1815 2050 1885 quia
2069 1812 2215 1881 juste
2252 1828 2352 1883 pro
2400 1813 2575 1867 salute
2627 1812 2804 1883 gentis
2843 1819 3042 1867 nostrzc
3084 1811 3226 1866 bella
3268 1811 3501 1880 suscipi-

1924 1918 2065 1958 mus.
2097 1902 2371 1959 Feeerunt
2395 1916 2586 1958 omnes
2613 1910 2673 1955 ut
2696 1899 2957 1968 iusserat.
2989 1900 3057 1954 Et
3076 1900 3176 1963 sic,
3209 1899 3505 1968 incipiente

1925 1995 2178 2063 diluculo,
2210 1996 2266 2050 in
2307 1997 2519 2051 hostem
2547 1993 2847 2066 progressi,
2889 1991 3045 2062 juxta
3087 1992 3338 2046 meritum
3386 2004 3501 2046 sua:

1926 2085 2050 2141 fidei
2088 2086 2312 2141 victoria
2356 2084 2513 2155 potiti
2558 2092 2711 2139 Sunt.
2758 2082 2821 2137 in
2866 2081 3021 2150 cujus
3070 2081 3191 2137 loco
3242 2080 3523 2135 orationis

1926 2179 2224 2233 innumera:
2258 2178 2491 2232 virtutes
2521 2176 2812 2231 sanitatum
2839 2181 3138 2230 noscuntur
3164 2187 3285 2228 esse
3310 2180 3499 2242 patra-

1929 2278 2017 2334 tae,
2050 2269 2117 2324 ad
2162 2268 2422 2323 indicium
2463 2266 2718 2321 videlicet
2760 2273 2816 2320 et
2853 2262 3172 2319 memoriam
3215 2261 3339 2316 ﬁdei
3369 2261 3506 2329 ejus.

1928 2358 2061 2441 lfiam
2111 2367 2165 2413 et
2190 2372 2360 2427 usque
2394 2356 2557 2411 hodie
2592 2355 2746 2410 muiti
2770 2354 2850 2409 ’de
2881 2355 2999 2424 ipso
3024 2353 3175 2425 ligno
3194 2365 3353 2407 sacro
3375 2366 3503 2405 san-

1930 2438 2030 2501 cta:
2073 2448 2253 2503 crucis
2277 2446 2524 2501 hastulas
2564 2445 2815 2499 excidere
2860 2442 3055 2506 solent,
3105 2455 3245 2511 quas
3291 2455 3414 2495 eum
3453 2438 3507 2493 in

1930 2552 2097 2609 aquas
2122 2537 2391 2601 miserint,
2424 2533 2648 2605 ejusque
2671 2533 2990 2604 languentes
3027 2540 3117 2586 aut
3147 2531 3384 2601 pecudes
3406 2545 3507 2599 po-

1922 2628 2165 2683 taverint
2190 2627 2307 2681 sive
2331 2625 2685 2695 asperserint,
2715 2637 2839 2677 mox
2862 2622 3085 2677 sanitati
3112 2619 3498 2675 restituuntur.

1922 2715 2196 2786 Quoniam
2251 2726 2451 2771 cmtera
2497 2714 2641 2769 dicta
2713 2712 2919 2767 domini
2973 2711 3134 2766 Bedae
3192 2709 3511 2779 accipimus,

1931 2823 2101 2879 quare
2141 2822 2251 2863 non
2302 2813 2357 2863 et
2404 2805 2510 2860 ista
2554 2804 2884 2874 accipiamus
2928 2803 2983 2857 in
3033 2800 3229 2871 quibus
3258 2805 3515 2855 narratur

1933 2899 2107 2954 virtus
2155 2896 2391 2961 Domini,
2432 2902 2737 2950 monstrata
2790 2907 2891 2963 per
2936 2892 3342 2947 venerationem
3386 2902 3515 2944 san-

1936 3003 2037 3047 cta:
2089 2988 2308 3044 crucis?
2355 2987 2414 3042 Si
2457 2988 2580 3056 quis
2614 2985 2845 3040 voluerit
2888 2984 3091 3049 dicere,
3138 2997 3247 3036 non
3291 2982 3365 3035 ita
3392 2994 3517 3035 esse

1936 3091 2118 3138 actum
2155 3082 2221 3137 de
2254 3080 2402 3152 ligno
2438 3087 2641 3135 sancta:
2681 3077 2864 3133 crucis
2905 3083 2965 3130 ut
3012 3074 3157 3129 Beda
3198 3080 3409 3136 narrat,
3457 3077 3516 3124 et

1936 3176 1980 3229 si
2010 3176 2061 3230 ei
2089 3172 2351 3229 creditum
2388 3171 2567 3233 fuerit,
2601 3171 2802 3241 poterit
2831 3167 2998 3223 multa
3043 3164 3353 3221 testimonia
3383 3177 3513 3217 san-

1936 3270 2145 3317 etarum
2208 3259 2619 3329 Scripturarum
2671 3256 2941 3319 evellere,
2996 3254 3138 3323 quod
3178 3253 3361 3307 absit.
3440 3249 3512 3305 Et

1936 3354 1981 3407 si
2001 3353 2123 3422 quis
2143 3351 2380 3406 voluerit
2402 3360 2737 3404 succensere
2778 3362 3016 3417 prtesens
3042 3345 3264 3408 factum,
3299 3343 3412 3397 Deo
3432 3358 3519 3398 re-

1924 3444 2091 3499 bellis
2119 3442 2333 3497 videtur
2366 3446 2486 3495 esSe
2512 3440 2603 3509 qui
2623 3439 2763 3493 hanc
2790 3439 3043 3493 virtutem
3063 3436 3315 3507 praestitit
3359 3434 3509 3506 ligno

1937 3543 2136 3591 sanetae
2166 3533 2373 3597 erucis,
2405 3540 2464 3586 ut
2491 3547 2596 3586 non
2627 3532 2680 3585 in
2720 3530 2971 3600 praesenti
3011 3528 3294 3583 victoriam
3328 3526 3502 3580 solum

1937 3627 2090 3681 daret
2118 3638 2275 3679 servo
2304 3634 2423 3687 suo,
2455 3622 2549 3677 sed
2579 3622 2742 3675 etiam
2775 3620 2828 3673 in
2858 3618 3109 3689 sequenti
3135 3626 3375 3687 tempore
3398 3614 3511 3669 vir-

1943 3723 2088 3771 tutes
2113 3722 2394 3769 exerceret
2419 3724 2518 3782 per
2544 3710 2736 3766 merita
2765 3717 2966 3765 sanctae
2992 3707 3169 3763 crucis
3188 3749 3202 3773 ,
3234 3715 3295 3761 ut
3319 3720 3523 3760 memo~

1930 3817 2116 3863 ‘ratum
2140 3814 2225 3861 est
2249 3805 2302 3859 in
2326 3803 2579 3874 praasenti
2605 3809 2786 3871 opere.
2803 3799 2956 3867 Quod
2984 3800 3030 3854 Si
3058 3797 3261 3868 aliquis
3277 3794 3476 3851 dixerit
3502 3813 3517 3850 τ

1941 3899 2120 3966 Quare
2147 3912 2254 3952 non
2283 3895 2478 3950 adoras
2506 3893 2748 3956 asinum,
2782 3890 2909 3961 quia
2947 3889 3004 3944 in
3043 3902 3108 3943 eo
3149 3885 3409 3942 Dominus
3434 3899 3523 3939 se-

1944 3988 2056 4051 dit,
2092 3989 2206 4042 sive
2234 3991 2433 4040 ctetera
2463 3981 2622 4048 talia,
2644 3990 2776 4051 ‘quze
2806 3979 3065 4035 Dominus
3095 3977 3269 4047 tetigit
3297 3991 3524 4046 corpore

1944 4096 2044 4136 sro
2064 4080 2089 4132 ?
2118 4078 2415 4134 secundum
2442 4077 2765 4145 parvitatem
2796 4082 2974 4130 meam
3014 4070 3354 4142 respondeo,
3397 4071 3521 4138 quia

1944 4189 2053 4230 non
2077 4173 2196 4244 lego
2215 4173 2273 4228 in
2298 4171 2621 4227 auctoritate
2646 4176 2955 4223 sanctorum
2980 4165 3237 4227 Patrum,
3262 4156 3522 4215 miracula

1945 4274 2001 4321 et
2037 4265 2300 4319 sanitates
2337 4278 2403 4316 ex
2431 4260 2517 4315 his
2545 4257 2872 4322 monstrari,
2911 4255 3053 4309 sicut
3085 4251 3285 4307 virtute
3322 4258 3524 4306 sancta:

261 4364 377 4420 quo
429 4347 721 4402 cruciﬁxus
758 4351 842 4399 est
880 4341 1153 4406 Christus,
1184 4339 1367 4395 omnia
1419 4354 1541 4408 qua:
1582 4336 1650 4391 ad
1678 4335 1832 4390 .utili«

330 4446 337 4449 Α
482 4438 497 4449 ι
686 4435 698 4446 ο
866 4448 873 4449 ,
914 4433 947 4449 0,
1017 4430 1059 4449 ρ-
1078 4439 1146 4449 -.-
1209 4437 1327 4449 -_-_.
1405 4426 1637 4449 μ---12ι--ι
1682 4425 1832 4449 ...ΑΑΙΑ

1947 4356 2155 4418 erucis,
2186 4361 2242 4407 et
2268 4364 2444 4419 neque
2473 4354 2560 4402 me
2587 4347 2703 4402 scio
2728 4352 2827 4415 per
2853 4344 2944 4398 illa
2970 4343 3306 4411 redemptum
3336 4349 3395 4394 ut
3425 4354 3524 4409 per

263 4446 437 4494 tatem
482 4435 701 4491 humani
747 4433 964 4504 generis
1016 4430 1161 4486 facta
1206 4437 1354 4493 sunt,
1400 4426 1640 4498 quolibet
1682 4425 1843 4480 modo

259 4536 470 4601 praeter
513 4526 768 4580 virtutem
818 4532 1020 4579 sanctae
1065 4521 1244 4577 crucis
1298 4524 1451 4588 'g‘esta
1498 4534 1608 4572 non
1639 4524 1842 4582 essent,

262 4633 448 4687 neque
501 4616 572 4671 ab
630 4614 835 4686 angelis
898 4612 1119 4676 sanctis,
1176 4623 1355 4678 neque
1410 4608 1481 4662 ab
1535 4604 1846 4660 hominibus

263 4713 382 4784 piis
410 4712 474 4782 1-.
512 4709 755 4764 Fuerunt
779 4707 998 4776 quidam
1024 4704 1117 4774 qui
1145 4701 1394 4756 volebant
1421 4698 1601 4753 dicere
1622 4712 1685 4751 se
1708 4696 1847 4751 velle

255 4802 519 4859 eamdem
544 4814 759 4855 crucem
781 4798 1013 4852 adorare
1044 4795 1101 4850 in
1130 4808 1234 4863 qua
1266 4791 1528 4846 Dominus
1555 4786 1847 4843 cruciﬁxus

256 4901 374 4949 est.
428 4890 644 4947 Utinam
679 4890 732 4944 in
766 4888 1020 4944 omnibus
1063 4885 1311 4942 ecclesiis
1365 4883 1676 4943 haberetur,
1731 4893 1847 4947 prae

254 4982 488 5039 ceteris
514 4981 709 5036 merito
749 4985 1120 5033 veneraretur.
1146 4962 1406 5042 Quamvis
1460 4971 1635 5027 omnis
1677 4966 1851 5023 eccle—

256 5073 354 5127 sia
403 5084 527 5127 eam
565 5085 672 5124 non
711 5068 887 5138 possit
936 5066 1159 5129 habere,
1211 5072 1387 5118 tamen
1433 5076 1537 5116 non
1586 5060 1740 5115 deest
1769 5057 1850 5113 eis

256 5162 452 5217 virtus
497 5168 701 5215 sancta
753 5158 934 5214 crucis
974 5156 1028 5210 in
1077 5155 1157 5210 eis
1215 5152 1465 5207 crucibus
1507 5165 1627 5220 quae
1668 5148 1735 5203 ad
1783 5148 1853 5202 si—

256 5248 640 5308 militudinem
677 5245 971 5301 Dominicac
1004 5243 1182 5299 crucis
1219 5242 1375 5297 facta:
1414 5247 1558 5303 sunt,
1605 5240 1747 5293 sicut
1776 5237 1851 5291 le-

252 5340 421 5414 gitur
465 5338 520 5393 in
549 5337 687 5393 libro
712 5335 961 5392 Historiae
1004 5332 1300 5403 Anglorum
1329 5330 1395 5385 de
1424 5327 1681 5385 Oswaldo
1704 5324 1850 5381 ﬁdeli

256 5456 405 5512 rege
430 5446 489 5493 et
506 5436 985 5500 Christianissimo,
1031 5433 1123 5504 qui
1152 5432 1207 5486 in
1234 5429 1478 5499 pericula
1506 5427 1737 5497 positus,
1766 5440 1852 5480 su-

257 5546 392 5600 bito
438 5538 570 5596 fecit
600 5552 841 5604 erucem,
896 5545 951 5592 et
1000 5534 1119 5590 ﬁxit
1147 5534 1201 5588 in
1255 5539 1483 5595 terram,
1513 5532 1686 5599 eaque
1718 5527 1851 5582 ado-

272 5650 421 5708 rata,
462 5649 520 5697 et
570 5639 857 5707 deprecato
889 5637 1000 5691 Deo
1040 5648 1222 5689 coram
1259 5631 1367 5696 illa,
1403 5629 1549 5685 dedit
1577 5629 1656 5683 eis
1684 5627 1852 5682 victo-

1946 4452 2187 4501 sanctam
2213 4450 2428 4495 erucem
2454 4444 2669 4507 :‘neque
2690 4435 2889 4490 diabdli
2915 4439 3062 4488 artes
3085 4433 3156 4487 ita
3177 4447 3280 4501 per
3304 4430 3392 4485 illa
3421 4430 3526 4486 dis-

1906 4558 1908 4560 τ
1947 4533 2173 4602 sipatas,
2203 4538 2264 4584 ut
2288 4542 2388 4598 per
2418 4528 2580 4581 istam
2606 4542 2620 4591 ;
2654 4539 2831 4593 neque
2857 4531 3044 4593 portas
3066 4536 3165 4591 per
3199 4519 3286 4575 illa
3325 4518 3522 4573 inferni

1946 4624 2168 4687 fractas,
2192 4630 2251 4676 ut
2273 4624 2371 4691 per
2392 4619 2553 4673 istam
2579 4635 2594 4684 ;
2618 4632 2791 4685 neque
2813 4615 3021 4669 animas
3037 4613 3306 4685 justorum
3332 4612 3523 4668 ductas

1947 4716 2001 4770 in
2026 4713 2336 4787 paradisum
2356 4752 2370 4778 ,
2400 4708 2461 4766 ut
2487 4712 2583 4780 per
2608 4705 3098 4771 istam.Diabolus,
3126 4712 3180 4759 et
3207 4701 3401 4760 femina
3421 4745 3435 4767 ,
3464 4712 3520 4757 et

1950 4807 2053 4871 vir,
2084 4813 2139 4860 et
2163 4800 2636 4876 lignum's‘eientiae
2659 4799 2785 4854 boni
2815 4805 2869 4853 et
2895 4795 3021 4852 mali
3040 4837 3055 4859 ,
3085 4794 3305 4850 fuerunt
3336 4809 3525 4850 mucro

1949 4898 2264 4971 perditionis
2294 4894 2492 4950 nostrm
2519 4909 2532 4947 :
2564 4892 2734 4964 gratia
2779 4890 2912 4957 Dei,
2941 4897 2998 4945 et
3027 4888 3177 4960 virgo
3208 4901 3328 4957 quae
3363 4899 3525 4957 pepe-

1949 4991 2048 5055 rit,
2086 4997 2141 5045 et
2170 4988 2275 5053 vir,
2314 4994 2370 5042 et
2402 4986 2630 5058 lignum,
2669 4991 2794 5038 sunt
2828 4983 2884 5037 in
2923 4995 3084 5036 causa
3109 4978 3526 5034 restaurationis

1950 5091 2167 5145 nostrae,
2192 5086 2299 5136 nun
2323 5080 2524 5142 asinus,
2543 5094 2648 5132 non
2666 5076 2859 5131 mulier
2872 5071 3311 5135 haemorrh‘oissa,
3329 5084 3435 5124 non
3451 5067 3533 5122 la-

1952 5174 2054 5244 pis,
2076 5188 2183 5227 non
2204 5168 2475 5241 puteus'in
2497 5160 2964 5239 quo‘Samaritana
2989 5160 3274 5218 hauriebat
3297 5171 3490 5228 aquam
3506 5197 3522 5219 .

1955 5272 2011 5320 et
2037 5270 2228 5318 caetera
2268 5258 2418 5314 talia.
2455 5252 2567 5313 Sed
2604 5271 2709 5311 non
2743 5253 3001 5326 proderat
3021 5248 3169 5306 nasci
3193 5289 3209 5314 ,
3248 5247 3352 5302 nisi
3388 5245 3523 5300 mori

1954 5352 2276 5424 profuisset;
2300 5364 2408 5404 non
2429 5347 2573 5403 enim
2597 5345 2798 5401 frustra
2820 5341 2954 5398 dixit
2971 5336 3260 5410 Apostolus
3285 5352 3298 5389 :
3324 5331 3530 5401 Regna-

1957 5420 2025 5500 lu
2053 5459 2194 5498 more
2223 5441 2287 5496 ab
2312 5440 2481 5495 Adam
2507 5435 2761 5508 usquead
2789 5432 3035 5501 Moysen,
3062 5425 3302 5481 etiamin
3324 5436 3411 5474 eos
3435 5420 3524 5490 qui

1957 5552 2061 5590 non
2105 5538 2486 5604 peccaverunt,
2538 5526 2595 5582 in
2638 5520 3033 5580 similitudinem
3081 5511 3526 5587 pra’vart'cationis

1960 5600 2119 5689 Adae,
2147 5622 2237 5695 qui
2270 5630 2346 5676 cst
2372 5620 2541 5690 forma
2568 5614 2755 5686 futuri.
2786 5611 3037 5666 Formam
3079 5602 3244 5661 futuri
3285 5601 3413 5657 Adae
3453 5600 3527 5657 ita
