3890 6180
381 281 514 338 1031

381 395 502 464 lego
526 409 540 446 :
570 389 722 444 Sicut
751 384 956 455 primus
980 379 1150 432 Adam
1177 385 1342 430 causa
1377 371 1476 424 fuit
1508 367 1701 422 mortis
1726 373 1956 426 nostra,
1990 367 2040 422 Α

385 456 549 539 etiam
577 479 756 542 nobis,
781 473 872 543 qui
899 487 1005 525 non
1030 463 1476 522 manducavimus
1500 461 1566 515 de
1592 458 1736 528 ligno
1760 456 1955 519 vetito;

388 579 464 632 ita
486 574 733 630 Christus
753 575 838 621 est
862 576 1025 618 causa
1049 561 1174 614 vitae
1193 567 1426 610 atternaz.
1446 549 1693 606 Accessit
1718 545 1965 632 diabolus

393 631 463 720 ad
490 661 662 717 Adam
690 671 788 726 per
813 651 1068 707 feminam
1088 689 1103 711 ,
1132 654 1190 702 et
1218 643 1419 698 occidit
1443 655 1570 696 eum
1595 654 1610 704 ;
1638 635 1872 726 pulsavit
1897 631 1966 686 ad

393 752 593 808 ostium
619 725 746 800 Ada:
762 783 778 807 ,
805 740 1021 811 quando
1047 735 1316 807 suggessit
1344 733 1488 787 Evaz.
1522 727 1749 798 Aperuit
1769 725 1968 780 ostium

400 843 511 896 Eva
528 879 544 904 ,
570 845 625 894 et
646 850 745 904 per
770 832 916 887 illam
943 827 1166 883 intravit
1189 825 1257 879 ad
1283 823 1456 877 Adam
1472 861 1487 884 ,
1515 817 1670 889 quasi
1697 812 1970 904 suggestio

400 945 500 1002 per
531 903 876 983 dilectionem
916 920 984 974 ad
1024 929 1367 973 consensum.
1398 908 1646 965 Accessit
1670 905 1842 976 gratia
1870 903 1974 958 Do-

401 994 534 1076 mini
563 1016 630 1070 ad
658 1012 918 1083 virginem
949 1007 1176 1062 Mariam
1198 1045 1212 1070 ,
1241 1011 1298 1058 et
1319 999 1535 1072 paravit
1563 997 1666 1052 sibi
1696 994 1974 1049 habitacu-

401 1114 515 1168 lum
538 1110 596 1165 in
623 1108 842 1164 homine
869 1101 1108 1165 Christo,
1136 1106 1192 1153 et
1235 1095 1436 1152 revixit
1482 1104 1653 1162 genus
1680 1089 1976 1142 humanum

403 1204 547 1274 quod
571 1201 812 1256 occisum
835 1203 955 1251 erat
980 1195 1034 1248 in
1060 1191 1252 1247 Adam.
1275 1187 1500 1255 Insuper
1521 1182 1685 1238 etiam
1709 1176 1976 1274 diabolus,

403 1264 495 1363 qui
523 1291 688 1361 θα)ρῇ
710 1299 938 1357 regnare
960 1298 1059 1353 per
1082 1287 1311 1336 mortem
1337 1276 1393 1330 in
1419 1274 1592 1328 Adam
1608 1312 1624 1337 ,
1654 1267 1887 1324 accessit
1912 1264 1981 1320 ad

407 1358 688 1440 Christum
708 1419 723 1444 ,
749 1386 804 1432 et
830 1373 1056 1430 tentavit
1082 1385 1207 1426 eum
1238 1382 1337 1438 per
1363 1364 1584 1420 eosdem
1608 1359 1788 1414 aditus
1813 1358 1983 1444 intro-

411 1469 603 1532 eundi,
632 1481 729 1537 per
750 1477 886 1534 quos
915 1458 1146 1516 tentavit
1175 1455 1413 1526 primum
1437 1450 1642 1537 Adam,
1662 1454 1724 1537 Aet
1752 1459 1862 1537 n_on
1895 1443 1983 1496 in-

412 1557 563 1612 venit
591 1531 804 1610 ro-stium
849 1547 1120 1611 intrandi,
1165 1541 1415 1598 exclusus
1454 1544 1539 1592 est
1572 1534 1726 1590 foris.
1769 1531 1986 1586 Primus

415 1647 588 1700 Adam
628 1640 836 1710 accepit
875 1638 1076 1708 legem,
1117 1640 1177 1688 ut
1215 1645 1324 1685 non
1353 1625 1707 1682 manducaret
1735 1622 1802 1676 de
1839 1621 1985 1710 ligno

417 1720 656 1793 scientia:
683 1701 808 1788 boni
831 1737 889 1785 et
915 1701 1081 1792 mali;
1110 1725 1157 1780 si
1181 1721 1430 1777 obedirct
1452 1715 1711 1780 Domino,
1739 1712 1794 1766 in
1821 1725 1886 1766 ea
1911 1709 1988 1765 le-
2014 1701 2063 1761 B

419 1843 514 1898 ge,
541 1821 824 1896 praemium
864 1815 1186 1875 obedientia:
1211 1809 1517 1882 possideret
1545 1805 1601 1860 in
1626 1805 1794 1857 vitam
1834 1807 1992 1854 aeter-

421 1891 575 1980 nam;
605 1928 766 1983 quam
790 1912 906 1981 ipse
931 1905 1198 1980 perdidit,
1225 1911 1281 1958 et
1305 1914 1404 1955 nos
1425 1912 1524 1967 per
1550 1895 1720 1950 illum.
1759 1891 1990 1962 Lignum

420 2004 662 2061 scientia:
687 2001 814 2057 boni
848 2007 906 2054 et
942 1996 1068 2051 mali
1095 1992 1391 2050 secundum
1426 2001 1580 2043 suam
1608 1991 1858 2039 naturam
1883 1994 1992 2034 non

422 2093 610 2150 habuit
637 2099 868 2146 mortem
895 2088 950 2142 in
976 2101 1036 2140 se
1052 2125 1068 2151 ,
1095 2082 1190 2139 sed
1217 2081 1318 2135 fuit
1341 2079 1396 2134 in
1421 2091 1584 2134 causa
1611 2082 1672 2129 ut
1701 2074 1757 2128 iu
1782 2086 1848 2127 eo
1869 2084 1996 2140 pro-

421 2185 642 2239 baretur
665 2176 970 2235 obedientia
995 2172 1236 2246 parentis
1259 2168 1464 2234 nostri,
1490 2167 1606 2222 sive
1630 2165 1997 2220 vindicaretur

427 2267 810 2326 inobedientia.
838 2264 991 2320 Sicut
1014 2261 1159 2319 istud
1183 2261 1387 2331 lignum
1412 2257 1513 2312 fuit
1538 2256 1593 2311 in
1618 2268 1780 2309 causa
1805 2251 1999 2322 proba-

422 2359 606 2424 tionis,
629 2358 704 2412 ita
725 2356 926 2428 lignum
945 2353 1071 2409 vitae
1092 2353 1146 2407 in
1166 2365 1332 2407 causa
1355 2347 1703 2418 sempiterna:
1722 2343 1864 2398 vitae.
1883 2341 1998 2396 Hoc

423 2445 631 2518 lignum
673 2443 857 2500 attulit
894 2443 1052 2498 nobis
1077 2440 1338 2496 Dominus
1359 2445 1547 2493 noster
1572 2433 1730 2491 Iesus
1755 2431 2001 2488 Christus

423 2553 524 2610 per
561 2537 764 2608 lignum
805 2533 983 2590 crucis
1022 2533 1078 2586 in
1116 2528 1360 2586 Ecclesia
1385 2535 1574 2582 nostra
1599 2543 1612 2578 :
1640 2531 1701 2578 ut
1723 2521 1816 2594 qui
1839 2519 2002 2575 morti

428 2608 702 2686 debitores
727 2639 944 2680 eramus
968 2639 1066 2694 per
1091 2621 1297 2693 lignum
1323 2617 1566 2675 scientia:
1591 2612 1720 2671 boni
1745 2619 1800 2667 et
1837 2608 2000 2675 mali,

427 2718 631 2774 faceret
652 2731 751 2771 nos
778 2715 902 2770 vita:
929 2728 1155 2784 capaces
1180 2726 1278 2782 per
1317 2709 1521 2780 lignum
1563 2711 1766 2762 sanctae
1802 2699 2001 2757 crucis.

430 2810 584 2865 Sicut
604 2808 750 2863 enim
776 2805 983 2876 lignum
1005 2802 1243 2859 scientia:
1267 2799 1392 2855 boni
1418 2807 1473 2854 et
1497 2796 1626 2852 mali
1663 2809 1730 2850 ex
1771 2807 1871 2848 sua
1908 2805 2006 2846 na-

433 2910 556 2954 tura
585 2915 694 2954 non
719 2898 910 2953 habuit
931 2904 1164 2951 mortem
1185 2935 1201 2960 ,
1229 2894 1302 2948 ita
1326 2893 1528 2963 lignum
1553 2890 1694 2945 unde
1716 2887 1872 2944 nobis
1894 2885 2005 2940 vita

429 2987 757 3056 sempiterna
783 2984 1117 3048 conceditur,
1149 2997 1254 3037 non
1279 2998 1348 3037 ex
1382 2995 1440 3036 se
1480 2979 1644 3034 habet
1667 2977 1808 3032 hanc
1833 2975 2004 3030 virtu-

435 3083 574 3138 tem,
603 3073 699 3128 sed
721 3089 789 3127 ex
812 3071 955 3126 illius
979 3071 1197 3134 virtute,
1222 3069 1313 3138 qui
1329 3108 1344 3134 ,
1369 3067 1413 3123 si
1437 3065 1682 3121 inﬁrmus
1701 3064 1803 3119 fuit
1821 3078 1888 3119 ex
1909 3077 2006 3120 no-

434 3163 547 3226 bis,
575 3161 708 3216 vivit
731 3177 796 3217 ex
823 3161 1022 3215 virtute
1045 3158 1162 3223 Dei,
1185 3156 1274 3212 cui
1292 3156 1479 3211 virtuti
1503 3168 1783 3224 nunquam
1807 3161 1864 3208 et
1887 3167 2010 3208 nus-

434 3269 596 3324 quam
626 3260 803 3322 potest
829 3249 1030 3305 resisti.
1071 3247 1246 3318 Cmpit
1272 3259 1497 3318 regnare
1518 3259 1665 3300 mors
1687 3252 1741 3299 et
1763 3244 2010 3300 diabolus

435 3344 506 3398 ab
529 3341 891 3398 inobcdientia
916 3339 1044 3410 ligni
1071 3337 1313 3393 scientiae
1335 3334 1463 3391 boni
1486 3341 1540 3389 et
1561 3333 1690 3388 mali
1717 3351 1730 3386 :
1756 3339 2010 3402 superata

441 3442 528 3490 est
561 3433 750 3488 eadem
791 3445 939 3487 mors
972 3437 1028 3483 et
1065 3425 1310 3482 diabolus
1346 3438 1445 3494 per
1481 3421 1846 3478 obedientiam
1879 3419 2013 3492 ligni

436 3535 637 3582 sancta:
666 3523 863 3579 crucis.
905 3519 1057 3576 Sicut
1079 3518 1226 3574 enim
1253 3516 1362 3570 Deo
1387 3513 1588 3585 placuit
1615 3527 1787 3583 genus
1815 3512 2011 3566 huma-

439 3629 567 3670 num
593 3621 900 3669 restaurare
919 3625 1016 3681 per
1039 3608 1285 3664 eamdem
1310 3613 1560 3660 naturam
1585 3617 1683 3673 per
1706 3616 1868 3672 quam
1893 3615 2013 3671 per-

446 3703 558 3758 dita
592 3710 739 3768 erat,
779 3700 833 3755 id
857 3707 969 3765 est,
996 3714 1093 3769 per
1118 3698 1408 3752 humanam
1433 3710 1448 3761 ;
1479 3693 1556 3749 ita
1593 3692 1850 3748 virtutem
1877 3691 2009 3746 obe-

442 3793 687 3858 dientiaa,
715 3806 832 3861 qum
866 3798 1120 3858 corrupta
1157 3795 1277 3842 erat
1310 3787 1366 3841 in
1396 3785 1567 3839 Adam
1601 3791 1823 3854 propter
1856 3797 2009 3838 esum

443 3883 606 3950 ligni,
631 3898 728 3952 per
752 3880 1132 3935 abstinentiam
1155 3878 1319 3943 illius,
1344 3876 1436 3947 qui
1461 3874 1719 3931 obediens
1743 3873 1842 3928 fuit
1864 3871 2010 3926 Patri

441 3971 498 4024 in
517 3970 661 4040 ligno
678 3971 873 4026 crucis.
895 3968 1045 4024 Sicut
1062 3969 1208 4024 enim
1230 3967 1320 4023 illa
1337 3965 1643 4021 obedientia
1661 3963 1821 4034 primi
1837 3962 2008 4018 Adam

441 4061 691 4116 omnibus
730 4059 1049 4131 profuisset,
1091 4059 1137 4114 si
1175 4063 1520 4129 permaneret
1561 4070 1730 4125 usque
1771 4055 1838 4110 ad
1877 4069 2014 4124 prae-

443 4151 616 4210 mium
639 4191 654 4215 ,
683 4165 792 4220 quo
817 4164 923 4205 non
945 4149 1113 4220 possit
1135 4162 1363 4219 peccare
1389 4159 1557 4217 genus
1579 4144 1874 4199 humanum
1895 4182 1910 4208 ,
1938 4142 2010 4196 ita

448 4245 550 4300 ista
575 4243 822 4299 omnibus
847 4241 1262 4312 respicientibus
1276 4239 1344 4294 ad
1367 4237 1515 4293 illam
1539 4235 1787 4307 prodest:
1806 4234 2012 4305 primus

444 4335 616 4391 Adam
644 4334 1018 4390 inohcdientize
1045 4346 1303 4388 mucrone
1329 4329 1647 4386 interfectus
1672 4336 1758 4385 est
1794 4343 1826 4382 a
1867 4327 2012 4396 ligno

1372 250 1710 312 AMALARII
1743 241 2181 305 PRESBYTERI
2221 239 2566 300 METENSIS

3495 225 3654 284 ωδε

2192 361 2374 408 Arcton
2389 358 2566 407 dextra
2591 361 2748 412 tenet,
2773 351 2982 400 medium
3003 345 3121 395 leva
3134 346 3292 412 erigit
3303 357 3470 404 axem,

2187 421 2468 482 Cunctaque
2482 418 2545 465 de
2561 408 2793 464 membris
2812 415 2925 462 vivit
2947 416 3118 460 natura
3141 408 3338 457 creatis.

2069 544 2220 599 lianc
2261 551 2505 598 sanctam
2531 553 2748 594 crucem
2775 545 2919 591 totus
2945 535 3179 590 mundus
3203 533 3394 587 adoret
3419 531 3519 601 qui
3549 544 3661 600 per

2068 649 2190 688 eam
2239 634 2550 701 redemptus
2589 637 2702 694 est,
2738 625 3076 697 deprecando
3108 623 3262 678 illum
3288 622 3376 675 cui
3402 628 3664 690 potestas

2069 734 2156 780 est
2177 725 2434 778 virtutem
2458 735 2611 775 suam
2636 718 2878 773 tribuere
2901 714 3197 772 secundum
3219 727 3374 767 suam
3401 712 3664 767 volunta-

2071 824 2216 878 tem,
2254 813 2409 882 juxta
2450 809 2594 880 quod
2639 806 2908 878 disposuit
2949 812 3076 860 ante
3106 801 3306 858 saecula
3348 801 3665 869 unicuique

2074 910 2357 958 creaturae.
2554 939 2562 950 .

2663 986 2892 1044 CAPUT
2929 985 3044 1039 XV.

2079 1103 2157 1159 De
2182 1099 2582 1176 prwsemalione
2605 1099 2841 1176 corporis
2871 1095 3082 1150 Domini
3111 1095 3166 1148 in
3195 1094 3373 1158 altari,
3391 1103 3438 1146 et
3469 1091 3665 1146 colicis

2490 1185 2607 1224 cum
2634 1170 2752 1223 vino
2779 1183 2881 1222 non
2907 1173 3228 1220 consecrato.

2152 1301 2209 1355 In
2233 1299 2481 1369 superius
2501 1304 2802 1352 memorato
2825 1293 2962 1351 libro
2983 1294 3165 1350 inveni
3185 1285 3452 1362 scripturn
3467 1302 3530 1346 ut
3550 1293 3666 1347 duo

2082 1389 2386 1462 presbyteri
2425 1386 2654 1442 alI'erant
2683 1394 2807 1456 post
2841 1383 3219 1440 salutationem
3254 1383 3428 1437 crucis
3453 1397 3666 1452 corpus

2087 1479 2331 1545 Domini,
2352 1479 2493 1550 quod
2515 1477 2686 1547 pridie
2707 1484 3042 1532 reservatum
3063 1473 3164 1528 fuit
3180 1514 3194 1539 ,
3214 1480 3271 1527 et
3289 1472 3512 1528 calicem
3532 1488 3663 1526 mm

2085 1571 2213 1625 vino
2239 1582 2346 1624 non
2373 1577 2711 1632 consecrato,
2741 1565 2884 1637 quod
2910 1572 3036 1620 tunc
3060 1571 3425 1627 consecretur,
3451 1571 3510 1616 et
3535 1561 3665 1617 inde

2090 1659 2456 1715 communicet
2491 1655 2738 1729 populus.
2771 1657 2847 1711 De
2874 1669 2978 1725 qua
3005 1653 3381 1710 observatione
3423 1653 3664 1707 interro-

2092 1751 2213 1822 gavi
2239 1749 2543 1804 Romanum
2566 1745 3031 1811 archidiaconum,
3058 1754 3113 1800 et
3138 1743 3227 1799 ille
3253 1743 3571 1812 respondit:
3602 1743 3662 1796 In

2093 1858 2155 1898 ea
2195 1841 2430 1897 statione
2467 1839 2563 1895 ubi
2597 1837 2926 1909 apostolicus
2969 1836 3170 1890 salutat
3208 1849 3458 1899 crucem,
3501 1849 3662 1888 nemo

2093 1929 2167 1987 ibi
2194 1930 2576 1986 communicat.
2601 1928 2703 1996 Qui
2735 1926 2893 1996 juxta
2928 1924 3172 1982 ordinem
3196 1925 3364 1981 libelli
3386 1941 3486 1995 per
3514 1940 3662 1980 com-

2094 2022 2403 2078 mistionem
2433 2020 2592 2092 panis
2611 2029 2665 2076 et
2682 2021 2795 2076 vini
2816 2027 3099 2076 consecrat
3117 2020 3324 2084 vinum,
3347 2034 3455 2073 non
3477 2020 3661 2074 obser-

2093 2123 2187 2171 vat
2209 2112 2554 2170 traditionem
2581 2111 2838 2170 Ecclesias
2855 2153 2870 2180 ,
2899 2112 2966 2167 de
2989 2127 3096 2182 qua
3122 2110 3258 2165 dicit
3279 2109 3625 2165 Innocentius
3642 2151 3658 2174 ,

2097 2207 2200 2263 isto
2219 2205 2384 2261 biduo
2405 2211 2746 2260 sacramenta
2767 2203 2982 2275 penitus
3006 2217 3114 2258 non
3134 2201 3420 2257 celebrari.
3444 2199 3666 2256 Percus-

2097 2313 2191 2353 sus
2217 2304 2301 2352 est
2324 2303 2532 2367 pastor,
2568 2309 2699 2351 oves
2722 2293 2902 2366 gregis
2926 2292 3198 2362 dissipata:
3230 2297 3376 2347 sunt.
3418 2291 3664 2346 Pastores

2099 2387 2191 2457 qui
2214 2383 2464 2442 videntur
2486 2399 2610 2440 esse
2632 2385 2688 2439 in
2712 2383 2985 2449 Ecclesia,
3014 2381 3379 2437 declinatione
3401 2382 3485 2435 sui
3511 2381 3664 2436 cilicii

2100 2479 2475 2534 demonstrant
2499 2485 2700 2532 statum
2725 2475 2868 2531 illius
2893 2474 3179 2546 temporis,
3207 2474 3300 2544 qui
3326 2482 3453 2528 tunc
3477 2473 3667 2544 ageba-

2101 2577 2191 2624 tur
2215 2569 2354 2640 apud
2378 2567 2666 2638 discipulos
2691 2567 2911 2623 Christi.
2942 2566 3202 2622 Dominus
3226 2567 3371 2621 enim
3396 2566 3533 2620 dixit
3567 2566 3668 2636 pri-

2102 2660 2190 2716 die
2222 2674 2238 2714 :
2267 2658 2392 2715 Non
2432 2659 2606 2714 bibam
2630 2659 2696 2715 de
2720 2660 2816 2714 hoc
2841 2659 3096 2731 genimine
3120 2659 3236 2713 vitis
3258 2698 3275 2725 ,
3301 2658 3463 2713 donec
3503 2657 3668 2711 bibant

2102 2750 2237 2806 illud
2264 2750 2526 2805 vobiscum
2557 2766 2744 2805 novum
2767 2766 2786 2805 :
2815 2751 2958 2820 quod
2981 2747 3294 2805 manifestat
3332 2755 3513 2803 actum
3553 2763 3669 2803 esse

2104 2841 2265 2897 lectio
2287 2856 2407 2913 qua:
2427 2841 2625 2912 legitur
2642 2842 2877 2897 secunda
2898 2840 3032 2896 feria
3053 2850 3178 2910 post
3197 2839 3405 2894 Pascha
3429 2839 3665 2903 Domini,

2107 2931 2319 2988 dicente
2357 2929 2517 2985 Petro
2545 2947 2560 2982 :
2610 2927 2777 2983 Nobis
2802 2927 2892 3000 qui
2921 2927 3354 2982 manducavimus
3380 2935 3425 2980 et
3451 2926 3670 2980 bibims

2030 3047 2076 3112 α
2107 3038 2226 3078 cum
2251 3021 2364 3087 illo,
2391 3030 2665 3093 postquam
2695 3019 2979 3075 resurrexit
3004 3035 3038 3073 a
3062 3019 3305 3073 mortuis.
3349 3017 3521 3073 Batus
3545 3018 3672 3073 ordo

2109 3123 2195 3171 est
2219 3123 2282 3169 ut
2303 3121 2682 3185 exspectemus
2707 3126 2877 3182 usque
2905 3111 3033 3167 dum
3058 3109 3323 3165 Dominus
3347 3117 3531 3164 noster
3550 3123 3674 3163 con-

2111 3214 2291 3263 secret
2323 3212 2668 3261 sacramenta
2693 3203 2939 3274 corporis
2965 3211 3021 3258 et
3044 3203 3325 3274 sanguinis
3347 3201 3430 3257 sui
3463 3201 3519 3256 in
3551 3215 3674 3256 cru—

2112 3313 2207 3366 ce,
2243 3307 2300 3354 et
2335 3313 2474 3354 nova
2498 3312 2562 3354 ea
2597 3295 2764 3351 faciat
2803 3311 2904 3368 per
2929 3295 3384 3351 resurrectionem
3409 3310 3560 3350 suam
3583 3310 3597 3348 :
3623 3304 3674 3350 et

2114 3388 2193 3443 sic
2230 3387 2444 3443 tandem
2479 3385 2867 3441 manducemus
2901 3393 2956 3440 et
2991 3384 3241 3440 bibamus
3267 3375 3671 3439 saluberrimum

2113 3477 2247 3534 illud
2283 3486 2715 3541 sacramentum,
2752 3491 2858 3531 non
2889 3474 3000 3544 jam
3024 3473 3248 3545 pransi,
3272 3473 3413 3544 quod
3449 3472 3670 3543 apostoli

2113 3566 2358 3622 fecerunt
2383 3567 2436 3620 in
2459 3580 2615 3621 coena
2639 3565 2883 3630 Domini,
2909 3565 3002 3620 sed
3021 3562 3214 3636 jejuni.
3251 3563 3319 3618 Et
3355 3565 3458 3620 isto
3493 3563 3670 3618 ordine

2110 3665 2237 3726 post
2270 3655 2652 3711 salutationem
2692 3654 2871 3710 crucis
2907 3661 3119 3725 oportet
3161 3653 3402 3723 singulos
3441 3665 3671 3709 remeare

2113 3745 2181 3799 ad
2221 3759 2340 3800 sua.

2699 3833 2928 3891 CAPUT
2967 3833 3104 3890 XVI.

2327 3927 2402 3982 De
2430 3937 2613 3982 octava
2641 3927 2890 3981 varietate
2914 3941 3030 3996 qui:
3057 3925 3117 3994 ﬁt
3144 3925 3230 3978 die
3254 3922 3472 3978 sabbati.

2184 4059 2386 4116 Octava
2421 4057 2657 4113 varietas
2689 4065 2774 4111 est
2804 4056 2860 4109 in
2887 4055 3114 4110 sabbato
3137 4061 3350 4109 sancto.
3388 4047 3507 4104 Heri
3531 4055 3658 4101 retu-

2114 4154 2277 4209 limus
2315 4167 2385 4207 ex
2425 4149 2786 4206 decretalibus
2826 4147 3124 4204 Innocentii
3181 4162 3336 4218 papa:
3383 4144 3531 4202 hodie
3563 4155 3660 4196 nol

2114 4243 2376 4301 celebrari
2403 4243 2625 4297 missam
2644 4283 2659 4309 ,
2685 4241 2830 4312 quod
2852 4241 2928 4296 ita
2955 4254 3076 4295 esse
3101 4238 3457 4308 comperimus
3477 4249 3540 4289 ex
3560 4229 3662 4286 οῦ-

2115 4337 2201 4393 cio
2242 4335 2536 4401 hodierno,
2560 4333 2703 4404 quod
2731 4341 2898 4390 totam
2936 4340 3150 4387 noctem
3173 4329 3404 4386 illustrat
3423 4327 3656 4382 futuram.

443 4426 682 4480 scientia:
719 4423 848 4480 boni
873 4432 928 4480 et
954 4422 1083 4478 mali
1109 4438 1124 4488 ;
1151 4421 1423 4478 secundus
1459 4417 1632 4476 Adam
1656 4433 1754 4490 per
1776 4416 1999 4488 palmam

2117 4425 2342 4498 Oportet
2364 4433 2425 4480 ut
2447 4426 2552 4481 hoc
2573 4425 2847 4480 discamus
2871 4437 2937 4478 ex
2962 4422 3138 4493 prima
3161 4418 3557 4478 consecratione
3577 4427 3659 4468 ce-

444 4513 763 4568 ohedientize
806 4527 837 4566 a
877 4526 1042 4567 cruce
1080 4510 1332 4566 transivit
1369 4510 1425 4565 in
1448 4509 1616 4565 vitam
1639 4519 1898 4564 aeternam
1919 4547 1934 4574 ,
1962 4515 2019 4562 et

447 4618 548 4658 nos
583 4618 766 4658 secum
801 4601 977 4658 duxit.
1007 4600 1160 4668 Quod
1185 4601 1332 4656 enim
1356 4607 1475 4655 erat
1496 4599 1627 4669 Adae
1652 4599 1830 4668 primo
1856 4597 2020 4654 desti-

448 4681 630 4746 natum
651 4707 749 4761 per
771 4691 972 4763 lignum
995 4690 1120 4746 vita:
1138 4730 1154 4756 ,
1177 4698 1237 4744 ut
1257 4688 1488 4745 feliciter
1512 4689 1715 4745 viveret
1740 4687 1788 4742 si
1811 4686 1867 4740 in
1892 4687 2021 4742 obe-

444 4779 644 4834 dientia
663 4781 871 4835 Domini
890 4789 1287 4850 perseveraret,
1301 4781 1404 4835 hoc
1423 4779 1578 4834 nobis
1598 4793 1742 4833 nunc
1758 4777 2018 4832 tributum

445 4883 529 4924 est
542 4887 638 4940 per
650 4872 848 4942 lignum
871 4872 1014 4941 quod
1036 4869 1284 4927 Christus
1297 4871 1551 4926 obediens
1565 4869 1620 4923 in
1636 4877 1821 4924 nostra
1835 4868 2020 4923 Eccle-

447 4959 527 5012 sia
553 4961 831 5029 plantavit.
862 4961 1017 5017 Unde
1042 4977 1148 5018 non
1173 4961 1447 5018 immerito
1471 4976 1606 5016 crux
1629 4959 1842 5015 vivifica
1866 4975 2020 5016 voca-

450 5060 557 5105 tur.
601 5052 770 5107 Adam
810 5055 1042 5124 perditio
1079 5071 1177 5128 per
1213 5062 1447 5126 quatuor
1487 5061 1673 5125 partes
1711 5052 1895 5106 mundi
1934 5052 2017 5108 di-

448 5157 634 5209 spersa
676 5151 826 5207 erat,
867 5142 1039 5197 Adam
1077 5143 1306 5198 salvatio
1347 5149 1578 5212 quatuor
1613 5149 1798 5211 partes
1833 5139 2019 5195 mundi

449 5230 860 5300 comprehendit
884 5239 1090 5285 statura
1114 5230 1358 5299 corporis
1379 5229 1463 5286 sui
1482 5229 1537 5285 in
1553 5229 1716 5302 ligno.
1747 5229 1897 5286 Unde
1923 5227 2020 5283 Se-

451 5321 629 5376 dulius
654 5320 708 5374 in
738 5319 979 5376 Paschali
1009 5320 1286 5376 carmine:

574 5451 812 5521 Quattuor
837 5453 948 5503 inde
971 5451 1373 5521 plagasquadratl
1391 5453 1579 5521 eplliglt
1589 5455 1769 5521 prbis:

573 5514 868 5573 Splendidus
886 5514 1098 5565 auctoris
1117 5514 1183 5566 de
1201 5518 1386 5565 vertice
1408 5514 1564 5573 fulgét
1589 5515 1718 5565 Eous

579 5574 790 5623 Oceiduo
815 5587 962 5626 sacra
982 5575 1256 5626 lambuntur
1273 5578 1440 5628 sidere
1464 5574 1656 5639 plantat.

2119 4518 2232 4584 rei,
2260 4531 2381 4586 quae
2407 4515 2575 4571 dicit:
2606 4513 2737 4570 Hm:
2776 4529 2911 4579 nox,
2939 4512 2995 4567 in
3018 4530 3124 4584 qua
3159 4509 3431 4567 destructis
3467 4501 3659 4561 vinculis

2119 4609 2321 4665 mortis.
2343 4608 2410 4663 Et
2430 4608 2626 4664 iterum
2651 4625 2664 4660 :
2691 4605 2821 4661 Hac
2844 4621 2950 4660 nox
2967 4613 3076 4670 est,
3099 4604 3164 4658 de
3186 4619 3291 4675 qua
3313 4602 3550 4672 scriptam
3565 4604 3630 4650 es!
3644 4631 3659 4654 ο

2118 4709 2168 4755 et
2194 4716 2299 4754 nox
2321 4709 2379 4753 ut
2414 4699 2525 4752 dies
2549 4695 2955 4751 illaminabitnr.
2986 4694 3194 4765 Vigilia:
3219 4693 3442 4764 agenda
3467 4695 3583 4745 sunt
3612 4685 3660 4738 in

2123 4797 2283 4846 nocte
2309 4797 2370 4844 ut
2392 4804 2461 4844 ex
2488 4787 2811 4843 auctoritate
2835 4785 3059 4840 Patrum
3085 4783 3396 4840 recolimus.
3422 4781 3554 4838 Dicit
3570 4778 3662 4830 An-

2121 4883 2371 4953 gustinus
2393 4897 2460 4936 ex
2487 4893 2738 4936 sermone
2761 4880 2828 4934 ad
2852 4877 3106 4948 pOpulum
3134 4876 3187 4930 in
3213 4875 3414 4947 vigiliis
3432 4871 3662 4928 Pascha:

2123 4971 2419 5026 Dicendum
2445 4977 2532 5025 est
2554 4985 2654 5024 cur
2680 4977 2826 5024 tanta
2850 4967 3192 5030 celebritate,
3219 4965 3478 5020 hodierna
3514 4957 3665 5032 polis:

2123 5061 2322 5116 simum
2359 5069 2549 5124 nocte,
2589 5059 2799 5130 vigilias
2833 5057 3183 5112 celebremus.
3221 5055 3377 5123 Quod
3411 5056 3494 5110 die
3527 5049 3671 5107 tertio

2125 5152 2422 5206 resurrexit
2446 5167 2476 5206 a
2505 5152 2733 5207 mortuis
2774 5151 3032 5207 Dominus
3060 5149 3311 5205 Christus
3329 5190 3344 5213 ,
3371 5147 3543 5204 nullus
3564 5159 3670 5198 am-

2126 5243 2261 5314 bigit
2283 5241 2642 5297 Christianus.
2673 5240 2786 5295 Hac
2811 5248 2988 5294 autem
3013 5247 3170 5294 nocte.
3195 5239 3298 5295 hoc
3328 5238 3521 5292 factum
3544 5247 3674 5293 esse.

2129 5341 2374 5389 sanctum
2420 5328 2766 5400 Evangelium
2807 5337 3160 5384 contestatur.
3215 5327 3282 5381 Et
3327 5327 3482 5398 paulo
3524 5331 3672 5395 poStI

2130 5424 2280 5479 Illam
2306 5430 2516 5477 noctem
2543 5421 2753 5492 agimus
2777 5419 3070 5489 vigilando,
3098 5435 3204 5489 qua
3236 5419 3490 5474 Dominus
3511 5426 3678 5470 resur-

2132 5515 2305 5580 rexit,
2341 5522 2396 5568 et
2431 5512 2574 5566 illam
2618 5511 2814 5575 vitam,
2860 5510 2926 5564 de
2967 5525 3072 5579 qua
3113 5509 3274 5579 paulo
3312 5519 3439 5564 ante
3479 5504 3680 5560 diceba-

2137 5620 2284 5671 mus,
2329 5603 2670 5667 meditamnr,
2711 5601 2800 5656 ubi
2841 5615 2940 5655 nec
2977 5614 3122 5654 mors
3163 5598 3304 5665 ulla,
3347 5614 3442 5654 nec
3473 5603 3685 5651 somnus
