3890 6180
279 328 421 387 1035

1059 324 1146 380 DE
1180 286 1733 383 accensusncis
1772 292 2066 414 omcus
2103 328 2285 386 unm
2322 331 2412 387 tv.
2449 360 2520 372 -
2556 328 2684 387 LIB.
2725 330 2767 396 ι.

3412 334 3552 390 1054

274 448 393 507 est,
435 451 602 510 quam
646 436 702 494 in
744 449 844 491 sua
886 449 1051 493 carne
1089 437 1249 493 nobis
1274 436 1585 502 inchoavit,
1605 453 1767 506 quam
1790 438 1871 495 sic
1899 444 1950 504 Α
1974 444 2178 515 ςειεςεί
2207 454 2335 503 sunt
2366 444 2651 503 ﬁliilsrael
2680 447 2737 502 in
2776 462 2941 505 manu
2983 450 3243 509 excelsa:
3293 450 3359 506 Et
3394 452 3557 522 paulo

273 529 541 587 excitavit
566 544 599 584 a
626 528 857 584 mortuis
875 568 891 594 ,
919 538 980 584 ut
999 527 1113 597 jam
1141 544 1250 585 non
1275 529 1562 597 moriatur,
1588 546 1687 589 nec
1718 546 1870 588 mors

273 623 326 677 ci
354 621 503 676 ultra
531 618 862 675 dominetur.
897 618 971 689 Et,
989 620 1188 679 iterum
1215 621 1353 689 :pCui
1381 621 1682 691 resurgeati
1708 623 1885 695 paulo.

274 712 487 770 diutius
510 710 785 781 vigilando
821 710 1164 767 concipimus
1183 751 1199 778 ,
1220 712 1508 782 praestabit
1533 722 1594 777 ut
1619 729 1742 771 cum
1776 713 1869 768 illo

275 805 398 861 sine
420 801 531 875 fine
552 800 782 856 vivendo
806 816 1117 873 regnemus.
1146 802 1255 859 Sed
1275 810 1331 858 et
1351 804 1398 859 si
1425 802 1565 863 forte
1586 805 1671 875 his
1694 806 1868 869 horis,

275 892 478 963 quibus
504 906 602 946 nos
625 889 876 946 ducimus
898 890 1069 947 istam
1089 890 1328 963 vigiliam
1342 932 1360 958 ,
1384 891 1533 948 illius
1553 893 1734 965 adhuc
1755 876 1873 949 cor-

275 997 381 1053 pus
414 982 471 1035 in
501 978 751 1050 sepulcro
775 988 924 1047 erat,
952 980 1304 1053 nondumque
1328 991 1742 1050 resurrexerat,
1768 1000 1871 1051 nec

276 1074 357 1128 sic
382 1071 663 1143 vigilando
689 1086 878 1126 sumus
904 1071 1190 1151 incongrui
1210 1113 1227 1138 ,
1255 1073 1383 1144 quia
1408 1072 1500 1130 ille
1527 1074 1788 1131 dormivit
1813 1082 1872 1129 ut

275 1164 595 1236 vigilemus,
626 1162 721 1233 qui
760 1172 842 1219 est
878 1171 1128 1219 mortuus
1162 1171 1225 1219 ut
1247 1163 1574 1221 viveremus.
1605 1163 1872 1238 Hierony-

276 1281 404 1320 mus
441 1265 645 1325 horam.
676 1269 882 1318 certam
908 1261 1217 1335 vigiliarum
1251 1261 1592 1321 demonstrat
1630 1261 1686 1318 in
1711 1261 1873 1317 Com-

278 1355 566 1413 mentariis
609 1353 901 1429 Matthxi,"
938 1352 1215 1415 dicendo:
1265 1352 1512 1429 Traditio
1557 1350 1869 1408 Iudaeorum

180 1517 189 1526 .
279 1458 366 1503 est
386 1489 402 1512 ,
430 1445 715 1505 Christum
745 1446 802 1503 in
829 1444 1008 1501 media
1036 1452 1198 1501 nocte
1220 1452 1506 1509 venturum
1535 1445 1588 1499 in
1618 1444 1872 1501 similitu-

280 1539 408 1612 dine
433 1536 676 1611 Egyptii
706 1536 967 1608 temporis
998 1554 1010 1590 :
1044 1537 1262 1607 quando
1282 1534 1511 1613 ’Pascha
1536 1536 1871 1592 celebratum

279 1641 398 1695 est,
424 1629 826 1695 exterminator
850 1629 1000 1685 venit
1022 1636 1079 1685 et
1114 1629 1377 1711 Dominus
1408 1644 1574 1700 super
1617 1629 1873 1697 taberna-

278 1722 402 1782 cnla
450 1721 702 1789 transiit,
749 1726 805 1779 et
850 1719 1113 1788 sanguine
1145 1718 1285 1790 Λευὶ
1324 1728 1511 1790 postes
1554 1727 1870 1778 nostrarum

1968 542 2122 603 post:
2148 534 2205 591 In
2230 550 2416 597 niense
2434 537 2614 611 primo
2633 539 2849 609 quando
2874 538 3051 603 hiems
3069 541 3331 613 prteteriit
3349 552 3405 599 et
3425 541 3512 597 abi
3537 552 3559 597 t

1971 624 2074 681 sibi
2094 665 2112 690 ,
2138 626 2355 696 quando
2379 627 2525 683 veris
2546 626 2835 685 exordium
2858 636 2978 696 est,
3002 631 3221 701 quando
3245 643 3442 687 cuncta
3472 648 3559 687 rc-

1970 726 2263 785 novamur,
2282 719 2501 777 eximus
2520 719 2713 790 quinta
2737 721 2946 781 decima
2971 722 3059 779 die
3080 725 3289 785 mensis
3312 724 3475 794 primi
3498 724 3557 783 in

1969 808 2271 867 crastinum
2297 807 2551 876 Paschae,
2570 810 2741 879 pleno
2767 812 2972 869 mensis
2997 812 3201 869 lumine
3238 822 3364 884 post
3401 830 3554 873 esum

1970 900 2095 969 κλειδὶ
2136 900 2503 967 unmaculati,
2548 911 2609 958 et
2647 903 2890 971 iterum:
2936 904 3005 959 Et
3028 905 3416 976 proﬁciscentes
3448 905 3551 974 ﬁlii

1972 988 2144 1049 Israel
2167 990 2233 1047 de
2256 1000 2399 1045 terra
2423 990 2697 1059 Ramesse,
2727 997 3086 1051 castrametati
3109 1006 3233 1053 sunt
3256 997 3312 1051 in
3337 995 3555 1053 Socoth.

1970 1078 2040 1133 Et
2061 1088 2187 1149 post
2203 1094 2377 1151 pauca
2403 1098 2419 1137 :
2450 1078 2687 1152 Profecti
2712 1082 2777 1137 de
2801 1082 2993 1139 δοροιή
3012 1125 3027 1151 ,
3053 1088 3413 1143 castramcwu'
3436 1099 3558 1143 sunt

1969 1172 2029 1227 in
2053 1171 2252 1240 ειΙιωι,
2275 1190 2393 1245 qua:
2417 1184 2492 1228 est
2516 1175 2574 1230 in
2602 1185 2835 1231 extremo
2854 1176 3178 1233 solitudinis.
3204 1177 3388 1234 Tertia
3413 1195 3565 1234 mau-

1971 1262 2054 1318 sio
2078 1261 2303 1320 oil‘ertur
2324 1273 2451 1334 post
2476 1265 2849 1332 tabernacula,
2877 1266 2932 1321 in
2959 1282 3065 1336 qua
3087 1268 3323 1340 primum
3347 1269 3562 1331 videtur

1973 1351 2320 1423 Dominusin
2351 1362 2510 1410 nocte
2540 1355 2598 1413 in
2645 1355 2899 1423 columna
2928 1357 3067 1428 ignis
3087 1397 3101 1422 ,
3131 1367 3185 1413 ct
3210 1374 3307 1431 per
3334 1358 3475 1414 diem
3502 1358 3559 1413 in

1971 1444 2227 1505 columna
2266 1446 2460 1510 nubis,
2503 1454 2564 1505 ut
2604 1449 3213 1521 prmcedatpopulum,
3237 1458 3295 1504 et
3330 1450 3442 1506 dux
3480 1450 3565 1505 iti-

1971 1538 2121 1597 neris
2140 1537 2264 1605 ﬁat.
2294 1538 2471 1601 Ethau
2491 1578 2508 1606 ,
2535 1540 2694 1594 nobis
2720 1549 2943 1597 resonat
2968 1540 3235 1599 fortitudo
3253 1550 3421 1611 atque
3440 1557 3565 1613 per-

1972 1626 2156 1699 fectio.
2201 1625 2269 1681 Et
2299 1625 2541 1699 iterum:
2568 1626 2947 1701 Praeparemus
2973 1630 3130 1687 nobis
3150 1628 3563 1697 fortitudinem,

1972 1732 2317 1777 assumamus
2332 1715 2643 1794 perfectum
2665 1717 2833 1774 robur
2859 1727 2921 1774 ut
2958 1718 3102 1777 inter
3133 1735 3386 1779 errorum
3414 1731 3564 1778 tene-

278 1820 544 1876 t‘rontium
585 1816 889 1883 consecrati
927 1822 1074 1879 sunt.
1104 1813 1260 1871 Unde
1284 1829 1411 1871 reor
1435 1822 1492 1870 et
1518 1811 1865 1871 traditionem
1896 1815 1944 1874 B
1975 1808 2102 1865 bras
2119 1851 2136 1874 ,
2162 1816 2225 1863 et
2244 1806 2622 1887 confusionem
2648 1809 2826 1881 noctis
2850 1810 3202 1873 conscientia:
3222 1811 3444 1885 Christi
3487 1814 3566 1869 lu-

273 1910 634 1981 apostolicam
668 1906 1064 1979 permansisse,
1090 1913 1153 1961 ut
1187 1905 1275 1961 die
1304 1904 1609 1975 vigiliarum
1648 1902 1869 1961 Pascha:

274 2009 408 2056 ante
447 1998 625 2057 noctis
665 1996 949 2073 dimidium
982 1994 1210 2071 populos
1246 1994 1523 2051 dimittere
1558 2009 1668 2050 non
1707 1994 1870 2049 liceat

274 2096 661 2161 exspectantes
703 2086 997 2145 adventum
1031 2082 1237 2140 Christi
1265 2100 1287 2151 λ
1320 2091 1377 2138 et
1411 2091 1703 2155 postquam
1740 2081 1870 2153 illud

273 2189 496 2250 tempus
546 2172 863 2247 tran’sierit,
908 2175 1204 2231 securitate
1243 2183 1576 2247 prtesumpta
1604 2213 1619 2240 ,
1668 2171 1869 2235 festum

273 2270 498 2326 cunctis
531 2267 817 2341 agentibus
843 2265 1007 2321 diem.

778 2342 781 2345 “
818 2404 823 2415 ,
852 2350 1083 2413 CAPUT
1126 2352 1292 2415 xvu.
1508 2416 1515 2421 ,

520 2449 600 2504 De
628 2449 779 2520 agnis
809 2447 875 2504 de
903 2464 1022 2503 cera
1052 2445 1209 2517 factis
1243 2444 1628 2519 benedicendis.

352 2540 635 2608 Romanus
675 2526 897 2605 libellus
931 2547 1121 2595 narrat
1155 2537 1349 2595 eodem
1391 2537 1477 2593 die
1508 2532 1754 2591 benedici
1788 2549 1870 2589 ce-

274 2646 405 2695 ram
429 2631 548 2693 oleo
574 2628 824 2696 mixtam,
851 2626 1081 2699 indeque
1108 2626 1222 2683 fieri
1253 2642 1443 2699 agnos,
1469 2638 1671 2698 eosque
1698 2639 1874 2680 reser-

272 2723 409 2781 vari
444 2738 614 2793 usque
651 2722 708 2776 in
743 2730 966 2777 octavas
1006 2720 1248 2777 Paschas.
1278 2718 1341 2775 In
1364 2718 1575 2789 octavis
1597 2731 1728 2774 vero
1748 2724 1873 2789 post

272 2816 725 2891 communionem
753 2815 867 2871 dari
894 2813 1093 2887 populo
1119 2828 1185 2868 ex
1212 2802 1301 2868 his
1328 2800 1612 2872 incensum
1640 2809 1709 2865 ad
1738 2808 1871 2864 ado-

272 2908 527 2977 Iendum,
551 2916 608 2965 et
631 2909 699 2963 ad
722 2892 1178 2983 sumimigandum
1207 2903 1456 2965 domibus
1482 2902 1598 2959 suis
1628 2921 1642 2957 :
1667 2909 1722 2957 et
1748 2917 1876 2957 nar-

277 3009 374 3077 rat
401 2998 654 3054 similiter
686 3012 786 3052 nos
815 2995 996 3050 facere
1033 2992 1231 3049 debere
1258 2993 1331 3065 de
1347 3008 1507 3050 eereo
1532 3002 1870 3050 consecrato.

276 3090 429 3148 Cera
453 3105 688 3161 namque
711 3086 917 3165 Christi
935 3086 1335 3163 humanitatem
1357 3087 1644 3158 designat,
1668 3094 1730 3165 ut
1747 3084 1877 3143 Gre-

276 3274 397 3332 mel
420 3289 549 3331 vero
574 3274 630 3329 in
653 3289 802 3339 cera,
824 3282 906 3335 est
927 3272 1183 3349 divinitas
1208 3274 1264 3328 in
1292 3273 1653 3347 humanitate.
1675 3272 1717 3346 ει·
1734 3272 1871 3345 Agni

276 3383 431 3440 quos
452 3364 680 3423 Romani
705 3365 946 3439 faciunt,
971 3364 1191 3436 Agnum
1225 3378 1324 3434 pro
1364 3364 1520 3420 nobis
1544 3361 1748 3419 factum
1774 3363 1876 3418 im—

276 3453 629 3525 maculatum
642 3453 949 3525 designant.
970 3451 1236 3515 Omnibus
1261 3452 1426 3527 rebus
1451 3451 1608 3507 nobis
1625 3449 1876 3507 Christus

277 3546 353 3602 ad
380 3543 704 3600 memoriam
733 3540 1070 3612 frequentius
1097 3541 1441 3599 reducendus
1465 3549 1549 3596 est
1568 3582 1582 3606 ,
1604 3528 1669 3595 ‘nt
1694 3539 1878 3612 Augu—

278 3635 470 3694 stinus
506 3634 574 3689 ad
610 3630 928 3688 Ianuarium
958 3646 973 3685 :
1004 3630 1122 3688 Non
1149 3631 1304 3698 ideo,
1332 3630 1542 3702 inquit,
1567 3638 1750 3689 tamen
1776 3644 1878 3698 pu-

285 3738 416 3795 tare
442 3725 640 3781 debent
664 3722 815 3781 stulti
832 3763 848 3788 ,
874 3722 966 3793 qui
993 3710 1184 3778 nolunt
1210 3721 1268 3778 in
1294 3721 1489 3791 melius
1516 3720 1877 3784 commutari,

280 3815 570 3874 adoranda
610 3829 731 3871 esse
770 3812 1246 3891 istaluminaria,
1271 3812 1401 3883 quia
1445 3812 1662 3869 ducitur
1702 3827 1769 3887 es
1799 3810 1880 3866 eis

280 3906 604 3985 aliquando
618 3904 920 3977 similitudo
954 3900 1021 3960 ad
1055 3904 1240 3963 divina
1275 3905 1534 3977 mysteria
1573 3903 1875 3976 ﬁguranda.

283 3998 373 4055 Ex
409 3996 559 4054 omni
597 3997 744 4052 enim
777 4006 1031 4052 creatura
1070 3996 1307 4052 ducitur.
1354 3994 1395 4066 ’ί-
1420 3994 1645 4063 Quando
1683 4009 1878 4066 agnum

282 4090 356 4145 de
400 4103 531 4145 cera
566 4086 833 4165 videmus,
870 4086 1056 4158 Agnus
1082 4085 1461 4159 praefiguratus
1485 4094 1542 4143 et
1578 4085 1634 4140 in
1674 4083 1879 4155 Pascha

285 4178 613 4237 immolatus
651 4179 721 4234 ad
749 4177 1070 4234 memoriam
1108 4176 1408 4237 reducitur.
1436 4174 1539 4248 Cui
1577 4173 1637 4231 S.
1678 4172 1883 4247 Grego-

284 4271 414 4327 rius
446 4270 631 4326 oleum
670 4268 901 4337 infudit,
925 4269 1141 4341 quando
1168 4268 1425 4340 mysteria
1451 4266 1732 4324 Paschalis
1756 4268 1881 4339 agni

285 4360 587 4420 reseravit.
1830 4378 1844 4387 ε

866 4450 1094 4509 CAPUT
1132 4449 1314 4506 XVIII.

700 4596 706 4609 ,
767 4541 845 4597 De
879 4559 1026 4597 cerea
1068 4539 1443 4596 benedicendo.

366 4630 637 4693 Romanis
662 4631 737 4687 ita
763 4630 1051 4704 agentibus
1068 4670 1084 4696 ,
1113 4628 1271 4684 nobis
1295 4641 1511 4700 quoque
1549 4637 1884 4699 praeceptum

283 4735 379 4785 est
406 4741 441 4783 a
467 4739 606 4797 papa
630 4722 849 4780 Zosimo
874 4722 1196 4778 benedicere
1222 4732 1461 4774 cereum.
1497 4716 1568 4773 Ut
1605 4718 1845 4775 diximus
1869 4759 1884 4784 ,

282 4834 429 4880 cera
471 4817 864 4874 humanitatem
904 4811 1110 4871 Christi
1150 4813 1416 4885 designat.
1467 4808 1888 4870 Unanimitatcm

285 4908 715 4986 significationis
739 4908 853 4962 vult
877 4906 1081 4963 habere
1102 4919 1291 4962 cereus
1331 4905 1434 4961 iste
1475 4920 1598 4962 cum
1640 4903 1887 4960 columna

286 5003 448 5076 ignis
474 4990 595 5073 quae
621 4999 963 5056 illuminabat
984 4998 1239 5070 populum
1260 4996 1425 5054 Israel
1453 4997 1508 5053 in
1536 5004 1712 5052 nocte.
1739 4993 1893 5052 Unde

286 5092 510 5151 dicitur
538 5091 592 5146 in
621 5089 1032 5149 consecratione
1065 5086 1210 5143 cerei
1240 5105 1254 5141 :
1291 5085 1424 5142 Htcc
1454 5086 1619 5158 igitur
1648 5100 1753 5141 nos
1778 5094 1889 5165 est!

287 5202 426 5259 qut:
451 5193 783 5256 peccatorum
809 5181 1047 5237 tenebras
1075 5178 1332 5235 columna
1358 5179 1744 5233 illuminatione
1767 5195 1893 5251 pur-

288 5279 471 5349 gavit.
513 5275 583 5329 Et
610 5273 769 5345 paulo
799 5280 924 5344 post
952 5292 965 5327 :
999 5270 1102 5326 Sed
1120 5271 1239 5342 jam
1282 5269 1538 5324 columna:
1566 5269 1727 5339 hujus
1756 5286 1893 5341 pra:-

288 5370 465 5429 com’a
514 5368 780 5431 novimus,
818 5382 977 5437 quam
1016 5365 1073 5418 in
1112 5364 1309 5417 honore
1348 5361 1447 5416 Dei
1491 5359 1715 5415 rutilam
1758 5360 1894 5431 ignis

290 5461 571 5518 accendit.
600 5459 864 5516 Columna
909 5456 999 5513 illa
1045 5455 1322 5512 Christum
1365 5453 1781 5526 praetigurabat,
1827 5451 1896 5508 de

293 5568 420 5627 qua
462 5550 595 5606 dicit
640 5549 1002 5619 Hieronymus
1042 5546 1098 5601 in
1141 5545 1280 5605 libro
1304 5545 1689 5605 mansionum:
1718 5540 1898 5599 Move-

297 5650 441 5700 mut
466 5647 650 5695 autem
676 5646 857 5695 castra
882 5634 949 5692 de
975 5635 1239 5692 Ramesse
1266 5651 1453 5693 mense
1482 5634 1680 5705 primo,
1710 5634 1899 5705 quinta

300 5718 528 5790 decima
578 5731 663 5785 die
708 5728 909 5784 mensis
948 5727 1131 5799 primi.
1175 5726 1357 5780 Altera
1400 5725 1484 5779 die
1524 5732 1646 5794 post
1692 5725 1901 5780 Pascha

685 5824 961 5884 PATBOL.
1008 5819 1136 5882 CV.
1268 5848 1273 5855 ε

1970 1914 2094 1955 meo
2138 1911 2439 1971 appareat:
2484 1900 2603 1959 dies
2644 1908 2861 1974 quoque
2901 1910 3088 1959 noster
3126 1903 3328 1959 nubem
3368 1903 3567 1961 habeat

1969 1997 2347 2062 protegentem
2365 2031 2382 2057 ,
2403 1999 2469 2045 ut
2485 1990 2574 2047 his
2597 1990 2827 2048 ducibus
2848 1991 2920 2059 ad
2946 2001 3191 2050 sanctam
3214 2002 3418 2055 terram
3441 2010 3569 2066 per-

1969 2078 2160 2135 venire
2186 2079 2482 2139 valeamus.
2509 2078 2647 2137 Nam
2668 2090 2727 2136 et
2750 2081 3004 2139 columna
3030 2084 3189 2141 nubis
3231 2085 3294 2148 in,
3322 2100 3559 2159 persona

1972 2171 2212 2242 Spiritus
2238 2173 2417 2247 sancti
2457 2173 2747 2244 accipitur,
2791 2174 3006 2235 dicente
3046 2175 3310 2248 Gregorio
3336 2176 3565 2253 Nazian-

1974 2276 2111 2316 zeno
2136 2260 2188 2316 in
2212 2276 2468 2319 sermone
2493 2261 2560 2320 de
2583 2264 2836 2321 secundis
2857 2264 3175 2337 Epiphaniis
3201 2282 3215 2322 :
3240 2265 3564 2338 Baptizavit,

1974 2352 2184 2429 inquit,
2214 2351 2440 2427 Moyses
2478 2354 2534 2409 in
2574 2353 2715 2413 mari
2757 2362 2814 2410 et
2850 2355 2905 2411 in
2930 2356 3094 2424 nube,
3119 2358 3215 2414 sed
3246 2358 3300 2413 in
3331 2368 3485 2431 typo,
3512 2368 3568 2416 et

1976 2442 2030 2522 in
2074 2442 2278 2515 figura,
2322 2443 2399 2503 ita
2426 2444 2573 2503 enim
2611 2443 2811 2509 Paulus
2836 2447 3175 2516 pronuntiat.
3205 2445 3564 2521 Habuitergo

1973 2549 2124 2590 mare
2151 2533 2381 2591 formam
2407 2551 2584 2607 aquae,
2607 2536 2782 2594 nubes
2802 2552 2932 2594 vero
2958 2536 3191 2607 Spiritus
3211 2528 3408 2595 saneti.
3430 2538 3566 2595 Pars

1974 2626 2259 2698 columnae,
2284 2628 2339 2682 in
2352 2642 2459 2699 qua
2486 2626 2588 2699 legi
2596 2636 2683 2683 tur
2708 2627 2910 2684 nubem
2928 2627 3227 2696 habitasse,
3243 2630 3561 2700 protegebat

1973 2720 2234 2792 populum
2273 2720 2402 2788 Dei,
2443 2736 2575 2792 pars
2615 2720 2786 2777 altera
2828 2721 3192 2778 illuminabat.
3221 2721 3469 2795 Namque
3494 2726 3561 2781 de

1976 2814 2183 2888 Spiritu
2225 2823 2418 2872 sancto
2441 2813 2659 2884 legitur,
2688 2822 2737 2877 et
2763 2814 2930 2871 virtus
2957 2812 3214 2870 Altissimi
3238 2814 3564 2871 obumbrobit

1976 2908 2114 2977 tibi;
2138 2907 2287 2979 quod
2309 2906 2454 2967 enim
2478 2906 2803 2975 obumbrat,
2830 2905 3084 2978 protegit.
3111 2903 3171 2963 Si
3193 2906 3340 2961 enim
3365 2919 3562 2963 cereus

1978 3001 2208 3059 rutilaus
2232 3000 2381 3057 illam
2406 2999 2800 3063 humanitatem
2825 2999 3076 3072 designat
3099 3013 3224 3070 qua
3241 2997 3570 3055 illuminavit

1936 3120 1949 3131 ~
1978 3110 2196 3149 omnem
2222 3094 2501 3149 hominem
2525 3094 2841 3149 venientem
2864 3092 2923 3149 in
2948 3092 3093 3148 hunc
3117 3089 3380 3149 mundum
3402 3131 3419 3149 .
3444 3104 3567 3149 nro-

276 3095 429 3148 Cera
453 3105 688 3161 namque
711 3095 917 3165 Christi
936 3095 1335 3163 humanitatem
1357 3095 1644 3158 designat,
1668 3095 1730 3167 ut
1747 3095 1877 3143 υνθ-
1936 3120 1949 3131 ~
1978 3110 2196 3161 omnem
2222 3095 2501 3153 ιιοωίηεω
2525 3095 2841 3159 venientem
2864 3095 2923 3151 in
2948 3095 3093 3148 hunc
3117 3095 3380 3149 mundum
3402 3131 3419 3158 ,
3442 3104 3545 3163 pro

274 3183 477 3256 sarius
506 3199 573 3252 in
610 3180 870 3261 bomiliis.
912 3179 1092 3241 Favus
1126 3181 1323 3256 quippe
1359 3180 1468 3237 mel
1507 3182 1560 3236 in
1601 3196 1728 3237 cera
1754 3187 1871 3247 est,
1901 3156 1949 3221 Ο
1980 3186 2126 3243 tecto
2161 3193 2218 3243 et
2253 3199 2544 3257 personam
2584 3182 2824 3254 Spiritus
2862 3181 3040 3239 sancti
3081 3181 3137 3236 in
3176 3180 3368 3243 eodem
3407 3194 3545 3237 ceret

1912 4509 1965 4567 D

1980 3186 2126 3243 fecto
2161 3193 2218 3243 et
2253 3199 2544 3257 personam
2584 3182 2824 3254 Spiritus
2862 3181 3040 3239 sancti
3081 3181 3137 3236 in
3176 3180 3368 3243 eodem
3407 3194 3568 3237 ceree

1981 3274 2242 3337 debemus
2283 3274 2621 3344 intelligere,
2646 3288 2773 3342 quae
2795 3272 3088 3329 obumbrat
3125 3280 3277 3327 casto
3318 3270 3567 3345 corpori,

1979 3381 2047 3422 ne
2088 3364 2364 3421 iuﬁciatur
2401 3372 2536 3420 aestu
2573 3362 3049 3434 concupiscentiae.
3093 3360 3202 3418 Iste
3242 3375 3434 3417 cereus
3472 3362 3567 3432 qui

1977 3453 2292 3527 praeﬁgunt
2326 3453 2723 3509 humanitatem
2762 3451 2996 3518 Christi,
3026 3452 3365 3509 illuminatus
3401 3450 3567 3507 bene-

1980 3546 2204 3612 dicitur,
2230 3544 2360 3615 quia
2383 3543 2695 3601 humanitas
2716 3543 2943 3610 Christi,
2966 3550 3255 3615 postquam
3290 3549 3568 3613 assium

1980 3646 2066 3695 est
2088 3652 2119 3692 a
2145 3637 2455 3703 divinitate,
2477 3649 2694 3707 semper
2718 3633 2824 3693 fuit
2847 3635 3173 3697 illuminata.
3206 3634 3303 3692 Cui
3349 3649 3569 3706 semper

1981 3726 2341 3784 benedicitur.
2368 3726 2408 3796 -ι-
2430 3724 2528 3781 Illa
2553 3724 2806 3781 columna
2830 3724 3172 3797 preeedebat
3215 3723 3357 3785 ﬁlios
3398 3723 3567 3780 Israel

1982 3828 2273 3893 antequam
2297 3818 2595 3879 transirent
2616 3835 2769 3879 mare
2788 3818 3065 3888 Rubrum;
3087 3828 3276 3885 nostra
3295 3819 3567 3887 column.

1983 3915 2194 3975 scilicet
2216 3928 2411 3983 cereus
2431 3955 2445 3981 ,
2470 3916 2747 3987 praecedat
2771 3923 2828 3973 et
2855 3922 3074 3973 nostros
3115 3915 3566 3981 catechumenos.

1982 4007 2191 4067 Lumen
2216 4006 2390 4080 ipsius
2422 4006 2609 4063 lumen
2634 4006 2837 4064 Christi
2870 4006 3181 4079 signiticet,
3218 4023 3329 4077 quo
3349 4018 3408 4062 et
3433 4022 3571 4079 prte-

1984 4110 2110 4152 sens
2136 4112 2245 4153 nox
2274 4097 2639 4162 illuminatur,
2664 4098 2841 4169 gratia
2869 4097 3077 4155 scilicet
3106 4097 3567 4161 resurrectionis.

1985 4200 2045 4248 et
2087 4191 2471 4251 catechumcni
2521 4191 2617 4262 qui
2664 4192 2882 4249 venturi
2930 4198 3058 4249 sunt
3105 4188 3172 4243 ad
3218 4189 3569 4257 baptismum.

1984 4279 2165 4350 Ipsam
2202 4277 2658 4335 illuminationem
2689 4278 2981 4349 designant
3006 4276 3269 4332 lectiones
3296 4290 3419 4345 quae
3446 4286 3575 4335 ante

1988 4369 2326 4442 baptismum
2361 4368 2643 4438 leguntur,
2671 4375 2734 4423 ut
2761 4367 2815 4421 in
2852 4365 3209 4436 sequentibus
3242 4365 3578 4429 monstrahiv

1990 4471 2100 4516 tur.
2140 4459 2350 4514 Cereus
2376 4466 2666 4528 propterea
2693 4457 3058 4523 benedicitur,
3090 4455 3216 4527 quia
3245 4455 3355 4512 nisi
3383 4471 3452 4511 ex
3478 4455 3575 4513 bov

1992 4549 2304 4611 ncdictione
2326 4547 2570 4625 ministri
2594 4587 2610 4612 ,
2637 4562 2745 4603 non
2774 4554 2954 4616 potest
2984 4562 3052 4602 ex
3076 4560 3183 4602 sua
3209 4543 3438 4616 simplici
3468 4560 3571 4601 nan

1993 4651 2114 4706 tura
2153 4640 2390 4699 transire
2428 4639 2494 4694 ad
2538 4638 2816 4710 mysteria.
2860 4635 2920 4693 In
2961 4637 3226 4709 mysterio
3266 4637 3410 4692 enim
3450 4651 3573 4692 erat

1992 4732 2244 4789 columna
2274 4731 2435 4802 ignis.
2469 4728 2624 4796 Quod
2652 4744 2683 4783 a
2714 4728 2945 4787 diacono
2987 4727 3331 4801 benedicitur
3359 4742 3569 4785 morem

1994 4822 2242 4893 sequitur
2270 4820 2581 4883 Romanum
2606 4837 2620 4877 ;
2651 4819 2711 4879 in
2731 4833 2796 4874 eo
2820 4817 2964 4874 enim
2994 4816 3419 4877 archidiaconus
3439 4834 3572 4874 con-

1995 4912 2110 4969 ticit
2151 4926 2342 4985 agnos.
2370 4909 2474 4977 Qui
2501 4923 2694 4967 cereus
2732 4924 2831 4979 per
2865 4916 2993 4971 octo
3025 4908 3143 4964 dies
3177 4909 3573 4985 neophytorum

1995 5001 2255 5071 praecedit
2283 4998 2594 5070 pontiﬁcem
2612 5040 2628 5065 ,
2659 4999 2749 5068 qui
2780 5005 2866 5053 est
2894 5006 3058 5069 caput
3083 4996 3298 5070 populi,
3326 4997 3457 5068 quia
3484 5013 3577 5051 co-

1997 5097 2186 5152 lumna
2215 5093 2356 5164 ignis
2385 5092 2663 5163 praecessit
2690 5091 2944 5163 populum
2976 5106 3147 5162 usque
3172 5090 3241 5146 ad
3269 5097 3473 5147 terram
3495 5097 3579 5135 re—

1996 5182 2395 5259 promissionis.

2585 5269 2814 5328 CAPUT
2856 5269 2997 5327 XIX.

2090 5404 2107 5409 -
2567 5361 2647 5417 De
2683 5360 3010 5420 lectionibus.
3420 5418 3423 5419 ν

2073 5453 2319 5511 Diximus
2362 5451 2506 5508 cerei
2555 5448 2759 5507 lumine
2792 5450 2996 5511 Christi
3029 5448 3208 5505 lumen
3244 5443 3577 5518 signiﬁcari,

2002 5526 2112 5616 quo
2136 5542 2513 5599 illuminantur
2533 5539 2945 5597 catechumeni:
2972 5553 3116 5594 nunc
3142 5534 3449 5593 narrandus
3471 5543 3579 5599 est,

2004 5633 2237 5692 Domino
2267 5632 2598 5697 miserante,
2632 5629 2827 5687 modus
2865 5624 3307 5701 illuminationis,
3337 5633 3399 5680 ut
3435 5625 3582 5681 ordi-

2007 5735 2132 5783 nate
2157 5735 2213 5781 et
2250 5723 2550 5780 illuminato
2589 5722 2786 5776 itinere
2836 5726 3096 5789 pergatur
3128 5716 3197 5772 ad
3228 5716 3578 5788 baptismum.
