1945 3090
181 136 246 164 105.5

677 125 843 154 ΑΜᾹΙΛΠΙΙ
863 123 1078 151 PRESBYTER!
1099 120 1268 149 METENSIS
1289 132 1297 139 -

1745 118 1758 144 l
1764 118 1823 145 036

180 191 280 220 Doctor
297 188 553 216 catechumeuorum
572 183 683 211 conviva
707 182 788 209 debet
810 188 870 208 esse
894 184 969 207 cate-
985 179 1009 210 A
1022 187 1105 206 unum
1124 176 1259 206 canticum
1278 177 1411 213 sequitur,
1437 177 1501 212 quia
1523 181 1646 211 utraeque
1675 178 1701 205 in
1727 177 1823 213 primo

179 239 386 267 chumcnorum.
399 233 456 260 Hoc
470 232 526 266 egit
537 230 673 262 Christus,
687 228 797 264 quando
809 226 971 255 convivaba-

181 287 226 311 tur
238 289 299 310 cum
312 278 463 315 publicanis
475 281 504 304 et
517 275 718 312 peccatoribus,
731 277 762 302 ut
775 281 822 301 eos
836 271 973 307 trajiceret

182 329 210 357 in
224 335 264 356 se.
278 326 336 354 Hoc
346 324 428 352 Petro
439 323 541 350 dictum
554 324 596 349 est
608 321 635 348 in
649 319 762 347 Actibus
775 318 970 354 apostolorum,

181 372 290 408 quando
302 370 327 397 ei
343 377 393 397 vas
408 368 521 395 linteum
538 367 571 394 de
587 365 656 393 coelo
668 364 781 391 missum
793 367 835 391 est
848 371 855 389 ε
871 362 970 397 Surge,

185 407 260 445 f’etre
273 437 281 449 ,
297 415 386 443 occide
399 419 424 441 et
441 412 594 440 manduca:
608 410 679 446 quod
693 410 730 437 ita
744 409 815 436 Beda
829 408 857 435 in
869 407 972 435 eisdem

183 462 293 490 Actibus
306 468 313 487 :
329 460 433 495 Surge,
451 457 555 493 inquit,
570 453 855 490 ad-cvangelizandum
868 458 973 488 praepa-

183 514 262 539 rare;
278 505 373 533 occide
391 504 418 531 in
435 503 560 539 gentibus
574 501 647 536 quod
661 499 783 531 fuerant,
797 503 824 526 et
841 497 885 525 fac
900 497 974 540 quod

182 561 222 580 es.
247 552 298 586 Qui
321 551 393 579 enim
417 549 563 577 manducat
584 548 675 575 cibum
699 546 765 573 foris
786 545 922 580 positum,
946 544 973 570 in

183 606 261 626 suum
280 605 379 632 corpus
398 595 509 630 trajicit.
527 593 661 629 Prtecepit
679 598 744 627 ergo
763 599 815 619 vox
835 590 926 617 divina
945 594 976 617 ut

183 645 308 672 nationes
322 650 370 678 per
381 641 598 669 incredulitatem
613 643 676 665 ante
691 638 763 666 fores
776 637 881 673 positae,
891 638 976 664 inter—

183 689 254 717 fecta
268 688 406 723 praeterita
420 687 476 713 vita
486 706 493 718 ,
508 684 634 712 societati
649 683 777 711 Ecclesia:
791 690 873 717 quam
889 683 974 717 signi-

183 734 247 762 ﬁcat
263 733 360 760 Petrus
378 732 544 758 inserantur.
568 729 643 756 lianc
664 729 817 756 doctrinam
837 727 976 763 signiﬁcat

185 786 279 806 mensa
297 778 323 804 in
343 775 517 804 tabernaculo
535 774 669 806 Mosaico,
683 780 744 808 quae
764 773 845 800 habet
859 776 978 807 quatuor

182 825 266 860 pedes
281 833 288 851 :
306 823 368 858 quia
385 822 431 858 (ut
442 821 514 849 Beda
527 821 554 848 in
567 821 638 848 libro
651 821 683 848 de
696 820 894 856 Tabernaculo)
908 827 976 855 qua-

1022 225 1090 260 pede
1103 231 1203 252 mensa:
1216 228 1299 257 stant,
1314 224 1342 251 id
1351 227 1404 256 est.
1414 223 1441 251 in
1458 223 1597 259 allegoria.
1606 224 1654 252 Vel
1670 225 1732 253 ideo
1744 226 1824 261 prio-

1021 277 1079 297 rem
1095 269 1239 297 lectionem
1253 268 1389 296 canticum
1405 276 1459 296 non
1474 269 1599 304 sequitur
1609 289 1616 302 ,
1633 270 1697 304 quia
1717 270 1749 297 in
1776 270 1824 298 illa

1022 315 1177 343 insinuatur
1189 322 1299 349 parens,
1318 314 1346 340 in
1361 321 1415 348 quo
1430 320 1528 341 omnes
1546 319 1739 348 peccaverunt.
1768 316 1827 343 Do-

1022 361 1137 388 ctrinam
1153 360 1272 388 doctoris
1288 360 1432 387 conﬁrmat
1446 360 1630 393 sacerdos,ita
1646 361 1827 396 deprecando

1022 407 1095 442 quod
1109 406 1157 433 uni
1173 405 1273 441 populo
1286 413 1301 433 a
1314 405 1506 440 persecutione
1519 404 1647 441 Egyptia
1665 406 1826 439 liberanda.

1023 454 1118 481 dextra
1133 456 1184 480 tua:
1197 452 1324 487 potentia:
1335 451 1484 483 contulisti,
1497 451 1524 478 id
1536 451 1561 478 in
1574 451 1685 480 salutem
1696 454 1827 488 gentium

1023 508 1072 535 per
1099 507 1198 535 aquam
1223 498 1441 534 regenerationis
1466 498 1608 533 operaris,
1626 504 1727 533 pnesta
1742 504 1774 527 ut
1801 501 1828 527 in

1024 546 1138 573 Abrahae
1153 545 1223 572 illius
1242 549 1270 571 et
1292 545 1319 571 in
1345 544 1526 572 lsraelitlcam
1550 544 1708 580 dignitatem
1738 546 1829 573 totius

1024 591 1117 619 mundi
1130 594 1251 618 transeat
1266 589 1414 625 plenitudo.
1430 589 1612 617 Transeamus
1627 590 1660 617 ad
1671 591 1828 618 secundum

1025 638 1121 672 pedem
1135 643 1245 663 mensae.
1260 635 1334 663 idem
1350 635 1396 670 qui
1413 642 1494 671 supra
1510 635 1537 669 in
1550 636 1645 663 eodem
1659 645 1667 662 :
1682 636 1829 672 Allegoria

1025 687 1077 714 est,
1086 689 1147 709 cum
1159 681 1250 709 verbis
1261 681 1318 708 sive
1335 681 1418 708 rebus
1428 680 1552 716 mysticis
1562 682 1706 716 praesentia
1719 681 1830 709 Christi

1026 734 1054 757 et
1067 729 1194 756 Ecclesia
1207 732 1379 756 sacramenta
1394 728 1537 763 signantur
1551 728 1581 763 ᾖ.
1601 728 1756 764 Tangamus
1770 734 1830 757 ter-

1027 776 1094 804 tiam
1106 776 1260 807 lcctionem,
1271 782 1331 810 qua:
1344 775 1467 809 quamvis
1480 775 1558 802 tertia
1574 774 1608 802 sit
1622 775 1715 802 ordine
1730 776 1830 803 lectio-

1028 818 1104 854 nuin,
1120 825 1210 848 tamen
1227 824 1339 855 propter
1356 823 1527 847 sacramenta
1552 827 1612 855 quae
1635 821 1758 848 continet
1782 830 1829 849 sc-

187 869 311 898 driformi
325 869 431 896 ratione
443 866 531 894 omnis
543 864 696 894 divinorum
709 865 876 900 cloquiorum
892 866 976 893 series
991 862 1014 891 B
1028 868 1117 895 eundo
1135 867 1196 902 pedi
1216 874 1318 894 mensae
1342 865 1525 901 conjungitur.
1544 866 1574 893 In
1588 872 1620 893 ea
1635 866 1768 894 habemus
1783 875 1827 894 sa.

185 916 369 953 distinguitur.
389 915 439 943 ilic
455 923 520 947 oro,
540 913 705 945 intendatis,
725 920 806 947 quam
827 920 977 948 congruen-

184 964 250 991 tiam
264 962 383 990 habeant
398 961 531 989 lectiones
545 964 675 996 quatuor,
692 963 719 987 et
734 960 838 987 cantica
849 980 856 992 ,
872 963 898 986 ct
916 966 978 986 ora-

187 1011 274 1037 tiones
292 1017 353 1045 qua:
367 1012 486 1045 aguntur
500 1011 612 1043 propter
627 1006 834 1034 instructionem
850 1006 979 1033 catechu-

186 1062 327 1083 tncuorum
338 1075 345 1087 ,
359 1062 421 1082 cum
435 1057 552 1088 quatuor
564 1052 678 1087 pedibus
693 1059 802 1078 meum.

222 1100 296 1127 idem
312 1100 357 1135 qui
374 1106 456 1134 supra
470 1099 498 1126 in
516 1102 667 1126 memorato
681 1107 687 1124 :
702 1097 793 1124 Mensa
811 1096 977 1125 ta!:ernaculi

184 1150 302 1181 quatuor
312 1146 395 1181 pedes
407 1146 505 1178 habet,
519 1145 582 1179 quia
594 1145 676 1172 verba
690 1144 810 1171 caelestis
822 1143 923 1171 oraculi
936 1144 977 1170 vel

184 1191 316 1218 historico
339 1189 477 1217 intellectu
490 1210 497 1222 ,
511 1189 553 1216 vel
569 1188 726 1224 allegorico,
741 1189 781 1215 vel
797 1189 977 1224 tropologico,

186 1236 214 1264 id
228 1241 269 1264 est
284 1236 396 1268 morali,
411 1236 454 1263 vel
469 1240 544 1263 certe
558 1235 706 1270 auagogico
719 1234 807 1262 solent
822 1235 916 1270 accipi.
933 1235 979 1262 lli-

186 1282 270 1310 storia
292 1286 334 1309 est
354 1288 470 1316 namque
490 1288 550 1308 cum
571 1287 616 1308 res
630 1280 720 1315 aliqua
735 1281 869 1315 quomodo
885 1287 979 1308 secun-

187 1328 252 1356 dum
273 1328 393 1355 litteram
415 1327 487 1355 facta
506 1326 563 1354 sive
585 1326 657 1354 dicta
679 1327 732 1360 sit,
755 1326 835 1361 plano
855 1334 979 1354 sermone

188 1372 318 1402 refertur.
940 1367 943 1370 ’

223 1419 369 1446 Videamus
390 1418 413 1446 si
433 1417 522 1453 prima
541 1417 623 1445 lectio
644 1424 705 1445 cum
728 1417 780 1445 isto
795 1417 871 1456 pede
887 1416 977 1444 vadat.

187 1464 283 1492 Nonne
296 1464 366 1491 sicut
380 1463 417 1490 ibi
430 1463 560 1497 scriptum
574 1467 616 1490 cst
628 1463 660 1489 de
674 1463 847 1498 generatione
861 1462 979 1489 hominis

187 1514 296 1538 tenetur
312 1508 461 1537 secundum
475 1509 639 1536 historiam?
650 1508 767 1535 Omnino
780 1508 818 1535 ita
831 1507 978 1540 credimus,

186 1560 216 1583 ut
230 1555 266 1583 ibi
279 1555 410 1590 scriptum
420 1558 461 1582 est
474 1562 481 1581 :
496 1553 639 1581 Faciamus
651 1555 781 1581 hominem
794 1554 828 1581 ad
838 1545 978 1589 imaginem

185 1606 209 1629 et
224 1599 424 1628 similitudinem
439 1603 556 1627 nostram
566 1620 573 1631 ,
589 1604 613 1626 et
625 1600 714 1634 prn’sit
725 1600 842 1635 piscibus
857 1601 938 1626 maris
954 1605 977 1626 et

185 1644 335 1673 volatilibus
351 1643 418 1671 cwli.
442 1644 476 1671 Et
496 1644 614 1671 iterum:
639 1644 787 1671 Muscarium
808 1649 831 1671 et
853 1644 978 1679 feminum

185 1692 283 1718 creavit
295 1699 339 1718 eos
349 1711 356 1723 ,
371 1694 398 1718 et
410 1690 480 1719 sicut
493 1690 530 1718 ibi
545 1694 682 1723 narratur,
697 1690 740 1718 die
753 1694 829 1718 sexto
842 1690 979 1718 credimus

189 1738 327 1765 hominem
341 1737 452 1765 factum.

222 1782 289 1810 Orat
313 1783 440 1810 sacerdos
465 1782 565 1814 Deum,
587 1783 632 1817 qui
656 1783 817 1810 mirabiliter
840 1783 977 1811 hominem

187 1828 290 1856 creavit
307 1832 335 1855 et
355 1828 487 1860 redemit,
507 1832 538 1855 ut
557 1828 640 1855 homo
656 1828 700 1863 qui
721 1832 763 1855 est
781 1829 814 1855 ad
832 1829 977 1864 imaginem

186 1873 234 1901 Dei
257 1873 345 1901 factus
359 1894 366 1906 ,
391 1873 417 1901 id
438 1878 498 1907 est,
525 1874 625 1902 mentis
650 1875 774 1907 ratione,
799 1876 908 1902 resistat
930 1883 977 1902 ca-

188 1918 357 1945 techumenis
382 1922 476 1946 contra
501 1918 700 1946 oblectamenta
726 1919 829 1946 mundi.
853 1918 978 1946 Doctoris

186 1962 304 1990 cilicium
320 1966 381 1995 est,
400 1967 429 1990 ut
444 1963 531 1997 primo
553 1964 670 1990 instruat
692 1964 917 1991 catechumenum
942 1965 975 1992 de

187 2014 236 2033 sua
268 2006 448 2040 fermatione,
478 2007 540 2035 dein
568 2008 704 2042 quomodo
732 2009 884 2042 cecidisset,
901 2010 978 2037 dunt-

188 2051 269 2079 modo
292 2059 345 2079 non
370 2052 523 2080 consentiat
544 2052 717 2086 carnalibus,
740 2057 771 2081 ut
790 2053 876 2081 Adam
898 2055 977 2088 Eva,

187 2105 266 2132 posse
290 2099 439 2126 restaurari
465 2099 499 2126 ad
523 2099 639 2134 primam
663 2098 863 2128 formationem.
887 2101 909 2127 A
932 2101 978 2128 do-

187 2147 264 2171 ctore
285 2144 369 2172 habet
392 2144 543 2172 doctrinam
556 2165 563 2177 ,
590 2153 605 2172 a
629 2145 770 2174 sacerdote
792 2153 857 2174 vero
878 2146 978 2174 conﬁr-

187 2190 280 2225 matio
295 2189 467 2225 impetratur.
492 2189 616 2218 Secunda
642 2190 722 2218 lectio
745 2191 826 2226 plano
852 2199 978 2219 sermone

187 2235 270 2263 refert
291 2237 426 2270 quomodo
446 2236 560 2271 populus
580 2236 663 2265 lsrael
679 2244 710 2264 ex
726 2236 843 2273 Egypto
857 2238 977 2265 salvatus

187 2283 232 2309 sit.
247 2282 315 2316 Quia
330 2284 357 2310 in
374 2282 514 2318 superiore
526 2282 643 2310 lectione
655 2283 757 2310 audi/vit
769 2284 979 2311 catechumenos

187 2335 264 2355 suam
291 2328 499 2359 formationem.
518 2328 546 2355 in
573 2328 624 2355 ista
647 2328 739 2355 audiat
764 2328 978 2362 redemptionem

187 2381 263 2401 suam
281 2381 297 2401 a
310 2374 427 2401 dominis
440 2374 538 2409 quibus
552 2381 581 2401 se
596 2374 718 2401 vendidit
733 2373 790 2401 suis
806 2374 937 2407 peccatis,
953 2378 980 2401 et

188 2418 278 2445 audiat
291 2419 362 2453 quod
383 2419 454 2446 sicut
467 2418 596 2453 populum
615 2418 697 2445 Israel
710 2418 836 2445 liberavit
849 2417 979 2446 Dominus

187 2462 220 2489 de
239 2469 321 2489 manu
345 2462 505 2495 Pharaonis,
521 2471 601 2498 quem
623 2462 723 2490 delevit
741 2463 768 2490 in
784 2463 852 2490 mari
875 2462 977 2496 Rubro,

187 2508 226 2535 sic
240 2508 325 2542 possit
340 2513 367 2536 et
377 2515 439 2536 eum
450 2508 566 2537 liberare
578 2510 611 2537 de
622 2517 702 2536 manu
713 2508 812 2536 diaboli
824 2517 874 2543 per
881 2517 977 2544 aquam

186 2552 322 2587 baptismi.
336 2552 385 2581 Cui
399 2554 522 2588 sequitur
535 2554 654 2582 victoriae
665 2555 801 2582 canticum
818 2564 824 2582 :
837 2554 978 2583 Cantemus

187 2597 309 2630 Domino,
325 2597 438 2633 gloriose
460 2599 528 2626 enim
554 2599 738 2634 magni/iectus
763 2605 810 2627 est.
836 2600 978 2628 Canticum

186 2650 312 2678 magnam
336 2643 506 2671 devotionem
532 2644 615 2671 animi
638 2644 916 2680 demonstrat,quam
933 2654 977 2673 so-

186 2688 242 2716 lent
255 2689 429 2725 singulariter
442 2690 532 2717 devoti
548 2690 699 2725 percipere,
711 2691 809 2726 quibus
824 2699 876 2719 non
893 2699 976 2727 gene-

187 2733 280 2761 raliter
295 2734 485 2769 respondetur.
499 2734 624 2762 Exsultat
644 2735 757 2763 devotus
777 2737 898 2769 animus.
912 2738 975 2773 quia

186 2779 261 2806 videt
281 2780 491 2809 catechumenos
510 2781 622 2809 devotos
638 2788 687 2816 per
699 2780 747 2809 Dei
766 2782 934 2809 vocationem
949 2785 977 2809 et

188 2822 239 2849 hoe
251 2824 323 2852 videt
333 2831 366 2852 ex
383 2824 481 2854 allectu
503 2825 640 2853 doctrinae.
655 2821 729 2853 istas
755 2826 822 2854 duas
848 2827 977 2855 lectiones

192 2943 225 2962 η...

992 2215 1017 2244 Ι)

1029 917 1170 940 cramenta
1184 911 1287 940 Christi
1301 916 1326 940 et
1340 911 1469 939 Ecclesiae
1488 920 1494 937 :
1515 911 1713 947 Appreltendent
1727 918 1827 947 septem

1029 958 1151 985 mulieres
1175 958 1260 984 virum
1282 965 1363 984 unum
1385 957 1413 984 in
1434 956 1477 983 die
1501 956 1559 989 illa,
1574 956 1709 984 dicentes:
1723 956 1828 985 Panem

1029 1009 1147 1031 nostrum
1160 1004 1334 1031 comedemus.
1349 1002 1504 1030 Secundum
1520 1002 1675 1035 historiam,
1691 1009 1747 1030 non
1760 1002 1827 1038 legi-

1029 1056 1090 1076 mus
1102 1049 1167 1076 illud
1181 1048 1294 1081 factum,
1308 1048 1356 1075 sed
1371 1048 1398 1075 in
1411 1047 1521 1075 Christo
1536 1047 1637 1074 scimus
1649 1047 1825 1083 completum,

1030 1101 1110 1128 quem
1128 1094 1367 1129 apprehenderunt
1382 1097 1486 1128 septem
1500 1092 1570 1120 dona
1591 1093 1711 1128 Spiritus
1727 1095 1825 1121 sancti.

1031 1139 1107 1166 Unde
1119 1138 1300 1173 Hieronymus
1322 1138 1350 1165 in
1363 1137 1432 1165 lsaia
1447 1148 1453 1165 :
1471 1139 1500 1165 In
1513 1138 1629 1166 adventu
1644 1137 1754 1165 Domini
1768 1138 1826 1165 Sal-

1030 1185 1135 1212 vatoris
1154 1185 1240 1212 nostri
1256 1189 1361 1219 septem
1374 1184 1517 1217 mulieres,
1534 1185 1560 1212 id
1573 1188 1626 1217 est,
1643 1189 1747 1220 septem
1762 1193 1825 1220 gra-

1031 1230 1075 1257 tia:
1103 1230 1221 1266 Spiritus
1247 1230 1344 1263 sancti,
1362 1230 1396 1257 de
1422 1231 1522 1265 quibus
1545 1230 1573 1257 in
1596 1231 1826 1265 consequentibus

1031 1276 1101 1303 idem
1113 1276 1244 1311 propheta
1265 1276 1388 1304 dicturus
1408 1280 1461 1310 est,
1486 1276 1563 1303 Exiet
1584 1277 1658 1311 virga
1678 1276 1711 1303 de
1739 1277 1825 1304 radice

1029 1322 1115 1355 Iesse,
1129 1327 1153 1349 et
1166 1323 1215 1357 flos
1234 1323 1266 1349 de
1281 1322 1370 1349 radice
1390 1321 1447 1357 ejus
1466 1322 1598 1355 ascendet,
1614 1324 1643 1349 et
1661 1321 1777 1357 reliqua.
1792 1322 1825 1349 Et

1031 1368 1110 1404 paulo
1121 1372 1183 1403 post
1195 1377 1202 1395 :
1219 1368 1431 1403 Apprehendent
1442 1367 1547 1400 Iesum.
1563 1375 1644 1403 quem
1657 1367 1743 1395 multo
1758 1372 1824 1394 tem-

1030 1421 1096 1449 pore
1122 1414 1355 1446 desideraverant,
1379 1413 1443 1448 quia
1470 1412 1574 1440 nullum
1596 1413 1680 1440 alium
1700 1417 1825 1448 poterant

1031 1460 1164 1493 invenire,
1181 1460 1209 1487 in
1220 1467 1274 1495 quo
1295 1463 1395 1487 :eterna
1419 1460 1538 1487 statione
1562 1459 1769 1494 requiescerent
1792 1459 1820 1493 ἢ.

1031 1506 1101 1534 Ecce
1112 1506 1197 1534 habes
1212 1509 1414 1533 sacramentum
1427 1504 1540 1537 Christi,
1554 1505 1617 1533 audi
1629 1510 1656 1532 et
1671 1512 1823 1532 sacramen—

994 1535 1015 1565 Ο
1033 1555 1090 1578 tum
1109 1550 1239 1579 Ecclesia:
1260 1559 1268 1577 :
1287 1551 1355 1578 Cum
1371 1551 1489 1578 abluerit
1505 1535 1637 1578 Dominus
1651 1551 1746 1578 sordes
1758 1549 1823 1577 ﬁlia-

1032 1606 1091 1625 rum
1109 1597 1186 1631 Sion,
1202 1603 1230 1625 et
1243 1598 1404 1631 sanguinem
1421 1597 1591 1625 Hierusalem
1607 1598 1705 1626 laverit
1721 1599 1754 1626 de
1769 1605 1822 1625 me-

1032 1606 1091 1625 rum
1109 1606 1186 1631 Sion,
1202 1606 1230 1625 et
1243 1606 1291 1625 san
1313 1606 1404 1625 niuem
1421 1606 1591 1625 Hierusalem
1608 1606 1705 1626 laverit
1721 1606 1754 1626 ue
1769 1606 1819 1625 me-

1030 1643 1075 1670 dio
1090 1642 1149 1678 ejus
1160 1643 1258 1678 spiritu
1266 1606 1362 1679 ju§icii
1378 1648 1405 1670 et
1419 1643 1515 1679 spiritu
1528 1643 1734 1671 combustionis.
1747 1643 1819 1670 idem

1030 1687 1075 1721 qui
1089 1695 1169 1722 supra
1188 1687 1215 1714 in
1228 1687 1324 1715 eodem
1338 1697 1344 1714 2
1357 1687 1426 1715 Nota
1445 1689 1508 1723 quia
1523 1688 1617 1716 sordes
1631 1688 1745 1715 ﬁliarum
1758 1687 1820 1715 Sion

1030 1733 1126 1760 laverit
1142 1733 1237 1768 spiritu
1249 1734 1356 1769 judicii,
1371 1734 1531 1769 sanguinem
1547 1739 1638 1762 autem
1650 1734 1813 1762 Hierusalem

1030 1778 1128 1813 spiritu
1141 1779 1349 1806 combustionis.
1371 1779 1447 1813 Quod
1461 1779 1533 1807 enim
1548 1780 1608 1807 leve
1633 1784 1676 1808 est
1701 1779 1817 1811 lavatur;

1030 1824 1101 1858 quod
1128 1824 1249 1859 gravius,
1275 1824 1408 1851 exuritur.
1436 1824 1475 1852 De
1499 1832 1552 1859 quo
1572 1824 1669 1859 judicii
1689 1825 1779 1860 spiritu
1791 1829 1818 1851 et

1029 1869 1127 1905 spiritu
1141 1869 1339 1897 eombustionis
1358 1868 1476 1897 Joannes
1491 1869 1611 1906 Baptista
1632 1871 1658 1898 in
1676 1871 1816 1907 Evangelia

1029 1914 1212 1949 loquebatur:
1230 1914 1286 1950 Ego
1308 1923 1352 1942 vos
1377 1915 1479 1951 baptizo
1505 1917 1532 1944 in
1552 1925 1626 1953 aqua
1642 1926 1651 1945 :
1665 1918 1709 1953 qui
1736 1922 1815 1944 autem

1028 1965 1084 1995 post
1096 1968 1136 1987 me
1149 1961 1227 1993 venit,
1240 1969 1284 1988 vos
1297 1961 1438 1996 baptizabit
1454 1962 1480 1989 t'n
1496 1962 1598 1998 Spiritu
1609 1969 1702 1990 sancto
1715 1968 1737 1990 et
1751 1964 1813 1998 igne.

1029 2006 1069 2033 Ex
1084 2015 1137 2042 quo
1154 2007 1285 2035 discimus
1298 2008 1360 2042 quia
1377 2008 1458 2035 homo
1472 2012 1576 2036 tantum
1590 2017 1690 2045 aquam
1713 2009 1813 2040 tribuat,

1030 2051 1102 2079 Deus
1116 2057 1208 2081 autem
1224 2052 1355 2088 Spiritum
1370 2057 1505 2088 sanctum,
1525 2061 1579 2089 quo
1600 2055 1697 2083 sordes
1709 2054 1813 2082 abluun—

1030 2103 1088 2130 tur,
1101 2102 1128 2125 et
1147 2099 1286 2134 sanguinis
1301 2103 1413 2134 peccata
1433 2104 1585 2137 purgantur
1600 2101 1631 2137 ἰη
1647 2100 1717 2129 Ecce
1737 2100 1814 2127 babes

1030 2143 1074 2170 hic
1094 2147 1265 2170 sacramenta
1290 2144 1428 2172 Ecclesiae.
1453 2142 1503 2173 Hic
1524 2138 1730 2174 demonstratur
1748 2149 1813 2180 cate-

1030 2189 1172 2216 chumenis
1185 2189 1250 2224 quid
1269 2197 1363 2218 amare
1379 2191 1505 2224 debeant,
1521 2196 1552 2219 ut
1567 2197 1672 2227 septem
1692 2187 1810 2220 mulieres

1031 2242 1089 2269 qua)
1104 2236 1339 2269 apprchenderunt
1353 2237 1440 2263 virtnn
1456 2245 1539 2264 unum
1553 2247 1559 2264 :
1576 2242 1603 2265 et
1615 2239 1680 2273 quid
1692 2237 1809 2273 proﬁciat

1030 2281 1070 2307 eis
1084 2281 1241 2314 lmplismtts,
1257 2281 1283 2308 id
1297 2286 1349 2316 est,
1363 2287 1392 2309 ut
1405 2290 1453 2317 per
1470 2284 1595 2318 spiritum
1614 2283 1711 2318 iudicii
1730 2287 1755 2311 et
1768 2290 1810 2319 per

1030 2324 1155 2359 spiritum
1178 2326 1373 2354 combustionis
1396 2328 1501 2355 minora
1524 2334 1550 2356 et
1576 2329 1696 2356 maxima
1711 2331 1807 2364 peccata

1030 2374 1189 2405 purgentur.
1206 2371 1292 2404 Quam
1315 2372 1439 2407 sequitur
1463 2373 1613 2407 canticum,
1642 2373 1724 2402 Vinea
1746 2373 1807 2409 facta

1031 2421 1078 2449 est,
1095 2416 1121 2443 in
1136 2425 1189 2451 quo
1210 2418 1366 2446 continetur
1381 2425 1582 2448 sacramentum
1781 2415 1805 2446 Si

1030 2462 1110 2490 modo
1124 2471 1178 2490 non
1194 2467 1235 2491 est
1251 2464 1393 2501 Synagoga
1407 2464 1551 2500 conjuncta
1565 2464 1625 2494 viro
1637 2465 1752 2499 Christo,
1762 2461 1806 2493 erit

1031 2516 1091 2536 cum
1103 2509 1243 2544 plenitudo
1254 2511 1375 2545 gentium
1388 2503 1543 2540 intraverit.
1558 2511 1674 2548 Propter
1693 2513 1747 2551 hac
1759 2511 1804 2544 illo

1031 2559 1214 2587 sacramenta,
1227 2554 1253 2582 id
1268 2559 1320 2589 est,
1338 2556 1465 2584 Ecclesia:
1478 2561 1506 2584 et
1520 2556 1680 2594 Synagogat,
1691 2560 1747 2594 orat
1759 2562 1801 2592 ,ιιι

1031 2600 1137 2632 cerdos,
1150 2599 1253 2632 dicens,
1271 2600 1350 2634 Deus,
1366 2603 1411 2637 qui
1434 2611 1482 2630 nos
1504 2603 1539 2630 ad
1563 2603 1743 2634 celebrandum
1763 2609 1802 2638 ρ·-

1029 2643 1116 2670 sclmle
1134 2649 1325 2672 sacramentum
1338 2647 1473 2682 utriusque
1492 2646 1652 2685 Testqmeuti
1768 2645 1801 2673 ῘΙ·

1029 2691 1121 2723 struis,
1131 2690 1165 2717 du
1180 2690 1253 2717 nobis
1264 2691 1408 2727 intelligere
1424 2682 1632 2720 misericordiam
1736 2688 1799 2727 0ωά

1029 2735 1123 2763 doctor
1136 2735 1240 2767 docuit,
1256 2736 1283 2763 id
1302 2740 1353 2769 est,
1368 2737 1555 2777 remissionem
1759 2742 1796 2764 ιε’

1029 2781 1119 2816 ripere
1133 2786 1226 2816 gentes
1241 2789 1290 2816 per
1304 2775 1548 2815 Christianitalem.
1561 2775 1591 2811 et
1600 2776 1735 2811 iudaica'nt
1751 2778 1798 2816 υἷε·

1029 2828 1101 2860 bent,
1114 2835 1173 2863 qua!
1194 2827 1272 2855 vinea
1287 2828 1385 2855 dicitur
1397 2828 1507 2863 Soretb,
1522 2829 1630 2866 quando
1642 2828 1718 2856 fuerit
1732 2827 1794 2853 vinea
