3890 6180
379 337 523 395 £037

1159 342 1247 398 DE
1286 341 1838 402 ECLESIAS'TICIS
1874 346 2161 403 OFFICHS
2197 349 2378 426 ιιβω
2412 349 2504 405 IV.
2542 377 2613 392 σι-
2651 351 2777 406 LIB.
2819 353 2859 407 l.

3500 364 3639 421 £058

375 450 592 514 Domini
641 450 882 506 Sabaoth
931 454 1126 510 domus
1185 458 1371 524 Israel,
1406 461 1458 514 id
1504 468 1609 523 est,
1641 460 1721 514 vir
1766 460 1955 514 videns
1981 461 2033 520 A
2059 463 2264 528 apertis
2296 464 2640 518 sermonibus
2667 465 2924 534 disputat.
2951 465 3250 530 Audiamus
3290 474 3420 542 quid
3453 477 3638 538 dicant

370 541 681 605 Dominum,
711 543 813 597 hoc
833 553 956 598 orat
983 547 1257 609 sacerdos,
1281 557 1341 604 ut
1365 553 1612 604 eamdem
1641 550 1952 606 misericor—

2052 553 2429 608 catechumeni
2479 563 2600 622 post
2655 555 3078 612 admonitionem
3139 559 3378 618 doctoris
3426 582 3441 619 :
3487 566 3635 625 Sicut

367 633 536 696 diam,
563 646 663 701 per
703 647 866 701 quam
903 633 963 688 lit
997 638 1269 703 remissio,
1301 640 1566 710 intelligat
1594 641 1867 706 Ecclesia,
1895 649 1952 697 et
2050 658 2234 697 ceruus
2279 644 2543 699 desiderat
2588 645 2660 698 ad
2707 646 2878 716 fontes
2922 663 3204 718 aquarum,
3247 654 3325 708 ita
3370 655 3636 717 desiderat

365 724 553 778 «licet:
585 720 814 777 Ostende
840 725 1016 789 nobis,
1050 727 1301 793 Domine,
1324 732 1740 788 misericordiam
1775 741 1943 787 tuam.

365 813 610 868 Tertium
639 814 832 883 pedem
865 830 1064 872 mensa:
1090 820 1450 888 requiramus.
1498 823 1654 878 Dicat
1697 824 1847 879 Beda
1891 825 1947 879 in

359 919 474 972 quo
504 911 559 957 et
584 918 748 974 supra
783 921 796 957 :
829 905 1181 978 Tropologica
1217 911 1296 981 (id
1323 920 1424 976 est,
1457 914 1702 987 moralis)
1743 915 1946 971 locutio

359 996 429 1050 ad
461 996 855 1052 institutionem
883 1006 938 1053 et
958 1001 1364 1058 correctionem
1380 1019 1612 1070 morum,
1640 1008 1755 1062 sive
1787 1023 1945 1078 aper—

359 1086 434 1140 tis
461 1087 576 1142 sive
611 1086 858 1157 ﬁguratis
883 1090 1096 1159 prolata
1135 1097 1502 1164 sermonibus,
1533 1101 1776 1170 respicit.

430 1178 537 1234 Fas
565 1188 650 1234 est
678 1188 736 1235 ut
768 1190 1054 1252 postquam
1076 1185 1224 1242 docti
1253 1186 1454 1244 fuerint
1477 1191 1849 1247 catechumeni
1875 1193 1942 1248 de

356 1271 680 1340 purgatione
713 1272 993 1342 baptismi,
1017 1275 1360 1334 instruantur
1392 1279 1459 1334 de
1501 1281 1764 1336 moribus.
1798 1281 1941 1338 Dicit

355 1360 524 1416 lectio
553 1372 747 1431 quarta
781 1380 797 1418 :
827 1364 1023 1422 Audite
1052 1367 1322 1424 audientes
1357 1387 1462 1437 me,
1483 1381 1533 1426 et
1577 1374 1828 1427 comedite
1849 1377 1940 1428 bo-

351 1467 503 1517 num,
525 1461 574 1505 et
602 1451 944 1508 delectabitur
963 1456 1021 1511 in
1043 1460 1392 1514 crassitudine
1411 1463 1589 1516 anirna
1616 1473 1805 1518 vestra.
1838 1465 1935 1518 In-

351 1540 547 1596 clinate
596 1558 778 1597 aurem
829 1554 1058 1600 uestram
1077 1587 1092 1612 ,
1118 1557 1166 1604 et
1197 1551 1361 1604 uenite
1389 1551 1460 1606 ad
1491 1569 1574 1606 me
1601 1567 1619 1603 :
1648 1552 1862 1619 Audite,
1887 1565 1937 1609 et

350 1632 480 1686 vivet
524 1635 705 1690 anima
743 1647 944 1702 vestra,
969 1648 1016 1693 et
1041 1641 1228 1710 [etiam
1255 1643 1521 1698 vobiscum
1547 1655 1759 1714 pactum
1800 1663 1936 1700 sem-

255 1781 264 1787 _
347 1723 638 1793 piternum,
667 1726 1057 1785 misericordias
1085 1731 1257 1787 David
1286 1735 1478 1802 ﬁdelis.
1509 1735 1664 1804 Quod
1694 1739 1770 1793 ita
1806 1739 1934 1795 llic-

2047 734 2228 788 aninta
2248 750 2364 790 mea
2391 736 2463 790 ad
2484 745 2553 801 te,
2575 736 2742 791 Deus.

2117 825 2272 892 Quod
2298 826 2634 898 Augustinus
2657 828 2734 882 ita
2769 846 2784 884 :
2812 829 2881 885 Et
2907 831 3124 900 quidem
3151 849 3258 890 non
3289 837 3432 892 male
3471 839 3632 895 intel-

2044 914 2455 986 ligitur,vocem
2477 932 2600 973 esse
2623 933 2812 974 eorum
2833 921 2924 989 qui
2952 918 3078 976 cum
3098 923 3206 978 sint
3229 927 3625 996 catechumeni,

2041 1007 2112 1062 ad
2139 1008 2369 1076 gratiam
2400 1009 2577 1064 sancti
2606 1009 2810 1065 lavacri
2841 1012 3125 1067 festinant.
3152 1014 3307 1071 Unde
3335 1026 3391 1073 et
3424 1019 3625 1076 solem-

2040 1098 2187 1153 niter
2212 1107 2468 1155 cantatur
2495 1102 2583 1156 hic
2612 1101 2875 1172 psalmus,
2902 1112 2963 1158 ut
2985 1103 3058 1159 ita
3083 1107 3393 1162 desiderent
3417 1108 3624 1168 fontem

2041 1187 2379 1244 sanissimus
2417 1198 2764 1259 peccatorum
2786 1232 2800 1256 ,
2848 1195 3306 1262 quemadmodum
3352 1198 3626 1256 desiderat

2039 1291 2234 1334 cervus
2268 1281 2333 1334 ad
2381 1279 2560 1338 fontes
2609 1298 2894 1352 aquarum.
2949 1283 3125 1340 Sitivit
3165 1289 3344 1344 animo
3391 1308 3507 1346 mea
3551 1296 3622 1348 ad

2037 1367 2210 1423 Deum
2236 1372 2427 1426 vivum.
2453 1373 2608 1430 Unde
2629 1375 2722 1445 qui
2751 1391 2913 1446 supra
2942 1394 2955 1428 :
2987 1375 3127 1444 Quid
3155 1379 3364 1435 sitivit?
3395 1381 3623 1450 Quando

2039 1458 2273 1524 veniam,
2311 1468 2368 1513 et
2396 1465 2674 1531 apparebo
2693 1474 2821 1520 ante
2852 1465 3048 1522 faciem
3075 1467 3192 1522 Dei.
3222 1469 3338 1527 Hoc
3364 1482 3452 1528 est
3476 1477 3622 1545 quod

2039 1547 2184 1611 sitio,
2215 1550 2406 1604 venire
2438 1559 2496 1606 et
2537 1568 2827 1622 apparere.
2879 1555 3018 1614 Sitio
3069 1558 3124 1612 in
3161 1564 3620 1632 peregrinatione,

2038 1636 2162 1691 sitio
2194 1638 2247 1691 in
2269 1654 2456 1706 cursu,
2481 1643 2725 1707 satiabor
2757 1645 2812 1698 in
2850 1647 3107 1704 adventu.
3140 1649 3248 1706 Sed
3274 1655 3491 1722 quando
3525 1671 3620 1711 ve-

2036 1727 2222 1784 niam?
2251 1729 2407 1797 Quod
2435 1733 2581 1788 enim
2611 1734 2780 1791 citum
2798 1745 2884 1792 est
2906 1737 3038 1803 Deo,
3065 1741 3277 1802 tardum
3303 1753 3389 1800 est
3408 1744 3620 1803 deside-

348 1830 612 1885 rouymus
639 1817 905 1875 iueodem
935 1820 1070 1876 Isaia
1101 1841 1114 1876 :
1151 1823 1342 1880 Sermo
1371 1827 1587 1884 divinus
1632 1845 1742 1884 non
1807 1847 1926 1887 car—
1959 1819 2003 1879 Β
2032 1819 2131 1873 τίοι
2164 1819 2391 1885 Quando
2423 1823 2632 1878 veniam
2681 1834 2729 1879 ει
2771 1828 3036 1897 lippam“
3071 1839 3193 1884 αητε
3247 1832 3437 1900 faelem
3481 1834 3621 1891 Dei?

345 1907 436 1960 nis
465 1907 572 1962 illis
604 1910 772 1974 bona,
791 1912 886 1965 sed
927 1913 1123 1968 animm
1147 1916 1453 1983 pollicetur.
1490 1917 1550 1974 Si
1577 1920 1724 1975 enim
1749 1923 1934 1976 audis.

346 1998 464 2051 ritis
493 2013 575 2051 me
599 1997 736 2053 bona
756 2008 912 2055 terra:
939 2003 1236 2068 comedetis,
1267 2007 1382 2061 sive
1412 2005 1636 2075 bonum,
1653 2010 1748 2079 qui
1773 2011 1928 2075 dicit,

344 2089 462 2160 Ego
490 2108 609 2144 sum
631 2103 814 2161 pastor
835 2094 1031 2161 bonus,
1057 2107 1103 2150 et
1133 2096 1475 2154 delectabitur
1495 2101 1550 2155 in
1575 2101 1722 2157 bonis
1772 2113 1822 2158 et
1872 2105 1928 2157 in

341 2183 697 2238 crassitudine
742 2186 922 2240 anima
975 2197 1165 2242 vestra.
1217 2190 1359 2261 Ergo
1404 2192 1548 2248 bona
1578 2208 1700 2264 qua:
1732 2196 1928 2251 animm

342 2276 676 2345 repromissa
706 2286 853 2343 sunt,
883 2294 994 2334 non
1023 2281 1227 2336 divitiae
1253 2291 1310 2337 et
1339 2285 1585 2354 corporis
1620 2287 1849 2353 sanitas,
1872 2297 1928 2343 et

338 2369 525 2425 saeculi
551 2370 867 2440 dignitates,
901 2389 1023 2443 quae
1069 2375 1236 2430 etiam
1288 2378 1594 2450 philosophi
1651 2381 1928 2452 appellant

340 2461 731 2529 indideremia,
759 2464 815 2519 id
839 2474 944 2530 est,
977 2482 1080 2522 nec
1103 2466 1372 2540 bonanec
1396 2471 1626 2538 mala,et
1646 2489 1746 2544 pro
1766 2482 1925 2530 uten-

338 2554 478 2608 tium
505 2555 770 2624 qualitate
808 2557 1113 2624 variantur,
1145 2561 1241 2616 sed
1273 2562 1366 2617 illa
1398 2564 1667 2620 credenda
1698 2574 1826 2621 sunt
1854 2568 1922 2622 ad

335 2661 464 2716 qum
489 2646 738 2702 hortatur
766 2648 939 2704 Deus:
962 2649 1194 2706 Declina.
1211 2669 1248 2706 av
1268 2653 1429 2720 malo,
1453 2665 1503 2710 et
1529 2644 1616 2724 fac
1635 2657 1847 2723 bonum,
1866 2665 1923 2713 et

339 2737 566 2807 reliqua.
601 2737 728 2794 Haec
753 2740 871 2795 vult
915 2742 1112 2798 docere
1141 2745 1234 2814 qui
1284 2745 1448 2812 dicit,
1479 2747 1672 2804 Audite
1699 2751 1922 2806 audien—

334 2839 413 2882 tes
439 2845 522 2883 me
539 2869 554 2894 ,
581 2839 639 2884 ut
697 2831 934 2888 declinet
959 2836 1384 2894 catechumenus
1410 2853 1440 2893 a
1469 2840 1626 2896 malis
1652 2842 1916 2910 moribus,

335 2928 392 2973 et
419 2918 588 2975 faciat
626 2922 826 2989 bonos;
858 2932 915 2979 et
951 2925 1148 2982 iterum
1182 2933 1197 2982 2
1227 2930 1569 3003 Derelinquat
1591 2935 1784 3005 impius
1809 2936 1920 2990 vias

334 3027 486 3075 suas,
512 3021 562 3065 et
588 3013 668 3066 air
704 3015 916 3087 iniquus
964 3020 1309 3089 cogitationes
1358 3041 1512 3092 suas,
1543 3036 1594 3081 et
1631 3041 1920 3086 revertatur

334 3103 406 3154 ad
436 3101 737 3158 Dominum.
793 3104 946 3162 Sicut
995 3110 1186 3178 prima:
1220 3113 1341 3168 dum
1392 3115 1650 3174 lectiones
1693 3130 1919 3191 propter

2033 1924 2102 1963 ex
2150 1910 2242 1966 illo
2295 1912 2568 1991 desiderio
2611 1924 2698 1971 est
2749 1924 2806 1972 et
2855 1918 2962 1974 hoc
2989 1921 3134 1989 quod
3168 1922 3439 1978 clamatur
3464 1926 3614 1991 alibi,

2037 1996 2209 2056 Unam
2237 2003 2363 2071 petii
2396 2021 2430 2058 α
2462 1989 2712 2073 Blimina,
2737 2007 2874 2062 hanc
2903 2012 3167 2080 requiram
3187 2051 3202 2076 ,
3235 2023 3293 2066 ut
3329 1989 3614 2070 inhabitari

2031 2091 2087 2145 in
2109 2092 2264 2148 domo
2287 2093 2503 2150 Domini
2521 2115 2615 2168 per
2634 2116 2812 2154 omnes
2831 2101 2942 2156 dies
2965 2103 3082 2157 vim
3103 2120 3250 2159 mete.
3268 2105 3461 2162 Totum
3485 2125 3617 2164 ana-

2030 2183 2277 2253 gogicum
2305 2196 2484 2241 sonat.
2515 2188 2754 2259 ldipsum
2781 2192 3106 2262 deprecatur
3132 2197 3408 2262 sacerdos,
3433 2209 3493 2254 ut
3521 2204 3615 2272 qui

2029 2274 2168 2331 festa
2203 2278 2480 2347 paschalia
2525 2281 2758 2351 agimus,
2803 2283 3122 2354 emlestjbus
3177 2288 3470 2345 desideriis
3522 2306 3617 2347 ac-

2027 2364 2197 2429 censi,
2230 2363 2436 2422 t‘ontem
2466 2367 2593 2423 vita:
2615 2370 2886 2426 sitiamus.
2913 2372 3062 2428 inter
3085 2375 3204 2430 haec
3252 2377 3359 2432 duo
3401 2379 3614 2436 cantica

2026 2470 2135 2510 non
2168 2467 2256 2512 est
2278 2457 2445 2515 lectio
2468 2463 2800 2528 necessaria,
2827 2465 2956 2533 quia
2999 2465 3082 2536 (ut
3105 2469 3474 2542 praediximus)
3518 2474 3614 2540 qui

2027 2544 2082 2599 iu
2103 2546 2262 2602 bonis
2283 2549 2530 2606 moribus
2549 2560 2816 2618 moratur,
2835 2563 3006 2615 restat
3030 2564 3088 2609 ut
3107 2557 3354 2614 ccelestia
3382 2569 3614 2615 tantum-

2026 2638 2185 2693 modo
2209 2638 2368 2705 sciat,
2401 2643 2651 2712 quamvis
2687 2653 2913 2716 propter
2941 2649 3322 2705 convenientia
3361 2651 3611 2709 lectionis

2025 2741 2080 2786 et
2099 2733 2330 2790 duorum
2358 2738 2702 2793 canticorum
2719 2779 2734 2804 ,
2759 2741 2879 2796 sine
2906 2741 3075 2798 altera
3115 2743 3346 2801 lectione
3369 2759 3611 2819 congrue

2023 2822 2442 2896 conjungantur.

2629 2920 2859 2979 CAPUT
2888 2922 3006 2977 XX.

2556 3009 2637 3066 De
2654 3013 2859 3068 duobus
2883 3016 3058 3070 cereis.

2095 3099 2341 3158 Diximus
2353 3116 2575 3160 cereum
2594 3115 2976 3162 consecratum
2987 3105 3192 3164 Christi
3214 3109 3608 3168 humanitatem

333 3193 655 3249 historicam
684 3198 1059 3254 uenationem
1094 3202 1494 3298 conliguntur
1542 3224 1650 3265 uno
1677 3187 1912 3280 cantico,

2028 3189 2328 3263 designare,
2359 3207 2470 3264 quo
2499 3195 2706 3251 utimur
2730 3209 2830 3267 pro
2865 3198 3118 3252 columna
3164 3199 3305 3270 ignis
3347 3201 3436 3256 cui
3483 3217 3611 3258 con-

335 3285 416 3338 sic
447 3285 548 3339 ista
578 3300 687 3339 una
736 3285 999 3342 dilatatur
1046 3291 1100 3345 in
1143 3285 1353 3350 duohTis
1373 3335 1388 3361 ,
1415 3307 1638 3368 propter
1666 3301 1802 3357 duas
1830 3317 1918 3358 res

335 3374 436 3430 sibi
468 3375 876 3447 conjungcutes,
905 3381 1114 3437 scilicet
1146 3399 1327 3441 mores
1352 3386 1524 3443 bonos
1551 3398 1607 3445 et
1637 3391 1916 3448 caelestem

331 3467 588 3536 patriam.
624 3468 776 3525 Unde
798 3470 1072 3542 Propheta
1099 3493 1112 3528 :
1147 3476 1338 3532 Anima
1358 3478 1474 3548 ejus
1494 3481 1549 3534 in
1571 3481 1718 3536 bonis
1737 3483 1917 3538 demo-

332 3561 558 3625 rabitur,
589 3571 640 3615 et
663 3579 840 3618 semen
863 3563 978 3634 ejus
999 3565 1330 3622 htereditabit
1358 3578 1574 3625 terram.
1606 3570 1675 3628 Et
1699 3588 1838 3644 pene
1860 3575 1914 3629 in

329 3650 606 3721 aliquibus
635 3653 986 3722 reperiuntur
1011 3657 1203 3712 eadem
1233 3659 1288 3713 in
1316 3661 1548 3716 canticis
1587 3677 1708 3732 qua:
1743 3663 1799 3718 in
1832 3664 1914 3720 lc-

329 3741 531 3797 ctione.
560 3741 698 3797 Dicit
717 3739 880 3799 lectio
907 3762 920 3797 :
952 3743 1145 3802 Omnes
1165 3749 1418 3814 sitientes,
1437 3753 1608 3807 venite
1628 3753 1698 3808 ad
1713 3772 1912 3826 aquas;

328 3833 607 3888 canticum
629 3834 779 3899 dicit,
808 3834 984 3891 Sitivit
1012 3839 1190 3893 anima
1218 3857 1335 3895 mea
1379 3841 1451 3896 ad
1496 3843 1666 3898 Deum
1716 3846 1914 3915 fontem

329 3925 522 3978 cirum.
547 3922 731 3980 Lectio
752 3925 916 3980 dicit:
946 3925 1161 3982 Feriam
1194 3931 1458 3984 vobiscum
1484 3929 1696 4002 pactum
1723 3938 1914 4007 sempi-

326 4029 538 4071 ternum
572 4020 965 4074 misericordias
1009 4021 1181 4076 David
1227 4023 1434 4091 ﬁdelis;
1458 4027 1730 4082 canticum
1757 4029 1912 4097 dicit,

329 4109 474 4164 Deus
500 4109 670 4178 ﬁdelis
696 4111 752 4164 in
787 4127 890 4183 quo
938 4129 1046 4167 non
1087 4124 1160 4167 est
1207 4115 1479 4186 iniquitas.
1527 4116 1712 4173 Lectio
1739 4119 1867 4176 'licit
1897 4138 1911 4176 :

327 4199 399 4253 Et
430 4201 694 4270 quomodo
721 4201 989 4257 descendit
1028 4203 1218 4269 imber,
1248 4215 1297 4259 et
1321 4205 1413 4260 nia:
1434 4206 1501 4261 de
1521 4207 1646 4262 caelo
1663 4249 1678 4275 ,
1713 4219 1760 4263 et
1788 4211 1915 4265 illuc

326 4285 476 4340 ultra
513 4302 618 4340 non
645 4289 944 4354 revertitur,
967 4289 1059 4342 sed
1097 4291 1323 4345 inebriat
1351 4301 1546 4347 terram
1564 4333 1578 4358 ,
1606 4303 1654 4348 et
1680 4295 1916 4364 infundit

325 4393 466 4443 eam,
498 4386 555 4433 et
587 4379 796 4449 reiiqua
823 4397 838 4446 ;
863 4383 1134 4437 canticum
1165 4384 1321 4449 dicit,
1353 4386 1548 4440 Audiat
1578 4397 1720 4442 terra
1763 4387 1914 4443 verba

325 4470 436 4523 oris
464 4471 587 4537 mei,
613 4482 939 4542 exspectetur
959 4476 1095 4529 sicut
1123 4475 1302 4546 pluvia
1343 4477 1606 4548 eloquium
1647 4496 1842 4546 meum,
1865 4490 1912 4534 et

322 4560 644 4616 descendunt
668 4564 803 4618 sicut
825 4580 910 4619 ros
931 4566 1084 4619 verba
1106 4581 1242 4620 mea.

397 4651 608 4719 Quibus
631 4653 686 4707 in
715 4654 899 4709 verbis
925 4655 1235 4724 evangelica
1269 4655 1518 4711 doctrina
1559 4668 1912 4726 monstratur,

323 4757 492 4813 quam
519 4751 776 4813 precatur
799 4744 990 4799 doctor
1014 4743 1238 4820 "infundi
1262 4760 1427 4816 super
1471 4748 1910 4815 catechumenos,

324 4841 517 4902 postea
563 4833 818 4889 admonet
842 4842 905 4888 ut
930 4849 1039 4889 non
1073 4834 1302 4901 sileant,
1334 4835 1629 4905 dicantque
1678 4838 1809 4906 quid
1857 4839 1913 4893 in

324 4923 494 4978 corde
523 4922 779 4988 habeant,
826 4932 882 4978 et
931 4923 1104 4979 dicit:
1132 4923 1268 4980 Date
1315 4925 1762 4996 magnificentiam
1803 4926 1913 4982 Deo

327 5021 532 5075 nostro,
559 5020 616 5066 et
652 5013 881 5081 reliqua.
913 5012 1032 5068 1am
1063 5022 1192 5070 sunt
1239 5015 1295 5071 in
1343 5016 1462 5086 ipso
1511 5015 1737 5071 introitu
1787 5017 1913 5071 ostii

326 5102 693 5171 baptismatis.
726 5101 860 5158 Orat
887 5104 1174 5170 sacerdos,
1203 5107 1296 5175 qui
1322 5105 1491 5161 sentit
1520 5121 1589 5162 ex
1625 5107 1914 5163 devotione

327 5195 499 5249 animi
530 5203 754 5250 vocatos
797 5211 893 5251 eos
940 5209 1063 5251 esse
1099 5211 1130 5251 a
1174 5197 1425 5262 Domino,
1454 5199 1767 5253 continuam
1795 5213 1916 5268 pro-

328 5287 650 5352 tectionem,
679 5287 909 5343 dicendo
935 5305 949 5341 :
982 5286 1220 5342 Concede
1240 5288 1517 5360 prapitius,
1545 5297 1599 5341 ut
1625 5305 1756 5357 quos
1776 5304 1914 5357 aqua

326 5378 661 5447 baptismatis
701 5376 894 5442 abluis,
935 5380 1185 5433 continua
1229 5379 1550 5444 protectione
1592 5377 1809 5432 tuearis.
1853 5376 1914 5432 In

326 5455 529 5540 quarto
560 5469 777 5525 cantico
823 5478 1107 5526 teneamus
1153 5479 1407 5542 quartum
1457 5471 1647 5541 pedem
1692 5484 1912 5525 mensze.

326 5560 475 5618 Beda
507 5561 561 5616 in
591 5562 783 5619 eodem
822 5577 1083 5636 anagoge,
1105 5563 1163 5619 id
1196 5571 1302 5628 est,
1327 5577 1520 5618 sensus
1543 5561 1610 5616 ad
1636 5562 1919 5632 superiora

327 5652 563 5719 ducens,
593 5653 794 5710 locutio
821 5662 905 5709 cst
929 5670 1049 5725 quae
1089 5653 1158 5710 de
1201 5654 1442 5725 praemiis
1492 5652 1719 5718 futuris,
1747 5662 1801 5707 et
1828 5667 1917 5718 ea,

329 5759 456 5815 qua:
493 5745 546 5800 in
591 5746 746 5801 caelis
787 5755 874 5803 est
917 5749 1026 5803 vita
1083 5746 1286 5813 futura,
1343 5747 1456 5802 slve
1510 5745 1755 5815 mysticis
1807 5746 1920 5801 sive

1937 4533 1992 4594 D

2015 3280 2298 3351 junximus
2325 3284 2609 3342 lectiones.
2638 3287 2854 3342 Etenim
2891 3288 3035 3343 illius
3061 3290 3241 3345 lumen
3282 3291 3485 3347 Christi
3511 3294 3608 3349 do-

2021 3375 2256 3428 ctrinam
2292 3375 2493 3446 signat,
2517 3377 2612 3448 qui
2657 3386 2743 3434 est
2767 3377 2892 3434 fons
2929 3380 3108 3435 omnis
3147 3381 3460 3450 sapientiai;
3513 3383 3608 3438 illo

2021 3464 2539 3522 catechumenorum
2574 3465 2812 3524 tenebrae
2839 3470 3078 3541 expulsa:
3110 3479 3257 3526 sunt.
3281 3471 3384 3538 Qui
3413 3488 3606 3530 cereus

2021 3551 2143 3608 ideo
2182 3568 2326 3610 novo
2368 3555 2493 3626 igne
2523 3558 2860 3626 accenditur,
2894 3569 2957 3616 ut
3001 3561 3249 3633 designet
3281 3562 3482 3619 Christi
3512 3564 3607 3620 do-

2019 3643 2250 3698 ctrinam
2286 3659 2502 3712 novam,
2540 3662 2662 3718 quae
2693 3657 2780 3704 est
2813 3649 2871 3704 in
2901 3650 3052 3708 Novo
3077 3651 3456 3720 Testamento,
3487 3657 3603 3712 sive

2019 3751 2215 3791 novam
2241 3739 2475 3810 gratiam
2505 3755 2609 3810 qua
2653 3740 2922 3800 illustrata
2967 3752 3052 3800 est
3102 3761 3209 3802 nox
3255 3747 3606 3818 singulariter

2019 3827 2332 3895 Dominica,
2367 3830 2619 3888 videlicet
2662 3833 2865 3891 Christi
2911 3839 3329 3895 resurrectione.
3372 3839 3605 3896 Additur

2017 3919 2182 3975 etiam
2205 3921 2270 3976 in
2297 3921 2480 3979 libello
2505 3935 2810 3983 memorato
2831 3928 2971 3985 alter
2997 3945 3206 3996 cereus,
3235 3932 3329 3988 ubi
3362 3933 3598 3988 dicitur:

2017 4009 2088 4064 Et
2107 4019 2232 4066 tunc
2254 4012 2626 4071 illuminantur
2645 4018 2751 4073 duo
2782 4021 2939 4087 cerei,
2953 4023 3248 4078 tenentibus
3274 4023 3478 4079 duobus
3499 4043 3598 4081 no-

2016 4103 2188 4168 tariis,
2211 4112 2268 4160 et
2296 4106 2525 4176 reliqua.
2556 4107 2666 4165 Nos
2699 4125 2832 4166 vero
2875 4112 3021 4165 hunc
3059 4112 3308 4167 ordinem
3357 4114 3606 4183 diligenti

2015 4205 2146 4247 cura
2182 4194 2430 4252 volumus
2457 4197 2770 4262 observare,
2799 4201 3054 4266 quoniam
3083 4200 3330 4257 Christus
3360 4202 3453 4256 lux
3483 4221 3604 4259 vera

2013 4302 2133 4355 quae
2167 4285 2435 4341 illuminat
2473 4304 2678 4343 omnem
2709 4271 2972 4343 hominem
3011 4292 3300 4346 venientem
3349 4294 3406 4348 in
3458 4294 3602 4350 hunc

2015 4374 2306 4439 mundum,
2327 4375 2468 4429 dixit
2511 4377 2679 4431 choro
2724 4377 3132 4446 apostolorum:
3181 4376 3281 4434 Vos
3325 4382 3452 4436 estis
3504 4382 3607 4438 tun

2014 4464 2220 4517 mundi.
2248 4463 2334 4520 Sit
2365 4479 2557 4522 cereus
2603 4476 2954 4523 consecratus
2979 4468 3033 4522 in
3083 4467 3284 4525 Christi
3333 4485 3600 4541 persona;

2018 4553 2089 4609 sit
2123 4553 2263 4610 alter
2309 4569 2524 4622 cereus,
2555 4557 2892 4612 illuminatus
2918 4573 2948 4611 a
2979 4557 3157 4628 primo
3183 4574 3359 4625 cereo,
3391 4563 3598 4617 chorus

2019 4643 2390 4714 apostolorum
2427 4663 2440 4699 :
2471 4647 2690 4718 utrique
2719 4647 2829 4700 sint
2851 4647 2906 4700 in
2933 4647 3163 4702 ecclesia
3184 4688 3199 4714 ,
3233 4649 3450 4718 utrique
3471 4665 3605 4721 prm-

2018 4737 2217 4792 cedant
2240 4738 2664 4794 catechumenos
2688 4746 2910 4794 nostros
2933 4739 3003 4793 ad
3026 4739 3376 4809 baptismum,
3401 4754 3605 4810 prace-

2017 4830 2150 4885 dant
2176 4831 2371 4886 nosad
2394 4840 2600 4886 terram
2638 4830 3042 4900 promissionis.
3085 4829 3290 4886 Christi
3333 4831 3606 4901 apostolo-

2017 4937 2246 4994 rumque
2274 4923 2663 4978 constitutione
2706 4921 3123 4994 diligentissima
3171 4938 3302 4978 cura
3343 4923 3605 4980 debemus

2013 5017 2325 5072 observare.
2355 5015 2460 5070 Per
2485 5030 2543 5071 se
2573 5015 2824 5071 Christus
2852 5015 3119 5071 illuminat
3147 5014 3469 5082 Ecclesiam,
3487 5015 3606 5070 illu-

2016 5109 2189 5164 minat
2216 5117 2270 5164 et
2295 5124 2395 5178 per
2419 5107 2712 5179 apostolos.
2756 5107 2911 5165 Unde
2937 5107 3274 5180 Augustinus
3305 5110 3374 5164 ad
3403 5105 3604 5163 Janua-

2015 5203 2178 5268 rium,
2201 5201 2416 5273 quando
2445 5200 2495 5255 ei
2523 5201 2746 5271 exponit
2774 5215 2872 5255 cur
2901 5215 3000 5256 nos
3037 5199 3210 5272 jejuni
3235 5200 3604 5257 communice-

2017 5307 2158 5357 mus,
2204 5307 2328 5346 cum
2386 5290 2617 5362 apostoli
2675 5305 2783 5346 non
2838 5289 3010 5362 jejuni
3060 5287 3600 5347 communicat-crint.

2016 5381 2262 5452 Namque
2284 5379 2558 5444 Salvator,
2583 5380 2906 5451 inquit,quo
2931 5377 3302 5436 vehementius
3329 5379 3606 5432 commen-

2019 5471 2174 5526 daret
2200 5470 2446 5541 mysterii
2479 5469 2623 5525 illius
2652 5465 3282 5534 altitudinem,ultimum
3307 5465 3410 5520 hoc
3432 5463 3603 5518 voluit

2019 5561 2243 5635 infigere
2268 5561 2525 5617 cordibus
2546 5569 2602 5616 et
2629 5559 2906 5615 memorias
2926 5554 3333 5627 discipulorum,
3356 5570 3386 5617 a
3407 5555 3606 5627 quibus

2021 5655 2087 5711 ad
2118 5655 2426 5726 passionem
2458 5651 2738 5724 digressus
2765 5657 2885 5706 erat
2914 5668 2927 5703 :
2956 5657 3014 5706 et
3043 5648 3166 5705 ideo
3194 5663 3304 5705 non
3347 5647 3607 5720 praecepit

2022 5764 2130 5818 quo
2156 5748 2412 5816 deinceps
2438 5746 2629 5802 ordine
2654 5752 2963 5801 sumeretur
2984 5751 3045 5798 ut
3065 5739 3327 5813 apostolis
3347 5758 3443 5812 per
3465 5755 3606 5810 quos
