3890 6180
377 351 516 406 1059

1397 338 1729 396 AMALARH
1767 335 2200 396 PRESBYTER]
2241 332 2581 390 HETENSIS

3481 335 3610 390 {illo

377 461 653 520 Ecclesias
679 459 1040 528 dispositurus
1064 463 1201 520 erat,
1227 461 1472 510 servaret
1491 453 1638 507 hunc
1663 450 1862 504 locum.
1889 449 1946 502 ln
1976 454 2024 511 Α
2051 465 2188 521 quos
2213 459 2306 505 aut
2333 464 2494 505 sexus
2541 450 2595 502 in
2645 463 2893 518 corpore,
2943 458 3036 502 aut
3074 454 3210 503 astas
3258 448 3524 505 discernit
3567 453 3615 508 in

375 553 586 608 duabus
624 549 981 615 varietatibus
1005 546 1519 602 catechumeuorum
1567 541 1818 594 doctores
1869 539 1953 591 in-

377 642 737 704 troduximus,
770 640 822 694 id
861 645 981 702 est,
1031 637 1087 690 in
1134 641 1328 704 quarta
1372 631 1509 685 feria
1554 639 1678 699 post
1722 627 1952 682 mediam

377 731 883 803 Quadragesimam,
912 729 967 782 in
1006 741 1112 796 qua
1137 724 1284 781 docti
1313 731 1441 777 sunt
1469 719 1537 774 de
1566 718 1672 773 fide
1693 725 1751 772 et
1790 716 1954 770 mori-

375 825 480 879 bus
517 839 531 874 :
567 829 622 874 et
651 821 704 874 iu
731 818 994 874 hodierna
1039 817 1146 880 die,
1180 828 1286 884 qua
1333 809 1631 882 perfectius
1678 809 1955 864 instruun-

379 923 486 968 tur.
518 912 577 966 ln
603 911 690 967 his
711 909 922 964 duabus
949 907 1307 962 varietatibus
1350 918 1458 960 non
1504 917 1629 956 reor
1674 901 1953 956 doctorum

377 1003 588 1060 variare
624 1001 948 1065 doctrinam,
981 1013 1105 1054 cum
1141 1013 1207 1052 ex
1236 996 1323 1051 bis
1362 993 1572 1050 duobus
1609 992 1720 1046 vita
1769 997 1953 1044 nostra

376 1093 630 1162 pendeat.
657 1091 811 1146 Unde
832 1089 957 1144 dicit
984 1087 1130 1142 Beda
1165 1088 1222 1140 in
1259 1085 1401 1140 libro
1436 1083 1503 1138 de
1536 1079 1949 1136 Taberuaculo:

379 1185 501 1240 Vita
534 1192 721 1238 nostra
743 1183 797 1236 in
823 1181 1073 1251 praesenti
1100 1179 1202 1233 fide
1224 1187 1279 1233 et
1303 1175 1620 1246 Operatione
1641 1181 1792 1227 recta
1823 1187 1956 1228 con-

377 1273 542 1327 sistit.
605 1271 900 1340 Propterea
945 1267 1213 1324 hodierna
1261 1265 1349 1319 die
1401 1263 1669 1332 repetitur
1716 1261 1956 1315 doctoris

377 1379 534 1434 opus,
565 1372 626 1417 ut
649 1361 696 1416 si
726 1360 866 1415 forte
888 1373 985 1429 per
1005 1357 1342 1412 oblivionem
1381 1354 1648 1423 dilapsum
1675 1361 1780 1418 est,
1809 1353 1956 1421 quod

379 1457 508 1510 olim
536 1451 1236 1510 didiceruutcatechumeni
1261 1456 1357 1504 aut
1405 1449 1452 1503 si
1498 1447 1668 1518 aliqui
1715 1447 1956 1502 nondum

381 1543 764 1610 interfuerunt,
797 1542 956 1598 hodie
984 1541 1196 1612 plenius
1224 1541 1588 1595 instruantur.

962 1653 1190 1710 CAPUT
1228 1652 1368 1707 XXI.

2055 553 2319 612 tempore,
2339 554 2527 595 omnes
2556 540 2609 593 in
2635 553 2797 592 unam
2829 540 3006 607 pariat
3030 540 3205 610 gratia
3233 548 3412 595 mater
3453 541 3621 597 infan-

2053 634 2207 686 tiam.
2238 631 2306 685 Et
2325 631 2381 684 in
2407 630 2796 700 sequentibus:
2823 628 2895 684 Ut
2915 630 3092 684 omnis
3118 631 3280 685 homo
3309 631 3416 686 hoc
3441 647 3620 688 sacra-

2045 734 2291 782 mentum
2320 724 2747 794 regenerationis
2789 725 3097 795 ingressus,
3125 727 3180 780 in
3202 740 3347 781 vera:
3374 726 3623 782 innocen-

2051 817 2360 872 tiatnovam
2397 813 2678 868 infantiam
2733 824 3067 870 renascatur.
3111 816 3342 887 Propter
3388 818 3620 871 futuram

2051 907 2458 962 renovationem
2504 906 2559 960 in
2602 920 2788 960 veram
2835 907 3240 973 innocentiam,
3275 908 3426 978 jam,
3474 909 3619 979 quasi

2055 996 2254 1052 factum
2275 998 2347 1052 sit
2375 995 2521 1066 quod
2545 995 2656 1050 cito
2683 1005 2768 1050 est
2793 1005 3101 1062 venturum,
3125 1013 3190 1053 ex
3221 1013 3452 1068 persona
3482 999 3620 1068 ipso-

2054 1102 2172 1142 rum
2197 1095 2592 1142 cantatcantor
2613 1088 2828 1143 cantica
2866 1103 2986 1158 qua:
3030 1091 3211 1144 caeteri
3251 1105 3363 1144 non
3408 1101 3622 1159 possunt

2053 1185 2294 1241 cantare,
2323 1178 2414 1246 qui
2454 1177 2707 1232 maculati
2743 1187 2871 1232 sunt
2920 1187 3042 1249 post
3086 1188 3301 1234 uterum
3342 1181 3617 1249 baptismi;

2053 1277 2112 1322 ut
2147 1268 2305 1323 lectio
2343 1269 2409 1323 sit
2445 1269 2566 1335 ista,
2593 1270 2734 1324 sicut
2762 1269 2920 1324 nobis
2946 1270 3192 1334 videtur,
3221 1271 3376 1339 quasi
3419 1271 3622 1340 species

2055 1357 2440 1429 magistrorum
2478 1377 2494 1412 ε
2531 1367 2586 1412 et
2613 1358 2908 1422 canticum,
2931 1359 3088 1428 quasi
3124 1359 3497 1413 benevolentia
3534 1375 3623 1414 au-

2054 1449 2288 1504 ditoris:
2329 1457 2384 1503 et
2410 1449 2584 1503 oratio
2616 1448 2917 1503 sacerdotis
2951 1456 3114 1517 atque
3162 1448 3369 1518 populi,
3413 1449 3506 1519 qui
3549 1463 3623 1502 re

2057 1543 2351 1611 spondent,
2383 1541 2575 1607 Amen,
2609 1540 2953 1597 conﬁrmatio
2999 1540 3356 1609 pmcedentis
3401 1539 3625 1595 benevo-

2060 1633 2257 1687 lentiae.
2283 1632 2516 1686 Cantare
2541 1631 2708 1686 solius
2733 1639 2817 1686 est
2850 1631 2903 1684 in
2932 1637 3227 1699 conspectu
3262 1631 3478 1685 Domini
3504 1646 3626 1701 gau-

381 1746 460 1800 De
487 1746 921 1816 pronuntiatione,
946 1744 1225 1816 lectionum
1254 1745 1308 1797 in
1335 1743 1525 1813 vigiliis
1553 1741 1778 1796 Pascha
1804 1751 1854 1795 et
1885 1733 1957 1796 in
1986 1801 2030 1816 Ἀ
2059 1725 2191 1816 (ιθΐὲ
2221 1739 2334 1793 Dm
2363 1724 2577 1816 (ξωξθνίε
2605 1722 2677 1816 d9
2717 1720 3050 1816 i'anCCPlia:
3077 1737 3182 1816 (illa
3232 1722 3425 1816 Ρτίζευί
3469 1722 3624 1777 ἀυδίο

874 1815 1063 1884 vigiliis
1113 1814 1466 1868 Pentecostes.

451 1907 647 1963 Tribus
667 1907 954 1978 generibus
983 1906 1318 1961 subditorum
1354 1905 1625 1978 debitores
1653 1919 1840 1960 sumus
1875 1903 1957 1958 lo-

379 1997 476 2066 qui
512 1998 568 2051 in
607 1977 858 2062 ecclesia,
901 1996 1112 2052 scilicet
1164 1977 1526 2065 sapientibtis,
1557 2002 1612 2050 et
1654 1995 1957 2064 insipienti-

379 2086 502 2151 bus,
532 2095 586 2142 et
615 2086 926 2142 domesticis
963 2086 1185 2140 nostris.
1233 2085 1310 2139 De
1357 2084 1688 2153 sapientibus
1729 2091 1788 2137 et
1831 2083 1959 2136 insi-

377 2177 652 2246 pientibus
678 2176 914 2244 loquitur
936 2175 1136 2229 Paulus
1159 2174 1227 2228 ad
1255 2175 1528 2229 Romanos
1557 2189 1572 2226 :
1601 2172 1954 2243 Sapientibus,

383 2266 576 2334 inquit,
606 2275 654 2319 et
683 2265 1044 2338 insipientibus
1082 2265 1286 2320 debitor
1333 2281 1469 2318 sunt.
1519 2264 1595 2318 De
1648 2262 1958 2317 domesticis

383 2357 514 2412 dicit
537 2359 606 2412 ad
631 2356 971 2414 Corinthios:
999 2355 1200 2411 Prwter
1215 2355 1312 2410 illa
1333 2372 1450 2427 quin
1469 2356 1789 2410 extrinsecus
1814 2363 1955 2418 sunt,

382 2448 634 2501 instantia
671 2464 789 2502 mea
841 2448 1152 2518 quotidiana
1184 2447 1485 2502 sollicitudo
1519 2448 1753 2501 omnium
1777 2445 1960 2500 Eccle—

381 2540 602 2592 siamm.
633 2537 736 2592 Per
757 2539 1009 2593 instantia
1037 2540 1348 2609 quotidiana
1370 2579 1386 2605 ,
1408 2555 1529 2609 quae
1565 2546 1724 2594 vocat
1759 2537 1960 2593 sollici-

387 2630 625 2684 tudinem
649 2630 887 2686 omnium
910 2630 1294 2697 Ecclesiarum,
1311 2631 1457 2686 illam
1479 2631 1782 2686 doctrinam
1809 2644 1962 2683 mon-

379 2729 525 2788 strat
551 2737 712 2791 quam
743 2723 982 2791 quotidie
1003 2721 1239 2780 faciebat
1259 2721 1327 2776 ad
1347 2737 1441 2780 eos
1467 2723 1558 2792 qui
1581 2737 1763 2778 secum
1784 2735 1962 2776 mora-

387 2813 604 2865 bantur.
638 2811 825 2865 Status
853 2811 1048 2876 noctis,
1071 2812 1126 2866 in
1147 2827 1254 2880 quo
1280 2812 1508 2884 legimus
1535 2812 1691 2881 quasi
1709 2810 1963 2881 insipien-

388 2901 551 2966 tibus,
584 2909 852 2955 moustrat
879 2901 1046 2955 corda
1067 2901 1458 2972 insipientium,
1501 2903 1700 2971 quibus
1742 2913 1963 2955 necesse

387 3001 472 3046 est
493 3000 552 3046 ut
566 2991 903 3045 extrinsecus
929 2990 1108 3046 lumen
1133 2991 1386 3046 habeant.
1411 2991 1682 3060 Utrosque
1702 2991 1963 3045 habemus

387 3084 446 3140 in
463 3082 707 3146 ecclesia
733 3089 940 3147 nostra,
955 3091 1012 3137 et
1039 3083 1310 3152 sapientes
1338 3090 1394 3136 et
1416 3081 1749 3151 insipientes.
1766 3079 1962 3136 Melius

389 3174 534 3228 enim
569 3171 822 3228 convenit
852 3172 1270 3226 catechumenos
1310 3169 1614 3238 comparari
1658 3168 1962 3238 insipienti-

389 3263 492 3317 bus
527 3275 690 3331 quam
739 3259 1091 3329 sapientibus.
1132 3258 1359 3327 Propter
1389 3260 1530 3314 hanc
1552 3258 1968 3329 pronuntiatio-

393 3369 542 3417 nem,
571 3367 732 3422 quam
761 3351 990 3406 facimus
1016 3351 1071 3404 in
1117 3351 1315 3421 vigiliis
1359 3349 1585 3406 Pascha:
1621 3359 1678 3407 et
1708 3349 1962 3406 Penteco-

391 3453 521 3508 stes,
555 3443 656 3497 ista
701 3443 986 3511 tangimus,
1018 3450 1076 3496 ut
1105 3443 1416 3500 noverimus
1443 3459 1612 3513 quare
1657 3443 1816 3498 aliter
1844 3458 1965 3513 pro-

392 3534 672 3589 nuntietur
696 3533 752 3586 in
779 3533 956 3588 cilicio
985 3533 1163 3588 missa:
1193 3542 1248 3587 et
1278 3533 1436 3590 aliter
1466 3533 1570 3589 isto
1596 3533 1793 3590 olIicio.
1838 3533 1969 3600 Quae

392 3624 439 3680 si
463 3622 724 3678 Dominus
752 3621 980 3687 dederit,
1005 3621 1216 3691 plenius
1247 3623 1442 3677 dicturi
1486 3638 1675 3677 sumus
1713 3622 1767 3676 in
1792 3620 1970 3677 cilicio

393 3713 624 3768 diurnali
646 3721 698 3767 et
725 3709 1044 3766 nocturnali.
1081 3710 1314 3780 Propter
1337 3712 1638 3768 excitatam
1669 3712 1852 3768 cordis
1877 3727 1970 3766 ca-

396 3803 862 3869 techumenorum,
891 3800 983 3870 qui
1016 3809 1140 3856 sunt
1171 3801 1512 3871 insipientes,
1539 3801 1972 3870 comparavimus

397 3895 656 3949 lectiones
677 3909 864 3948 eorum
885 3894 1048 3948 statui
1075 3894 1282 3958 noctis;
1320 3901 1378 3948 ut
1399 3894 1452 3946 in
1474 3901 1631 3948 nocte
1656 3895 1972 3964 pronuntia-

401 3998 489 4042 tur
524 3988 702 4053 lectio,
749 3988 823 4042 ita
875 3989 1253 4058 pronuntietur
1295 3988 1352 4044 in
1387 3989 1674 4057 prasentia
1714 3989 1969 4044 catechu-

399 4091 701 4130 menorum.
733 4074 874 4130 Dicit
904 4074 1116 4130 libellus
1133 4077 1198 4131 de
1226 4092 1335 4146 quo
1361 4091 1503 4145 saepe
1526 4078 1970 4143 memoravimus,

399 4167 490 4238 qui
518 4166 756 4221 continet
790 4165 1092 4222 Romanum
1123 4164 1404 4222 Ordinem.
1444 4167 1562 4223 Non
1591 4168 1974 4238 pronuntiatur

397 4258 556 4314 lectio
581 4259 705 4312 libri
725 4257 972 4323 Genesis,
989 4273 1088 4312 nec
1118 4257 1278 4312 lectio
1301 4258 1423 4314 libri
1447 4259 1639 4323 Exodi,
1653 4258 1900 4314 similiter
1919 4266 1975 4312 et

399 4350 465 4404 de
495 4348 726 4404 czetcris.
759 4348 816 4403 Si
842 4349 986 4402 enim
1011 4349 1114 4402 hoc
1155 4345 1492 4414 observatur,
1525 4351 1664 4405 hanc
1692 4348 1847 4406 nobis
1895 4349 1974 4402 vi-

400 4439 555 4494 detur
601 4453 757 4509 posse
787 4439 989 4494 habere
1029 4441 1296 4495 rationem
1339 4456 1354 4496 :
1394 4442 1475 4497 eis
1513 4443 1605 4512 qui
1642 4449 1974 4514 cognoscunt

398 4529 544 4584 cives
571 4528 805 4584 cmlestis
820 4529 1177 4595 Hierusalem,
1198 4539 1254 4584 ut
1269 4531 1558 4600 sapientes,
1576 4531 1969 4600 pronuntiandi

401 4627 527 4673 sunt
566 4619 727 4674 iidem
767 4629 824 4673 ut
871 4634 1057 4674 amore
1107 4619 1428 4685 dulcedinis,
1461 4621 1693 4676 nominis
1723 4621 1857 4674 civis
1887 4620 1970 4674 sui

401 4708 610 4762 avidius
639 4708 798 4763 lectio
820 4708 1058 4762 bibatur.
1091 4707 1156 4762 lli
1188 4723 1335 4774 vero,
1374 4708 1428 4763 id
1455 4718 1538 4764 est
1578 4709 1969 4774 catechumeni,

401 4794 491 4863 qui
530 4796 763 4850 nondum
803 4805 1168 4867 cognoverunt
1195 4798 1343 4852 cives
1384 4796 1743 4861 Hierusalem,
1773 4794 1970 4851 frustra

402 4884 481 4936 eis
509 4883 776 4951 profertur
811 4892 1000 4938 auctor
1051 4884 1378 4955 incognitus,
1418 4885 1612 4954 quibus
1662 4883 1971 4940 firmissima

402 4973 697 5032 auctoritas
718 4974 972 5029 vilescere
1001 4983 1179 5044 potest
1206 4992 1302 5046 per
1325 4976 1704 5044 ignorantiam.

969 5063 1194 5120 CAPUT
1246 5063 1407 5119 XXU.

1006 5155 1085 5211 De
1121 5157 1359 5210 canticis.

475 5241 624 5310 Esto,
648 5239 1018 5301 catechumeni
1043 5247 1095 5300 in
1122 5244 1369 5316 proximo
1394 5243 1559 5302 futuri
1586 5255 1713 5302 sunt
1738 5247 1804 5303 de
1832 5261 1974 5303 coetu

404 5344 622 5393 centum
668 5335 1024 5408 quadraginta
1069 5349 1300 5409 quatuor
1341 5337 1589 5404 millium,
1629 5339 1722 5408 qui
1751 5345 1974 5394 cantant

404 5429 675 5483 canticum
707 5444 922 5492 novum,
954 5427 1094 5498 quod
1119 5443 1277 5484 nemo
1301 5437 1481 5500 potest
1507 5429 1708 5494 dicere,
1737 5428 1840 5482 nisi
1862 5428 1970 5482 ille.

406 5518 512 5573 Pro
537 5519 627 5573 illo
652 5527 902 5588 precatur
931 5533 962 5572 a
1003 5519 1283 5574 sacerdote
1311 5519 1364 5574 in
1401 5516 1839 5574 Sacramentario
1872 5537 1884 5571 :
1920 5526 1976 5572 et

407 5615 467 5658 ut
505 5605 571 5658 ab
605 5606 945 5662 immaculato
978 5607 1145 5666 divini
1174 5607 1339 5664 fontis
1368 5615 1524 5664 utero
1569 5608 1625 5663 in
1662 5623 1856 5663 novam
1889 5623 1976 5664 re-

409 5703 566 5746 natus
604 5705 938 5763 creaturam,
983 5697 1263 5769 progenies
1308 5698 1544 5758 ctrlestis
1589 5707 1859 5768 emergat;
1923 5709 1973 5754 et

1983 1801 2031 1860 Β
2057 1813 2363 1868 vestiuntur
2384 1812 2624 1867 infantes
2665 1813 2722 1866 in
2767 1813 3054 1882 baptismo.
3102 1811 3364 1878 Quamvis
3407 1820 3625 1882 propter

2055 1911 2274 1960 cantum
2308 1901 2523 1958 cantica
2550 1903 2655 1958 dici
2681 1909 2926 1972 possunt,
2951 1909 3146 1954 tamen
3181 1901 3239 1956 in
3287 1900 3448 1955 libris
3489 1901 3625 1955 unde

2057 1995 2159 2050 ista
2185 2004 2441 2064 excerpta
2479 2001 2638 2057 sunt,
2669 1993 2911 2047 carmina
2948 2000 3043 2045 aut
3084 1991 3297 2046 cantica
3344 2000 3622 2044 vocantur.

2059 2085 2135 2138 De
2161 2085 2338 2154 primo
2377 2083 2641 2152 scriptum
2670 2091 2790 2136 est:
2819 2081 2966 2135 Tunc
2990 2081 3173 2135 cecinit
3205 2079 3416 2151 Moyses
3458 2091 3506 2134 et
3533 2081 3625 2148 ﬁlii

2058 2175 2228 2230 Israel
2265 2192 2475 2230 carmen
2519 2175 2616 2228 hoc
2660 2173 2910 2236 Domino,
2952 2182 3002 2226 et
3048 2173 3314 2234 dixerunt,
3349 2171 3626 2226 (lanternas

2059 2267 2304 2322 Domino.
2343 2267 2419 2321 De
2438 2265 2684 2322 secundo
2711 2265 2786 2319 ita
2819 2264 3021 2318 Isaias:
3045 2261 3280 2318 Cantabo
3309 2261 3502 2315 dilecto
3521 2277 3626 2315 meo

2059 2359 2318 2412 canticum
2337 2355 2586 2426 patruelis
2612 2356 2714 2410 mei
2737 2355 2895 2410 vincte
2907 2370 3042 2409 sure.
3069 2352 3229 2407 Vinea
3253 2353 3398 2421 facta
3417 2361 3517 2416 est,
3531 2362 3622 2406 etc.

2060 2448 2137 2502 De
2161 2449 2320 2504 tertio
2344 2448 2414 2502 ita
2437 2448 2491 2502 in
2517 2445 2935 2526 Denter-enorme
2953 2464 2965 2498 :
2983 2444 3207 2513 Scripsit
3232 2443 3442 2513 Moyses
3464 2445 3624 2496 cauti-

2060 2560 2178 2598 cum
2204 2544 2300 2598 hoc
2338 2552 2385 2596 et
2423 2541 2602 2595 docuit
2645 2540 2786 2610 ﬁlios
2833 2538 3022 2594 Israel.
3071 2540 3336 2604 Quartum
3387 2538 3626 2607 quamvis

2060 2651 2168 2690 non
2203 2633 2560 2704 przetituletur
2585 2632 2642 2686 in
2680 2630 2944 2686 Psalterio
2987 2630 3054 2685 de
3093 2629 3330 2693 cantico,
3361 2637 3540 2682 tamen
3563 2627 3626 2681 ab

2060 2725 2360 2796 Augustino
2384 2724 2502 2779 viro
2531 2722 2847 2780 doctissimo
2874 2722 3137 2776 habemus
3182 2719 3316 2774 illud
3357 2719 3624 2774 canticum

2063 2817 2419 2874 nominatum.
2445 2815 2536 2871 Sic
2555 2815 2703 2870 enim
2725 2815 2943 2884 scripsit
2989 2814 3047 2868 in
3075 2812 3394 2884 praefatione
3417 2810 3624 2873 cantici,

2063 2906 2210 2962 Sicut
2255 2923 2434 2961 cert-us
2461 2920 2480 2956 :
2512 2904 2742 2974 Corpus,
2773 2904 2965 2973 inquit,
3006 2901 3210 2957 Christi
3252 2899 3492 2955 Ecclesia
3530 2907 3622 2959 est,

2061 3011 2162 3052 nec
2203 2997 2257 3050 in
2293 2995 2542 3052 omnibus
2563 2995 2656 3064 qui
2683 2994 2889 3049 intrant
2925 2993 2982 3047 in
3010 2991 3334 3055 Ecclesium,
3367 2992 3627 3044 invenitur

2065 3085 2169 3142 tale
2196 3086 2555 3150 desiderium;
2610 3086 2706 3140 sed
2743 3093 2926 3140 tamen
2959 3083 3269 3153 quicunque
3313 3081 3623 3137 suavitatem

2066 3178 2278 3234 Domini
2301 3185 2671 3247 gustaverunt,
2697 3185 2754 3247 et
2793 3176 2939 3246 quod
2966 3176 3048 3232 eis
3075 3175 3238 3245 sapit,
3257 3180 3549 3244 agnoscunt
3575 3171 3624 3224 iu

2067 3268 2299 3325 cantico.
2677 3245 2722 3276 ³

2633 3357 2864 3416 CAPUT
2895 3357 3080 3413 XXIII.

2348 3451 2426 3505 De
2457 3451 2558 3506 olei
2587 3452 2829 3504 unctione
2850 3449 2904 3503 in
2924 3448 3139 3502 sabbato
3159 3457 3361 3500 sancto.

2139 3543 2471 3610 Scrutinium
2499 3544 2662 3599 habet
2706 3558 2863 3598 suum
2903 3541 3183 3610 proprium
3224 3539 3631 3610 apusculum,et

2069 3643 2358 3706 propterea
2417 3648 2517 3688 nos
2560 3641 2773 3702 oportet
2822 3631 3105 3701 praeterire
3163 3628 3326 3694 illud,
3384 3628 3633 3698 praecipue

2069 3723 2192 3791 quia
2228 3723 2342 3792 jam
2371 3720 2496 3776 inde
2538 3728 2822 3791 operatum
2868 3727 2972 3775 est.
3017 3717 3127 3773 Sed
3163 3717 3294 3786 quia
3343 3718 3401 3771 iu
3454 3717 3632 3771 itinere
3715 3718 3734 3724 ’

2071 3819 2255 3866 nostra
2301 3808 2622 3864 charissima
2664 3807 2998 3871 invenimus,
3042 3820 3152 3861 non
3188 3818 3477 3874 possumus
3507 3818 3633 3873 pne-

2073 3901 2236 3956 terire
2259 3916 2344 3966 ea,
2371 3900 2479 3956 nisi
2515 3898 2725 3955 visendi
2771 3898 2946 3969 gratia
2987 3895 3230 3953 osculum
3277 3896 3361 3952 eis
3405 3895 3634 3966 paelica—

2071 4009 2212 4050 mus.
2238 3993 2318 4048 Ac
2337 4007 2434 4063 per
2459 3992 2561 4047 hoc
2591 3990 2722 4048 libet
2747 4005 2895 4046 nunc
2922 3989 3106 4044 dicere
3128 3988 3194 4043 de
3227 3987 3333 4042 olei
3369 3987 3629 4041 unctione.

2072 4083 2281 4138 Dicitur
2311 4083 2366 4137 in
2396 4082 2750 4138 Sacramento
2783 4099 2795 4135 :
2827 4080 2886 4136 In
2910 4079 3136 4136 sabbato
3167 4077 3391 4134 Pascha:
3418 4077 3484 4133 ad
3529 4074 3634 4130 red-

2075 4175 2284 4239 dentes,
2303 4173 2436 4227 dicit
2455 4173 2705 4235 dominus
2723 4187 2863 4242 papa
2884 4179 3008 4242 post
3037 4173 3298 4242 πιστόγειν
3323 4187 3335 4222 :
3361 4167 3544 4222 Primo
3565 4165 3634 4220 di-

2074 4265 2305 4320 cendum
2339 4271 2444 4328 est,
2471 4264 2730 4329 reddant;
2781 4272 2840 4319 et
2863 4271 3070 4333 postea,
3097 4263 3230 4332 quid
3277 4261 3426 4316 dicat
3461 4273 3590 4330 papa
3619 4275 3632 4311 :

2075 4352 2298 4422 Nempe,
2325 4349 2642 4419 lectionem,
2672 4367 2836 4422 quam
2876 4361 3204 4423 acceperunt
3256 4361 3455 4422 quarta
3511 4349 3635 4404 feria

2075 4453 2194 4515 post
2217 4443 2452 4498 medium
2481 4443 2936 4515 Quadragesimae,
2965 4445 3128 4501 hodie
3153 4444 3408 4501 reddunt.

2145 4534 2288 4603 Papa
2333 4532 2451 4586 infit
2481 4550 2493 4586 :
2531 4532 2643 4587 Nec
2692 4544 2741 4588 te
2777 4533 2940 4599 latet,
2972 4533 3212 4600 Satana,
3239 4534 3511 4588 imminere
3554 4532 3638 4586 tibi

2073 4639 2278 4694 poenas;
2301 4630 2356 4677 et
2372 4630 2498 4692 post
2516 4622 2792 4692 paululum
2819 4641 2832 4676 :
2857 4621 2940 4676 Da
2959 4623 3206 4677 honorent
3223 4621 3452 4692 Spiritui
3471 4630 3638 4676 sancto

2073 4713 2363 4786 paracleto,
2385 4723 2435 4768 et
2459 4714 2637 4768 recede
2659 4713 2723 4768 ab
2745 4714 2826 4769 Itis
2858 4713 3072 4784 famulis
3107 4723 3156 4768 et
3187 4713 3490 4782 famulatus
3518 4713 3638 4774 Dei;

2074 4802 2175 4856 iste
2196 4809 2282 4855 cst
2296 4801 2633 4858 exorcismus
2652 4795 2826 4872 papie,
2844 4803 2956 4873 ipse
2977 4803 3255 4872 praecessit
3273 4803 3329 4856 in
3344 4801 3450 4858 olei
3468 4816 3641 4858 conse-

2075 4892 2338 4946 cratione.
2369 4891 2446 4948 De
2480 4907 2588 4961 quo
2611 4891 2788 4948 otIicio
2819 4892 2953 4948 dicit
2974 4891 3267 4962 Gregorius
3291 4891 3345 4946 in
3371 4891 3640 4946 bomiliis:

2081 4979 2280 5036 Sancta
2301 4981 2496 5051 quippe
2519 4979 2764 5036 Ecclesia
2787 4982 3026 5052 quotidie
3044 4981 3361 5052 spiritaliter
3387 4982 3498 5053 agit
3515 4980 3645 5050 quod

2080 5078 2210 5126 tunc
2234 5085 2331 5138 per
2352 5069 2623 5138 apostolos
2643 5069 2997 5140 corporaliter
3019 5069 3270 5126 faciebat.
3303 5068 3442 5124 Nam
3470 5084 3644 5125 sacer.

2081 5161 2236 5216 dotes
2255 5160 2369 5230 ejus
2381 5175 2503 5214 cum
2522 5176 2618 5231 per
2636 5161 2924 5215 exorcismi
2942 5161 3172 5231 gratiam
3195 5176 3416 5215 mnum
3433 5160 3646 5216 creden-

2081 5253 2222 5308 tibus
2275 5252 2574 5321 imponunt,
2625 5260 2680 5306 et
2733 5252 2978 5306 habitare
3025 5251 3291 5322 malignos
3333 5252 3558 5321 spiritus
3597 5251 3648 5303 in

2077 5358 2265 5400 eorum
2291 5351 2473 5397 mente
2526 5343 2930 5407 contradicunt,
2954 5342 3085 5412 quid
3111 5342 3256 5397 aliud
3297 5340 3528 5407 faciunt,
3551 5341 3646 5395 nisi

2078 5431 2341 5488 (iantacula
2371 5431 2614 5501 ejiciunt.
2656 5430 2916 5500 Sequitur
2940 5432 2994 5485 in
3027 5430 3467 5487 Sacramentario
3492 5451 3503 5486 :
3529 5431 3647 5486 Post

2077 5523 2180 5576 hoc
2201 5521 2374 5591 tangit
2389 5520 2614 5591 singulis
2628 5536 2789 5578 nares
2808 5529 2861 5576 et
2878 5535 3060 5587 aures,
3074 5529 3128 5574 ct
3150 5519 3280 5576 dicit
3298 5522 3405 5585 eis,
3427 5520 3648 5592 ΕρΙιρΙιεο

2077 5622 2131 5664 ta
2179 5610 2326 5665 lstud
2351 5608 2589 5665 officium
2610 5611 2944 5680 prmlibatum
2967 5610 3123 5664 estin
3141 5619 3442 5683 memorata
3464 5617 3642 5688 quarta

2079 5700 2232 5766 feria,
2257 5699 2350 5755 sed
2381 5699 2492 5756 fors
2525 5701 2643 5755 ideo
2671 5701 2937 5772 reperitur
2957 5701 3080 5772 quia
3111 5700 3273 5772 aliqui
3298 5701 3533 5762 nomium
3561 5713 3643 5751 ve~
