  <div class='ocr_page' id='page_1' title='image "/cluster/home/n/w/nwhite01/storage/ocr_20150623/105/hvd.32044054759709/528.png"; bbox 0 0 3890 6180; ppageno 0'>
   <div class='ocr_carea' id='block_1_1' title="bbox 375 365 511 421">
    <p class='ocr_par' dir='ltr' id='par_1_1' title="bbox 375 365 511 421">
     <span class='ocr_line' id='line_1_1' title="bbox 375 365 511 421; baseline 0 0"><span class='ocrx_word' id='word_1_1' title='bbox 375 365 511 421; x_wconf 62' lang='grc' dir='ltr'><strong>ωτι</strong></span> 
     </span>
    </p>
   </div>
   <div class='ocr_carea' id='block_1_2' title="bbox 371 569 1078 641">
    <p class='ocr_par' dir='ltr' id='par_1_2' title="bbox 371 569 1078 641">
     <span class='ocr_line' id='line_1_2' title="bbox 371 569 1078 641; baseline -0.007 -14"><span class='ocrx_word' id='word_1_2' title='bbox 371 579 654 641; x_wconf 89' lang='lat' dir='ltr'><strong>ceperunt,</strong></span> <span class='ocrx_word' id='word_1_3' title='bbox 674 569 767 639; x_wconf 99' lang='lat' dir='ltr'><strong>qui</strong></span> <span class='ocrx_word' id='word_1_4' title='bbox 796 578 1078 624; x_wconf 73' lang='lat' dir='ltr'><strong>venerant.</strong></span> 
     </span>
    </p>
   </div>
   <div class='ocr_carea' id='block_1_3' title="bbox 447 661 1966 732">
    <p class='ocr_par' dir='ltr' id='par_1_3' title="bbox 447 661 1966 732">
     <span class='ocr_line' id='line_1_3' title="bbox 447 661 1966 732; baseline 0.001 -16"><span class='ocrx_word' id='word_1_5' title='bbox 447 663 708 732; x_wconf 76' lang='lat' dir='ltr'><strong>Sequitur</strong></span> <span class='ocrx_word' id='word_1_6' title='bbox 734 663 788 716; x_wconf 91' lang='lat' dir='ltr'><strong>in</strong></span> <span class='ocrx_word' id='word_1_7' title='bbox 823 662 1013 717; x_wconf 91' lang='lat' dir='ltr'><strong>eodem</strong></span> <span class='ocrx_word' id='word_1_8' title='bbox 1048 661 1526 716; x_wconf 85' lang='lat' dir='ltr'><strong>Sacramentario:</strong></span> <span class='ocrx_word' id='word_1_9' title='bbox 1565 661 1762 717; x_wconf 92' lang='lat' dir='ltr'><strong>Postea</strong></span> <span class='ocrx_word' id='word_1_10' title='bbox 1793 662 1966 732; x_wconf 86' lang='lat' dir='ltr'><strong>tangit</strong></span> 
     </span>
    </p>
   </div>
   <div class='ocr_carea' id='block_1_4' title="bbox 375 750 1961 821">
    <p class='ocr_par' dir='ltr' id='par_1_4' title="bbox 375 750 1961 821">
     <span class='ocr_line' id='line_1_4' title="bbox 375 750 1961 821; baseline 0 -13"><span class='ocrx_word' id='word_1_11' title='bbox 375 753 447 808; x_wconf 86' lang='lat' dir='ltr'><strong>de</strong></span> <span class='ocrx_word' id='word_1_12' title='bbox 479 752 600 807; x_wconf 90' lang='lat' dir='ltr'><strong>oleo</strong></span> <span class='ocrx_word' id='word_1_13' title='bbox 630 759 825 807; x_wconf 86' lang='lat' dir='ltr'><strong>sancto</strong></span> <span class='ocrx_word' id='word_1_14' title='bbox 852 751 1102 820; x_wconf 88' lang='lat' dir='ltr'><strong>scapulas</strong></span> <span class='ocrx_word' id='word_1_15' title='bbox 1136 758 1192 805; x_wconf 89' lang='lat' dir='ltr'><strong>et</strong></span> <span class='ocrx_word' id='word_1_16' title='bbox 1225 761 1437 820; x_wconf 90' lang='lat' dir='ltr'><strong>pectus.</strong></span> <span class='ocrx_word' id='word_1_17' title='bbox 1488 750 1560 806; x_wconf 89' lang='lat' dir='ltr'><strong>Ut</strong></span> <span class='ocrx_word' id='word_1_18' title='bbox 1586 751 1961 821; x_wconf 63' lang='lat' dir='ltr'><strong>praediximus,</strong></span> 
     </span>
    </p>
   </div>
   <div class='ocr_carea' id='block_1_5' title="bbox 369 845 1965 916">
    <p class='ocr_par' dir='ltr' id='par_1_5' title="bbox 369 845 1965 916">
     <span class='ocr_line' id='line_1_5' title="bbox 369 845 1965 916; baseline 0 -14"><span class='ocrx_word' id='word_1_19' title='bbox 369 848 524 903; x_wconf 93' lang='lat' dir='ltr'><strong>istud</strong></span> <span class='ocrx_word' id='word_1_20' title='bbox 551 847 730 902; x_wconf 90' lang='lat' dir='ltr'><strong>oleum</strong></span> <span class='ocrx_word' id='word_1_21' title='bbox 761 847 829 902; x_wconf 92' lang='lat' dir='ltr'><strong>ad</strong></span> <span class='ocrx_word' id='word_1_22' title='bbox 857 847 1058 902; x_wconf 86' lang='lat' dir='ltr'><strong>donum</strong></span> <span class='ocrx_word' id='word_1_23' title='bbox 1089 847 1278 916; x_wconf 83' lang='lat' dir='ltr'><strong>gratiae</strong></span> <span class='ocrx_word' id='word_1_24' title='bbox 1310 846 1408 900; x_wconf 90' lang='lat' dir='ltr'><strong>Dei</strong></span> <span class='ocrx_word' id='word_1_25' title='bbox 1436 846 1700 916; x_wconf 83' lang='lat' dir='ltr'><strong>pertinet,</strong></span> <span class='ocrx_word' id='word_1_26' title='bbox 1749 845 1818 900; x_wconf 87' lang='lat' dir='ltr'><strong>de</strong></span> <span class='ocrx_word' id='word_1_27' title='bbox 1855 861 1965 916; x_wconf 86' lang='lat' dir='ltr'><strong>quo</strong></span> 
     </span>
    </p>
   </div>
   <div class='ocr_carea' id='block_1_6' title="bbox 370 937 1964 1007">
    <p class='ocr_par' dir='ltr' id='par_1_6' title="bbox 370 937 1964 1007">
     <span class='ocr_line' id='line_1_6' title="bbox 370 937 1964 1007; baseline -0.001 -12"><span class='ocrx_word' id='word_1_28' title='bbox 370 940 593 995; x_wconf 89' lang='lat' dir='ltr'><strong>dicebat</strong></span> <span class='ocrx_word' id='word_1_29' title='bbox 617 938 861 994; x_wconf 81' lang='lat' dir='ltr'><strong>Paulus:</strong></span> <span class='ocrx_word' id='word_1_30' title='bbox 911 938 1083 993; x_wconf 73' lang='lat' dir='ltr'><strong>Alteri</strong></span> <span class='ocrx_word' id='word_1_31' title='bbox 1128 939 1263 993; x_wconf 86' lang='lat' dir='ltr'><strong>ﬁdes</strong></span> <span class='ocrx_word' id='word_1_32' title='bbox 1306 939 1362 992; x_wconf 90' lang='lat' dir='ltr'><strong>in</strong></span> <span class='ocrx_word' id='word_1_33' title='bbox 1392 939 1582 993; x_wconf 83' lang='lat' dir='ltr'><strong>eodem</strong></span> <span class='ocrx_word' id='word_1_34' title='bbox 1618 939 1833 1007; x_wconf 82' lang='lat' dir='ltr'><strong>spiritu.</strong></span> <span class='ocrx_word' id='word_1_35' title='bbox 1879 937 1964 993; x_wconf 67' lang='lat' dir='ltr'><strong>Ad</strong></span> 
     </span>
    </p>
   </div>
   <div class='ocr_carea' id='block_1_7' title="bbox 371 1029 1964 1101">
    <p class='ocr_par' dir='ltr' id='par_1_7' title="bbox 371 1029 1964 1101">
     <span class='ocr_line' id='line_1_7' title="bbox 371 1029 1964 1101; baseline -0.001 -15"><span class='ocrx_word' id='word_1_36' title='bbox 371 1039 620 1087; x_wconf 85' lang='lat' dir='ltr'><strong>tutamen</strong></span> <span class='ocrx_word' id='word_1_37' title='bbox 651 1031 849 1086; x_wconf 87' lang='lat' dir='ltr'><strong>mentis</strong></span> <span class='ocrx_word' id='word_1_38' title='bbox 876 1038 932 1085; x_wconf 90' lang='lat' dir='ltr'><strong>et</strong></span> <span class='ocrx_word' id='word_1_39' title='bbox 957 1031 1204 1101; x_wconf 89' lang='lat' dir='ltr'><strong>corporis</strong></span> <span class='ocrx_word' id='word_1_40' title='bbox 1231 1030 1529 1101; x_wconf 86' lang='lat' dir='ltr'><strong>imponitur</strong></span> <span class='ocrx_word' id='word_1_41' title='bbox 1550 1029 1729 1084; x_wconf 87' lang='lat' dir='ltr'><strong>oleum</strong></span> <span class='ocrx_word' id='word_1_42' title='bbox 1761 1029 1815 1084; x_wconf 84' lang='lat' dir='ltr'><strong>in</strong></span> <span class='ocrx_word' id='word_1_43' title='bbox 1844 1045 1964 1085; x_wconf 83' lang='lat' dir='ltr'><strong>sca-</strong></span> 
     </span>
    </p>
   </div>
   <div class='ocr_carea' id='block_1_8' title="bbox 367 1120 1959 1193">
    <p class='ocr_par' dir='ltr' id='par_1_8' title="bbox 367 1120 1959 1193">
     <span class='ocr_line' id='line_1_8' title="bbox 367 1120 1959 1193; baseline 0 -17"><span class='ocrx_word' id='word_1_44' title='bbox 367 1121 516 1193; x_wconf 81' lang='lat' dir='ltr'><strong>pulis</strong></span> <span class='ocrx_word' id='word_1_45' title='bbox 545 1132 598 1178; x_wconf 89' lang='lat' dir='ltr'><strong>et</strong></span> <span class='ocrx_word' id='word_1_46' title='bbox 627 1130 868 1192; x_wconf 83' lang='lat' dir='ltr'><strong>pectore.</strong></span> <span class='ocrx_word' id='word_1_47' title='bbox 918 1121 978 1176; x_wconf 83' lang='lat' dir='ltr'><strong>in</strong></span> <span class='ocrx_word' id='word_1_48' title='bbox 1021 1122 1189 1177; x_wconf 88' lang='lat' dir='ltr'><strong>armis</strong></span> <span class='ocrx_word' id='word_1_49' title='bbox 1222 1120 1714 1176; x_wconf 63' lang='lat' dir='ltr'><strong>tutaminisdoeum</strong></span> <span class='ocrx_word' id='word_1_50' title='bbox 1741 1130 1959 1177; x_wconf 81' lang='lat' dir='ltr'><strong>scutum</strong></span> 
     </span>
    </p>
   </div>
   <div class='ocr_carea' id='block_1_9' title="bbox 369 1211 1959 1282">
    <p class='ocr_par' dir='ltr' id='par_1_9' title="bbox 369 1211 1959 1282">
     <span class='ocr_line' id='line_1_9' title="bbox 369 1211 1959 1282; baseline 0 -16"><span class='ocrx_word' id='word_1_51' title='bbox 369 1212 513 1267; x_wconf 88' lang='lat' dir='ltr'><strong>solet</strong></span> <span class='ocrx_word' id='word_1_52' title='bbox 541 1221 746 1268; x_wconf 90' lang='lat' dir='ltr'><strong>tenere.</strong></span> <span class='ocrx_word' id='word_1_53' title='bbox 795 1212 983 1267; x_wconf 83' lang='lat' dir='ltr'><strong>Fidem</strong></span> <span class='ocrx_word' id='word_1_54' title='bbox 1029 1213 1174 1267; x_wconf 89' lang='lat' dir='ltr'><strong>idem</strong></span> <span class='ocrx_word' id='word_1_55' title='bbox 1214 1211 1506 1282; x_wconf 81' lang='lat' dir='ltr'><strong>Apostolus</strong></span> <span class='ocrx_word' id='word_1_56' title='bbox 1547 1211 1690 1265; x_wconf 89' lang='lat' dir='ltr'><strong>inter</strong></span> <span class='ocrx_word' id='word_1_57' title='bbox 1730 1219 1959 1266; x_wconf 67' lang='lat' dir='ltr'><strong>caeteras</strong></span> 
     </span>
    </p>
   </div>
   <div class='ocr_carea' id='block_1_10' title="bbox 367 1301 1959 1376">
    <p class='ocr_par' dir='ltr' id='par_1_10' title="bbox 367 1301 1959 1376">
     <span class='ocr_line' id='line_1_10' title="bbox 367 1301 1959 1376; baseline -0.003 -16"><span class='ocrx_word' id='word_1_58' title='bbox 367 1305 607 1360; x_wconf 84' lang='lat' dir='ltr'><strong>virtutes</strong></span> <span class='ocrx_word' id='word_1_59' title='bbox 633 1321 736 1376; x_wconf 89' lang='lat' dir='ltr'><strong>pro</strong></span> <span class='ocrx_word' id='word_1_60' title='bbox 761 1313 917 1361; x_wconf 86' lang='lat' dir='ltr'><strong>scuto</strong></span> <span class='ocrx_word' id='word_1_61' title='bbox 944 1305 1122 1375; x_wconf 89' lang='lat' dir='ltr'><strong>ponit,</strong></span> <span class='ocrx_word' id='word_1_62' title='bbox 1154 1303 1421 1360; x_wconf 89' lang='lat' dir='ltr'><strong>dicendo:</strong></span> <span class='ocrx_word' id='word_1_63' title='bbox 1451 1301 1728 1358; x_wconf 86' lang='lat' dir='ltr'><strong>Sumentes</strong></span> <span class='ocrx_word' id='word_1_64' title='bbox 1753 1313 1959 1358; x_wconf 89' lang='lat' dir='ltr'><strong>scutum</strong></span> 
     </span>
    </p>
   </div>
   <div class='ocr_carea' id='block_1_11' title="bbox 372 1393 1960 1466">
    <p class='ocr_par' dir='ltr' id='par_1_11' title="bbox 372 1393 1960 1466">
     <span class='ocr_line' id='line_1_11' title="bbox 372 1393 1960 1466; baseline 0.001 -18"><span class='ocrx_word' id='word_1_65' title='bbox 372 1393 521 1463; x_wconf 71' lang='lat' dir='ltr'><strong>ﬁdei.</strong></span> <span class='ocrx_word' id='word_1_66' title='bbox 552 1394 662 1450; x_wconf 82' lang='lat' dir='ltr'><strong>Per</strong></span> <span class='ocrx_word' id='word_1_67' title='bbox 687 1395 1048 1466; x_wconf 77' lang='lat' dir='ltr'><strong>cogitationes</strong></span> <span class='ocrx_word' id='word_1_68' title='bbox 1077 1410 1276 1466; x_wconf 88' lang='lat' dir='ltr'><strong>pravas</strong></span> <span class='ocrx_word' id='word_1_69' title='bbox 1311 1405 1366 1449; x_wconf 87' lang='lat' dir='ltr'><strong>et</strong></span> <span class='ocrx_word' id='word_1_70' title='bbox 1395 1409 1561 1464; x_wconf 87' lang='lat' dir='ltr'><strong>opera</strong></span> <span class='ocrx_word' id='word_1_71' title='bbox 1587 1394 1832 1449; x_wconf 83' lang='lat' dir='ltr'><strong>diabolus</strong></span> <span class='ocrx_word' id='word_1_72' title='bbox 1859 1409 1960 1450; x_wconf 89' lang='lat' dir='ltr'><strong>nos</strong></span> 
     </span>
    </p>
   </div>
   <div class='ocr_carea' id='block_1_12' title="bbox 367 1485 1959 1557">
    <p class='ocr_par' dir='ltr' id='par_1_12' title="bbox 367 1485 1959 1557">
     <span class='ocr_line' id='line_1_12' title="bbox 367 1485 1959 1557; baseline 0 -16"><span class='ocrx_word' id='word_1_73' title='bbox 367 1487 704 1556; x_wconf 77' lang='lat' dir='ltr'><strong>corrumpit;</strong></span> <span class='ocrx_word' id='word_1_74' title='bbox 749 1495 1038 1557; x_wconf 84' lang='lat' dir='ltr'><strong>propterea</strong></span> <span class='ocrx_word' id='word_1_75' title='bbox 1074 1486 1353 1541; x_wconf 90' lang='lat' dir='ltr'><strong>munimur</strong></span> <span class='ocrx_word' id='word_1_76' title='bbox 1376 1485 1498 1540; x_wconf 84' lang='lat' dir='ltr'><strong>oleo</strong></span> <span class='ocrx_word' id='word_1_77' title='bbox 1531 1486 1857 1550; x_wconf 85' lang='lat' dir='ltr'><strong>exorcismi,</strong></span> <span class='ocrx_word' id='word_1_78' title='bbox 1905 1487 1959 1542; x_wconf 89' lang='lat' dir='ltr'><strong>id</strong></span> 
     </span>
    </p>
   </div>
   <div class='ocr_carea' id='block_1_13' title="bbox 361 1574 1960 1647">
    <p class='ocr_par' dir='ltr' id='par_1_13' title="bbox 361 1574 1960 1647">
     <span class='ocr_line' id='line_1_13' title="bbox 361 1574 1960 1647; baseline -0.002 -15"><span class='ocrx_word' id='word_1_79' title='bbox 361 1583 476 1640; x_wconf 87' lang='lat' dir='ltr'><strong>est,</strong></span> <span class='ocrx_word' id='word_1_80' title='bbox 501 1587 659 1632; x_wconf 90' lang='lat' dir='ltr'><strong>scuto</strong></span> <span class='ocrx_word' id='word_1_81' title='bbox 687 1574 810 1632; x_wconf 89' lang='lat' dir='ltr'><strong>ﬁdei</strong></span> <span class='ocrx_word' id='word_1_82' title='bbox 842 1576 895 1630; x_wconf 90' lang='lat' dir='ltr'><strong>in</strong></span> <span class='ocrx_word' id='word_1_83' title='bbox 927 1575 1182 1646; x_wconf 88' lang='lat' dir='ltr'><strong>scapulis,</strong></span> <span class='ocrx_word' id='word_1_84' title='bbox 1207 1592 1328 1647; x_wconf 78' lang='lat' dir='ltr'><strong>qua:</strong></span> <span class='ocrx_word' id='word_1_85' title='bbox 1357 1584 1485 1630; x_wconf 87' lang='lat' dir='ltr'><strong>sunt</strong></span> <span class='ocrx_word' id='word_1_86' title='bbox 1507 1575 1719 1631; x_wconf 86' lang='lat' dir='ltr'><strong>habiles</strong></span> <span class='ocrx_word' id='word_1_87' title='bbox 1745 1576 1812 1629; x_wconf 93' lang='lat' dir='ltr'><strong>ad</strong></span> <span class='ocrx_word' id='word_1_88' title='bbox 1837 1591 1960 1646; x_wconf 86' lang='lat' dir='ltr'><strong>por-</strong></span> 
     </span>
    </p>
   </div>
   <div class='ocr_carea' id='block_1_14' title="bbox 365 1667 1959 1738">
    <p class='ocr_par' dir='ltr' id='par_1_14' title="bbox 365 1667 1959 1738">
     <span class='ocr_line' id='line_1_14' title="bbox 365 1667 1959 1738; baseline -0.001 -15"><span class='ocrx_word' id='word_1_89' title='bbox 365 1669 534 1723; x_wconf 85' lang='lat' dir='ltr'><strong>tanda</strong></span> <span class='ocrx_word' id='word_1_90' title='bbox 557 1669 746 1732; x_wconf 80' lang='lat' dir='ltr'><strong>Onera,</strong></span> <span class='ocrx_word' id='word_1_91' title='bbox 770 1682 868 1738; x_wconf 89' lang='lat' dir='ltr'><strong>per</strong></span> <span class='ocrx_word' id='word_1_92' title='bbox 885 1683 1022 1738; x_wconf 87' lang='lat' dir='ltr'><strong>quas</strong></span> <span class='ocrx_word' id='word_1_93' title='bbox 1045 1667 1347 1738; x_wconf 78' lang='lat' dir='ltr'><strong>intelligere</strong></span> <span class='ocrx_word' id='word_1_94' title='bbox 1373 1681 1666 1738; x_wconf 80' lang='lat' dir='ltr'><strong>possumus</strong></span> <span class='ocrx_word' id='word_1_95' title='bbox 1691 1682 1876 1737; x_wconf 83' lang='lat' dir='ltr'><strong>opera,</strong></span> <span class='ocrx_word' id='word_1_96' title='bbox 1899 1676 1959 1722; x_wconf 84' lang='lat' dir='ltr'><strong>ut</strong></span> 
     </span>
    </p>
   </div>
   <div class='ocr_carea' id='block_1_15' title="bbox 361 1757 1954 1829">
    <p class='ocr_par' dir='ltr' id='par_1_15' title="bbox 361 1757 1954 1829">
     <span class='ocr_line' id='line_1_15' title="bbox 361 1757 1954 1829; baseline -0.001 -16"><span class='ocrx_word' id='word_1_97' title='bbox 361 1759 593 1829; x_wconf 73' lang='lat' dir='ltr'><strong>expulsa</strong></span> <span class='ocrx_word' id='word_1_98' title='bbox 623 1773 788 1829; x_wconf 87' lang='lat' dir='ltr'><strong>opera</strong></span> <span class='ocrx_word' id='word_1_99' title='bbox 817 1758 1015 1814; x_wconf 88' lang='lat' dir='ltr'><strong>diaboli</strong></span> <span class='ocrx_word' id='word_1_100' title='bbox 1053 1773 1164 1813; x_wconf 92' lang='lat' dir='ltr'><strong>non</strong></span> <span class='ocrx_word' id='word_1_101' title='bbox 1200 1759 1439 1814; x_wconf 84' lang='lat' dir='ltr'><strong>habeant</strong></span> <span class='ocrx_word' id='word_1_102' title='bbox 1467 1757 1644 1814; x_wconf 91' lang='lat' dir='ltr'><strong>locum</strong></span> <span class='ocrx_word' id='word_1_103' title='bbox 1672 1759 1954 1814; x_wconf 82' lang='lat' dir='ltr'><strong>redeundi.</strong></span> 
     </span>
    </p>
   </div>
   <div class='ocr_carea' id='block_1_16' title="bbox 1161 363 2857 424">
    <p class='ocr_par' dir='ltr' id='par_1_16' title="bbox 1161 363 2857 424">
     <span class='ocr_line' id='line_1_16' title="bbox 1161 363 2857 424; baseline 0.002 -4"><span class='ocrx_word' id='word_1_104' title='bbox 1161 365 1250 420; x_wconf 82' lang='lat' dir='ltr'><strong>DE</strong></span> <span class='ocrx_word' id='word_1_105' title='bbox 1289 363 1848 422; x_wconf 73' lang='lat' dir='ltr'><strong>ECCLESIASTI‘CIS</strong></span> <span class='ocrx_word' id='word_1_106' title='bbox 1875 365 2166 423; x_wconf 81' lang='lat' dir='ltr'><strong>OFFlCll‘S</strong></span> <span class='ocrx_word' id='word_1_107' title='bbox 2197 365 2380 422; x_wconf 73' lang='grc' dir='ltr'><strong>ιιΒιιι</strong></span> <span class='ocrx_word' id='word_1_108' title='bbox 2414 365 2504 424; x_wconf 78' lang='grc' dir='ltr'><strong>Π.</strong></span> <span class='ocrx_word' id='word_1_109' title='bbox 2544 395 2616 408; x_wconf 90' lang='grc'><strong>--</strong></span> <span class='ocrx_word' id='word_1_110' title='bbox 2652 368 2782 424; x_wconf 89' lang='lat' dir='ltr'><strong>LIB.</strong></span> <span class='ocrx_word' id='word_1_111' title='bbox 2816 369 2857 423; x_wconf 82' lang='grc' dir='ltr'><strong>Ι.</strong></span> 
     </span>
    </p>
   </div>
   <div class='ocr_carea' id='block_1_17' title="bbox 371 476 2040 549">
    <p class='ocr_par' dir='ltr' id='par_1_17' title="bbox 371 476 2040 549">
     <span class='ocr_line' id='line_1_17' title="bbox 371 476 2040 549; baseline -0.002 -13"><span class='ocrx_word' id='word_1_112' title='bbox 371 485 593 543; x_wconf 84' lang='lat' dir='ltr'><strong>nerant,</strong></span> <span class='ocrx_word' id='word_1_113' title='bbox 631 476 748 533; x_wconf 82' lang='lat' dir='ltr'><strong>sive</strong></span> <span class='ocrx_word' id='word_1_114' title='bbox 779 491 880 546; x_wconf 88' lang='lat' dir='ltr'><strong>per</strong></span> <span class='ocrx_word' id='word_1_115' title='bbox 909 476 1294 549; x_wconf 74' lang='lat' dir='ltr'><strong>negligentiam</strong></span> <span class='ocrx_word' id='word_1_116' title='bbox 1323 479 1675 548; x_wconf 88' lang='lat' dir='ltr'><strong>perdiderunt</strong></span> <span class='ocrx_word' id='word_1_117' title='bbox 1703 480 1846 549; x_wconf 89' lang='lat' dir='ltr'><strong>quod</strong></span> <span class='ocrx_word' id='word_1_118' title='bbox 1874 494 1964 534; x_wconf 86' lang='lat' dir='ltr'><strong>ac-</strong></span> <span class='ocrx_word' id='word_1_119' title='bbox 1990 483 2040 541; x_wconf 75' lang='grc' dir='ltr'><strong>Α</strong></span> 
     </span>
    </p>
   </div>
   <div class='ocr_carea' id='block_1_18' title="bbox 3507 373 3647 427">
    <p class='ocr_par' dir='ltr' id='par_1_18' title="bbox 3507 373 3647 427">
     <span class='ocr_line' id='line_1_18' title="bbox 3507 373 3647 427; baseline -0.007 0"><span class='ocrx_word' id='word_1_120' title='bbox 3507 373 3647 427; x_wconf 61' lang='lat' dir='ltr'><strong>I06!</strong></span> 
     </span>
    </p>
   </div>
   <div class='ocr_carea' id='block_1_19' title="bbox 2633 481 3089 539">
    <p class='ocr_par' dir='ltr' id='par_1_19' title="bbox 2633 481 3089 539">
     <span class='ocr_line' id='line_1_19' title="bbox 2633 481 3089 539; baseline -0.002 -1"><span class='ocrx_word' id='word_1_121' title='bbox 2633 481 2863 538; x_wconf 79' lang='lat' dir='ltr'><strong>CAPUT</strong></span> <span class='ocrx_word' id='word_1_122' title='bbox 2899 482 3089 539; x_wconf 73' lang='lat' dir='ltr'><strong>XXIV.</strong></span> 
     </span>
    </p>
   </div>
   <div class='ocr_carea' id='block_1_20' title="bbox 2068 569 3654 644">
    <p class='ocr_par' dir='ltr' id='par_1_20' title="bbox 2068 569 3654 644">
     <span class='ocr_line' id='line_1_20' title="bbox 2068 569 3654 644; baseline 0.007 -19"><span class='ocrx_word' id='word_1_123' title='bbox 2068 569 2453 642; x_wconf 81' lang='lat' dir='ltr'><strong>Comprobatur</strong></span> <span class='ocrx_word' id='word_1_124' title='bbox 2473 589 2539 627; x_wconf 81' lang='lat' dir='ltr'><strong>ea:</strong></span> <span class='ocrx_word' id='word_1_125' title='bbox 2557 572 2842 642; x_wconf 84' lang='lat' dir='ltr'><strong>Evangelio</strong></span> <span class='ocrx_word' id='word_1_126' title='bbox 2862 591 3014 644; x_wconf 81' lang='lat' dir='ltr'><strong>posse</strong></span> <span class='ocrx_word' id='word_1_127' title='bbox 3035 575 3233 628; x_wconf 83' lang='lat' dir='ltr'><strong>salvari</strong></span> <span class='ocrx_word' id='word_1_128' title='bbox 3256 578 3654 636; x_wconf 74' lang='lat' dir='ltr'><strong>catechumenos</strong></span> 
     </span>
    </p>
   </div>
   <div class='ocr_carea' id='block_1_21' title="bbox 2288 643 3412 713">
    <p class='ocr_par' dir='ltr' id='par_1_21' title="bbox 2288 643 3412 713">
     <span class='ocr_line' id='line_1_21' title="bbox 2288 643 3412 713; baseline 0.005 -18"><span class='ocrx_word' id='word_1_129' title='bbox 2288 659 2382 712; x_wconf 84' lang='lat' dir='ltr'><strong>per</strong></span> <span class='ocrx_word' id='word_1_130' title='bbox 2407 643 2788 712; x_wconf 67' lang='lat' dir='ltr'><strong>confessionem</strong></span> <span class='ocrx_word' id='word_1_131' title='bbox 2817 643 3125 699; x_wconf 58' lang='lat' dir='ltr'><strong>ceterorum</strong></span> <span class='ocrx_word' id='word_1_132' title='bbox 3153 645 3412 713; x_wconf 80' lang='lat' dir='ltr'><strong>ﬁdelium.</strong></span> 
     </span>
    </p>
   </div>
   <div class='ocr_carea' id='block_1_22' title="bbox 2137 749 3653 834">
    <p class='ocr_par' dir='ltr' id='par_1_22' title="bbox 2137 749 3653 834">
     <span class='ocr_line' id='line_1_22' title="bbox 2137 749 3653 834; baseline 0.009 -29"><span class='ocrx_word' id='word_1_133' title='bbox 2137 749 2410 820; x_wconf 84' lang='lat' dir='ltr'><strong>Scriptum</strong></span> <span class='ocrx_word' id='word_1_134' title='bbox 2453 760 2539 807; x_wconf 91' lang='lat' dir='ltr'><strong>est</strong></span> <span class='ocrx_word' id='word_1_135' title='bbox 2580 752 2635 806; x_wconf 84' lang='lat' dir='ltr'><strong>in</strong></span> <span class='ocrx_word' id='word_1_136' title='bbox 2677 753 2968 825; x_wconf 83' lang='lat' dir='ltr'><strong>Evangelio</strong></span> <span class='ocrx_word' id='word_1_137' title='bbox 3012 755 3180 812; x_wconf 79' lang='lat' dir='ltr'><strong>Marci</strong></span> <span class='ocrx_word' id='word_1_138' title='bbox 3227 759 3441 815; x_wconf 79' lang='lat' dir='ltr'><strong>venisse</strong></span> <span class='ocrx_word' id='word_1_139' title='bbox 3487 760 3653 834; x_wconf 78' lang='lat' dir='ltr'><strong>Syro-</strong></span> 
     </span>
    </p>
   </div>
   <div class='ocr_carea' id='block_1_23' title="bbox 2063 841 3650 923">
    <p class='ocr_par' dir='ltr' id='par_1_23' title="bbox 2063 841 3650 923">
     <span class='ocr_line' id='line_1_23' title="bbox 2063 841 3650 923; baseline 0.01 -30"><span class='ocrx_word' id='word_1_140' title='bbox 2063 841 2400 909; x_wconf 78' lang='lat' dir='ltr'><strong>phtenissam</strong></span> <span class='ocrx_word' id='word_1_141' title='bbox 2443 843 2726 898; x_wconf 86' lang='lat' dir='ltr'><strong>mulierem</strong></span> <span class='ocrx_word' id='word_1_142' title='bbox 2758 846 2826 900; x_wconf 90' lang='lat' dir='ltr'><strong>ad</strong></span> <span class='ocrx_word' id='word_1_143' title='bbox 2852 844 3127 902; x_wconf 83' lang='lat' dir='ltr'><strong>Christum</strong></span> <span class='ocrx_word' id='word_1_144' title='bbox 3154 887 3168 911; x_wconf 93' lang='lat'><strong>,</strong></span> <span class='ocrx_word' id='word_1_145' title='bbox 3219 859 3502 920; x_wconf 83' lang='lat' dir='ltr'><strong>rogantem</strong></span> <span class='ocrx_word' id='word_1_146' title='bbox 3547 867 3650 923; x_wconf 88' lang='lat' dir='ltr'><strong>pro</strong></span> 
     </span>
    </p>
   </div>
   <div class='ocr_carea' id='block_1_24' title="bbox 2065 929 3652 1004">
    <p class='ocr_par' dir='ltr' id='par_1_24' title="bbox 2065 929 3652 1004">
     <span class='ocr_line' id='line_1_24' title="bbox 2065 929 3652 1004; baseline 0.01 -21"><span class='ocrx_word' id='word_1_147' title='bbox 2065 929 2206 996; x_wconf 85' lang='lat' dir='ltr'><strong>ﬁlia,</strong></span> <span class='ocrx_word' id='word_1_148' title='bbox 2245 946 2366 1002; x_wconf 77' lang='lat' dir='ltr'><strong>qute</strong></span> <span class='ocrx_word' id='word_1_149' title='bbox 2392 933 2630 988; x_wconf 86' lang='lat' dir='ltr'><strong>habebat</strong></span> <span class='ocrx_word' id='word_1_150' title='bbox 2657 935 2908 1004; x_wconf 89' lang='lat' dir='ltr'><strong>spiritum</strong></span> <span class='ocrx_word' id='word_1_151' title='bbox 2941 937 3300 993; x_wconf 88' lang='lat' dir='ltr'><strong>immundum.</strong></span> <span class='ocrx_word' id='word_1_152' title='bbox 3342 939 3440 995; x_wconf 87' lang='lat' dir='ltr'><strong>Cui</strong></span> <span class='ocrx_word' id='word_1_153' title='bbox 3467 941 3652 998; x_wconf 84' lang='lat' dir='ltr'><strong>Domi-</strong></span> 
     </span>
    </p>
   </div>
   <div class='ocr_carea' id='block_1_25' title="bbox 2062 1021 3648 1096">
    <p class='ocr_par' dir='ltr' id='par_1_25' title="bbox 2062 1021 3648 1096">
     <span class='ocr_line' id='line_1_25' title="bbox 2062 1021 3648 1096; baseline 0.008 -22"><span class='ocrx_word' id='word_1_154' title='bbox 2062 1036 2168 1076; x_wconf 88' lang='lat' dir='ltr'><strong>nus</strong></span> <span class='ocrx_word' id='word_1_155' title='bbox 2197 1022 2372 1077; x_wconf 83' lang='lat' dir='ltr'><strong>dixit:</strong></span> <span class='ocrx_word' id='word_1_156' title='bbox 2409 1021 2538 1078; x_wconf 83' lang='lat' dir='ltr'><strong>Sine</strong></span> <span class='ocrx_word' id='word_1_157' title='bbox 2575 1026 2723 1094; x_wconf 79' lang='lat' dir='ltr'><strong>prius</strong></span> <span class='ocrx_word' id='word_1_158' title='bbox 2767 1029 3001 1080; x_wconf 77' lang='lat' dir='ltr'><strong>saturari</strong></span> <span class='ocrx_word' id='word_1_159' title='bbox 3028 1027 3168 1096; x_wconf 86' lang='lat' dir='ltr'><strong>ﬁlios</strong></span> <span class='ocrx_word' id='word_1_160' title='bbox 3193 1045 3212 1083; x_wconf 89' lang='lat'><strong>:</strong></span> <span class='ocrx_word' id='word_1_161' title='bbox 3253 1045 3357 1084; x_wconf 86' lang='lat' dir='ltr'><strong>non</strong></span> <span class='ocrx_word' id='word_1_162' title='bbox 3397 1032 3536 1086; x_wconf 83' lang='lat' dir='ltr'><strong>enim</strong></span> <span class='ocrx_word' id='word_1_163' title='bbox 3573 1046 3648 1088; x_wconf 89' lang='lat' dir='ltr'><strong>est</strong></span> 
     </span>
    </p>
   </div>
   <div class='ocr_carea' id='block_1_26' title="bbox 2063 1113 3644 1186">
    <p class='ocr_par' dir='ltr' id='par_1_26' title="bbox 2063 1113 3644 1186">
     <span class='ocr_line' id='line_1_26' title="bbox 2063 1113 3644 1186; baseline 0.008 -19"><span class='ocrx_word' id='word_1_164' title='bbox 2063 1113 2256 1168; x_wconf 76' lang='lat' dir='ltr'><strong>bonum</strong></span> <span class='ocrx_word' id='word_1_165' title='bbox 2295 1131 2502 1170; x_wconf 79' lang='lat' dir='ltr'><strong>sumere</strong></span> <span class='ocrx_word' id='word_1_166' title='bbox 2534 1133 2722 1186; x_wconf 83' lang='lat' dir='ltr'><strong>panem</strong></span> <span class='ocrx_word' id='word_1_167' title='bbox 2772 1118 3026 1186; x_wconf 79' lang='lat' dir='ltr'><strong>ﬁliorum,</strong></span> <span class='ocrx_word' id='word_1_168' title='bbox 3071 1133 3120 1174; x_wconf 87' lang='lat' dir='ltr'><strong>et</strong></span> <span class='ocrx_word' id='word_1_169' title='bbox 3157 1123 3366 1177; x_wconf 76' lang='lat' dir='ltr'><strong>mittere</strong></span> <span class='ocrx_word' id='word_1_170' title='bbox 3405 1125 3644 1180; x_wconf 76' lang='lat' dir='ltr'><strong>canibus.</strong></span> 
     </span>
    </p>
   </div>
   <div class='ocr_carea' id='block_1_27' title="bbox 2063 1204 3648 1283">
    <p class='ocr_par' dir='ltr' id='par_1_27' title="bbox 2063 1204 3648 1283">
     <span class='ocr_line' id='line_1_27' title="bbox 2063 1204 3648 1283; baseline 0.009 -26"><span class='ocrx_word' id='word_1_171' title='bbox 2063 1204 2129 1258; x_wconf 77' lang='lat' dir='ltr'><strong>At</strong></span> <span class='ocrx_word' id='word_1_172' title='bbox 2153 1204 2248 1260; x_wconf 82' lang='lat' dir='ltr'><strong>illa</strong></span> <span class='ocrx_word' id='word_1_173' title='bbox 2277 1207 2581 1277; x_wconf 80' lang='lat' dir='ltr'><strong>respondet,</strong></span> <span class='ocrx_word' id='word_1_174' title='bbox 2620 1218 2668 1262; x_wconf 88' lang='lat' dir='ltr'><strong>et</strong></span> <span class='ocrx_word' id='word_1_175' title='bbox 2697 1211 2824 1264; x_wconf 80' lang='lat' dir='ltr'><strong>dicit</strong></span> <span class='ocrx_word' id='word_1_176' title='bbox 2852 1212 2898 1264; x_wconf 89' lang='lat' dir='ltr'><strong>ei</strong></span> <span class='ocrx_word' id='word_1_177' title='bbox 2925 1225 2942 1262; x_wconf 94' lang='lat'><strong>:</strong></span> <span class='ocrx_word' id='word_1_178' title='bbox 2975 1209 3180 1283; x_wconf 88' lang='lat' dir='ltr'><strong>Utique,</strong></span> <span class='ocrx_word' id='word_1_179' title='bbox 3211 1213 3452 1270; x_wconf 88' lang='lat' dir='ltr'><strong>Domine.</strong></span> <span class='ocrx_word' id='word_1_180' title='bbox 3505 1217 3648 1272; x_wconf 83' lang='lat' dir='ltr'><strong>Nam</strong></span> 
     </span>
    </p>
   </div>
   <div class='ocr_carea' id='block_1_28' title="bbox 2061 1297 3646 1376">
    <p class='ocr_par' dir='ltr' id='par_1_28' title="bbox 2061 1297 3646 1376">
     <span class='ocr_line' id='line_1_28' title="bbox 2061 1297 3646 1376; baseline 0.008 -26"><span class='ocrx_word' id='word_1_181' title='bbox 2061 1305 2114 1350; x_wconf 87' lang='lat' dir='ltr'><strong>et</strong></span> <span class='ocrx_word' id='word_1_182' title='bbox 2139 1297 2315 1351; x_wconf 83' lang='lat' dir='ltr'><strong>catelli</strong></span> <span class='ocrx_word' id='word_1_183' title='bbox 2341 1299 2436 1352; x_wconf 82' lang='lat' dir='ltr'><strong>sub</strong></span> <span class='ocrx_word' id='word_1_184' title='bbox 2465 1316 2646 1354; x_wconf 82' lang='lat' dir='ltr'><strong>mensa</strong></span> <span class='ocrx_word' id='word_1_185' title='bbox 2673 1302 2951 1356; x_wconf 81' lang='lat' dir='ltr'><strong>comedunt</strong></span> <span class='ocrx_word' id='word_1_186' title='bbox 2977 1303 3041 1356; x_wconf 86' lang='lat' dir='ltr'><strong>de</strong></span> <span class='ocrx_word' id='word_1_187' title='bbox 3068 1305 3216 1358; x_wconf 83' lang='lat' dir='ltr'><strong>micis</strong></span> <span class='ocrx_word' id='word_1_188' title='bbox 3241 1322 3547 1376; x_wconf 80' lang='lat' dir='ltr'><strong>puerorum.</strong></span> <span class='ocrx_word' id='word_1_189' title='bbox 3577 1309 3646 1363; x_wconf 78' lang='lat' dir='ltr'><strong>Et</strong></span> 
     </span>
    </p>
   </div>
   <div class='ocr_carea' id='block_1_29' title="bbox 2061 1388 3644 1461">
    <p class='ocr_par' dir='ltr' id='par_1_29' title="bbox 2061 1388 3644 1461">
     <span class='ocr_line' id='line_1_29' title="bbox 2061 1388 3644 1461; baseline 0.008 -20"><span class='ocrx_word' id='word_1_190' title='bbox 2061 1389 2138 1442; x_wconf 86' lang='lat' dir='ltr'><strong>ait</strong></span> <span class='ocrx_word' id='word_1_191' title='bbox 2172 1388 2254 1442; x_wconf 81' lang='lat' dir='ltr'><strong>illi</strong></span> <span class='ocrx_word' id='word_1_192' title='bbox 2275 1403 2293 1440; x_wconf 90' lang='lat'><strong>:</strong></span> <span class='ocrx_word' id='word_1_193' title='bbox 2336 1388 2562 1460; x_wconf 86' lang='lat' dir='ltr'><strong>Propter</strong></span> <span class='ocrx_word' id='word_1_194' title='bbox 2599 1393 2740 1446; x_wconf 79' lang='lat' dir='ltr'><strong>hunc</strong></span> <span class='ocrx_word' id='word_1_195' title='bbox 2775 1409 3063 1450; x_wconf 77' lang='lat' dir='ltr'><strong>sermonem</strong></span> <span class='ocrx_word' id='word_1_196' title='bbox 3094 1396 3250 1461; x_wconf 73' lang='lat' dir='ltr'><strong>vade,</strong></span> <span class='ocrx_word' id='word_1_197' title='bbox 3293 1400 3422 1452; x_wconf 73' lang='lat' dir='ltr'><strong>exiit</strong></span> <span class='ocrx_word' id='word_1_198' title='bbox 3446 1399 3644 1453; x_wconf 75' lang='lat' dir='ltr'><strong>dwmo-</strong></span> 
     </span>
    </p>
   </div>
   <div class='ocr_carea' id='block_1_30' title="bbox 2062 1477 3644 1559">
    <p class='ocr_par' dir='ltr' id='par_1_30' title="bbox 2062 1477 3644 1559">
     <span class='ocr_line' id='line_1_30' title="bbox 2062 1477 3644 1559; baseline 0.008 -29"><span class='ocrx_word' id='word_1_199' title='bbox 2062 1478 2207 1530; x_wconf 85' lang='lat' dir='ltr'><strong>nium</strong></span> <span class='ocrx_word' id='word_1_200' title='bbox 2231 1477 2296 1532; x_wconf 82' lang='lat' dir='ltr'><strong>de</strong></span> <span class='ocrx_word' id='word_1_201' title='bbox 2323 1479 2438 1547; x_wconf 82' lang='lat' dir='ltr'><strong>ﬁlia</strong></span> <span class='ocrx_word' id='word_1_202' title='bbox 2467 1490 2578 1534; x_wconf 88' lang='lat' dir='ltr'><strong>tua.</strong></span> <span class='ocrx_word' id='word_1_203' title='bbox 2630 1480 2758 1538; x_wconf 62' lang='lat' dir='ltr'><strong>Haec</strong></span> <span class='ocrx_word' id='word_1_204' title='bbox 2793 1483 2988 1538; x_wconf 86' lang='lat' dir='ltr'><strong>mulier</strong></span> <span class='ocrx_word' id='word_1_205' title='bbox 3017 1483 3432 1554; x_wconf 68' lang='lat' dir='ltr'><strong>Syrophmnissa</strong></span> <span class='ocrx_word' id='word_1_206' title='bbox 3460 1494 3644 1559; x_wconf 85' lang='lat' dir='ltr'><strong>typum</strong></span> 
     </span>
    </p>
   </div>
   <div class='ocr_carea' id='block_1_31' title="bbox 2061 1567 3647 1648">
    <p class='ocr_par' dir='ltr' id='par_1_31' title="bbox 2061 1567 3647 1648">
     <span class='ocr_line' id='line_1_31' title="bbox 2061 1567 3647 1648; baseline 0.008 -28"><span class='ocrx_word' id='word_1_207' title='bbox 2061 1567 2230 1637; x_wconf 79' lang='lat' dir='ltr'><strong>gessit</strong></span> <span class='ocrx_word' id='word_1_208' title='bbox 2257 1567 2556 1623; x_wconf 57' lang='lat' dir='ltr'><strong>Ecclesium</strong></span> <span class='ocrx_word' id='word_1_209' title='bbox 2590 1584 2710 1637; x_wconf 75' lang='lat' dir='ltr'><strong>qua:</strong></span> <span class='ocrx_word' id='word_1_210' title='bbox 2740 1573 2984 1640; x_wconf 85' lang='lat' dir='ltr'><strong>quotidie</strong></span> <span class='ocrx_word' id='word_1_211' title='bbox 3025 1583 3181 1644; x_wconf 90' lang='lat' dir='ltr'><strong>rogat</strong></span> <span class='ocrx_word' id='word_1_212' title='bbox 3219 1577 3507 1633; x_wconf 86' lang='lat' dir='ltr'><strong>Dominum</strong></span> <span class='ocrx_word' id='word_1_213' title='bbox 3545 1593 3647 1648; x_wconf 89' lang='lat' dir='ltr'><strong>pro</strong></span> 
     </span>
    </p>
   </div>
   <div class='ocr_carea' id='block_1_32' title="bbox 2062 1658 3644 1733">
    <p class='ocr_par' dir='ltr' id='par_1_32' title="bbox 2062 1658 3644 1733">
     <span class='ocr_line' id='line_1_32' title="bbox 2062 1658 3644 1733; baseline 0.011 -21"><span class='ocrx_word' id='word_1_214' title='bbox 2062 1658 2170 1713; x_wconf 83' lang='lat' dir='ltr'><strong>ﬁlia</strong></span> <span class='ocrx_word' id='word_1_215' title='bbox 2197 1673 2316 1724; x_wconf 87' lang='lat' dir='ltr'><strong>sua,</strong></span> <span class='ocrx_word' id='word_1_216' title='bbox 2349 1676 2468 1730; x_wconf 74' lang='lat' dir='ltr'><strong>quze</strong></span> <span class='ocrx_word' id='word_1_217' title='bbox 2496 1662 2736 1717; x_wconf 90' lang='lat' dir='ltr'><strong>nondum</strong></span> <span class='ocrx_word' id='word_1_218' title='bbox 2760 1672 2844 1719; x_wconf 86' lang='lat' dir='ltr'><strong>est</strong></span> <span class='ocrx_word' id='word_1_219' title='bbox 2868 1665 3199 1733; x_wconf 86' lang='lat' dir='ltr'><strong>Christiana,</strong></span> <span class='ocrx_word' id='word_1_220' title='bbox 3225 1679 3283 1724; x_wconf 88' lang='lat' dir='ltr'><strong>et</strong></span> <span class='ocrx_word' id='word_1_221' title='bbox 3301 1671 3461 1726; x_wconf 79' lang='lat' dir='ltr'><strong>oﬁ‘ert</strong></span> <span class='ocrx_word' id='word_1_222' title='bbox 3485 1671 3644 1728; x_wconf 82' lang='lat' dir='ltr'><strong>ﬁdem</strong></span> 
     </span>
    </p>
   </div>
   <div class='ocr_carea' id='block_1_33' title="bbox 2061 1752 3647 1826">
    <p class='ocr_par' dir='ltr' id='par_1_33' title="bbox 2061 1752 3647 1826">
     <span class='ocr_line' id='line_1_33' title="bbox 2061 1752 3647 1826; baseline 0.008 -21"><span class='ocrx_word' id='word_1_223' title='bbox 2061 1765 2216 1806; x_wconf 87' lang='lat' dir='ltr'><strong>suam</strong></span> <span class='ocrx_word' id='word_1_224' title='bbox 2238 1766 2336 1822; x_wconf 90' lang='lat' dir='ltr'><strong>pro</strong></span> <span class='ocrx_word' id='word_1_225' title='bbox 2357 1752 2496 1822; x_wconf 89' lang='lat' dir='ltr'><strong>ipsa,</strong></span> <span class='ocrx_word' id='word_1_226' title='bbox 2522 1754 2779 1823; x_wconf 85' lang='lat' dir='ltr'><strong>quoniam</strong></span> <span class='ocrx_word' id='word_1_227' title='bbox 2804 1763 3029 1826; x_wconf 90' lang='lat' dir='ltr'><strong>propter</strong></span> <span class='ocrx_word' id='word_1_228' title='bbox 3050 1755 3334 1814; x_wconf 82' lang='lat' dir='ltr'><strong>infantiam</strong></span> <span class='ocrx_word' id='word_1_229' title='bbox 3356 1761 3445 1816; x_wconf 86' lang='lat' dir='ltr'><strong>illo</strong></span> <span class='ocrx_word' id='word_1_230' title='bbox 3469 1763 3647 1818; x_wconf 84' lang='lat' dir='ltr'><strong>adhuc</strong></span> 
     </span>
    </p>
   </div>
   <div class='ocr_carea' id='block_1_34' title="bbox 361 1837 3642 1921">
    <p class='ocr_par' dir='ltr' id='par_1_34' title="bbox 361 1837 3642 1921">
     <span class='ocr_line' id='line_1_34' title="bbox 361 1837 3642 1921; baseline 0.002 -17"><span class='ocrx_word' id='word_1_231' title='bbox 361 1848 636 1905; x_wconf 85' lang='lat' dir='ltr'><strong>Similiter</strong></span> <span class='ocrx_word' id='word_1_232' title='bbox 659 1859 714 1905; x_wconf 92' lang='lat' dir='ltr'><strong>et</strong></span> <span class='ocrx_word' id='word_1_233' title='bbox 747 1850 802 1904; x_wconf 93' lang='lat' dir='ltr'><strong>in</strong></span> <span class='ocrx_word' id='word_1_234' title='bbox 830 1859 1052 1921; x_wconf 88' lang='lat' dir='ltr'><strong>pectore</strong></span> <span class='ocrx_word' id='word_1_235' title='bbox 1080 1863 1180 1920; x_wconf 92' lang='lat' dir='ltr'><strong>pro</strong></span> <span class='ocrx_word' id='word_1_236' title='bbox 1204 1847 1506 1904; x_wconf 90' lang='lat' dir='ltr'><strong>munimine</strong></span> <span class='ocrx_word' id='word_1_237' title='bbox 1541 1849 1950 1920; x_wconf 79' lang='lat' dir='ltr'><strong>cogitationum.</strong></span> <span class='ocrx_word' id='word_1_238' title='bbox 1982 1837 2030 1898; x_wconf 87' lang='grc' dir='ltr'><strong>Β</strong></span> <span class='ocrx_word' id='word_1_239' title='bbox 2059 1858 2166 1899; x_wconf 90' lang='lat' dir='ltr'><strong>non</strong></span> <span class='ocrx_word' id='word_1_240' title='bbox 2209 1853 2393 1915; x_wconf 84' lang='lat' dir='ltr'><strong>potest</strong></span> <span class='ocrx_word' id='word_1_241' title='bbox 2433 1845 2577 1915; x_wconf 84' lang='lat' dir='ltr'><strong>loqui</strong></span> <span class='ocrx_word' id='word_1_242' title='bbox 2604 1887 2620 1912; x_wconf 89' lang='lat'><strong>,</strong></span> <span class='ocrx_word' id='word_1_243' title='bbox 2671 1862 2836 1918; x_wconf 88' lang='lat' dir='ltr'><strong>quam</strong></span> <span class='ocrx_word' id='word_1_244' title='bbox 2874 1856 3054 1903; x_wconf 90' lang='lat' dir='ltr'><strong>tamen</strong></span> <span class='ocrx_word' id='word_1_245' title='bbox 3089 1851 3370 1908; x_wconf 80' lang='lat' dir='ltr'><strong>credimus</strong></span> <span class='ocrx_word' id='word_1_246' title='bbox 3404 1853 3602 1909; x_wconf 84' lang='lat' dir='ltr'><strong>salvari</strong></span> <span class='ocrx_word' id='word_1_247' title='bbox 3627 1897 3642 1921; x_wconf 91' lang='lat'><strong>,</strong></span> 
     </span>
    </p>
   </div>
   <div class='ocr_carea' id='block_1_35' title="bbox 362 1937 1956 2011">
    <p class='ocr_par' dir='ltr' id='par_1_35' title="bbox 362 1937 1956 2011">
     <span class='ocr_line' id='line_1_35' title="bbox 362 1937 1956 2011; baseline 0 -16"><span class='ocrx_word' id='word_1_248' title='bbox 362 1939 566 1995; x_wconf 86' lang='lat' dir='ltr'><strong>Unctio</strong></span> <span class='ocrx_word' id='word_1_249' title='bbox 593 1939 861 1995; x_wconf 87' lang='lat' dir='ltr'><strong>forinseca</strong></span> <span class='ocrx_word' id='word_1_250' title='bbox 891 1940 1134 1995; x_wconf 79' lang='lat' dir='ltr'><strong>ostendit</strong></span> <span class='ocrx_word' id='word_1_251' title='bbox 1176 1939 1306 2010; x_wconf 88' lang='lat' dir='ltr'><strong>quid</strong></span> <span class='ocrx_word' id='word_1_252' title='bbox 1354 1939 1501 1994; x_wconf 88' lang='lat' dir='ltr'><strong>intus</strong></span> <span class='ocrx_word' id='word_1_253' title='bbox 1545 1948 1804 2008; x_wconf 80' lang='lat' dir='ltr'><strong>operetur</strong></span> <span class='ocrx_word' id='word_1_254' title='bbox 1833 1937 1956 2011; x_wconf 85' lang='lat' dir='ltr'><strong>Spi-</strong></span> 
     </span>
    </p>
   </div>
   <div class='ocr_carea' id='block_1_36' title="bbox 360 2030 1947 2088">
    <p class='ocr_par' dir='ltr' id='par_1_36' title="bbox 360 2030 1947 2088">
     <span class='ocr_line' id='line_1_36' title="bbox 360 2030 1947 2088; baseline 0.003 -4"><span class='ocrx_word' id='word_1_255' title='bbox 360 2030 503 2086; x_wconf 88' lang='lat' dir='ltr'><strong>ritus</strong></span> <span class='ocrx_word' id='word_1_256' title='bbox 531 2040 752 2087; x_wconf 85' lang='lat' dir='ltr'><strong>sanctus</strong></span> <span class='ocrx_word' id='word_1_257' title='bbox 784 2033 850 2087; x_wconf 91' lang='lat' dir='ltr'><strong>ad</strong></span> <span class='ocrx_word' id='word_1_258' title='bbox 884 2032 1286 2088; x_wconf 80' lang='lat' dir='ltr'><strong>invocationem</strong></span> <span class='ocrx_word' id='word_1_259' title='bbox 1317 2031 1640 2088; x_wconf 86' lang='lat' dir='ltr'><strong>sacerdotis.</strong></span> <span class='ocrx_word' id='word_1_260' title='bbox 1690 2032 1757 2087; x_wconf 86' lang='lat' dir='ltr'><strong>Et</strong></span> <span class='ocrx_word' id='word_1_261' title='bbox 1785 2033 1947 2088; x_wconf 87' lang='lat' dir='ltr'><strong>dicit:</strong></span> 
     </span>
    </p>
   </div>
   <div class='ocr_carea' id='block_1_37' title="bbox 359 2121 1956 2193">
    <p class='ocr_par' dir='ltr' id='par_1_37' title="bbox 359 2121 1956 2193">
     <span class='ocr_line' id='line_1_37' title="bbox 359 2121 1956 2193; baseline 0.003 -19"><span class='ocrx_word' id='word_1_262' title='bbox 359 2121 724 2178; x_wconf 79' lang='lat' dir='ltr'><strong>Abrcnuntias</strong></span> <span class='ocrx_word' id='word_1_263' title='bbox 754 2121 1006 2188; x_wconf 80' lang='lat' dir='ltr'><strong>Satante,</strong></span> <span class='ocrx_word' id='word_1_264' title='bbox 1047 2123 1100 2178; x_wconf 92' lang='lat' dir='ltr'><strong>id</strong></span> <span class='ocrx_word' id='word_1_265' title='bbox 1127 2133 1241 2188; x_wconf 86' lang='lat' dir='ltr'><strong>est,</strong></span> <span class='ocrx_word' id='word_1_266' title='bbox 1289 2121 1536 2188; x_wconf 88' lang='lat' dir='ltr'><strong>diabolo,</strong></span> <span class='ocrx_word' id='word_1_267' title='bbox 1575 2139 1728 2193; x_wconf 82' lang='lat' dir='ltr'><strong>quem</strong></span> <span class='ocrx_word' id='word_1_268' title='bbox 1770 2124 1826 2178; x_wconf 90' lang='lat' dir='ltr'><strong>in</strong></span> <span class='ocrx_word' id='word_1_269' title='bbox 1866 2140 1956 2179; x_wconf 88' lang='lat' dir='ltr'><strong>ore</strong></span> 
     </span>
    </p>
   </div>
   <div class='ocr_carea' id='block_1_38' title="bbox 358 2211 1954 2283">
    <p class='ocr_par' dir='ltr' id='par_1_38' title="bbox 358 2211 1954 2283">
     <span class='ocr_line' id='line_1_38' title="bbox 358 2211 1954 2283; baseline 0.004 -19"><span class='ocrx_word' id='word_1_270' title='bbox 358 2211 573 2266; x_wconf 82' lang='lat' dir='ltr'><strong>tenebas</strong></span> <span class='ocrx_word' id='word_1_271' title='bbox 621 2229 717 2283; x_wconf 86' lang='lat' dir='ltr'><strong>per</strong></span> <span class='ocrx_word' id='word_1_272' title='bbox 761 2212 1180 2268; x_wconf 84' lang='lat' dir='ltr'><strong>immolationem</strong></span> <span class='ocrx_word' id='word_1_273' title='bbox 1229 2213 1544 2268; x_wconf 81' lang='lat' dir='ltr'><strong>idolorum?</strong></span> <span class='ocrx_word' id='word_1_274' title='bbox 1591 2214 1791 2270; x_wconf 88' lang='lat' dir='ltr'><strong>lterum</strong></span> <span class='ocrx_word' id='word_1_275' title='bbox 1836 2215 1954 2270; x_wconf 86' lang='lat' dir='ltr'><strong>:Et</strong></span> 
     </span>
    </p>
   </div>
   <div class='ocr_carea' id='block_1_39' title="bbox 358 2306 1951 2379">
    <p class='ocr_par' dir='ltr' id='par_1_39' title="bbox 358 2306 1951 2379">
     <span class='ocr_line' id='line_1_39' title="bbox 358 2306 1951 2379; baseline 0.004 -20"><span class='ocrx_word' id='word_1_276' title='bbox 358 2308 607 2361; x_wconf 82' lang='lat' dir='ltr'><strong>omnibus</strong></span> <span class='ocrx_word' id='word_1_277' title='bbox 637 2309 879 2379; x_wconf 86' lang='lat' dir='ltr'><strong>operibus</strong></span> <span class='ocrx_word' id='word_1_278' title='bbox 909 2310 1026 2378; x_wconf 74' lang='lat' dir='ltr'><strong>ejus</strong></span> <span class='ocrx_word' id='word_1_279' title='bbox 1050 2308 1076 2362; x_wconf 77' lang='lat'><strong>1&#39;</strong></span> <span class='ocrx_word' id='word_1_280' title='bbox 1119 2306 1250 2376; x_wconf 75' lang='lat' dir='ltr'><strong>Qua:</strong></span> <span class='ocrx_word' id='word_1_281' title='bbox 1293 2308 1473 2378; x_wconf 90' lang='lat' dir='ltr'><strong>aliqua</strong></span> <span class='ocrx_word' id='word_1_282' title='bbox 1513 2317 1642 2365; x_wconf 88' lang='lat' dir='ltr'><strong>sunt</strong></span> <span class='ocrx_word' id='word_1_283' title='bbox 1671 2311 1912 2366; x_wconf 85' lang='lat' dir='ltr'><strong>carnalia</strong></span> <span class='ocrx_word' id='word_1_284' title='bbox 1935 2352 1951 2378; x_wconf 93' lang='lat'><strong>,</strong></span> 
     </span>
    </p>
   </div>
   <div class='ocr_carea' id='block_1_40' title="bbox 355 2402 1954 2474">
    <p class='ocr_par' dir='ltr' id='par_1_40' title="bbox 355 2402 1954 2474">
     <span class='ocr_line' id='line_1_40' title="bbox 355 2402 1954 2474; baseline 0.004 -18"><span class='ocrx_word' id='word_1_285' title='bbox 355 2402 502 2456; x_wconf 88' lang='lat' dir='ltr'><strong>sicut</strong></span> <span class='ocrx_word' id='word_1_286' title='bbox 532 2411 614 2458; x_wconf 89' lang='lat' dir='ltr'><strong>est</strong></span> <span class='ocrx_word' id='word_1_287' title='bbox 642 2403 892 2473; x_wconf 79' lang='lat' dir='ltr'><strong>voluptas</strong></span> <span class='ocrx_word' id='word_1_288' title='bbox 932 2404 1146 2468; x_wconf 87' lang='lat' dir='ltr'><strong>carnis,</strong></span> <span class='ocrx_word' id='word_1_289' title='bbox 1195 2405 1262 2458; x_wconf 92' lang='lat' dir='ltr'><strong>ad</strong></span> <span class='ocrx_word' id='word_1_290' title='bbox 1307 2419 1472 2474; x_wconf 89' lang='lat' dir='ltr'><strong>quam</strong></span> <span class='ocrx_word' id='word_1_291' title='bbox 1515 2405 1753 2474; x_wconf 87' lang='lat' dir='ltr'><strong>pertinet</strong></span> <span class='ocrx_word' id='word_1_292' title='bbox 1799 2406 1954 2464; x_wconf 88' lang='lat' dir='ltr'><strong>cibus</strong></span> 
     </span>
    </p>
   </div>
   <div class='ocr_carea' id='block_1_41' title="bbox 357 2492 1954 2568">
    <p class='ocr_par' dir='ltr' id='par_1_41' title="bbox 357 2492 1954 2568">
     <span class='ocr_line' id='line_1_41' title="bbox 357 2492 1954 2568; baseline 0.005 -22"><span class='ocrx_word' id='word_1_293' title='bbox 357 2492 687 2564; x_wconf 82' lang='lat' dir='ltr'><strong>superﬂuus,</strong></span> <span class='ocrx_word' id='word_1_294' title='bbox 712 2503 766 2549; x_wconf 90' lang='lat' dir='ltr'><strong>et</strong></span> <span class='ocrx_word' id='word_1_295' title='bbox 788 2503 967 2564; x_wconf 91' lang='lat' dir='ltr'><strong>potus,</strong></span> <span class='ocrx_word' id='word_1_296' title='bbox 990 2503 1046 2550; x_wconf 89' lang='lat' dir='ltr'><strong>et</strong></span> <span class='ocrx_word' id='word_1_297' title='bbox 1071 2495 1248 2550; x_wconf 91' lang='lat' dir='ltr'><strong>omnis</strong></span> <span class='ocrx_word' id='word_1_298' title='bbox 1275 2495 1527 2549; x_wconf 84' lang='lat' dir='ltr'><strong>luxuria?</strong></span> <span class='ocrx_word' id='word_1_299' title='bbox 1556 2504 1610 2551; x_wconf 91' lang='lat' dir='ltr'><strong>et</strong></span> <span class='ocrx_word' id='word_1_300' title='bbox 1638 2495 1816 2567; x_wconf 88' lang='lat' dir='ltr'><strong>aliqua</strong></span> <span class='ocrx_word' id='word_1_301' title='bbox 1844 2498 1954 2568; x_wconf 88' lang='lat' dir='ltr'><strong>spi-</strong></span> 
     </span>
    </p>
   </div>
   <div class='ocr_carea' id='block_1_42' title="bbox 355 2584 1950 2658">
    <p class='ocr_par' dir='ltr' id='par_1_42' title="bbox 355 2584 1950 2658">
     <span class='ocr_line' id='line_1_42' title="bbox 355 2584 1950 2658; baseline 0.004 -19"><span class='ocrx_word' id='word_1_302' title='bbox 355 2584 540 2640; x_wconf 83' lang='lat' dir='ltr'><strong>ritalia</strong></span> <span class='ocrx_word' id='word_1_303' title='bbox 561 2627 575 2650; x_wconf 90' lang='lat'><strong>,</strong></span> <span class='ocrx_word' id='word_1_304' title='bbox 609 2587 752 2641; x_wconf 88' lang='lat' dir='ltr'><strong>sicut</strong></span> <span class='ocrx_word' id='word_1_305' title='bbox 779 2596 862 2641; x_wconf 89' lang='lat' dir='ltr'><strong>est</strong></span> <span class='ocrx_word' id='word_1_306' title='bbox 894 2589 1172 2658; x_wconf 86' lang='lat' dir='ltr'><strong>superbia,</strong></span> <span class='ocrx_word' id='word_1_307' title='bbox 1203 2587 1407 2642; x_wconf 80' lang='lat' dir='ltr'><strong>invidia</strong></span> <span class='ocrx_word' id='word_1_308' title='bbox 1439 2595 1496 2642; x_wconf 88' lang='lat' dir='ltr'><strong>et</strong></span> <span class='ocrx_word' id='word_1_309' title='bbox 1547 2597 1764 2643; x_wconf 77' lang='lat' dir='ltr'><strong>caetera.</strong></span> <span class='ocrx_word' id='word_1_310' title='bbox 1813 2588 1950 2645; x_wconf 80' lang='lat' dir='ltr'><strong>Pro-</strong></span> 
     </span>
    </p>
   </div>
   <div class='ocr_carea' id='block_1_43' title="bbox 353 2675 1948 2750">
    <p class='ocr_par' dir='ltr' id='par_1_43' title="bbox 353 2675 1948 2750">
     <span class='ocr_line' id='line_1_43' title="bbox 353 2675 1948 2750; baseline 0.004 -22"><span class='ocrx_word' id='word_1_311' title='bbox 353 2684 484 2746; x_wconf 89' lang='lat' dir='ltr'><strong>pter</strong></span> <span class='ocrx_word' id='word_1_312' title='bbox 509 2677 629 2731; x_wconf 70' lang='lat' dir='ltr'><strong>haec</strong></span> <span class='ocrx_word' id='word_1_313' title='bbox 661 2676 899 2731; x_wconf 87' lang='lat' dir='ltr'><strong>carnalia</strong></span> <span class='ocrx_word' id='word_1_314' title='bbox 919 2718 934 2742; x_wconf 90' lang='lat'><strong>,</strong></span> <span class='ocrx_word' id='word_1_315' title='bbox 979 2685 1040 2732; x_wconf 90' lang='lat' dir='ltr'><strong>ut</strong></span> <span class='ocrx_word' id='word_1_316' title='bbox 1081 2675 1295 2744; x_wconf 86' lang='lat' dir='ltr'><strong>absint,</strong></span> <span class='ocrx_word' id='word_1_317' title='bbox 1342 2678 1564 2749; x_wconf 87' lang='lat' dir='ltr'><strong>ungitur</strong></span> <span class='ocrx_word' id='word_1_318' title='bbox 1592 2679 1644 2732; x_wconf 94' lang='lat' dir='ltr'><strong>in</strong></span> <span class='ocrx_word' id='word_1_319' title='bbox 1674 2680 1948 2750; x_wconf 88' lang='lat' dir='ltr'><strong>scapulis:</strong></span> 
     </span>
    </p>
   </div>
   <div class='ocr_carea' id='block_1_44' title="bbox 354 2767 1948 2840">
    <p class='ocr_par' dir='ltr' id='par_1_44' title="bbox 354 2767 1948 2840">
     <span class='ocr_line' id='line_1_44' title="bbox 354 2767 1948 2840; baseline 0.004 -21"><span class='ocrx_word' id='word_1_320' title='bbox 354 2774 414 2820; x_wconf 91' lang='lat' dir='ltr'><strong>et</strong></span> <span class='ocrx_word' id='word_1_321' title='bbox 448 2777 674 2837; x_wconf 87' lang='lat' dir='ltr'><strong>propter</strong></span> <span class='ocrx_word' id='word_1_322' title='bbox 701 2767 965 2838; x_wconf 88' lang='lat' dir='ltr'><strong>spiritalia</strong></span> <span class='ocrx_word' id='word_1_323' title='bbox 990 2809 1004 2832; x_wconf 90' lang='lat'><strong>,</strong></span> <span class='ocrx_word' id='word_1_324' title='bbox 1051 2776 1116 2823; x_wconf 87' lang='lat' dir='ltr'><strong>ut</strong></span> <span class='ocrx_word' id='word_1_325' title='bbox 1153 2767 1336 2822; x_wconf 81' lang='lat' dir='ltr'><strong>adsint</strong></span> <span class='ocrx_word' id='word_1_326' title='bbox 1377 2768 1546 2823; x_wconf 88' lang='lat' dir='ltr'><strong>menti</strong></span> <span class='ocrx_word' id='word_1_327' title='bbox 1571 2811 1585 2833; x_wconf 93' lang='lat'><strong>,</strong></span> <span class='ocrx_word' id='word_1_328' title='bbox 1635 2771 1855 2840; x_wconf 90' lang='lat' dir='ltr'><strong>ungitur</strong></span> <span class='ocrx_word' id='word_1_329' title='bbox 1894 2771 1948 2825; x_wconf 89' lang='lat' dir='ltr'><strong>in</strong></span> 
     </span>
    </p>
   </div>
   <div class='ocr_carea' id='block_1_45' title="bbox 353 2858 1947 2932">
    <p class='ocr_par' dir='ltr' id='par_1_45' title="bbox 353 2858 1947 2932">
     <span class='ocr_line' id='line_1_45' title="bbox 353 2858 1947 2932; baseline 0.003 -19"><span class='ocrx_word' id='word_1_330' title='bbox 353 2867 602 2928; x_wconf 86' lang='lat' dir='ltr'><strong>pectore.</strong></span> <span class='ocrx_word' id='word_1_331' title='bbox 641 2858 936 2929; x_wconf 87' lang='lat' dir='ltr'><strong>Sequitur:</strong></span> <span class='ocrx_word' id='word_1_332' title='bbox 972 2859 1042 2914; x_wconf 87' lang='lat' dir='ltr'><strong>Et</strong></span> <span class='ocrx_word' id='word_1_333' title='bbox 1066 2859 1306 2914; x_wconf 86' lang='lat' dir='ltr'><strong>omnibus</strong></span> <span class='ocrx_word' id='word_1_334' title='bbox 1335 2863 1538 2931; x_wconf 84' lang='lat' dir='ltr'><strong>pompis</strong></span> <span class='ocrx_word' id='word_1_335' title='bbox 1562 2861 1697 2932; x_wconf 88' lang='lat' dir='ltr'><strong>ejus.</strong></span> <span class='ocrx_word' id='word_1_336' title='bbox 1736 2862 1808 2917; x_wconf 91' lang='lat' dir='ltr'><strong>Ut</strong></span> <span class='ocrx_word' id='word_1_337' title='bbox 1828 2863 1947 2918; x_wconf 88' lang='lat' dir='ltr'><strong>bre-</strong></span> 
     </span>
    </p>
   </div>
   <div class='ocr_carea' id='block_1_46' title="bbox 355 2951 1950 3023">
    <p class='ocr_par' dir='ltr' id='par_1_46' title="bbox 355 2951 1950 3023">
     <span class='ocr_line' id='line_1_46' title="bbox 355 2951 1950 3023; baseline 0.004 -20"><span class='ocrx_word' id='word_1_338' title='bbox 355 2951 502 3004; x_wconf 87' lang='lat' dir='ltr'><strong>viter</strong></span> <span class='ocrx_word' id='word_1_339' title='bbox 537 2952 800 3021; x_wconf 79' lang='lat' dir='ltr'><strong>stringam</strong></span> <span class='ocrx_word' id='word_1_340' title='bbox 840 2967 1032 3008; x_wconf 86' lang='lat' dir='ltr'><strong>omnes</strong></span> <span class='ocrx_word' id='word_1_341' title='bbox 1073 2952 1310 3007; x_wconf 83' lang='lat' dir='ltr'><strong>honores</strong></span> <span class='ocrx_word' id='word_1_342' title='bbox 1337 2967 1506 3007; x_wconf 88' lang='lat' dir='ltr'><strong>vanos</strong></span> <span class='ocrx_word' id='word_1_343' title='bbox 1547 2961 1602 3006; x_wconf 89' lang='lat' dir='ltr'><strong>ct</strong></span> <span class='ocrx_word' id='word_1_344' title='bbox 1651 2953 1950 3023; x_wconf 77' lang='lat' dir='ltr'><strong>superﬂuos</strong></span> 
     </span>
    </p>
   </div>
   <div class='ocr_carea' id='block_1_47' title="bbox 353 3039 1949 3113">
    <p class='ocr_par' dir='ltr' id='par_1_47' title="bbox 353 3039 1949 3113">
     <span class='ocr_line' id='line_1_47' title="bbox 353 3039 1949 3113; baseline 0.006 -20"><span class='ocrx_word' id='word_1_345' title='bbox 353 3039 447 3094; x_wconf 91' lang='lat' dir='ltr'><strong>hic</strong></span> <span class='ocrx_word' id='word_1_346' title='bbox 479 3040 758 3113; x_wconf 79' lang='lat' dir='ltr'><strong>intelligo:</strong></span> <span class='ocrx_word' id='word_1_347' title='bbox 811 3041 878 3097; x_wconf 92' lang='lat' dir='ltr'><strong>de</strong></span> <span class='ocrx_word' id='word_1_348' title='bbox 921 3042 1108 3097; x_wconf 89' lang='lat' dir='ltr'><strong>multis</strong></span> <span class='ocrx_word' id='word_1_349' title='bbox 1155 3058 1323 3096; x_wconf 91' lang='lat' dir='ltr'><strong>unum</strong></span> <span class='ocrx_word' id='word_1_350' title='bbox 1368 3041 1667 3112; x_wconf 85' lang='lat' dir='ltr'><strong>proferam.</strong></span> <span class='ocrx_word' id='word_1_351' title='bbox 1721 3042 1949 3112; x_wconf 83' lang='lat' dir='ltr'><strong>Quando</strong></span> 
     </span>
    </p>
   </div>
   <div class='ocr_carea' id='block_1_48' title="bbox 354 3127 1950 3204">
    <p class='ocr_par' dir='ltr' id='par_1_48' title="bbox 354 3127 1950 3204">
     <span class='ocr_line' id='line_1_48' title="bbox 354 3127 1950 3204; baseline 0.008 -23"><span class='ocrx_word' id='word_1_352' title='bbox 354 3127 554 3199; x_wconf 84' lang='lat' dir='ltr'><strong>aliquis</strong></span> <span class='ocrx_word' id='word_1_353' title='bbox 592 3131 889 3202; x_wconf 86' lang='lat' dir='ltr'><strong>imperator</strong></span> <span class='ocrx_word' id='word_1_354' title='bbox 924 3131 1005 3187; x_wconf 85' lang='lat' dir='ltr'><strong>vel</strong></span> <span class='ocrx_word' id='word_1_355' title='bbox 1045 3141 1237 3203; x_wconf 86' lang='lat' dir='ltr'><strong>potens</strong></span> <span class='ocrx_word' id='word_1_356' title='bbox 1277 3130 1434 3188; x_wconf 89' lang='lat' dir='ltr'><strong>festis</strong></span> <span class='ocrx_word' id='word_1_357' title='bbox 1472 3134 1663 3190; x_wconf 90' lang='lat' dir='ltr'><strong>diebus</strong></span> <span class='ocrx_word' id='word_1_358' title='bbox 1698 3137 1950 3204; x_wconf 88' lang='lat' dir='ltr'><strong>procedit</strong></span> 
     </span>
    </p>
   </div>
   <div class='ocr_carea' id='block_1_49' title="bbox 2050 1933 3644 2009">
    <p class='ocr_par' dir='ltr' id='par_1_49' title="bbox 2050 1933 3644 2009">
     <span class='ocr_line' id='line_1_49' title="bbox 2050 1933 3644 2009; baseline 0.009 -21"><span class='ocrx_word' id='word_1_359' title='bbox 2050 1933 2205 2004; x_wconf 87' lang='lat' dir='ltr'><strong>juxta</strong></span> <span class='ocrx_word' id='word_1_360' title='bbox 2238 1935 2366 1990; x_wconf 87' lang='lat' dir='ltr'><strong>illud</strong></span> <span class='ocrx_word' id='word_1_361' title='bbox 2393 1936 2671 2007; x_wconf 78' lang='lat' dir='ltr'><strong>Evangelii</strong></span> <span class='ocrx_word' id='word_1_362' title='bbox 2711 1952 2808 2009; x_wconf 89' lang='lat' dir='ltr'><strong>per</strong></span> <span class='ocrx_word' id='word_1_363' title='bbox 2835 1953 3144 1996; x_wconf 84' lang='lat' dir='ltr'><strong>sermonem</strong></span> <span class='ocrx_word' id='word_1_364' title='bbox 3175 1943 3367 1999; x_wconf 84' lang='lat' dir='ltr'><strong>matris</strong></span> <span class='ocrx_word' id='word_1_365' title='bbox 3393 1944 3512 2000; x_wconf 84' lang='lat' dir='ltr'><strong>:Ut</strong></span> <span class='ocrx_word' id='word_1_366' title='bbox 3540 1947 3644 2002; x_wconf 83' lang='lat' dir='ltr'><strong>ista</strong></span> 
     </span>
    </p>
   </div>
   <div class='ocr_carea' id='block_1_50' title="bbox 2057 2027 3646 2104">
    <p class='ocr_par' dir='ltr' id='par_1_50' title="bbox 2057 2027 3646 2104">
     <span class='ocr_line' id='line_1_50' title="bbox 2057 2027 3646 2104; baseline 0.006 -23"><span class='ocrx_word' id='word_1_367' title='bbox 2057 2027 2283 2093; x_wconf 87' lang='lat' dir='ltr'><strong>audivit,</strong></span> <span class='ocrx_word' id='word_1_368' title='bbox 2319 2038 2531 2098; x_wconf 80' lang='lat' dir='ltr'><strong>propter</strong></span> <span class='ocrx_word' id='word_1_369' title='bbox 2557 2029 2700 2084; x_wconf 84' lang='lat' dir='ltr'><strong>hunc</strong></span> <span class='ocrx_word' id='word_1_370' title='bbox 2725 2045 3034 2096; x_wconf 84' lang='lat' dir='ltr'><strong>sermonem,</strong></span> <span class='ocrx_word' id='word_1_371' title='bbox 3068 2031 3120 2086; x_wconf 90' lang='lat' dir='ltr'><strong>id</strong></span> <span class='ocrx_word' id='word_1_372' title='bbox 3149 2040 3251 2098; x_wconf 87' lang='lat' dir='ltr'><strong>est,</strong></span> <span class='ocrx_word' id='word_1_373' title='bbox 3282 2047 3443 2104; x_wconf 86' lang='lat' dir='ltr'><strong>quem</strong></span> <span class='ocrx_word' id='word_1_374' title='bbox 3471 2044 3646 2092; x_wconf 86' lang='lat' dir='ltr'><strong>mater</strong></span> 
     </span>
    </p>
   </div>
   <div class='ocr_carea' id='block_1_51' title="bbox 2055 2117 3642 2187">
    <p class='ocr_par' dir='ltr' id='par_1_51' title="bbox 2055 2117 3642 2187">
     <span class='ocr_line' id='line_1_51' title="bbox 2055 2117 3642 2187; baseline 0.006 -17"><span class='ocrx_word' id='word_1_375' title='bbox 2055 2117 2319 2187; x_wconf 87' lang='lat' dir='ltr'><strong>protulit,</strong></span> <span class='ocrx_word' id='word_1_376' title='bbox 2371 2118 2698 2175; x_wconf 85' lang='lat' dir='ltr'><strong>humilitatis</strong></span> <span class='ocrx_word' id='word_1_377' title='bbox 2733 2127 2788 2174; x_wconf 93' lang='lat' dir='ltr'><strong>et</strong></span> <span class='ocrx_word' id='word_1_378' title='bbox 2823 2119 2984 2187; x_wconf 87' lang='lat' dir='ltr'><strong>ﬁdei,</strong></span> <span class='ocrx_word' id='word_1_379' title='bbox 3036 2121 3218 2176; x_wconf 81' lang='lat' dir='ltr'><strong>exivit</strong></span> <span class='ocrx_word' id='word_1_380' title='bbox 3251 2122 3574 2180; x_wconf 68' lang='lat' dir='ltr'><strong>dtemonium</strong></span> <span class='ocrx_word' id='word_1_381' title='bbox 3611 2143 3642 2180; x_wconf 90' lang='lat' dir='ltr'><strong>a</strong></span> 
     </span>
    </p>
   </div>
   <div class='ocr_carea' id='block_1_52' title="bbox 2055 2206 3642 2289">
    <p class='ocr_par' dir='ltr' id='par_1_52' title="bbox 2055 2206 3642 2289">
     <span class='ocr_line' id='line_1_52' title="bbox 2055 2206 3642 2289; baseline 0.008 -29"><span class='ocrx_word' id='word_1_382' title='bbox 2055 2206 2208 2261; x_wconf 84' lang='lat' dir='ltr'><strong>ﬁlia:</strong></span> <span class='ocrx_word' id='word_1_383' title='bbox 2256 2208 2332 2263; x_wconf 89' lang='lat' dir='ltr'><strong>ita</strong></span> <span class='ocrx_word' id='word_1_384' title='bbox 2377 2209 2652 2266; x_wconf 86' lang='lat' dir='ltr'><strong>credimus</strong></span> <span class='ocrx_word' id='word_1_385' title='bbox 2694 2227 2794 2281; x_wconf 87' lang='lat' dir='ltr'><strong>per</strong></span> <span class='ocrx_word' id='word_1_386' title='bbox 2821 2212 3642 2289; x_wconf 81' lang='lat' dir='ltr'><strong>confessionemporrigeutium</strong></span> 
     </span>
    </p>
   </div>
   <div class='ocr_carea' id='block_1_53' title="bbox 2054 2297 3636 2372">
    <p class='ocr_par' dir='ltr' id='par_1_53' title="bbox 2054 2297 3636 2372">
     <span class='ocr_line' id='line_1_53' title="bbox 2054 2297 3636 2372; baseline 0.008 -20"><span class='ocrx_word' id='word_1_387' title='bbox 2054 2297 2320 2356; x_wconf 83' lang='lat' dir='ltr'><strong>infantem</strong></span> <span class='ocrx_word' id='word_1_388' title='bbox 2343 2301 2410 2355; x_wconf 89' lang='lat' dir='ltr'><strong>ad</strong></span> <span class='ocrx_word' id='word_1_389' title='bbox 2430 2301 2630 2366; x_wconf 87' lang='lat' dir='ltr'><strong>fontes,</strong></span> <span class='ocrx_word' id='word_1_390' title='bbox 2652 2303 2851 2372; x_wconf 77' lang='lat' dir='ltr'><strong>expelli</strong></span> <span class='ocrx_word' id='word_1_391' title='bbox 2871 2305 3142 2363; x_wconf 73' lang='lat' dir='ltr'><strong>dtemones</strong></span> <span class='ocrx_word' id='word_1_392' title='bbox 3161 2323 3191 2362; x_wconf 91' lang='lat' dir='ltr'><strong>a</strong></span> <span class='ocrx_word' id='word_1_393' title='bbox 3211 2308 3636 2366; x_wconf 89' lang='lat' dir='ltr'><strong>catechumems.</strong></span> 
     </span>
    </p>
   </div>
   <div class='ocr_carea' id='block_1_54' title="bbox 2054 2388 3642 2468">
    <p class='ocr_par' dir='ltr' id='par_1_54' title="bbox 2054 2388 3642 2468">
     <span class='ocr_line' id='line_1_54' title="bbox 2054 2388 3642 2468; baseline 0.008 -25"><span class='ocrx_word' id='word_1_394' title='bbox 2054 2388 2210 2456; x_wconf 87' lang='lat' dir='ltr'><strong>Quod</strong></span> <span class='ocrx_word' id='word_1_395' title='bbox 2239 2390 2343 2446; x_wconf 85' lang='lat' dir='ltr'><strong>ﬁde</strong></span> <span class='ocrx_word' id='word_1_396' title='bbox 2377 2392 2572 2447; x_wconf 83' lang='lat' dir='ltr'><strong>matris</strong></span> <span class='ocrx_word' id='word_1_397' title='bbox 2609 2392 2812 2448; x_wconf 82' lang='lat' dir='ltr'><strong>salvata</strong></span> <span class='ocrx_word' id='word_1_398' title='bbox 2846 2395 2919 2449; x_wconf 87' lang='lat' dir='ltr'><strong>sit</strong></span> <span class='ocrx_word' id='word_1_399' title='bbox 2948 2396 3057 2451; x_wconf 87' lang='lat' dir='ltr'><strong>ﬁlia</strong></span> <span class='ocrx_word' id='word_1_400' title='bbox 3079 2437 3093 2463; x_wconf 88' lang='lat'><strong>,</strong></span> <span class='ocrx_word' id='word_1_401' title='bbox 3134 2406 3322 2468; x_wconf 80' lang='lat' dir='ltr'><strong>aperte</strong></span> <span class='ocrx_word' id='word_1_402' title='bbox 3358 2399 3642 2456; x_wconf 72' lang='lat' dir='ltr'><strong>Matthaeus</strong></span> 
     </span>
    </p>
   </div>
   <div class='ocr_carea' id='block_1_55' title="bbox 2053 2481 3639 2560">
    <p class='ocr_par' dir='ltr' id='par_1_55' title="bbox 2053 2481 3639 2560">
     <span class='ocr_line' id='line_1_55' title="bbox 2053 2481 3639 2560; baseline 0.008 -27"><span class='ocrx_word' id='word_1_403' title='bbox 2053 2487 2262 2546; x_wconf 85' lang='lat' dir='ltr'><strong>narrat,</strong></span> <span class='ocrx_word' id='word_1_404' title='bbox 2294 2481 2510 2536; x_wconf 79' lang='lat' dir='ltr'><strong>dicente</strong></span> <span class='ocrx_word' id='word_1_405' title='bbox 2536 2483 2810 2540; x_wconf 69' lang='lat' dir='ltr'><strong>Domino:</strong></span> <span class='ocrx_word' id='word_1_406' title='bbox 2860 2485 2906 2539; x_wconf 89' lang='lat'><em>0</em></span> <span class='ocrx_word' id='word_1_407' title='bbox 2938 2486 3147 2554; x_wconf 85' lang='lat' dir='ltr'><strong>mulier,</strong></span> <span class='ocrx_word' id='word_1_408' title='bbox 3181 2505 3374 2558; x_wconf 78' lang='lat' dir='ltr'><strong>magna</strong></span> <span class='ocrx_word' id='word_1_409' title='bbox 3403 2500 3478 2544; x_wconf 88' lang='lat' dir='ltr'><strong>est</strong></span> <span class='ocrx_word' id='word_1_410' title='bbox 3509 2491 3639 2560; x_wconf 82' lang='lat' dir='ltr'><strong>ﬁdes</strong></span> 
     </span>
    </p>
   </div>
   <div class='ocr_carea' id='block_1_56' title="bbox 2054 2571 3642 2649">
    <p class='ocr_par' dir='ltr' id='par_1_56' title="bbox 2054 2571 3642 2649">
     <span class='ocr_line' id='line_1_56' title="bbox 2054 2571 3642 2649; baseline 0.009 -26"><span class='ocrx_word' id='word_1_411' title='bbox 2054 2579 2182 2634; x_wconf 83' lang='lat' dir='ltr'><strong>tua;</strong></span> <span class='ocrx_word' id='word_1_412' title='bbox 2222 2571 2318 2640; x_wconf 78' lang='lat' dir='ltr'><strong>ﬁat</strong></span> <span class='ocrx_word' id='word_1_413' title='bbox 2351 2572 2446 2626; x_wconf 74' lang='lat' dir='ltr'><strong>tibi</strong></span> <span class='ocrx_word' id='word_1_414' title='bbox 2474 2574 2611 2628; x_wconf 81' lang='lat' dir='ltr'><strong>sicut</strong></span> <span class='ocrx_word' id='word_1_415' title='bbox 2640 2575 2735 2630; x_wconf 78' lang='lat' dir='ltr'><strong>ris.</strong></span> <span class='ocrx_word' id='word_1_416' title='bbox 2793 2575 2862 2629; x_wconf 84' lang='lat' dir='ltr'><strong>Et</strong></span> <span class='ocrx_word' id='word_1_417' title='bbox 2904 2587 3094 2632; x_wconf 83' lang='lat' dir='ltr'><strong>sanata</strong></span> <span class='ocrx_word' id='word_1_418' title='bbox 3138 2588 3216 2633; x_wconf 85' lang='lat' dir='ltr'><strong>est</strong></span> <span class='ocrx_word' id='word_1_419' title='bbox 3253 2580 3370 2649; x_wconf 85' lang='lat' dir='ltr'><strong>ﬁlia</strong></span> <span class='ocrx_word' id='word_1_420' title='bbox 3397 2581 3543 2637; x_wconf 70' lang='lat' dir='ltr'><strong>illius</strong></span> <span class='ocrx_word' id='word_1_421' title='bbox 3575 2598 3642 2637; x_wconf 83' lang='lat' dir='ltr'><strong>ea:</strong></span> 
     </span>
    </p>
   </div>
   <div class='ocr_carea' id='block_1_57' title="bbox 2051 2659 3638 2744">
    <p class='ocr_par' dir='ltr' id='par_1_57' title="bbox 2051 2659 3638 2744">
     <span class='ocr_line' id='line_1_57' title="bbox 2051 2659 3638 2744; baseline 0.011 -32"><span class='ocrx_word' id='word_1_422' title='bbox 2051 2659 2148 2714; x_wconf 87' lang='lat' dir='ltr'><strong>illa</strong></span> <span class='ocrx_word' id='word_1_423' title='bbox 2173 2661 2326 2715; x_wconf 69' lang='lat' dir='ltr'><strong>hora.</strong></span> <span class='ocrx_word' id='word_1_424' title='bbox 2381 2663 2536 2719; x_wconf 86' lang='lat' dir='ltr'><strong>Unde</strong></span> <span class='ocrx_word' id='word_1_425' title='bbox 2562 2665 2828 2722; x_wconf 84' lang='lat' dir='ltr'><strong>habemus</strong></span> <span class='ocrx_word' id='word_1_426' title='bbox 2873 2668 2927 2722; x_wconf 89' lang='lat' dir='ltr'><strong>in</strong></span> <span class='ocrx_word' id='word_1_427' title='bbox 2976 2669 3117 2725; x_wconf 90' lang='lat' dir='ltr'><strong>libro</strong></span> <span class='ocrx_word' id='word_1_428' title='bbox 3151 2669 3309 2726; x_wconf 71' lang='lat' dir='ltr'><strong>Bedte</strong></span> <span class='ocrx_word' id='word_1_429' title='bbox 3336 2674 3596 2744; x_wconf 86' lang='lat' dir='ltr'><strong>scriptum</strong></span> <span class='ocrx_word' id='word_1_430' title='bbox 3624 2717 3638 2739; x_wconf 94' lang='lat'><strong>,</strong></span> 
     </span>
    </p>
   </div>
   <div class='ocr_carea' id='block_1_58' title="bbox 2051 2750 3636 2836">
    <p class='ocr_par' dir='ltr' id='par_1_58' title="bbox 2051 2750 3636 2836">
     <span class='ocr_line' id='line_1_58' title="bbox 2051 2750 3636 2836; baseline 0.011 -33"><span class='ocrx_word' id='word_1_431' title='bbox 2051 2763 2214 2819; x_wconf 87' lang='lat' dir='ltr'><strong>quem</strong></span> <span class='ocrx_word' id='word_1_432' title='bbox 2243 2750 2373 2808; x_wconf 91' lang='lat' dir='ltr'><strong>fecit</strong></span> <span class='ocrx_word' id='word_1_433' title='bbox 2396 2769 2561 2823; x_wconf 84' lang='lat' dir='ltr'><strong>super</strong></span> <span class='ocrx_word' id='word_1_434' title='bbox 2583 2755 2845 2812; x_wconf 76' lang='lat' dir='ltr'><strong>Marcum.</strong></span> <span class='ocrx_word' id='word_1_435' title='bbox 2885 2758 3114 2830; x_wconf 75' lang='lat' dir='ltr'><strong>Propter</strong></span> <span class='ocrx_word' id='word_1_436' title='bbox 3137 2763 3418 2829; x_wconf 85' lang='lat' dir='ltr'><strong>humilem,</strong></span> <span class='ocrx_word' id='word_1_437' title='bbox 3441 2765 3636 2836; x_wconf 87' lang='lat' dir='ltr'><strong>inquit,</strong></span> 
     </span>
    </p>
   </div>
   <div class='ocr_carea' id='block_1_59' title="bbox 2053 2843 3640 2916">
    <p class='ocr_par' dir='ltr' id='par_1_59' title="bbox 2053 2843 3640 2916">
     <span class='ocr_line' id='line_1_59' title="bbox 2053 2843 3640 2916; baseline 0.01 -21"><span class='ocrx_word' id='word_1_438' title='bbox 2053 2843 2246 2898; x_wconf 88' lang='lat' dir='ltr'><strong>matris</strong></span> <span class='ocrx_word' id='word_1_439' title='bbox 2275 2843 2596 2916; x_wconf 88' lang='lat' dir='ltr'><strong>ﬁdelemque</strong></span> <span class='ocrx_word' id='word_1_440' title='bbox 2621 2863 2955 2916; x_wconf 88' lang='lat' dir='ltr'><strong>sermonem,</strong></span> <span class='ocrx_word' id='word_1_441' title='bbox 2977 2851 3144 2907; x_wconf 86' lang='lat' dir='ltr'><strong>ﬁliam</strong></span> <span class='ocrx_word' id='word_1_442' title='bbox 3172 2853 3416 2909; x_wconf 88' lang='lat' dir='ltr'><strong>deseruit</strong></span> <span class='ocrx_word' id='word_1_443' title='bbox 3441 2856 3640 2912; x_wconf 77' lang='lat' dir='ltr'><strong>daemo-</strong></span> 
     </span>
    </p>
   </div>
   <div class='ocr_carea' id='block_1_60' title="bbox 2053 2935 3636 3019">
    <p class='ocr_par' dir='ltr' id='par_1_60' title="bbox 2053 2935 3636 3019">
     <span class='ocr_line' id='line_1_60' title="bbox 2053 2935 3636 3019; baseline 0.01 -31"><span class='ocrx_word' id='word_1_444' title='bbox 2053 2935 2224 2990; x_wconf 86' lang='lat' dir='ltr'><strong>nium.</strong></span> <span class='ocrx_word' id='word_1_445' title='bbox 2279 2935 2382 2992; x_wconf 88' lang='lat' dir='ltr'><strong>Ubi</strong></span> <span class='ocrx_word' id='word_1_446' title='bbox 2416 2939 2576 2994; x_wconf 86' lang='lat' dir='ltr'><strong>datur</strong></span> <span class='ocrx_word' id='word_1_447' title='bbox 2604 2941 2910 3012; x_wconf 85' lang='lat' dir='ltr'><strong>exemplqu</strong></span> <span class='ocrx_word' id='word_1_448' title='bbox 2942 2945 3318 3001; x_wconf 84' lang='lat' dir='ltr'><strong>catechizandi</strong></span> <span class='ocrx_word' id='word_1_449' title='bbox 3362 2956 3420 3002; x_wconf 90' lang='lat' dir='ltr'><strong>et</strong></span> <span class='ocrx_word' id='word_1_450' title='bbox 3456 2947 3636 3019; x_wconf 87' lang='lat' dir='ltr'><strong>bapti-</strong></span> 
     </span>
    </p>
   </div>
   <div class='ocr_carea' id='block_1_61' title="bbox 2053 3026 3637 3105">
    <p class='ocr_par' dir='ltr' id='par_1_61' title="bbox 2053 3026 3637 3105">
     <span class='ocr_line' id='line_1_61' title="bbox 2053 3026 3637 3105; baseline 0.01 -26"><span class='ocrx_word' id='word_1_451' title='bbox 2053 3027 2211 3082; x_wconf 84' lang='lat' dir='ltr'><strong>zandi</strong></span> <span class='ocrx_word' id='word_1_452' title='bbox 2245 3026 2514 3097; x_wconf 88' lang='lat' dir='ltr'><strong>infantes,</strong></span> <span class='ocrx_word' id='word_1_453' title='bbox 2558 3033 2686 3102; x_wconf 82' lang='lat' dir='ltr'><strong>quia</strong></span> <span class='ocrx_word' id='word_1_454' title='bbox 2716 3032 2971 3091; x_wconf 79' lang='lat' dir='ltr'><strong>videlicet</strong></span> <span class='ocrx_word' id='word_1_455' title='bbox 3005 3050 3105 3105; x_wconf 89' lang='lat' dir='ltr'><strong>per</strong></span> <span class='ocrx_word' id='word_1_456' title='bbox 3135 3037 3294 3092; x_wconf 91' lang='lat' dir='ltr'><strong>ﬁdem</strong></span> <span class='ocrx_word' id='word_1_457' title='bbox 3333 3046 3387 3094; x_wconf 90' lang='lat' dir='ltr'><strong>et</strong></span> <span class='ocrx_word' id='word_1_458' title='bbox 3421 3039 3637 3095; x_wconf 79' lang='lat' dir='ltr'><strong>confes-</strong></span> 
     </span>
    </p>
   </div>
   <div class='ocr_carea' id='block_1_62' title="bbox 2052 3117 3640 3195">
    <p class='ocr_par' dir='ltr' id='par_1_62' title="bbox 2052 3117 3640 3195">
     <span class='ocr_line' id='line_1_62' title="bbox 2052 3117 3640 3195; baseline 0.008 -23"><span class='ocrx_word' id='word_1_459' title='bbox 2052 3117 2260 3174; x_wconf 89' lang='lat' dir='ltr'><strong>sionem</strong></span> <span class='ocrx_word' id='word_1_460' title='bbox 2293 3129 2583 3192; x_wconf 90' lang='lat' dir='ltr'><strong>parentum</strong></span> <span class='ocrx_word' id='word_1_461' title='bbox 2630 3123 2684 3178; x_wconf 92' lang='lat' dir='ltr'><strong>in</strong></span> <span class='ocrx_word' id='word_1_462' title='bbox 2729 3124 2999 3195; x_wconf 89' lang='lat' dir='ltr'><strong>baptismo</strong></span> <span class='ocrx_word' id='word_1_463' title='bbox 3027 3126 3330 3183; x_wconf 83' lang='lat' dir='ltr'><strong>liberantur</strong></span> <span class='ocrx_word' id='word_1_464' title='bbox 3363 3145 3393 3182; x_wconf 90' lang='lat' dir='ltr'><strong>a</strong></span> <span class='ocrx_word' id='word_1_465' title='bbox 3425 3130 3640 3184; x_wconf 86' lang='lat' dir='ltr'><strong>diabolo</strong></span> 
     </span>
    </p>
   </div>
   <div class='ocr_carea' id='block_1_63' title="bbox 352 3195 1947 3298">
    <p class='ocr_par' dir='ltr' id='par_1_63' title="bbox 352 3217 1946 3298">
     <span class='ocr_line' id='line_1_63' title="bbox 352 3217 1946 3298; baseline 0.008 -27"><span class='ocrx_word' id='word_1_466' title='bbox 352 3217 426 3272; x_wconf 88' lang='lat' dir='ltr'><strong>ad</strong></span> <span class='ocrx_word' id='word_1_467' title='bbox 456 3218 679 3273; x_wconf 90' lang='lat' dir='ltr'><strong>missam</strong></span> <span class='ocrx_word' id='word_1_468' title='bbox 700 3261 716 3285; x_wconf 96' lang='lat'><strong>,</strong></span> <span class='ocrx_word' id='word_1_469' title='bbox 765 3221 982 3276; x_wconf 84' lang='lat' dir='ltr'><strong>ducitur</strong></span> <span class='ocrx_word' id='word_1_470' title='bbox 1009 3238 1132 3278; x_wconf 91' lang='lat' dir='ltr'><strong>cum</strong></span> <span class='ocrx_word' id='word_1_471' title='bbox 1173 3238 1239 3278; x_wconf 92' lang='lat' dir='ltr'><strong>eo</strong></span> <span class='ocrx_word' id='word_1_472' title='bbox 1276 3222 1421 3280; x_wconf 91' lang='lat' dir='ltr'><strong>inter</strong></span> <span class='ocrx_word' id='word_1_473' title='bbox 1453 3234 1680 3282; x_wconf 72' lang='lat' dir='ltr'><strong>caeteras</strong></span> <span class='ocrx_word' id='word_1_474' title='bbox 1719 3243 1946 3298; x_wconf 89' lang='lat' dir='ltr'><strong>pompas</strong></span> 
     </span>
    </p>
   </div>
   <div class='ocr_carea' id='block_1_64' title="bbox 2050 3195 3636 3298">
    <p class='ocr_par' dir='ltr' id='par_1_64' title="bbox 2050 3209 3636 3293">
     <span class='ocr_line' id='line_1_64' title="bbox 2050 3209 3636 3293; baseline 0.009 -31"><span class='ocrx_word' id='word_1_475' title='bbox 2050 3209 2298 3276; x_wconf 89' lang='lat' dir='ltr'><strong>parvuli,</strong></span> <span class='ocrx_word' id='word_1_476' title='bbox 2328 3212 2422 3281; x_wconf 88' lang='lat' dir='ltr'><strong>qui</strong></span> <span class='ocrx_word' id='word_1_477' title='bbox 2448 3213 2680 3268; x_wconf 89' lang='lat' dir='ltr'><strong>necdum</strong></span> <span class='ocrx_word' id='word_1_478' title='bbox 2709 3230 2808 3285; x_wconf 87' lang='lat' dir='ltr'><strong>per</strong></span> <span class='ocrx_word' id='word_1_479' title='bbox 2835 3232 2895 3272; x_wconf 93' lang='lat' dir='ltr'><strong>se</strong></span> <span class='ocrx_word' id='word_1_480' title='bbox 2926 3232 3116 3286; x_wconf 89' lang='lat' dir='ltr'><strong>sapere</strong></span> <span class='ocrx_word' id='word_1_481' title='bbox 3139 3218 3225 3273; x_wconf 89' lang='lat' dir='ltr'><strong>vel</strong></span> <span class='ocrx_word' id='word_1_482' title='bbox 3257 3219 3460 3290; x_wconf 84' lang='lat' dir='ltr'><strong>aliquid</strong></span> <span class='ocrx_word' id='word_1_483' title='bbox 3487 3223 3636 3293; x_wconf 81' lang='lat' dir='ltr'><strong>cogi-</strong></span> 
     </span>
    </p>
   </div>
   <div class='ocr_carea' id='block_1_65' title="bbox 348 3307 1948 3388">
    <p class='ocr_par' dir='ltr' id='par_1_65' title="bbox 348 3307 1948 3388">
     <span class='ocr_line' id='line_1_65' title="bbox 348 3307 1948 3388; baseline 0.007 -28"><span class='ocrx_word' id='word_1_484' title='bbox 348 3307 667 3378; x_wconf 87' lang='lat' dir='ltr'><strong>phaleratus</strong></span> <span class='ocrx_word' id='word_1_485' title='bbox 693 3325 863 3381; x_wconf 88' lang='lat' dir='ltr'><strong>equus</strong></span> <span class='ocrx_word' id='word_1_486' title='bbox 891 3327 1026 3366; x_wconf 88' lang='lat' dir='ltr'><strong>auro</strong></span> <span class='ocrx_word' id='word_1_487' title='bbox 1064 3321 1118 3368; x_wconf 90' lang='lat' dir='ltr'><strong>et</strong></span> <span class='ocrx_word' id='word_1_488' title='bbox 1153 3323 1403 3384; x_wconf 86' lang='lat' dir='ltr'><strong>argento,</strong></span> <span class='ocrx_word' id='word_1_489' title='bbox 1438 3331 1601 3386; x_wconf 89' lang='lat' dir='ltr'><strong>super</strong></span> <span class='ocrx_word' id='word_1_490' title='bbox 1630 3333 1794 3388; x_wconf 88' lang='lat' dir='ltr'><strong>quem</strong></span> <span class='ocrx_word' id='word_1_491' title='bbox 1825 3319 1948 3372; x_wconf 92' lang='lat' dir='ltr'><strong>nul-</strong></span> 
     </span>
    </p>
   </div>
   <div class='ocr_carea' id='block_1_66' title="bbox 352 3399 1949 3478">
    <p class='ocr_par' dir='ltr' id='par_1_66' title="bbox 352 3399 1949 3478">
     <span class='ocr_line' id='line_1_66' title="bbox 352 3399 1949 3478; baseline 0.008 -25"><span class='ocrx_word' id='word_1_492' title='bbox 352 3399 440 3454; x_wconf 83' lang='lat' dir='ltr'><strong>lus</strong></span> <span class='ocrx_word' id='word_1_493' title='bbox 489 3401 641 3455; x_wconf 87' lang='lat' dir='ltr'><strong>sedet</strong></span> <span class='ocrx_word' id='word_1_494' title='bbox 684 3404 861 3458; x_wconf 90' lang='lat' dir='ltr'><strong>eundo</strong></span> <span class='ocrx_word' id='word_1_495' title='bbox 903 3413 958 3458; x_wconf 89' lang='lat' dir='ltr'><strong>et</strong></span> <span class='ocrx_word' id='word_1_496' title='bbox 1000 3406 1299 3460; x_wconf 89' lang='lat' dir='ltr'><strong>redeundo.</strong></span> <span class='ocrx_word' id='word_1_497' title='bbox 1356 3405 1497 3462; x_wconf 82' lang='lat' dir='ltr'><strong>Ecce</strong></span> <span class='ocrx_word' id='word_1_498' title='bbox 1540 3422 1735 3478; x_wconf 90' lang='lat' dir='ltr'><strong>pompa</strong></span> <span class='ocrx_word' id='word_1_499' title='bbox 1762 3449 1777 3474; x_wconf 94' lang='lat'><strong>,</strong></span> <span class='ocrx_word' id='word_1_500' title='bbox 1821 3424 1949 3464; x_wconf 90' lang='lat' dir='ltr'><strong>ecce</strong></span> 
     </span>
    </p>
   </div>
   <div class='ocr_carea' id='block_1_67' title="bbox 352 3487 1945 3564">
    <p class='ocr_par' dir='ltr' id='par_1_67' title="bbox 352 3487 1945 3564">
     <span class='ocr_line' id='line_1_67' title="bbox 352 3487 1945 3564; baseline 0.006 -22"><span class='ocrx_word' id='word_1_501' title='bbox 352 3487 654 3546; x_wconf 88' lang='lat' dir='ltr'><strong>frustratus</strong></span> <span class='ocrx_word' id='word_1_502' title='bbox 686 3491 880 3548; x_wconf 90' lang='lat' dir='ltr'><strong>honor.</strong></span> <span class='ocrx_word' id='word_1_503' title='bbox 923 3492 1223 3549; x_wconf 88' lang='lat' dir='ltr'><strong>Promissio</strong></span> <span class='ocrx_word' id='word_1_504' title='bbox 1256 3495 1398 3551; x_wconf 90' lang='lat' dir='ltr'><strong>facta</strong></span> <span class='ocrx_word' id='word_1_505' title='bbox 1429 3504 1544 3562; x_wconf 88' lang='lat' dir='ltr'><strong>est,</strong></span> <span class='ocrx_word' id='word_1_506' title='bbox 1573 3507 1634 3551; x_wconf 88' lang='lat' dir='ltr'><strong>ut</strong></span> <span class='ocrx_word' id='word_1_507' title='bbox 1659 3497 1816 3552; x_wconf 86' lang='lat' dir='ltr'><strong>ﬁrma</strong></span> <span class='ocrx_word' id='word_1_508' title='bbox 1843 3499 1945 3564; x_wconf 91' lang='lat' dir='ltr'><strong>sit,</strong></span> 
     </span>
    </p>
   </div>
   <div class='ocr_carea' id='block_1_68' title="bbox 351 3580 1947 3653">
    <p class='ocr_par' dir='ltr' id='par_1_68' title="bbox 351 3580 1947 3653">
     <span class='ocr_line' id='line_1_68' title="bbox 351 3580 1947 3653; baseline 0.007 -20"><span class='ocrx_word' id='word_1_509' title='bbox 351 3580 544 3650; x_wconf 71' lang='lat' dir='ltr'><strong>gratia:</strong></span> <span class='ocrx_word' id='word_1_510' title='bbox 575 3581 668 3636; x_wconf 91' lang='lat' dir='ltr'><strong>Dei</strong></span> <span class='ocrx_word' id='word_1_511' title='bbox 696 3583 850 3651; x_wconf 88' lang='lat' dir='ltr'><strong>quasi</strong></span> <span class='ocrx_word' id='word_1_512' title='bbox 882 3585 1116 3653; x_wconf 86' lang='lat' dir='ltr'><strong>quodam</strong></span> <span class='ocrx_word' id='word_1_513' title='bbox 1154 3584 1294 3650; x_wconf 82' lang='lat' dir='ltr'><strong>oleo,</strong></span> <span class='ocrx_word' id='word_1_514' title='bbox 1336 3586 1685 3641; x_wconf 87' lang='lat' dir='ltr'><strong>tribuendum</strong></span> <span class='ocrx_word' id='word_1_515' title='bbox 1715 3596 1818 3643; x_wconf 88' lang='lat' dir='ltr'><strong>est.</strong></span> <span class='ocrx_word' id='word_1_516' title='bbox 1869 3590 1947 3644; x_wconf 86' lang='lat' dir='ltr'><strong>De</strong></span> 
     </span>
    </p>
   </div>
   <div class='ocr_carea' id='block_1_69' title="bbox 348 3673 1943 3748">
    <p class='ocr_par' dir='ltr' id='par_1_69' title="bbox 348 3673 1943 3748">
     <span class='ocr_line' id='line_1_69' title="bbox 348 3673 1943 3748; baseline 0.006 -23"><span class='ocrx_word' id='word_1_517' title='bbox 348 3687 460 3742; x_wconf 87' lang='lat' dir='ltr'><strong>qua</strong></span> <span class='ocrx_word' id='word_1_518' title='bbox 488 3673 852 3744; x_wconf 87' lang='lat' dir='ltr'><strong>promissione</strong></span> <span class='ocrx_word' id='word_1_519' title='bbox 883 3676 1037 3743; x_wconf 90' lang='lat' dir='ltr'><strong>dicit,</strong></span> <span class='ocrx_word' id='word_1_520' title='bbox 1070 3677 1163 3747; x_wconf 91' lang='lat' dir='ltr'><strong>qui</strong></span> <span class='ocrx_word' id='word_1_521' title='bbox 1193 3693 1381 3748; x_wconf 90' lang='lat' dir='ltr'><strong>supra,</strong></span> <span class='ocrx_word' id='word_1_522' title='bbox 1416 3678 1468 3732; x_wconf 91' lang='lat' dir='ltr'><strong>in</strong></span> <span class='ocrx_word' id='word_1_523' title='bbox 1499 3679 1853 3734; x_wconf 85' lang='lat' dir='ltr'><strong>memoratis:</strong></span> <span class='ocrx_word' id='word_1_524' title='bbox 1886 3679 1943 3734; x_wconf 81' lang='lat' dir='ltr'><strong>in</strong></span> 
     </span>
    </p>
   </div>
   <div class='ocr_carea' id='block_1_70' title="bbox 349 3763 1947 3842">
    <p class='ocr_par' dir='ltr' id='par_1_70' title="bbox 349 3763 1947 3842">
     <span class='ocr_line' id='line_1_70' title="bbox 349 3763 1947 3842; baseline 0.005 -23"><span class='ocrx_word' id='word_1_525' title='bbox 349 3763 442 3820; x_wconf 89' lang='lat' dir='ltr'><strong>die</strong></span> <span class='ocrx_word' id='word_1_526' title='bbox 471 3765 667 3835; x_wconf 91' lang='lat' dir='ltr'><strong>quippe</strong></span> <span class='ocrx_word' id='word_1_527' title='bbox 693 3765 1069 3836; x_wconf 89' lang='lat' dir='ltr'><strong>baptismatis,</strong></span> <span class='ocrx_word' id='word_1_528' title='bbox 1102 3769 1371 3825; x_wconf 81' lang='lat' dir='ltr'><strong>omnibus</strong></span> <span class='ocrx_word' id='word_1_529' title='bbox 1406 3787 1506 3826; x_wconf 92' lang='lat' dir='ltr'><strong>nos</strong></span> <span class='ocrx_word' id='word_1_530' title='bbox 1536 3772 1745 3842; x_wconf 88' lang='lat' dir='ltr'><strong>antiqui</strong></span> <span class='ocrx_word' id='word_1_531' title='bbox 1773 3771 1947 3827; x_wconf 85' lang='lat' dir='ltr'><strong>hostis</strong></span> 
     </span>
    </p>
   </div>
   <div class='ocr_carea' id='block_1_71' title="bbox 347 3856 1946 3931">
    <p class='ocr_par' dir='ltr' id='par_1_71' title="bbox 347 3856 1946 3931">
     <span class='ocr_line' id='line_1_71' title="bbox 347 3856 1946 3931; baseline 0.004 -21"><span class='ocrx_word' id='word_1_532' title='bbox 347 3856 609 3928; x_wconf 87' lang='lat' dir='ltr'><strong>operibus</strong></span> <span class='ocrx_word' id='word_1_533' title='bbox 652 3865 816 3928; x_wconf 87' lang='lat' dir='ltr'><strong>atque</strong></span> <span class='ocrx_word' id='word_1_534' title='bbox 854 3859 1107 3915; x_wconf 91' lang='lat' dir='ltr'><strong>omnibus</strong></span> <span class='ocrx_word' id='word_1_535' title='bbox 1137 3862 1352 3931; x_wconf 90' lang='lat' dir='ltr'><strong>pompis</strong></span> <span class='ocrx_word' id='word_1_536' title='bbox 1395 3860 1514 3930; x_wconf 84' lang='lat' dir='ltr'><strong>ejus</strong></span> <span class='ocrx_word' id='word_1_537' title='bbox 1558 3863 1946 3917; x_wconf 87' lang='lat' dir='ltr'><strong>abrenuntiare</strong></span> 
     </span>
    </p>
   </div>
   <div class='ocr_carea' id='block_1_72' title="bbox 345 3950 1945 4024">
    <p class='ocr_par' dir='ltr' id='par_1_72' title="bbox 345 3950 1945 4024">
     <span class='ocr_line' id='line_1_72' title="bbox 345 3950 1945 4024; baseline 0.004 -20"><span class='ocrx_word' id='word_1_538' title='bbox 345 3950 722 4022; x_wconf 87' lang='lat' dir='ltr'><strong>promisimus.</strong></span> <span class='ocrx_word' id='word_1_539' title='bbox 762 3950 951 4022; x_wconf 81' lang='lat' dir='ltr'><strong>Itaque</strong></span> <span class='ocrx_word' id='word_1_540' title='bbox 985 3954 1360 4024; x_wconf 86' lang='lat' dir='ltr'><strong>unusquisque</strong></span> <span class='ocrx_word' id='word_1_541' title='bbox 1388 3963 1632 4009; x_wconf 88' lang='lat' dir='ltr'><strong>vestrum</strong></span> <span class='ocrx_word' id='word_1_542' title='bbox 1663 3956 1730 4010; x_wconf 93' lang='lat' dir='ltr'><strong>ad</strong></span> <span class='ocrx_word' id='word_1_543' title='bbox 1764 3957 1945 4011; x_wconf 90' lang='lat' dir='ltr'><strong>consi-</strong></span> 
     </span>
    </p>
   </div>
   <div class='ocr_carea' id='block_1_73' title="bbox 345 4041 1944 4121">
    <p class='ocr_par' dir='ltr' id='par_1_73' title="bbox 345 4041 1944 4121">
     <span class='ocr_line' id='line_1_73' title="bbox 345 4041 1944 4121; baseline 0.004 -23"><span class='ocrx_word' id='word_1_544' title='bbox 345 4041 689 4098; x_wconf 88' lang='lat' dir='ltr'><strong>derationem</strong></span> <span class='ocrx_word' id='word_1_545' title='bbox 720 4059 832 4100; x_wconf 74' lang='lat' dir='ltr'><strong>sua:</strong></span> <span class='ocrx_word' id='word_1_546' title='bbox 858 4045 1060 4102; x_wconf 90' lang='lat' dir='ltr'><strong>mentis</strong></span> <span class='ocrx_word' id='word_1_547' title='bbox 1087 4046 1273 4121; x_wconf 73' lang='lat' dir='ltr'><strong>oculos</strong></span> <span class='ocrx_word' id='word_1_548' title='bbox 1303 4047 1547 4113; x_wconf 88' lang='lat' dir='ltr'><strong>reducat,</strong></span> <span class='ocrx_word' id='word_1_549' title='bbox 1576 4057 1629 4102; x_wconf 89' lang='lat' dir='ltr'><strong>et</strong></span> <span class='ocrx_word' id='word_1_550' title='bbox 1657 4049 1735 4102; x_wconf 89' lang='lat' dir='ltr'><strong>sic</strong></span> <span class='ocrx_word' id='word_1_551' title='bbox 1761 4059 1944 4104; x_wconf 83' lang='lat' dir='ltr'><strong>servat</strong></span> 
     </span>
    </p>
   </div>
   <div class='ocr_carea' id='block_1_74' title="bbox 344 4135 1940 4210">
    <p class='ocr_par' dir='ltr' id='par_1_74' title="bbox 344 4135 1940 4210">
     <span class='ocr_line' id='line_1_74' title="bbox 344 4135 1940 4210; baseline 0.004 -20"><span class='ocrx_word' id='word_1_552' title='bbox 344 4142 476 4210; x_wconf 82' lang='lat' dir='ltr'><strong>post</strong></span> <span class='ocrx_word' id='word_1_553' title='bbox 515 4135 850 4207; x_wconf 90' lang='lat' dir='ltr'><strong>baptismum</strong></span> <span class='ocrx_word' id='word_1_554' title='bbox 886 4139 1031 4208; x_wconf 90' lang='lat' dir='ltr'><strong>quod</strong></span> <span class='ocrx_word' id='word_1_555' title='bbox 1075 4147 1201 4194; x_wconf 89' lang='lat' dir='ltr'><strong>ante</strong></span> <span class='ocrx_word' id='word_1_556' title='bbox 1243 4139 1570 4209; x_wconf 89' lang='lat' dir='ltr'><strong>baptismum</strong></span> <span class='ocrx_word' id='word_1_557' title='bbox 1616 4141 1940 4210; x_wconf 86' lang='lat' dir='ltr'><strong>spopondit,</strong></span> 
     </span>
    </p>
   </div>
   <div class='ocr_carea' id='block_1_75' title="bbox 345 4225 1942 4300">
    <p class='ocr_par' dir='ltr' id='par_1_75' title="bbox 345 4225 1942 4300">
     <span class='ocr_line' id='line_1_75' title="bbox 345 4225 1942 4300; baseline 0.003 -19"><span class='ocrx_word' id='word_1_558' title='bbox 345 4233 533 4282; x_wconf 85' lang='lat' dir='ltr'><strong>certus</strong></span> <span class='ocrx_word' id='word_1_559' title='bbox 560 4226 685 4297; x_wconf 88' lang='lat' dir='ltr'><strong>quia</strong></span> <span class='ocrx_word' id='word_1_560' title='bbox 708 4225 822 4295; x_wconf 86' lang='lat' dir='ltr'><strong>jam</strong></span> <span class='ocrx_word' id='word_1_561' title='bbox 851 4226 1024 4283; x_wconf 85' lang='lat' dir='ltr'><strong>ﬁdelis</strong></span> <span class='ocrx_word' id='word_1_562' title='bbox 1049 4240 1152 4292; x_wconf 91' lang='lat' dir='ltr'><strong>est,</strong></span> <span class='ocrx_word' id='word_1_563' title='bbox 1184 4230 1435 4300; x_wconf 85' lang='lat' dir='ltr'><strong>gaudeat.</strong></span> <span class='ocrx_word' id='word_1_564' title='bbox 1486 4229 1592 4285; x_wconf 89' lang='lat' dir='ltr'><strong>Per</strong></span> <span class='ocrx_word' id='word_1_565' title='bbox 1618 4239 1942 4300; x_wconf 71' lang='lat' dir='ltr'><strong>prtescntem</strong></span> 
     </span>
    </p>
   </div>
   <div class='ocr_carea' id='block_1_76' title="bbox 346 4318 1944 4398">
    <p class='ocr_par' dir='ltr' id='par_1_76' title="bbox 346 4318 1944 4398">
     <span class='ocr_line' id='line_1_76' title="bbox 346 4318 1944 4398; baseline 0.004 -26"><span class='ocrx_word' id='word_1_566' title='bbox 346 4318 882 4373; x_wconf 87' lang='lat' dir='ltr'><strong>abrenuntiationem</strong></span> <span class='ocrx_word' id='word_1_567' title='bbox 931 4320 1190 4389; x_wconf 85' lang='lat' dir='ltr'><strong>expulsus</strong></span> <span class='ocrx_word' id='word_1_568' title='bbox 1240 4329 1325 4376; x_wconf 91' lang='lat' dir='ltr'><strong>est</strong></span> <span class='ocrx_word' id='word_1_569' title='bbox 1367 4322 1519 4391; x_wconf 89' lang='lat' dir='ltr'><strong>prior</strong></span> <span class='ocrx_word' id='word_1_570' title='bbox 1560 4322 1800 4392; x_wconf 87' lang='lat' dir='ltr'><strong>hospes?</strong></span> <span class='ocrx_word' id='word_1_571' title='bbox 1845 4339 1944 4398; x_wconf 87' lang='lat' dir='ltr'><strong>per</strong></span> 
     </span>
    </p>
   </div>
   <div class='ocr_carea' id='block_1_77' title="bbox 346 4407 1942 4483">
    <p class='ocr_par' dir='ltr' id='par_1_77' title="bbox 346 4407 1942 4483">
     <span class='ocr_line' id='line_1_77' title="bbox 346 4407 1942 4483; baseline 0.003 -18"><span class='ocrx_word' id='word_1_572' title='bbox 346 4407 748 4466; x_wconf 86' lang='lat' dir='ltr'><strong>confessionem</strong></span> <span class='ocrx_word' id='word_1_573' title='bbox 777 4411 1122 4467; x_wconf 82' lang='lat' dir='ltr'><strong>credulitatis</strong></span> <span class='ocrx_word' id='word_1_574' title='bbox 1150 4413 1386 4469; x_wconf 80' lang='lat' dir='ltr'><strong>introeat</strong></span> <span class='ocrx_word' id='word_1_575' title='bbox 1415 4417 1704 4470; x_wconf 88' lang='lat' dir='ltr'><strong>secundus.</strong></span> <span class='ocrx_word' id='word_1_576' title='bbox 1740 4415 1942 4483; x_wconf 89' lang='lat' dir='ltr'><strong>Quam-</strong></span> 
     </span>
    </p>
   </div>
   <div class='ocr_carea' id='block_1_78' title="bbox 343 4501 1936 4576">
    <p class='ocr_par' dir='ltr' id='par_1_78' title="bbox 343 4501 1936 4576">
     <span class='ocr_line' id='line_1_78' title="bbox 343 4501 1936 4576; baseline 0.006 -22"><span class='ocrx_word' id='word_1_577' title='bbox 343 4501 433 4556; x_wconf 88' lang='lat' dir='ltr'><strong>vis</strong></span> <span class='ocrx_word' id='word_1_578' title='bbox 461 4509 585 4569; x_wconf 85' lang='lat' dir='ltr'><strong>post</strong></span> <span class='ocrx_word' id='word_1_579' title='bbox 609 4511 984 4557; x_wconf 90' lang='lat' dir='ltr'><strong>consecratam</strong></span> <span class='ocrx_word' id='word_1_580' title='bbox 1011 4519 1204 4573; x_wconf 88' lang='lat' dir='ltr'><strong>aquam</strong></span> <span class='ocrx_word' id='word_1_581' title='bbox 1237 4507 1601 4576; x_wconf 87' lang='lat' dir='ltr'><strong>interrogetur</strong></span> <span class='ocrx_word' id='word_1_582' title='bbox 1622 4505 1936 4573; x_wconf 80' lang='lat' dir='ltr'><strong>credulitas,</strong></span> 
     </span>
    </p>
   </div>
   <div class='ocr_carea' id='block_1_79' title="bbox 349 4594 1938 4666">
    <p class='ocr_par' dir='ltr' id='par_1_79' title="bbox 349 4594 1938 4666">
     <span class='ocr_line' id='line_1_79' title="bbox 349 4594 1938 4666; baseline 0.006 -20"><span class='ocrx_word' id='word_1_583' title='bbox 349 4602 534 4647; x_wconf 86' lang='lat' dir='ltr'><strong>tamen</strong></span> <span class='ocrx_word' id='word_1_584' title='bbox 576 4594 666 4648; x_wconf 92' lang='lat' dir='ltr'><strong>hic</strong></span> <span class='ocrx_word' id='word_1_585' title='bbox 703 4609 732 4647; x_wconf 95' lang='lat' dir='ltr'><strong>a</strong></span> <span class='ocrx_word' id='word_1_586' title='bbox 768 4595 926 4650; x_wconf 85' lang='lat' dir='ltr'><strong>nobis</strong></span> <span class='ocrx_word' id='word_1_587' title='bbox 969 4596 1290 4650; x_wconf 81' lang='lat' dir='ltr'><strong>recitahitur</strong></span> <span class='ocrx_word' id='word_1_588' title='bbox 1319 4607 1541 4666; x_wconf 88' lang='lat' dir='ltr'><strong>propter</strong></span> <span class='ocrx_word' id='word_1_589' title='bbox 1571 4598 1938 4656; x_wconf 87' lang='lat' dir='ltr'><strong>continuatio-</strong></span> 
     </span>
    </p>
   </div>
   <div class='ocr_carea' id='block_1_80' title="bbox 345 4685 1938 4757">
    <p class='ocr_par' dir='ltr' id='par_1_80' title="bbox 345 4685 1938 4757">
     <span class='ocr_line' id='line_1_80' title="bbox 345 4685 1938 4757; baseline 0.005 -18"><span class='ocrx_word' id='word_1_590' title='bbox 345 4698 474 4739; x_wconf 88' lang='lat' dir='ltr'><strong>nem</strong></span> <span class='ocrx_word' id='word_1_591' title='bbox 513 4685 844 4756; x_wconf 87' lang='lat' dir='ltr'><strong>expulsi&#39;onis</strong></span> <span class='ocrx_word' id='word_1_592' title='bbox 891 4687 1090 4757; x_wconf 88' lang='lat' dir='ltr'><strong>prioris</strong></span> <span class='ocrx_word' id='word_1_593' title='bbox 1137 4686 1367 4756; x_wconf 85' lang='lat' dir='ltr'><strong>hospitis</strong></span> <span class='ocrx_word' id='word_1_594' title='bbox 1417 4695 1471 4743; x_wconf 87' lang='lat' dir='ltr'><strong>et</strong></span> <span class='ocrx_word' id='word_1_595' title='bbox 1517 4690 1938 4748; x_wconf 88' lang='lat' dir='ltr'><strong>introductionis</strong></span> 
     </span>
    </p>
   </div>
   <div class='ocr_carea' id='block_1_81' title="bbox 346 4777 1934 4838">
    <p class='ocr_par' dir='ltr' id='par_1_81' title="bbox 346 4777 1934 4838">
     <span class='ocr_line' id='line_1_81' title="bbox 346 4777 1934 4838; baseline 0.003 -4"><span class='ocrx_word' id='word_1_596' title='bbox 346 4778 595 4834; x_wconf 76' lang='lat' dir='ltr'><strong>secundi.</strong></span> <span class='ocrx_word' id='word_1_597' title='bbox 653 4778 792 4833; x_wconf 86' lang='lat' dir='ltr'><strong>Dicit</strong></span> <span class='ocrx_word' id='word_1_598' title='bbox 835 4779 1133 4834; x_wconf 89' lang='lat' dir='ltr'><strong>sacerdos:</strong></span> <span class='ocrx_word' id='word_1_599' title='bbox 1167 4777 1351 4833; x_wconf 83' lang='lat' dir='ltr'><strong>Credis</strong></span> <span class='ocrx_word' id='word_1_600' title='bbox 1402 4781 1458 4834; x_wconf 87' lang='lat' dir='ltr'><strong>in</strong></span> <span class='ocrx_word' id='word_1_601' title='bbox 1510 4781 1675 4836; x_wconf 82' lang='lat' dir='ltr'><strong>Deum</strong></span> <span class='ocrx_word' id='word_1_602' title='bbox 1721 4782 1934 4838; x_wconf 85' lang='lat' dir='ltr'><strong>Patrem</strong></span> 
     </span>
    </p>
   </div>
   <div class='ocr_carea' id='block_1_82' title="bbox 349 4867 1932 4942">
    <p class='ocr_par' dir='ltr' id='par_1_82' title="bbox 349 4867 1932 4942">
     <span class='ocr_line' id='line_1_82' title="bbox 349 4867 1932 4942; baseline 0.006 -22"><span class='ocrx_word' id='word_1_603' title='bbox 349 4869 804 4936; x_wconf 82' lang='lat' dir='ltr'><strong>omnipotentem?</strong></span> <span class='ocrx_word' id='word_1_604' title='bbox 848 4867 1150 4925; x_wconf 89' lang='lat' dir='ltr'><strong>Conlitetur</strong></span> <span class='ocrx_word' id='word_1_605' title='bbox 1189 4870 1552 4942; x_wconf 84' lang='lat' dir='ltr'><strong>interrogatus</strong></span> <span class='ocrx_word' id='word_1_606' title='bbox 1593 4887 1650 4927; x_wconf 87' lang='lat' dir='ltr'><strong>se</strong></span> <span class='ocrx_word' id='word_1_607' title='bbox 1689 4873 1932 4930; x_wconf 87' lang='lat' dir='ltr'><strong>credere.</strong></span> 
     </span>
    </p>
   </div>
   <div class='ocr_carea' id='block_1_83' title="bbox 345 4957 1930 5035">
    <p class='ocr_par' dir='ltr' id='par_1_83' title="bbox 345 4957 1930 5035">
     <span class='ocr_line' id='line_1_83' title="bbox 345 4957 1930 5035; baseline 0.007 -24"><span class='ocrx_word' id='word_1_608' title='bbox 345 4957 491 5013; x_wconf 82' lang='lat' dir='ltr'><strong>Ecce</strong></span> <span class='ocrx_word' id='word_1_609' title='bbox 520 4959 699 5015; x_wconf 88' lang='lat' dir='ltr'><strong>aditus</strong></span> <span class='ocrx_word' id='word_1_610' title='bbox 721 4961 835 5032; x_wconf 88' lang='lat' dir='ltr'><strong>jam</strong></span> <span class='ocrx_word' id='word_1_611' title='bbox 866 4971 1088 5032; x_wconf 87' lang='lat' dir='ltr'><strong>paratus</strong></span> <span class='ocrx_word' id='word_1_612' title='bbox 1115 4964 1336 5020; x_wconf 89' lang='lat' dir='ltr'><strong>secundi</strong></span> <span class='ocrx_word' id='word_1_613' title='bbox 1368 4964 1600 5035; x_wconf 88' lang='lat' dir='ltr'><strong>hospitis</strong></span> <span class='ocrx_word' id='word_1_614' title='bbox 1624 4980 1722 5035; x_wconf 87' lang='lat' dir='ltr'><strong>per</strong></span> <span class='ocrx_word' id='word_1_615' title='bbox 1749 4965 1930 5022; x_wconf 89' lang='lat' dir='ltr'><strong>ﬁdem.</strong></span> 
     </span>
    </p>
   </div>
   <div class='ocr_carea' id='block_1_84' title="bbox 346 5049 1937 5130">
    <p class='ocr_par' dir='ltr' id='par_1_84' title="bbox 346 5049 1937 5130">
     <span class='ocr_line' id='line_1_84' title="bbox 346 5049 1937 5130; baseline 0.006 -27"><span class='ocrx_word' id='word_1_616' title='bbox 346 5049 544 5105; x_wconf 80' lang='lat' dir='ltr'><strong>Postea</strong></span> <span class='ocrx_word' id='word_1_617' title='bbox 572 5051 966 5124; x_wconf 87' lang='lat' dir='ltr'><strong>interrogatus,</strong></span> <span class='ocrx_word' id='word_1_618' title='bbox 1003 5055 1046 5109; x_wconf 91' lang='lat' dir='ltr'><strong>si</strong></span> <span class='ocrx_word' id='word_1_619' title='bbox 1078 5056 1266 5110; x_wconf 88' lang='lat' dir='ltr'><strong>credat</strong></span> <span class='ocrx_word' id='word_1_620' title='bbox 1299 5057 1350 5110; x_wconf 87' lang='lat' dir='ltr'><strong>in</strong></span> <span class='ocrx_word' id='word_1_621' title='bbox 1381 5057 1576 5114; x_wconf 85' lang='lat' dir='ltr'><strong>Filium</strong></span> <span class='ocrx_word' id='word_1_622' title='bbox 1602 5100 1616 5124; x_wconf 91' lang='lat'><strong>,</strong></span> <span class='ocrx_word' id='word_1_623' title='bbox 1646 5057 1937 5130; x_wconf 83' lang='lat' dir='ltr'><strong>respondet</strong></span> 
     </span>
    </p>
   </div>
   <div class='ocr_carea' id='block_1_85' title="bbox 347 5139 1930 5218">
    <p class='ocr_par' dir='ltr' id='par_1_85' title="bbox 347 5139 1930 5218">
     <span class='ocr_line' id='line_1_85' title="bbox 347 5139 1930 5218; baseline 0.007 -25"><span class='ocrx_word' id='word_1_624' title='bbox 347 5139 576 5195; x_wconf 86' lang='lat' dir='ltr'><strong>credere</strong></span> <span class='ocrx_word' id='word_1_625' title='bbox 615 5156 692 5196; x_wconf 87' lang='lat' dir='ltr'><strong>se.</strong></span> <span class='ocrx_word' id='word_1_626' title='bbox 745 5142 886 5197; x_wconf 87' lang='lat' dir='ltr'><strong>Ecce</strong></span> <span class='ocrx_word' id='word_1_627' title='bbox 931 5144 1110 5198; x_wconf 89' lang='lat' dir='ltr'><strong>aditus</strong></span> <span class='ocrx_word' id='word_1_628' title='bbox 1152 5145 1458 5201; x_wconf 88' lang='lat' dir='ltr'><strong>divinorum</strong></span> <span class='ocrx_word' id='word_1_629' title='bbox 1501 5162 1745 5218; x_wconf 82' lang='lat' dir='ltr'><strong>Operum.</strong></span> <span class='ocrx_word' id='word_1_630' title='bbox 1797 5148 1930 5204; x_wconf 91' lang='lat' dir='ltr'><strong>Pro-</strong></span> 
     </span>
    </p>
   </div>
   <div class='ocr_carea' id='block_1_86' title="bbox 347 5231 1928 5311">
    <p class='ocr_par' dir='ltr' id='par_1_86' title="bbox 347 5231 1928 5311">
     <span class='ocr_line' id='line_1_86' title="bbox 347 5231 1928 5311; baseline 0.006 -26"><span class='ocrx_word' id='word_1_631' title='bbox 347 5239 535 5300; x_wconf 84' lang='lat' dir='ltr'><strong>pterea</strong></span> <span class='ocrx_word' id='word_1_632' title='bbox 565 5231 742 5289; x_wconf 85' lang='lat' dir='ltr'><strong>factus</strong></span> <span class='ocrx_word' id='word_1_633' title='bbox 771 5245 854 5289; x_wconf 88' lang='lat' dir='ltr'><strong>est</strong></span> <span class='ocrx_word' id='word_1_634' title='bbox 884 5235 1025 5290; x_wconf 88' lang='lat' dir='ltr'><strong>Deus</strong></span> <span class='ocrx_word' id='word_1_635' title='bbox 1052 5237 1236 5303; x_wconf 88' lang='lat' dir='ltr'><strong>homo,</strong></span> <span class='ocrx_word' id='word_1_636' title='bbox 1271 5246 1330 5293; x_wconf 92' lang='lat' dir='ltr'><strong>ut</strong></span> <span class='ocrx_word' id='word_1_637' title='bbox 1358 5254 1456 5294; x_wconf 92' lang='lat' dir='ltr'><strong>nos</strong></span> <span class='ocrx_word' id='word_1_638' title='bbox 1487 5239 1684 5310; x_wconf 89' lang='lat' dir='ltr'><strong>alloqui</strong></span> <span class='ocrx_word' id='word_1_639' title='bbox 1712 5250 1928 5311; x_wconf 89' lang='lat' dir='ltr'><strong>posset,</strong></span> 
     </span>
    </p>
   </div>
   <div class='ocr_carea' id='block_1_87' title="bbox 345 5330 1926 5401">
    <p class='ocr_par' dir='ltr' id='par_1_87' title="bbox 345 5330 1926 5401">
     <span class='ocr_line' id='line_1_87' title="bbox 345 5330 1926 5401; baseline 0.008 -23"><span class='ocrx_word' id='word_1_640' title='bbox 345 5331 405 5401; x_wconf 84' lang='lat' dir='ltr'><strong>et</strong></span> <span class='ocrx_word' id='word_1_641' title='bbox 428 5340 593 5394; x_wconf 88' lang='lat' dir='ltr'><strong>opera</strong></span> <span class='ocrx_word' id='word_1_642' title='bbox 620 5343 730 5383; x_wconf 68' lang='lat' dir='ltr'><strong>suae</strong></span> <span class='ocrx_word' id='word_1_643' title='bbox 752 5330 1046 5388; x_wconf 86' lang='lat' dir='ltr'><strong>voluntatis</strong></span> <span class='ocrx_word' id='word_1_644' title='bbox 1071 5341 1398 5388; x_wconf 90' lang='lat' dir='ltr'><strong>monstrare.</strong></span> <span class='ocrx_word' id='word_1_645' title='bbox 1428 5333 1554 5389; x_wconf 85' lang='lat' dir='ltr'><strong>Post</strong></span> <span class='ocrx_word' id='word_1_646' title='bbox 1578 5335 1680 5389; x_wconf 91' lang='lat' dir='ltr'><strong>hoc</strong></span> <span class='ocrx_word' id='word_1_647' title='bbox 1702 5334 1926 5390; x_wconf 87' lang='lat' dir='ltr'><strong>dicitur:</strong></span> 
     </span>
    </p>
   </div>
   <div class='ocr_carea' id='block_1_88' title="bbox 345 5415 1927 5494">
    <p class='ocr_par' dir='ltr' id='par_1_88' title="bbox 345 5415 1927 5494">
     <span class='ocr_line' id='line_1_88' title="bbox 345 5415 1927 5494; baseline 0.006 -24"><span class='ocrx_word' id='word_1_648' title='bbox 345 5415 534 5474; x_wconf 81' lang='lat' dir='ltr'><strong>Credis</strong></span> <span class='ocrx_word' id='word_1_649' title='bbox 560 5419 614 5474; x_wconf 89' lang='lat' dir='ltr'><strong>in</strong></span> <span class='ocrx_word' id='word_1_650' title='bbox 647 5419 900 5490; x_wconf 86' lang='lat' dir='ltr'><strong>Spiritum</strong></span> <span class='ocrx_word' id='word_1_651' title='bbox 927 5434 1166 5481; x_wconf 70' lang='lat' dir='ltr'><strong>sanctum</strong></span> <span class='ocrx_word' id='word_1_652' title='bbox 1194 5426 1218 5479; x_wconf 67' lang='lat'><strong>.9</strong></span> <span class='ocrx_word' id='word_1_653' title='bbox 1251 5424 1560 5494; x_wconf 81' lang='lat' dir='ltr'><strong>Respondet</strong></span> <span class='ocrx_word' id='word_1_654' title='bbox 1594 5439 1652 5480; x_wconf 87' lang='lat' dir='ltr'><strong>se</strong></span> <span class='ocrx_word' id='word_1_655' title='bbox 1682 5425 1927 5480; x_wconf 87' lang='lat' dir='ltr'><strong>credere.</strong></span> 
     </span>
    </p>
   </div>
   <div class='ocr_carea' id='block_1_89' title="bbox 348 5507 1930 5592">
    <p class='ocr_par' dir='ltr' id='par_1_89' title="bbox 348 5507 1930 5592">
     <span class='ocr_line' id='line_1_89' title="bbox 348 5507 1930 5592; baseline 0.009 -32"><span class='ocrx_word' id='word_1_656' title='bbox 348 5507 598 5578; x_wconf 82' lang='lat' dir='ltr'><strong>Expulsae</strong></span> <span class='ocrx_word' id='word_1_657' title='bbox 621 5526 846 5583; x_wconf 82' lang='lat' dir='ltr'><strong>pompae,</strong></span> <span class='ocrx_word' id='word_1_658' title='bbox 878 5516 1202 5586; x_wconf 78' lang='lat' dir='ltr'><strong>ad0ptantur</strong></span> <span class='ocrx_word' id='word_1_659' title='bbox 1229 5517 1367 5574; x_wconf 90' lang='lat' dir='ltr'><strong>dona</strong></span> <span class='ocrx_word' id='word_1_660' title='bbox 1390 5533 1517 5574; x_wconf 85' lang='lat' dir='ltr'><strong>vera</strong></span> <span class='ocrx_word' id='word_1_661' title='bbox 1546 5517 1782 5592; x_wconf 90' lang='lat' dir='ltr'><strong>Spiritus</strong></span> <span class='ocrx_word' id='word_1_662' title='bbox 1807 5533 1930 5573; x_wconf 85' lang='lat' dir='ltr'><strong>san-</strong></span> 
     </span>
    </p>
   </div>
   <div class='ocr_carea' id='block_1_90' title="bbox 345 5599 1110 5676">
    <p class='ocr_par' dir='ltr' id='par_1_90' title="bbox 345 5599 1110 5676">
     <span class='ocr_line' id='line_1_90' title="bbox 345 5599 1110 5676; baseline 0.009 -22"><span class='ocrx_word' id='word_1_663' title='bbox 345 5599 443 5668; x_wconf 81' lang='lat' dir='ltr'><strong>cti,</strong></span> <span class='ocrx_word' id='word_1_664' title='bbox 473 5617 594 5676; x_wconf 79' lang='lat' dir='ltr'><strong>qua:</strong></span> <span class='ocrx_word' id='word_1_665' title='bbox 620 5615 900 5662; x_wconf 87' lang='lat' dir='ltr'><strong>enumerat</strong></span> <span class='ocrx_word' id='word_1_666' title='bbox 928 5608 1110 5664; x_wconf 88' lang='lat' dir='ltr'><strong>lsaias.</strong></span> 
     </span>
    </p>
   </div>
   <div class='ocr_carea' id='block_1_91' title="bbox 2051 3301 3636 3382">
    <p class='ocr_par' dir='ltr' id='par_1_91' title="bbox 2051 3301 3636 3382">
     <span class='ocr_line' id='line_1_91' title="bbox 2051 3301 3636 3382; baseline 0.009 -31"><span class='ocrx_word' id='word_1_667' title='bbox 2051 3309 2168 3353; x_wconf 85' lang='lat' dir='ltr'><strong>tare</strong></span> <span class='ocrx_word' id='word_1_668' title='bbox 2198 3301 2322 3354; x_wconf 88' lang='lat' dir='ltr'><strong>boni</strong></span> <span class='ocrx_word' id='word_1_669' title='bbox 2348 3311 2576 3370; x_wconf 90' lang='lat' dir='ltr'><strong>possunt</strong></span> <span class='ocrx_word' id='word_1_670' title='bbox 2603 3313 2694 3358; x_wconf 90' lang='lat' dir='ltr'><strong>aut</strong></span> <span class='ocrx_word' id='word_1_671' title='bbox 2723 3306 2872 3360; x_wconf 91' lang='lat' dir='ltr'><strong>mali.</strong></span> <span class='ocrx_word' id='word_1_672' title='bbox 2907 3307 2984 3360; x_wconf 87' lang='lat' dir='ltr'><strong>Ex</strong></span> <span class='ocrx_word' id='word_1_673' title='bbox 3014 3309 3117 3362; x_wconf 92' lang='lat' dir='ltr'><strong>hoc</strong></span> <span class='ocrx_word' id='word_1_674' title='bbox 3139 3308 3302 3363; x_wconf 89' lang='lat' dir='ltr'><strong>datur</strong></span> <span class='ocrx_word' id='word_1_675' title='bbox 3327 3310 3552 3382; x_wconf 78' lang='lat' dir='ltr'><strong>intelligi</strong></span> <span class='ocrx_word' id='word_1_676' title='bbox 3576 3321 3636 3366; x_wconf 85' lang='lat' dir='ltr'><strong>ut</strong></span> 
     </span>
    </p>
   </div>
   <div class='ocr_carea' id='block_1_92' title="bbox 2049 3389 3634 3469">
    <p class='ocr_par' dir='ltr' id='par_1_92' title="bbox 2049 3389 3634 3469">
     <span class='ocr_line' id='line_1_92' title="bbox 2049 3389 3634 3469; baseline 0.009 -27"><span class='ocrx_word' id='word_1_677' title='bbox 2049 3389 2286 3456; x_wconf 85' lang='lat' dir='ltr'><strong>adultus,</strong></span> <span class='ocrx_word' id='word_1_678' title='bbox 2320 3392 2411 3460; x_wconf 88' lang='lat' dir='ltr'><strong>qui</strong></span> <span class='ocrx_word' id='word_1_679' title='bbox 2441 3401 2620 3460; x_wconf 91' lang='lat' dir='ltr'><strong>potest</strong></span> <span class='ocrx_word' id='word_1_680' title='bbox 2650 3395 2826 3464; x_wconf 92' lang='lat' dir='ltr'><strong>loqui,</strong></span> <span class='ocrx_word' id='word_1_681' title='bbox 2864 3413 2958 3453; x_wconf 91' lang='lat' dir='ltr'><strong>ore</strong></span> <span class='ocrx_word' id='word_1_682' title='bbox 2986 3399 3207 3469; x_wconf 91' lang='lat' dir='ltr'><strong>proprio</strong></span> <span class='ocrx_word' id='word_1_683' title='bbox 3235 3401 3634 3456; x_wconf 88' lang='lat' dir='ltr'><strong>confessionem</strong></span> 
     </span>
    </p>
   </div>
   <div class='ocr_carea' id='block_1_93' title="bbox 2048 3482 3634 3566">
    <p class='ocr_par' dir='ltr' id='par_1_93' title="bbox 2048 3482 3634 3566">
     <span class='ocr_line' id='line_1_93' title="bbox 2048 3482 3634 3566; baseline 0.008 -30"><span class='ocrx_word' id='word_1_684' title='bbox 2048 3496 2200 3536; x_wconf 86' lang='lat' dir='ltr'><strong>suam</strong></span> <span class='ocrx_word' id='word_1_685' title='bbox 2231 3482 2508 3551; x_wconf 75' lang='lat' dir='ltr'><strong>proferat,</strong></span> <span class='ocrx_word' id='word_1_686' title='bbox 2549 3501 2710 3555; x_wconf 87' lang='lat' dir='ltr'><strong>quam</strong></span> <span class='ocrx_word' id='word_1_687' title='bbox 2742 3498 3025 3559; x_wconf 86' lang='lat' dir='ltr'><strong>propterea</strong></span> <span class='ocrx_word' id='word_1_688' title='bbox 3057 3492 3239 3545; x_wconf 78' lang='lat' dir='ltr'><strong>caeteri</strong></span> <span class='ocrx_word' id='word_1_689' title='bbox 3267 3490 3502 3547; x_wconf 86' lang='lat' dir='ltr'><strong>offerunt</strong></span> <span class='ocrx_word' id='word_1_690' title='bbox 3535 3511 3634 3566; x_wconf 91' lang='lat' dir='ltr'><strong>pro</strong></span> 
     </span>
    </p>
   </div>
   <div class='ocr_carea' id='block_1_94' title="bbox 2046 3571 3634 3652">
    <p class='ocr_par' dir='ltr' id='par_1_94' title="bbox 2046 3571 3634 3652">
     <span class='ocr_line' id='line_1_94' title="bbox 2046 3571 3634 3652; baseline 0.01 -28"><span class='ocrx_word' id='word_1_691' title='bbox 2046 3571 2309 3642; x_wconf 84' lang='lat' dir='ltr'><strong>parvulis,</strong></span> <span class='ocrx_word' id='word_1_692' title='bbox 2341 3575 2466 3643; x_wconf 90' lang='lat' dir='ltr'><strong>quia</strong></span> <span class='ocrx_word' id='word_1_693' title='bbox 2497 3576 2598 3646; x_wconf 90' lang='lat' dir='ltr'><strong>ipsi</strong></span> <span class='ocrx_word' id='word_1_694' title='bbox 2633 3576 2783 3646; x_wconf 85' lang='lat' dir='ltr'><strong>loqui</strong></span> <span class='ocrx_word' id='word_1_695' title='bbox 2811 3594 2915 3633; x_wconf 86' lang='lat' dir='ltr'><strong>non</strong></span> <span class='ocrx_word' id='word_1_696' title='bbox 2947 3590 3192 3650; x_wconf 85' lang='lat' dir='ltr'><strong>possunt.</strong></span> <span class='ocrx_word' id='word_1_697' title='bbox 3229 3581 3305 3636; x_wconf 91' lang='lat' dir='ltr'><strong>De</strong></span> <span class='ocrx_word' id='word_1_698' title='bbox 3331 3597 3434 3652; x_wconf 89' lang='lat' dir='ltr'><strong>qua</strong></span> <span class='ocrx_word' id='word_1_699' title='bbox 3466 3597 3526 3639; x_wconf 89' lang='lat' dir='ltr'><strong>re</strong></span> <span class='ocrx_word' id='word_1_700' title='bbox 3555 3585 3634 3640; x_wconf 91' lang='lat' dir='ltr'><strong>di-</strong></span> 
     </span>
    </p>
   </div>
   <div class='ocr_carea' id='block_1_95' title="bbox 2045 3661 3633 3745">
    <p class='ocr_par' dir='ltr' id='par_1_95' title="bbox 2045 3661 3633 3745">
     <span class='ocr_line' id='line_1_95' title="bbox 2045 3661 3633 3745; baseline 0.009 -30"><span class='ocrx_word' id='word_1_701' title='bbox 2045 3662 2123 3716; x_wconf 92' lang='lat' dir='ltr'><strong>cit</strong></span> <span class='ocrx_word' id='word_1_702' title='bbox 2150 3661 2484 3732; x_wconf 80' lang='lat' dir='ltr'><strong>Augustinus</strong></span> <span class='ocrx_word' id='word_1_703' title='bbox 2511 3665 2567 3719; x_wconf 91' lang='lat' dir='ltr'><strong>in</strong></span> <span class='ocrx_word' id='word_1_704' title='bbox 2592 3667 2819 3736; x_wconf 89' lang='lat' dir='ltr'><strong>epistola</strong></span> <span class='ocrx_word' id='word_1_705' title='bbox 2859 3669 2925 3723; x_wconf 89' lang='lat' dir='ltr'><strong>ad</strong></span> <span class='ocrx_word' id='word_1_706' title='bbox 2955 3668 3292 3724; x_wconf 85' lang='lat' dir='ltr'><strong>Bonifacium</strong></span> <span class='ocrx_word' id='word_1_707' title='bbox 3320 3672 3633 3745; x_wconf 89' lang='lat' dir='ltr'><strong>episcopum</strong></span> 
     </span>
    </p>
   </div>
   <div class='ocr_carea' id='block_1_96' title="bbox 2047 3754 3634 3837">
    <p class='ocr_par' dir='ltr' id='par_1_96' title="bbox 2047 3754 3634 3837">
     <span class='ocr_line' id='line_1_96' title="bbox 2047 3754 3634 3837; baseline 0.008 -28"><span class='ocrx_word' id='word_1_708' title='bbox 2047 3754 2114 3810; x_wconf 86' lang='lat' dir='ltr'><strong>de</strong></span> <span class='ocrx_word' id='word_1_709' title='bbox 2141 3755 2380 3826; x_wconf 90' lang='lat' dir='ltr'><strong>parvulis</strong></span> <span class='ocrx_word' id='word_1_710' title='bbox 2407 3758 2816 3828; x_wconf 89' lang='lat' dir='ltr'><strong>requirentem:</strong></span> <span class='ocrx_word' id='word_1_711' title='bbox 2869 3759 3079 3828; x_wconf 75' lang='lat' dir='ltr'><strong>Quaeris</strong></span> <span class='ocrx_word' id='word_1_712' title='bbox 3125 3777 3156 3816; x_wconf 88' lang='lat' dir='ltr'><strong>a</strong></span> <span class='ocrx_word' id='word_1_713' title='bbox 3203 3777 3290 3818; x_wconf 85' lang='lat' dir='ltr'><strong>me</strong></span> <span class='ocrx_word' id='word_1_714' title='bbox 3327 3772 3508 3820; x_wconf 89' lang='lat' dir='ltr'><strong>utrum</strong></span> <span class='ocrx_word' id='word_1_715' title='bbox 3539 3782 3634 3837; x_wconf 86' lang='lat' dir='ltr'><strong>pa-</strong></span> 
     </span>
    </p>
   </div>
   <div class='ocr_carea' id='block_1_97' title="bbox 2046 3849 3632 3921">
    <p class='ocr_par' dir='ltr' id='par_1_97' title="bbox 2046 3849 3632 3921">
     <span class='ocr_line' id='line_1_97' title="bbox 2046 3849 3632 3921; baseline 0.007 -20"><span class='ocrx_word' id='word_1_716' title='bbox 2046 3855 2230 3904; x_wconf 85' lang='lat' dir='ltr'><strong>rentes</strong></span> <span class='ocrx_word' id='word_1_717' title='bbox 2266 3849 2561 3919; x_wconf 89' lang='lat' dir='ltr'><strong>baptizatis</strong></span> <span class='ocrx_word' id='word_1_718' title='bbox 2599 3851 2840 3921; x_wconf 87' lang='lat' dir='ltr'><strong>parvulis</strong></span> <span class='ocrx_word' id='word_1_719' title='bbox 2886 3853 2999 3907; x_wconf 85' lang='lat' dir='ltr'><strong>suis</strong></span> <span class='ocrx_word' id='word_1_720' title='bbox 3044 3861 3319 3920; x_wconf 85' lang='lat' dir='ltr'><strong>noceant,</strong></span> <span class='ocrx_word' id='word_1_721' title='bbox 3369 3869 3491 3910; x_wconf 89' lang='lat' dir='ltr'><strong>cum</strong></span> <span class='ocrx_word' id='word_1_722' title='bbox 3539 3871 3632 3912; x_wconf 89' lang='lat' dir='ltr'><strong>eos</strong></span> 
     </span>
    </p>
   </div>
   <div class='ocr_carea' id='block_1_98' title="bbox 2045 3936 3632 4002">
    <p class='ocr_par' dir='ltr' id='par_1_98' title="bbox 2045 3936 3632 4002">
     <span class='ocr_line' id='line_1_98' title="bbox 2045 3936 3632 4002; baseline 0.008 -12"><span class='ocrx_word' id='word_1_723' title='bbox 2045 3936 2439 3995; x_wconf 73' lang='lat' dir='ltr'><strong>daemoniorum</strong></span> <span class='ocrx_word' id='word_1_724' title='bbox 2470 3941 2754 3999; x_wconf 81' lang='lat' dir='ltr'><strong>sacriﬁciis</strong></span> <span class='ocrx_word' id='word_1_725' title='bbox 2781 3958 2975 4000; x_wconf 84' lang='lat' dir='ltr'><strong>sanare</strong></span> <span class='ocrx_word' id='word_1_726' title='bbox 2999 3946 3308 4001; x_wconf 73' lang='lat' dir='ltr'><strong>conantur?</strong></span> <span class='ocrx_word' id='word_1_727' title='bbox 3351 3946 3419 4001; x_wconf 88' lang='lat' dir='ltr'><strong>Et</strong></span> <span class='ocrx_word' id='word_1_728' title='bbox 3448 3947 3493 4002; x_wconf 84' lang='lat' dir='ltr'><strong>si</strong></span> <span class='ocrx_word' id='word_1_729' title='bbox 3525 3961 3632 4002; x_wconf 88' lang='lat' dir='ltr'><strong>non</strong></span> 
     </span>
    </p>
   </div>
   <div class='ocr_carea' id='block_1_99' title="bbox 2047 4033 3631 4110">
    <p class='ocr_par' dir='ltr' id='par_1_99' title="bbox 2047 4033 3631 4110">
     <span class='ocr_line' id='line_1_99' title="bbox 2047 4033 3631 4110; baseline 0.008 -28"><span class='ocrx_word' id='word_1_730' title='bbox 2047 4037 2302 4096; x_wconf 87' lang='lat' dir='ltr'><strong>noceant,</strong></span> <span class='ocrx_word' id='word_1_731' title='bbox 2334 4033 2608 4101; x_wconf 83' lang='lat' dir='ltr'><strong>quomodo</strong></span> <span class='ocrx_word' id='word_1_732' title='bbox 2634 4033 2714 4090; x_wconf 87' lang='lat' dir='ltr'><strong>eis</strong></span> <span class='ocrx_word' id='word_1_733' title='bbox 2741 4037 2946 4106; x_wconf 89' lang='lat' dir='ltr'><strong>prosit,</strong></span> <span class='ocrx_word' id='word_1_734' title='bbox 2981 4053 3105 4092; x_wconf 88' lang='lat' dir='ltr'><strong>eum</strong></span> <span class='ocrx_word' id='word_1_735' title='bbox 3134 4037 3501 4107; x_wconf 86' lang='lat' dir='ltr'><strong>baptizantur,</strong></span> <span class='ocrx_word' id='word_1_736' title='bbox 3531 4052 3631 4110; x_wconf 85' lang='lat' dir='ltr'><strong>pa-</strong></span> 
     </span>
    </p>
   </div>
   <div class='ocr_carea' id='block_1_100' title="bbox 2044 4122 3633 4198">
    <p class='ocr_par' dir='ltr' id='par_1_100' title="bbox 2044 4122 3633 4198">
     <span class='ocr_line' id='line_1_100' title="bbox 2044 4122 3633 4198; baseline 0.007 -24"><span class='ocrx_word' id='word_1_737' title='bbox 2044 4130 2262 4177; x_wconf 89' lang='lat' dir='ltr'><strong>rentum</strong></span> <span class='ocrx_word' id='word_1_738' title='bbox 2283 4122 2437 4191; x_wconf 89' lang='lat' dir='ltr'><strong>ﬁdes,</strong></span> <span class='ocrx_word' id='word_1_739' title='bbox 2458 4139 2690 4195; x_wconf 87' lang='lat' dir='ltr'><strong>quorum</strong></span> <span class='ocrx_word' id='word_1_740' title='bbox 2717 4128 2799 4182; x_wconf 89' lang='lat' dir='ltr'><strong>eis</strong></span> <span class='ocrx_word' id='word_1_741' title='bbox 2825 4143 2930 4182; x_wconf 92' lang='lat' dir='ltr'><strong>non</strong></span> <span class='ocrx_word' id='word_1_742' title='bbox 2951 4135 3134 4197; x_wconf 89' lang='lat' dir='ltr'><strong>potest</strong></span> <span class='ocrx_word' id='word_1_743' title='bbox 3157 4128 3349 4183; x_wconf 87' lang='lat' dir='ltr'><strong>obesse</strong></span> <span class='ocrx_word' id='word_1_744' title='bbox 3369 4129 3633 4198; x_wconf 83' lang='lat' dir='ltr'><strong>perﬁdia?</strong></span> 
     </span>
    </p>
   </div>
   <div class='ocr_carea' id='block_1_101' title="bbox 2047 4211 3698 4290">
    <p class='ocr_par' dir='ltr' id='par_1_101' title="bbox 2047 4211 3698 4290">
     <span class='ocr_line' id='line_1_101' title="bbox 2047 4211 3698 4290; baseline 0.005 -24"><span class='ocrx_word' id='word_1_745' title='bbox 2047 4211 2150 4267; x_wconf 86' lang='lat' dir='ltr'><strong>Ubi</strong></span> <span class='ocrx_word' id='word_1_746' title='bbox 2200 4215 2502 4290; x_wconf 79' lang='lat' dir='ltr'><strong>respondeo</strong></span> <span class='ocrx_word' id='word_1_747' title='bbox 2545 4224 2752 4270; x_wconf 85' lang='lat' dir='ltr'><strong>tantam</strong></span> <span class='ocrx_word' id='word_1_748' title='bbox 2785 4217 2928 4272; x_wconf 80' lang='lat' dir='ltr'><strong>illius</strong></span> <span class='ocrx_word' id='word_1_749' title='bbox 2975 4217 3347 4284; x_wconf 87' lang='lat' dir='ltr'><strong>sacramenti,</strong></span> <span class='ocrx_word' id='word_1_750' title='bbox 3395 4219 3501 4274; x_wconf 92' lang='lat' dir='ltr'><strong>hoc</strong></span> <span class='ocrx_word' id='word_1_751' title='bbox 3545 4231 3628 4275; x_wconf 86' lang='lat' dir='ltr'><strong>est</strong></span> <span class='ocrx_word' id='word_1_752' title='bbox 3693 4217 3698 4221; x_wconf 82' lang='grc'><strong>’</strong></span> 
     </span>
    </p>
   </div>
   <div class='ocr_carea' id='block_1_102' title="bbox 2043 4291 3630 4383">
    <p class='ocr_par' dir='ltr' id='par_1_102' title="bbox 2043 4291 3630 4383">
     <span class='ocr_line' id='line_1_102' title="bbox 2043 4291 3630 4383; baseline 0.006 -26"><span class='ocrx_word' id='word_1_753' title='bbox 2043 4302 2299 4373; x_wconf 88' lang='lat' dir='ltr'><strong>baptismi</strong></span> <span class='ocrx_word' id='word_1_754' title='bbox 2327 4291 2603 4373; x_wconf 84' lang='lat' dir='ltr'><strong>salutaris,</strong></span> <span class='ocrx_word' id='word_1_755' title='bbox 2629 4322 2750 4363; x_wconf 87' lang='lat' dir='ltr'><strong>esse</strong></span> <span class='ocrx_word' id='word_1_756' title='bbox 2773 4308 3048 4374; x_wconf 86' lang='lat' dir='ltr'><strong>virtutem,</strong></span> <span class='ocrx_word' id='word_1_757' title='bbox 3077 4309 3132 4363; x_wconf 87' lang='lat' dir='ltr'><strong>in</strong></span> <span class='ocrx_word' id='word_1_758' title='bbox 3156 4319 3345 4365; x_wconf 87' lang='lat' dir='ltr'><strong>sancta</strong></span> <span class='ocrx_word' id='word_1_759' title='bbox 3368 4323 3630 4383; x_wconf 86' lang='lat' dir='ltr'><strong>compage</strong></span> 
     </span>
    </p>
   </div>
   <div class='ocr_carea' id='block_1_103' title="bbox 2043 4402 3624 4478">
    <p class='ocr_par' dir='ltr' id='par_1_103' title="bbox 2043 4402 3624 4478">
     <span class='ocr_line' id='line_1_103' title="bbox 2043 4402 3624 4478; baseline 0.005 -23"><span class='ocrx_word' id='word_1_760' title='bbox 2043 4403 2288 4471; x_wconf 88' lang='lat' dir='ltr'><strong>corporis</strong></span> <span class='ocrx_word' id='word_1_761' title='bbox 2317 4402 2560 4470; x_wconf 88' lang='lat' dir='ltr'><strong>Christi,</strong></span> <span class='ocrx_word' id='word_1_762' title='bbox 2609 4413 2672 4459; x_wconf 92' lang='lat' dir='ltr'><strong>ut</strong></span> <span class='ocrx_word' id='word_1_763' title='bbox 2719 4404 2887 4460; x_wconf 90' lang='lat' dir='ltr'><strong>semel</strong></span> <span class='ocrx_word' id='word_1_764' title='bbox 2931 4415 3219 4476; x_wconf 88' lang='lat' dir='ltr'><strong>generatus</strong></span> <span class='ocrx_word' id='word_1_765' title='bbox 3262 4422 3362 4478; x_wconf 89' lang='lat' dir='ltr'><strong>per</strong></span> <span class='ocrx_word' id='word_1_766' title='bbox 3395 4408 3624 4463; x_wconf 88' lang='lat' dir='ltr'><strong>aliorum</strong></span> 
     </span>
    </p>
   </div>
   <div class='ocr_carea' id='block_1_104' title="bbox 2043 4497 3625 4573">
    <p class='ocr_par' dir='ltr' id='par_1_104' title="bbox 2043 4497 3625 4573">
     <span class='ocr_line' id='line_1_104' title="bbox 2043 4497 3625 4573; baseline 0.004 -22"><span class='ocrx_word' id='word_1_767' title='bbox 2043 4497 2315 4552; x_wconf 89' lang='lat' dir='ltr'><strong>carnalem</strong></span> <span class='ocrx_word' id='word_1_768' title='bbox 2341 4499 2850 4565; x_wconf 79' lang='lat' dir='ltr'><strong>voluntatem,‘cu‘m</strong></span> <span class='ocrx_word' id='word_1_769' title='bbox 2882 4501 3048 4555; x_wconf 85' lang='lat' dir='ltr'><strong>semel</strong></span> <span class='ocrx_word' id='word_1_770' title='bbox 3084 4511 3431 4573; x_wconf 84' lang='lat' dir='ltr'><strong>regeneratus</strong></span> <span class='ocrx_word' id='word_1_771' title='bbox 3461 4503 3625 4558; x_wconf 89' lang='lat' dir='ltr'><strong>fuerit</strong></span> 
     </span>
    </p>
   </div>
   <div class='ocr_carea' id='block_1_105' title="bbox 2041 4590 3623 4662">
    <p class='ocr_par' dir='ltr' id='par_1_105' title="bbox 2041 4590 3623 4662">
     <span class='ocr_line' id='line_1_105' title="bbox 2041 4590 3623 4662; baseline 0.004 -18"><span class='ocrx_word' id='word_1_772' title='bbox 2041 4606 2140 4660; x_wconf 87' lang='lat' dir='ltr'><strong>per</strong></span> <span class='ocrx_word' id='word_1_773' title='bbox 2181 4590 2410 4646; x_wconf 82' lang='lat' dir='ltr'><strong>aliorum</strong></span> <span class='ocrx_word' id='word_1_774' title='bbox 2454 4592 2754 4662; x_wconf 88' lang='lat' dir='ltr'><strong>spiritalem</strong></span> <span class='ocrx_word' id='word_1_775' title='bbox 2793 4593 3164 4658; x_wconf 90' lang='lat' dir='ltr'><strong>voluntatem,</strong></span> <span class='ocrx_word' id='word_1_776' title='bbox 3216 4594 3468 4662; x_wconf 86' lang='lat' dir='ltr'><strong>deinceps</strong></span> <span class='ocrx_word' id='word_1_777' title='bbox 3515 4611 3623 4651; x_wconf 91' lang='lat' dir='ltr'><strong>non</strong></span> 
     </span>
    </p>
   </div>
   <div class='ocr_carea' id='block_1_106' title="bbox 2041 4667 3620 4758">
    <p class='ocr_par' dir='ltr' id='par_1_106' title="bbox 2041 4667 3620 4758">
     <span class='ocr_line' id='line_1_106' title="bbox 2041 4667 3620 4758; baseline 0.003 -20"><span class='ocrx_word' id='word_1_778' title='bbox 2041 4667 2213 4752; x_wconf 83' lang='lat' dir='ltr'><strong>possit</strong></span> <span class='ocrx_word' id='word_1_779' title='bbox 2239 4683 2456 4739; x_wconf 89' lang='lat' dir='ltr'><strong>vinculo</strong></span> <span class='ocrx_word' id='word_1_780' title='bbox 2482 4684 2671 4740; x_wconf 79' lang='lat' dir='ltr'><strong>alienae</strong></span> <span class='ocrx_word' id='word_1_781' title='bbox 2703 4685 3008 4756; x_wconf 88' lang='lat' dir='ltr'><strong>iniquitatis</strong></span> <span class='ocrx_word' id='word_1_782' title='bbox 3032 4685 3320 4758; x_wconf 84' lang='lat' dir='ltr'><strong>obstringi,</strong></span> <span class='ocrx_word' id='word_1_783' title='bbox 3357 4687 3444 4742; x_wconf 92' lang='lat' dir='ltr'><strong>cui</strong></span> <span class='ocrx_word' id='word_1_784' title='bbox 3478 4687 3620 4744; x_wconf 88' lang='lat' dir='ltr'><strong>nulla</strong></span> 
     </span>
    </p>
   </div>
   <div class='ocr_carea' id='block_1_107' title="bbox 2041 4775 3623 4839">
    <p class='ocr_par' dir='ltr' id='par_1_107' title="bbox 2041 4775 3623 4839">
     <span class='ocr_line' id='line_1_107' title="bbox 2041 4775 3623 4839; baseline 0.007 -11"><span class='ocrx_word' id='word_1_785' title='bbox 2041 4790 2139 4830; x_wconf 88' lang='lat' dir='ltr'><strong>sua</strong></span> <span class='ocrx_word' id='word_1_786' title='bbox 2166 4775 2440 4831; x_wconf 82' lang='lat' dir='ltr'><strong>voluntate</strong></span> <span class='ocrx_word' id='word_1_787' title='bbox 2464 4778 2757 4833; x_wconf 88' lang='lat' dir='ltr'><strong>consensit.</strong></span> <span class='ocrx_word' id='word_1_788' title='bbox 2795 4775 2853 4832; x_wconf 90' lang='lat' dir='ltr'><strong>Si</strong></span> <span class='ocrx_word' id='word_1_789' title='bbox 2880 4777 3022 4833; x_wconf 91' lang='lat' dir='ltr'><strong>enim</strong></span> <span class='ocrx_word' id='word_1_790' title='bbox 3049 4781 3348 4835; x_wconf 84' lang='lat' dir='ltr'><strong>secundum</strong></span> <span class='ocrx_word' id='word_1_791' title='bbox 3373 4791 3623 4839; x_wconf 87' lang='lat' dir='ltr'><strong>sanctum</strong></span> 
     </span>
    </p>
   </div>
   <div class='ocr_carea' id='block_1_108' title="bbox 2042 4867 3623 4944">
    <p class='ocr_par' dir='ltr' id='par_1_108' title="bbox 2042 4867 3623 4944">
     <span class='ocr_line' id='line_1_108' title="bbox 2042 4867 3623 4944; baseline 0.006 -23"><span class='ocrx_word' id='word_1_792' title='bbox 2042 4867 2402 4940; x_wconf 85' lang='lat' dir='ltr'><strong>Augustinum</strong></span> <span class='ocrx_word' id='word_1_793' title='bbox 2435 4870 2658 4925; x_wconf 86' lang='lat' dir='ltr'><strong>alterius</strong></span> <span class='ocrx_word' id='word_1_794' title='bbox 2682 4870 2960 4928; x_wconf 88' lang='lat' dir='ltr'><strong>voluntate</strong></span> <span class='ocrx_word' id='word_1_795' title='bbox 2990 4881 3342 4944; x_wconf 88' lang='lat' dir='ltr'><strong>regeneratur</strong></span> <span class='ocrx_word' id='word_1_796' title='bbox 3367 4875 3623 4943; x_wconf 88' lang='lat' dir='ltr'><strong>parvulus</strong></span> 
     </span>
    </p>
   </div>
   <div class='ocr_carea' id='block_1_109' title="bbox 2041 4957 3620 5031">
    <p class='ocr_par' dir='ltr' id='par_1_109' title="bbox 2041 4957 3620 5031">
     <span class='ocr_line' id='line_1_109' title="bbox 2041 4957 3620 5031; baseline 0.005 -19"><span class='ocrx_word' id='word_1_797' title='bbox 2041 4957 2096 5012; x_wconf 92' lang='lat' dir='ltr'><strong>in</strong></span> <span class='ocrx_word' id='word_1_798' title='bbox 2124 4959 2412 5029; x_wconf 89' lang='lat' dir='ltr'><strong>baptismo,</strong></span> <span class='ocrx_word' id='word_1_799' title='bbox 2465 4960 2592 5014; x_wconf 91' lang='lat' dir='ltr'><strong>nulli</strong></span> <span class='ocrx_word' id='word_1_800' title='bbox 2640 4960 2956 5017; x_wconf 90' lang='lat' dir='ltr'><strong>incredibile</strong></span> <span class='ocrx_word' id='word_1_801' title='bbox 2985 4963 3149 5019; x_wconf 84' lang='lat' dir='ltr'><strong>debet</strong></span> <span class='ocrx_word' id='word_1_802' title='bbox 3175 4980 3319 5031; x_wconf 90' lang='lat' dir='ltr'><strong>esse,</strong></span> <span class='ocrx_word' id='word_1_803' title='bbox 3367 4967 3472 5023; x_wconf 91' lang='lat' dir='ltr'><strong>nisi</strong></span> <span class='ocrx_word' id='word_1_804' title='bbox 3513 4966 3620 5022; x_wconf 88' lang='lat' dir='ltr'><strong>sal-</strong></span> 
     </span>
    </p>
   </div>
   <div class='ocr_carea' id='block_1_110' title="bbox 2036 5052 3620 5126">
    <p class='ocr_par' dir='ltr' id='par_1_110' title="bbox 2036 5052 3620 5126">
     <span class='ocr_line' id='line_1_110' title="bbox 2036 5052 3620 5126; baseline 0.006 -20"><span class='ocrx_word' id='word_1_805' title='bbox 2036 5061 2194 5107; x_wconf 85' lang='lat' dir='ltr'><strong>vetur</strong></span> <span class='ocrx_word' id='word_1_806' title='bbox 2225 5053 2329 5107; x_wconf 87' lang='lat' dir='ltr'><strong>ﬁde</strong></span> <span class='ocrx_word' id='word_1_807' title='bbox 2361 5053 2605 5108; x_wconf 87' lang='lat' dir='ltr'><strong>alterius.</strong></span> <span class='ocrx_word' id='word_1_808' title='bbox 2659 5052 2776 5109; x_wconf 84' lang='lat' dir='ltr'><strong>Non</strong></span> <span class='ocrx_word' id='word_1_809' title='bbox 2821 5055 2967 5110; x_wconf 91' lang='lat' dir='ltr'><strong>enim</strong></span> <span class='ocrx_word' id='word_1_810' title='bbox 3003 5064 3221 5126; x_wconf 86' lang='lat' dir='ltr'><strong>potest,</strong></span> <span class='ocrx_word' id='word_1_811' title='bbox 3270 5067 3331 5114; x_wconf 87' lang='lat' dir='ltr'><strong>ut</strong></span> <span class='ocrx_word' id='word_1_812' title='bbox 3370 5061 3620 5115; x_wconf 88' lang='lat' dir='ltr'><strong>omnibus</strong></span> 
     </span>
    </p>
   </div>
   <div class='ocr_carea' id='block_1_111' title="bbox 2037 5142 3615 5218">
    <p class='ocr_par' dir='ltr' id='par_1_111' title="bbox 2037 5142 3615 5218">
     <span class='ocr_line' id='line_1_111' title="bbox 2037 5142 3615 5218; baseline 0.004 -22"><span class='ocrx_word' id='word_1_813' title='bbox 2037 5142 2239 5213; x_wconf 85' lang='lat' dir='ltr'><strong>liquet,</strong></span> <span class='ocrx_word' id='word_1_814' title='bbox 2273 5143 2595 5212; x_wconf 85' lang='lat' dir='ltr'><strong>sapientiam</strong></span> <span class='ocrx_word' id='word_1_815' title='bbox 2629 5145 2834 5200; x_wconf 89' lang='lat' dir='ltr'><strong>habere</strong></span> <span class='ocrx_word' id='word_1_816' title='bbox 2861 5146 2984 5202; x_wconf 89' lang='lat' dir='ltr'><strong>ﬁdei</strong></span> <span class='ocrx_word' id='word_1_817' title='bbox 3023 5146 3223 5211; x_wconf 81' lang='lat' dir='ltr'><strong>infans.</strong></span> <span class='ocrx_word' id='word_1_818' title='bbox 3257 5149 3348 5218; x_wconf 91' lang='lat' dir='ltr'><strong>qui</strong></span> <span class='ocrx_word' id='word_1_819' title='bbox 3379 5151 3615 5203; x_wconf 89' lang='lat' dir='ltr'><strong>nondum</strong></span> 
     </span>
    </p>
   </div>
   <div class='ocr_carea' id='block_1_112' title="bbox 2035 5235 3612 5309">
    <p class='ocr_par' dir='ltr' id='par_1_112' title="bbox 2035 5235 3612 5309">
     <span class='ocr_line' id='line_1_112' title="bbox 2035 5235 3612 5309; baseline 0.003 -20"><span class='ocrx_word' id='word_1_820' title='bbox 2035 5235 2176 5304; x_wconf 84' lang='lat' dir='ltr'><strong>sapit</strong></span> <span class='ocrx_word' id='word_1_821' title='bbox 2209 5250 2383 5305; x_wconf 91' lang='lat' dir='ltr'><strong>neque</strong></span> <span class='ocrx_word' id='word_1_822' title='bbox 2424 5236 2713 5306; x_wconf 87' lang='lat' dir='ltr'><strong>intelligit:</strong></span> <span class='ocrx_word' id='word_1_823' title='bbox 2759 5239 2943 5309; x_wconf 84' lang='lat' dir='ltr'><strong>et&#39;qui</strong></span> <span class='ocrx_word' id='word_1_824' title='bbox 2990 5254 3132 5305; x_wconf 89' lang='lat' dir='ltr'><strong>non,</strong></span> <span class='ocrx_word' id='word_1_825' title='bbox 3178 5237 3332 5309; x_wconf 86' lang='lat' dir='ltr'><strong>juxta</strong></span> <span class='ocrx_word' id='word_1_826' title='bbox 3375 5238 3519 5309; x_wconf 90' lang='lat' dir='ltr'><strong>quod</strong></span> <span class='ocrx_word' id='word_1_827' title='bbox 3560 5239 3612 5294; x_wconf 91' lang='lat' dir='ltr'><strong>in</strong></span> 
     </span>
    </p>
   </div>
   <div class='ocr_carea' id='block_1_113' title="bbox 2033 5327 3616 5401">
    <p class='ocr_par' dir='ltr' id='par_1_113' title="bbox 2033 5327 3616 5401">
     <span class='ocr_line' id='line_1_113' title="bbox 2033 5327 3616 5401; baseline 0.004 -22"><span class='ocrx_word' id='word_1_828' title='bbox 2033 5335 2281 5396; x_wconf 88' lang='lat' dir='ltr'><strong>promptu</strong></span> <span class='ocrx_word' id='word_1_829' title='bbox 2305 5327 2483 5395; x_wconf 86' lang='lat' dir='ltr'><strong>video,</strong></span> <span class='ocrx_word' id='word_1_830' title='bbox 2514 5329 2742 5382; x_wconf 89' lang='lat' dir='ltr'><strong>multum</strong></span> <span class='ocrx_word' id='word_1_831' title='bbox 2770 5339 3055 5399; x_wconf 87' lang='lat' dir='ltr'><strong>separatur</strong></span> <span class='ocrx_word' id='word_1_832' title='bbox 3079 5331 3322 5386; x_wconf 88' lang='lat' dir='ltr'><strong>moribus</strong></span> <span class='ocrx_word' id='word_1_833' title='bbox 3350 5345 3380 5384; x_wconf 90' lang='lat' dir='ltr'><strong>a</strong></span> <span class='ocrx_word' id='word_1_834' title='bbox 3405 5332 3616 5401; x_wconf 89' lang='lat' dir='ltr'><strong>pecori-</strong></span> 
     </span>
    </p>
   </div>
   <div class='ocr_carea' id='block_1_114' title="bbox 2033 5414 3612 5492">
    <p class='ocr_par' dir='ltr' id='par_1_114' title="bbox 2033 5414 3612 5492">
     <span class='ocr_line' id='line_1_114' title="bbox 2033 5414 3612 5492; baseline 0.005 -22"><span class='ocrx_word' id='word_1_835' title='bbox 2033 5415 2154 5471; x_wconf 89' lang='lat' dir='ltr'><strong>bus.</strong></span> <span class='ocrx_word' id='word_1_836' title='bbox 2204 5414 2456 5471; x_wconf 79' lang='lat' dir='ltr'><strong>Animam</strong></span> <span class='ocrx_word' id='word_1_837' title='bbox 2485 5417 2652 5472; x_wconf 87' lang='lat' dir='ltr'><strong>habet</strong></span> <span class='ocrx_word' id='word_1_838' title='bbox 2679 5419 2956 5488; x_wconf 87' lang='lat' dir='ltr'><strong>parvulus,</strong></span> <span class='ocrx_word' id='word_1_839' title='bbox 2987 5435 3106 5488; x_wconf 80' lang='lat' dir='ltr'><strong>qua:</strong></span> <span class='ocrx_word' id='word_1_840' title='bbox 3132 5418 3368 5474; x_wconf 87' lang='lat' dir='ltr'><strong>viviﬁcat</strong></span> <span class='ocrx_word' id='word_1_841' title='bbox 3394 5435 3612 5492; x_wconf 88' lang='lat' dir='ltr'><strong>corpus,</strong></span> 
     </span>
    </p>
   </div>
   <div class='ocr_carea' id='block_1_115' title="bbox 2035 5507 3614 5581">
    <p class='ocr_par' dir='ltr' id='par_1_115' title="bbox 2035 5507 3614 5581">
     <span class='ocr_line' id='line_1_115' title="bbox 2035 5507 3614 5581; baseline 0.006 -19"><span class='ocrx_word' id='word_1_842' title='bbox 2035 5524 2198 5579; x_wconf 85' lang='lat' dir='ltr'><strong>quam</strong></span> <span class='ocrx_word' id='word_1_843' title='bbox 2231 5508 2394 5563; x_wconf 89' lang='lat' dir='ltr'><strong>etiam</strong></span> <span class='ocrx_word' id='word_1_844' title='bbox 2431 5507 2631 5565; x_wconf 88' lang='lat' dir='ltr'><strong>habent</strong></span> <span class='ocrx_word' id='word_1_845' title='bbox 2662 5525 2898 5581; x_wconf 90' lang='lat' dir='ltr'><strong>pecora:</strong></span> <span class='ocrx_word' id='word_1_846' title='bbox 2936 5510 3252 5564; x_wconf 91' lang='lat' dir='ltr'><strong>memoriam</strong></span> <span class='ocrx_word' id='word_1_847' title='bbox 3289 5511 3484 5580; x_wconf 90' lang='lat' dir='ltr'><strong>habet,</strong></span> <span class='ocrx_word' id='word_1_848' title='bbox 3519 5518 3614 5572; x_wconf 89' lang='lat' dir='ltr'><strong>sed</strong></span> 
     </span>
    </p>
   </div>
   <div class='ocr_carea' id='block_1_116' title="bbox 2036 5601 3614 5679">
    <p class='ocr_par' dir='ltr' id='par_1_116' title="bbox 2036 5601 3614 5679">
     <span class='ocr_line' id='line_1_116' title="bbox 2036 5601 3614 5679; baseline 0.004 -23"><span class='ocrx_word' id='word_1_849' title='bbox 2036 5601 2178 5656; x_wconf 88' lang='lat' dir='ltr'><strong>illam</strong></span> <span class='ocrx_word' id='word_1_850' title='bbox 2218 5617 2378 5672; x_wconf 90' lang='lat' dir='ltr'><strong>quam</strong></span> <span class='ocrx_word' id='word_1_851' title='bbox 2425 5618 2618 5672; x_wconf 82' lang='lat' dir='ltr'><strong>pecora</strong></span> <span class='ocrx_word' id='word_1_852' title='bbox 2665 5603 2896 5666; x_wconf 89' lang='lat' dir='ltr'><strong>habent,</strong></span> <span class='ocrx_word' id='word_1_853' title='bbox 2945 5602 3000 5656; x_wconf 91' lang='lat' dir='ltr'><strong>id</strong></span> <span class='ocrx_word' id='word_1_854' title='bbox 3038 5611 3152 5669; x_wconf 91' lang='lat' dir='ltr'><strong>est,</strong></span> <span class='ocrx_word' id='word_1_855' title='bbox 3196 5618 3316 5658; x_wconf 91' lang='lat' dir='ltr'><strong>eam</strong></span> <span class='ocrx_word' id='word_1_856' title='bbox 3356 5621 3476 5676; x_wconf 70' lang='lat' dir='ltr'><strong>qute</strong></span> <span class='ocrx_word' id='word_1_857' title='bbox 3518 5623 3614 5679; x_wconf 88' lang='lat' dir='ltr'><strong>per</strong></span> 
     </span>
    </p>
   </div>
   <div class='ocr_carea' id='block_1_117' title="bbox 2035 5687 3610 5761">
    <p class='ocr_par' dir='ltr' id='par_1_117' title="bbox 2035 5687 3610 5761">
     <span class='ocr_line' id='line_1_117' title="bbox 2035 5687 3610 5761; baseline 0.004 -16"><span class='ocrx_word' id='word_1_858' title='bbox 2035 5707 2253 5746; x_wconf 89' lang='lat' dir='ltr'><strong>sensum</strong></span> <span class='ocrx_word' id='word_1_859' title='bbox 2281 5687 2525 5761; x_wconf 78' lang='lat' dir='ltr'><strong>carparis</strong></span> <span class='ocrx_word' id='word_1_860' title='bbox 2556 5693 2724 5746; x_wconf 86' lang='lat' dir='ltr'><strong>intrat</strong></span> <span class='ocrx_word' id='word_1_861' title='bbox 2753 5692 2818 5744; x_wconf 88' lang='lat' dir='ltr'><strong>ad</strong></span> <span class='ocrx_word' id='word_1_862' title='bbox 2847 5691 3082 5747; x_wconf 90' lang='lat' dir='ltr'><strong>animam</strong></span> <span class='ocrx_word' id='word_1_863' title='bbox 3109 5707 3122 5746; x_wconf 89' lang='lat'><strong>:</strong></span> <span class='ocrx_word' id='word_1_864' title='bbox 3163 5695 3514 5752; x_wconf 89' lang='lat' dir='ltr'><strong>nihilominus</strong></span> <span class='ocrx_word' id='word_1_865' title='bbox 3558 5697 3610 5752; x_wconf 89' lang='lat' dir='ltr'><strong>in</strong></span> 
     </span>
    </p>
   </div>
   <div class='ocr_carea' id='block_1_118' title="bbox 2034 5781 3613 5856">
    <p class='ocr_par' dir='ltr' id='par_1_118' title="bbox 2034 5781 3613 5856">
     <span class='ocr_line' id='line_1_118' title="bbox 2034 5781 3613 5856; baseline 0.004 -19"><span class='ocrx_word' id='word_1_866' title='bbox 2034 5781 2244 5837; x_wconf 69' lang='lat' dir='ltr'><strong>omtcris</strong></span> <span class='ocrx_word' id='word_1_867' title='bbox 2281 5785 2554 5851; x_wconf 82' lang='lat' dir='ltr'><strong>operibus,</strong></span> <span class='ocrx_word' id='word_1_868' title='bbox 2595 5789 2854 5851; x_wconf 89' lang='lat' dir='ltr'><strong>quantum</strong></span> <span class='ocrx_word' id='word_1_869' title='bbox 2889 5793 3222 5856; x_wconf 78' lang='lat' dir='ltr'><strong>segregetur,</strong></span> <span class='ocrx_word' id='word_1_870' title='bbox 3263 5797 3356 5842; x_wconf 87' lang='lat' dir='ltr'><strong>aut</strong></span> <span class='ocrx_word' id='word_1_871' title='bbox 3392 5805 3498 5844; x_wconf 85' lang='lat' dir='ltr'><strong>non</strong></span> <span class='ocrx_word' id='word_1_872' title='bbox 3530 5805 3613 5843; x_wconf 83' lang='lat' dir='ltr'><strong>sc-</strong></span> 
     </span>
    </p>
   </div>
  </div>
