3890 6180
1411 330 1738 396 ΔΜΑιΜὶΙΙ
1775 321 2216 392 PRESBYTER!
2251 328 2593 390 METENSIS

3499 330 3626 388 I0“

374 463 632 526 gregetur
665 453 734 508 ab
770 451 876 506 illis
892 491 906 515 ,
938 449 1104 506 facile
1139 455 1319 519 potest
1338 448 1577 522 dignosci
1598 469 1614 520 ;
1637 461 1811 516 neque
1848 446 1952 500 hoc
1977 447 2034 507 Α
2055 445 2460 514 similitudinem
2485 444 2824 502 credulitatis
2847 445 3196 514 parvulorum
3220 455 3505 513 exercent,
3525 449 3630 519 agi-

373 544 576 599 mirum
595 582 612 608 ,
665 542 714 598 si
759 541 1068 597 absolvatur
1109 538 1368 609 parvulus
1413 538 1640 594 alterius
1683 537 1811 602 ﬁde,
1861 534 1953 606 qui

375 632 557 690 alieno
581 639 803 704 peccato
829 630 1101 698 obligatus
1124 637 1230 684 est.
1281 628 1413 697 Quae
1441 643 1606 683 causa
1631 628 1708 684 sit
1733 637 1794 682 ut
1822 627 1954 681 alte~

376 726 496 783 rius
517 724 792 781 voluntate
830 729 1202 794 regenenetur,
1247 729 1582 778 memoratus
1621 721 1956 793 Augustinus

377 817 448 873 ad
473 815 724 872 eumdem
747 827 909 884 quem
947 827 1110 882 supra
1127 851 1143 878 ,
1185 812 1240 867 in
1271 812 1625 881 sequentibus
1650 819 1952 868 monstrat:

378 905 453 980 Ut
476 912 680 969 autem,
712 903 908 974 inquit,
935 903 1106 973 possit
1134 903 1442 974 regenerari
1471 916 1568 972 per
1589 901 1830 958 ofﬁcium
1857 915 1955 958 vo-

375 995 603 1051 luntatis
630 993 856 1060 alienat,
901 1007 1028 1049 cum
1071 991 1300 1048 offertur
1337 993 1775 1058 consecrandus,
1826 993 1958 1048 facit

375 1087 481 1143 hoc
507 1101 648 1142 unus
677 1083 933 1156 Spiritus,
976 1099 1009 1138 a
1046 1098 1156 1153 quo
1184 1090 1537 1153 regeneratur
1560 1081 1793 1140 oblatus.
1839 1081 1957 1138 Non

377 1179 525 1234 enim
555 1177 816 1248 scriptum
841 1183 928 1234 est
945 1193 964 1242 ,ε
995 1174 1109 1230 Nisi
1145 1173 1267 1243 quis
1303 1181 1526 1229 renatus
1552 1172 1719 1230 fuerit
1753 1188 1822 1229 ex
1856 1188 1955 1242 pa-

377 1277 592 1326 rentum
613 1267 912 1332 voluntate,
934 1273 1028 1320 aut
1051 1281 1122 1321 ex
1141 1263 1510 1328 offerentium,
1530 1262 1616 1320 vel
1643 1263 1960 1319 ministran-

376 1358 514 1414 tium
545 1357 684 1423 ﬁde;
719 1356 814 1412 sed
841 1375 854 1410 :
882 1355 1001 1411 Nisi
1029 1355 1154 1426 quis
1183 1362 1405 1410 renatus
1432 1353 1599 1410 fuerit
1621 1368 1689 1409 ex
1721 1369 1860 1424 aqua
1902 1363 1959 1408 et

377 1449 607 1521 Spiritu.
641 1448 796 1518 Aqua
824 1447 990 1518 igitur
1015 1446 1278 1508 exhibens
1308 1444 1612 1501 forinsecus
1641 1458 1959 1500 sacramen-

376 1556 495 1602 tum
523 1546 713 1616 gratia:
735 1583 750 1609 ,
795 1552 848 1598 et
872 1541 1112 1612 Spiritus
1133 1555 1371 1610 operans
1401 1539 1730 1594 intrinsecus
1756 1536 1958 1593 beneﬁ-

373 1637 521 1692 cium
561 1634 767 1706 gratim.
816 1631 1049 1701 Liquido
1089 1630 1178 1684 hic
1217 1636 1550 1685 monstratur
1587 1641 1794 1682 morem
1829 1641 1960 1681 con-

375 1726 630 1784 fessionis
649 1732 848 1780 nostra:
869 1721 1110 1778 tenuisse
1129 1719 1430 1778 Ecclesium
1449 1719 1628 1774 sancti
1648 1716 1954 1789 Augustini,

375 1817 430 1872 id
458 1824 574 1882 est,
614 1823 676 1872 ut
713 1814 960 1870 minister
987 1811 1146 1870 ﬁdem
1174 1825 1328 1864 suam
1356 1808 1552 1864 oﬁ‘erat
1586 1823 1683 1878 pro
1707 1805 1956 1877 parvulo,
1986 1789 2034 1850 Β

373 1907 593 1978 quando
629 1905 798 1962 dicit:
840 1903 958 1959 Non
1005 1901 1152 1958 enim
1198 1900 1464 1970 scriptum
1508 1906 1634 1964 est,
1684 1897 1790 1953 nisi
1837 1898 1962 1968 quis

375 2005 600 2056 renatus
619 1994 785 2052 fuerit
808 2009 878 2050 ex
902 2001 1193 2063 parentum
1214 1989 1511 2053 voluntate,
1533 1995 1630 2044 aut
1649 2003 1716 2044 ex
1737 1987 1962 2044 offeren-

374 2091 510 2146 tium
537 2089 626 2146 vel
655 2085 1082 2143 ministrantium
1109 2083 1235 2138 ﬁde.
1282 2081 1437 2149 Quod
1469 2089 1760 2151 propterea
1787 2080 1956 2145 dicit,

374 2190 436 2236 ut
463 2179 829 2250 intelligamus
871 2190 980 2231 non
1007 2188 1144 2230 esse
1185 2187 1322 2243 opus
1365 2170 1630 2227 liberandi
1673 2154 1961 2240 parvulum

377 2270 657 2326 voluntate
690 2268 807 2324 sive
837 2266 943 2322 ﬁde
969 2264 1345 2330 offerentium,
1385 2263 1481 2318 sed
1511 2260 1721 2332 Spiritu
1750 2271 1958 2328 sancto,

374 2363 470 2434 qui
495 2359 802 2418 communis
829 2367 914 2416 est
939 2357 1236 2429 majoribus
1263 2354 1617 2412 offerentibus
1643 2362 1700 2409 et
1722 2353 1964 2425 parvulis

375 2453 603 2510 renatis.
643 2451 850 2508 Tamen
879 2457 940 2504 ut
964 2449 1069 2504 hoc
1096 2448 1222 2512 ﬁat,
1251 2447 1307 2502 id
1334 2454 1444 2511 est,
1476 2454 1539 2501 ut
1563 2443 1804 2502 salvetur
1833 2459 1961 2514 par-

373 2543 532 2599 vulus
558 2558 659 2613 per
676 2555 843 2614 opera
865 2539 1103 2611 Spiritus
1129 2537 1326 2602 sancti,
1349 2535 1498 2592 valet
1521 2534 1751 2592 multum
1774 2533 1964 2588 volun-

377 2645 461 2691 tas
485 2642 541 2690 et
568 2633 702 2690 ﬁdes
729 2631 1094 2689 offerentium.
1145 2630 1212 2684 Et
1250 2627 1414 2699 paulo
1444 2634 1568 2697 post
1593 2625 1730 2692 dicit
1753 2638 1960 2680 memo-

376 2735 532 2783 ratus
557 2726 890 2796 Augustinus
921 2725 976 2780 in
1005 2731 1308 2778 memorata
1331 2720 1591 2790 epistola:
1617 2717 1964 2789 Begeuerans

374 2834 508 2889 ergo
537 2817 774 2886 Spiritus
816 2815 872 2870 in
912 2812 1210 2881 majoribus
1245 2811 1622 2876 oﬁerentibus,
1653 2818 1710 2866 et
1735 2807 1963 2879 parvulo

374 2908 556 2964 oblato
575 2914 896 2976 renatoque,
925 2903 1234 2960 communis
1258 2910 1341 2958 est
1363 2922 1378 2956 :
1413 2903 1642 2972 ideoque
1666 2915 1766 2971 per
1793 2900 1963 2957 socie-

378 3005 545 3055 tatem
568 2996 731 3051 unius
755 2995 1104 3062 ejusdemque
1122 2991 1357 3062 Spiritus
1381 2993 1603 3061 prodest
1620 2990 1962 3047 offerentium

376 3088 632 3146 voluntas
663 3085 892 3156 parvulo
919 3083 1124 3139 oblato.
1179 3083 1388 3139 Dicitur
1411 3083 1808 3152 quodammodo
1840 3098 1964 3151 par—

375 3177 536 3233 vulus
565 3149 725 3232 ﬁdem
763 3174 967 3230 habere
1003 3181 1226 3243 propter
1260 3171 1386 3228 ﬁdei
1423 3149 1864 3237 sacramentum,
1908 3179 1965 3226 et
1989 3149 2034 3210 (ἶ

376 3265 789 3322 conversionem
817 3264 885 3320 ad
915 3263 1088 3318 Deum
1114 3261 1315 3316 habere
1342 3269 1568 3332 prepter
1592 3262 1965 3317 conversionis

377 3363 814 3420 sacramentum,
858 3355 986 3424 quia
1017 3361 1103 3408 est
1146 3353 1201 3406 in
1248 3352 1342 3408 illo
1368 3352 1639 3407 celebrata
1671 3352 1967 3407 similitudo

377 3444 539 3510 ﬁdei,
581 3445 884 3500 similitudo
912 3442 1310 3499 conversionis.
1361 3441 1517 3498 Unde
1545 3442 1736 3498 eadem
1769 3444 1824 3497 in
1851 3444 1966 3512 ep“.-

377 3538 515 3596 stola
544 3538 690 3600 idem
712 3537 809 3610 qui
837 3552 1000 3608 supra
1024 3553 1039 3591 :
1087 3535 1145 3590 Si
1176 3535 1322 3591 enim
1349 3545 1690 3590 sacramenta
1719 3537 1964 3606 quaedam

378 3632 794 3690 similitudinem
850 3647 1032 3690 rerum
1089 3647 1281 3688 earum
1331 3646 1561 3702 quarum
1621 3639 1964 3687 sacramenta

379 3734 530 3790 sunt,
557 3739 670 3780 non
694 3725 982 3789 haberent,
1005 3723 1230 3779 omnino
1256 3733 1598 3780 sacramenta
1625 3739 1731 3778 non
1757 3731 1963 3780 essent.

377 3817 460 3873 Ex
493 3817 598 3872 hac
627 3824 808 3872 autem
839 3815 1190 3872 similitudine
1228 3815 1547 3886 plerumque
1573 3815 1688 3885 jam
1724 3815 1965 3884 ipsarum

379 3922 566 3962 rerum
627 3907 845 3963 nomina
907 3907 1199 3977 accipiunt.
1267 3905 1423 3962 Sicut
1477 3921 1610 3977 ergo
1669 3891 1966 3965 secundum

378 3997 669 4066 quemdam
707 3998 928 4052 modum
951 4036 967 4062 ,
1018 4003 1420 4052 sacramentum
1449 3997 1698 4066 corporis
1726 3997 1962 4064 Christi,

381 4097 583 4159 corpus
605 4086 811 4143 Christi
840 4097 957 4152 est;
1001 4093 1405 4142 sacramentum
1434 4086 1712 4158 sanguinis
1739 4086 1964 4154 Christi,

379 4181 604 4253 sanguis
634 4179 837 4236 Christi
868 4187 982 4246 est,
1025 4181 1098 4235 ita
1127 4189 1185 4234 et
1215 4188 1614 4236 sacramentum
1648 4181 1790 4247 ﬁdei,
1831 4181 1967 4237 ﬁdes

375 4281 483 4329 est.
535 4269 684 4327 Nihil
725 4283 812 4327 est
840 4279 1022 4326 autem
1044 4270 1188 4326 aliud
1209 4270 1457 4336 credere,
1487 4285 1650 4342 quam
1681 4271 1840 4328 ﬁdem
1870 4272 1966 4327 ha-

380 4365 549 4422 bere:
601 4379 666 4420 ac
711 4379 810 4435 per
837 4365 964 4429 hoc,
1013 4379 1138 4420 cum
1181 4363 1542 4435 respondetur
1565 4365 1822 4436 parvulos
1849 4381 1968 4422 creo

379 4457 534 4523 dere,
569 4456 663 4528 qui
701 4455 825 4512 ﬁdei
863 4471 972 4511 non
1009 4455 1216 4510 habent
1251 4453 1540 4530 eﬁ‘ectum,
1583 4459 1964 4529 reapondetnr,

380 4547 546 4603 ﬁdem
575 4545 778 4602 habere
807 4553 1031 4617 propter
1058 4543 1181 4600 ﬁdei
1210 4554 1631 4610 sacramentum,
1661 4555 1717 4602 et
1741 4563 1964 4604 conver-

379 4648 498 4693 tere
523 4653 582 4694 se
604 4640 672 4694 ad
698 4639 866 4693 Deum
892 4646 1114 4709 propter
1134 4637 1504 4693 conversionis
1529 4651 1960 4706 sacramentum:

380 4729 512 4800 quia
550 4739 608 4786 et
649 4731 764 4800 ipsa
806 4731 1118 4802 responsio,
1165 4731 1232 4785 ad
1271 4730 1688 4786 celebrationem
1729 4732 1967 4800 pertinet

380 4823 748 4886 sacramenti,
811 4823 954 4878 sicut
1006 4821 1072 4877 de
1135 4821 1253 4892 ipso
1314 4822 1584 4893 baptismo
1631 4818 1960 4890 Apostolus:

383 4908 712 4982 Consepulti,
747 4913 955 4982 inquit,
982 4928 1163 4966 sumus
1197 4911 1409 4967 Christo
1445 4928 1538 4982 per
1553 4911 1879 4982 baptismum
1911 4915 1964 4970 in

381 5010 671 5056 mortem...
710 5001 829 5056 Non
859 5004 968 5070 ait,
1008 5004 1340 5074 sepulturam
1371 5002 1826 5075 signiﬁcavimus,
1872 5007 1967 5061 sed

380 5108 610 5164 prorsus
639 5094 753 5158 ait,
803 5095 1093 5164 consepulti
1131 5112 1334 5150 sumus.
1389 5095 1805 5152 Sacramentum
1837 5111 1967 5166 ergo

381 5193 551 5244 tantae
574 5185 674 5254 rei,
698 5201 804 5243 non
833 5186 937 5242 nisi
962 5186 1202 5256 ejusdem
1231 5189 1309 5244 rei
1330 5188 1594 5245 vocabulo
1616 5189 1964 5260 nuncupavit.

382 5283 422 5352 -ι-
447 5281 526 5336 Ex
557 5289 900 5340 sacramento
929 5279 1145 5350 quidem
1176 5280 1338 5336 habet
1363 5281 1788 5347 similitudinem,
1811 5283 1965 5354 quasi

383 5377 500 5448 ipse
526 5374 786 5446 parvulus
815 5373 1142 5445 respondeat
1168 5390 1182 5428 :
1219 5388 1286 5428 ex
1314 5389 1411 5429 ore
1434 5372 1775 5430 oﬁ'erentium
1807 5374 1966 5429 ﬁdem

384 5485 562 5536 suam,
592 5470 756 5526 habet
781 5468 1182 5538 quodammodo
1213 5467 1392 5523 ﬁdem.
1441 5466 1596 5523 Sicut
1621 5482 1722 5522 nos
1748 5475 1970 5536 propter

385 5561 796 5616 similitudinem
839 5558 1129 5631 Sepultum:
1172 5559 1411 5622 Domini,
1457 5574 1620 5628 quam
1660 5557 1970 5626 accepimus

385 5650 443 5706 in
475 5650 762 5718 baptismo,
795 5650 964 5721 ipsam
997 5665 1134 5716 rem,
1169 5651 1222 5706 id
1247 5657 1331 5705 est
1359 5650 1712 5720 sepulturam,
1739 5647 1968 5718 agimus,

389 5742 459 5795 ita
494 5755 560 5795 cx
598 5745 945 5811 responsione
981 5753 1269 5813 parentum
1307 5743 1426 5816 sive,
1456 5741 1796 5799 offerentium
1819 5782 1832 5804 ,
1880 5741 1970 5811 qni

2054 547 2141 592 tur
2175 539 2229 592 in
2260 537 2555 592 infantibus
2583 536 2736 592 ﬁdes.
2786 535 3038 594 Solemus
3064 537 3211 592 enim
3241 538 3529 594 nominare
3555 540 3632 593 in-

2055 627 2298 694 fantem,
2348 637 2404 682 et
2447 628 2631 683 dicere
2669 627 2765 681 ei:
2814 626 3007 682 Credis
3053 627 3110 681 in
3151 626 3323 684 Deum
3367 627 3630 684 Patrem?

2055 727 2220 788 atque
2243 719 2533 788 respondet
2556 717 2826 774 oﬁ‘erens?
2855 717 3050 774 Credo.
3094 717 3242 774 Satis
3265 719 3520 790 superius
3545 721 3631 776 de-

2055 821 2414 871 monstratum
2443 822 2529 868 est
2552 829 2620 868 ex
2645 813 2956 884 evangelica
2978 813 3310 878 testimonio,
3333 815 3482 884 quod
3504 814 3630 870 ﬁdes

2055 904 2333 962 offerentis
2359 906 2532 975 possit
2555 921 2681 962 eum
2705 905 2938 961 salvare.
2983 906 3053 961 Et
3088 921 3156 960 ex
3181 906 3488 977 Augustino
3513 923 3631 976 pos-

2057 1012 2244 1054 sumus
2266 996 2565 1067 intelligere
2583 997 2832 1052 eumdem
2853 997 3135 1068 parvulum
3159 998 3488 1067 respondere
3507 1014 3632 1054 voce

2055 1088 2353 1153 oﬂ'erentis,
2376 1089 2467 1144 ubi
2494 1088 2624 1146 dicit
2651 1106 2664 1142 :
2692 1087 2844 1145 Facit
2865 1089 2968 1144 hoc
2994 1105 3134 1143 unus
3161 1088 3506 1166 Spiritus,ex
3532 1105 3632 1160 quo

2056 1186 2350 1250 generatur
2377 1178 2627 1234 oblatus:
2661 1186 2718 1234 et
2746 1179 2837 1233 ubi
2867 1179 3009 1233 idem
3031 1178 3376 1250 Augustinus
3401 1181 3634 1250 disputat

2057 1277 2114 1324 et
2141 1269 2495 1324 similitudine
2523 1275 3013 1334 sacramentorum,
3036 1269 3103 1323 ad
3145 1284 3240 1323 eas
3280 1285 3370 1326 res
3408 1285 3632 1339 quarum

2057 1366 2398 1415 sacramenta
2427 1366 2584 1426 sunt,
2622 1359 2712 1414 ubi
2743 1358 2906 1426 dicit,
2945 1374 3071 1414 cum
3100 1359 3481 1428 respondetur,
3517 1376 3634 1430 par-

2056 1451 2211 1507 vulos
2233 1451 2457 1506 credere
2482 1449 2576 1521 qui
2604 1449 2729 1506 ﬁdei
2756 1465 2866 1505 non
2895 1448 3097 1505 habent
3123 1448 3397 1506 affectum.
3430 1450 3510 1504 Ex
3533 1467 3635 1520 quo

2058 1546 2362 1616 intelligere
2384 1559 2698 1615 possumus,
2741 1558 2810 1598 ex
2853 1543 3210 1599 similitudine
3251 1544 3632 1614 responsionis,

2057 1636 2216 1708 quasi
2252 1635 2368 1704 ipse
2394 1633 2655 1705 parvulus
2693 1633 3050 1703 respondeat,
3086 1641 3488 1690 sacramentum
3521 1633 3633 1688 ﬁdei

2059 1724 2324 1782 celebrari
2351 1725 2405 1779 in
2433 1723 2678 1794 parvulo,
2709 1731 2770 1778 et
2795 1723 2851 1777 in
2877 1723 2987 1778 alio
3015 1721 3154 1789 loco,
3185 1723 3275 1777 ubi
3305 1721 3437 1776 dicit
3461 1740 3474 1774 :
3510 1720 3633 1775 Nam

2061 1817 2206 1873 sicut
2230 1813 2452 1898 credere
2477 1812 2829 1882 respondent,
2855 1811 2930 1866 ita
2955 1812 3118 1866 etiam
3147 1810 3334 1866 ﬁdeles
3358 1817 3632 1866 vocantur.

2060 1910 2099 1980 1-
2123 1909 2203 1964 lta
2230 1907 2396 1964 credo
2420 1913 2640 1976 propter
2664 1921 2801 1975 opus
2827 1905 2990 1960 unius
3015 1901 3252 1973 Spiritus
3279 1903 3479 1966 sancti,
3501 1901 3636 1972 quod

2059 1997 2296 2054 oﬁerens
2323 1995 2634 2068 respondet,
2665 1995 2770 2050 hoc
2799 2008 2920 2048 esse
2949 1993 3092 2048 illius
3119 2008 3282 2064 quem
3309 1991 3490 2048 offert.
3523 1991 3632 2048 Non

2051 2090 2268 2146 diceret
2293 2087 2453 2144 toties
2479 2095 2699 2142 sanctus
2725 2083 3058 2156 Augustinus
3093 2083 3218 2139 ﬁdei
3245 2092 3634 2140 sacramentum

2059 2181 2166 2236 nisi
2193 2187 2335 2236 esset
2372 2177 2570 2248 aliquis
2595 2175 2818 2232 eﬁ‘ectus
2848 2176 2991 2230 inter
3018 2189 3133 2230 rem
3162 2175 3337 2245 ipsam
3367 2182 3424 2228 et
3453 2173 3636 2228 simili-

2061 2273 2305 2329 tudinem
2332 2269 2468 2341 ejus,
2497 2270 2549 2325 id
2581 2277 2687 2335 est,
2720 2269 2864 2324 inter
2891 2276 3294 2323 sacramentum
3327 2266 3474 2331 ﬁdei,
3502 2265 3635 2336 quod

2059 2374 2239 2438 potest
2265 2364 2400 2420 ﬁdes
2429 2362 2730 2426 nominari,
2765 2370 2820 2416 et
2850 2361 3024 2431 ipsam
3053 2360 3214 2415 ﬁdem
3233 2399 3249 2425 ,
3288 2374 3453 2430 quam
3486 2358 3635 2413 homo

2060 2458 2272 2532 profert
2297 2472 2364 2511 ex
2396 2455 2721 2525 intelligibili
2753 2453 2953 2509 animo.
3001 2452 3157 2507 Sicut
3185 2453 3332 2507 enim
3362 2451 3527 2504 distat
3552 2449 3637 2502 ali-

2061 2552 2193 2622 quid
2223 2551 2366 2606 inter
2395 2558 2640 2604 nostram
2667 2545 3031 2618 sepulturam,
3061 2559 3224 2614 quam
3249 2541 3560 2610 accepimus
3585 2539 3634 2594 in

2062 2642 2352 2712 baptismo,
2391 2647 2448 2693 et
2473 2637 2709 2702 Christi,
2749 2652 2860 2706 qua
2899 2635 3198 2690 resurrexit
3226 2649 3257 2687 a
3284 2631 3549 2697 mortuis,
3582 2637 3640 2683 ut

2063 2734 2206 2788 ultra
2240 2746 2350 2787 non
2381 2730 2648 2785 moriatur
2674 2747 2687 2783 :
2728 2727 2803 2782 ita
2841 2727 2984 2782 inter
3011 2733 3416 2784 sacramentum
3442 2721 3560 2777 ﬁdei
3586 2729 3636 2775 et

2064 2825 2265 2880 ﬁdem:
2303 2821 2507 2878 Tamen
2537 2821 2652 2891 ipsa
2679 2826 3018 2875 sacramenta
3049 2817 3115 2872 ad
3138 2818 3242 2872 hoc
3262 2815 3446 2870 valent
3471 2821 3528 2869 ut
3549 2827 3636 2867 nos

2062 2913 2362 2986 perducant
2395 2913 2462 2968 ad
2500 2912 2646 2982 ipsas
2676 2927 2764 2968 res
2802 2925 3030 2982 quarum
3067 2916 3466 2965 sacramentum
3499 2911 3632 2960 sunt.

2066 3007 2424 3061 Sacramento
2447 3002 2575 3058 ﬁdei
2601 3001 2843 3057 salvetur
2865 2999 3122 3071 parvulus
3149 3011 3321 3068 usque
3346 2998 3415 3052 ad
3442 3008 3638 3064 tempus

2065 3110 2173 3165 quo
2204 3093 2379 3164 possit
2403 3093 2612 3148 discere
2642 3090 2802 3146 ﬁdem
2829 3105 3003 3146 suam.
3053 3088 3208 3144 Unde
3233 3087 3324 3157 qui
3351 3102 3542 3158 supra,
3588 3085 3636 3138 ia

2067 3188 2422 3259 sequentibus
2445 3187 2515 3242 ad
2551 3186 2800 3242 eumdem
2827 3199 2988 3256 quem
3020 3199 3214 3254 supra,
3247 3183 3420 3238 dicit:
3464 3182 3637 3251 itaque

2063 3277 2348 3346 parvulum
2385 3275 2487 3331 etsi
2520 3275 2761 3330 nondum
2787 3273 2921 3329 ﬁdes
2948 3272 3035 3327 illa
3062 3288 3184 3342 qua:
3219 3272 3275 3326 in
3310 3272 3635 3327 credentium

2063 3369 2342 3426 voluntate
2364 3369 2634 3434 consistit,
2651 3368 2764 3437 jam
2793 3375 2974 3421 tamen
3000 3365 3170 3435 ipsius
3194 3363 3318 3420 ﬁdei
3347 3377 3639 3420 sacramen-

2066 3469 2180 3515 tum
2207 3458 2419 3516 ﬁdelem
2451 3457 2599 3514 facit.
2651 3457 2786 3512 Nam
2823 3458 2963 3512 sicut
3000 3456 3229 3510 credere
3268 3453 3638 3524 respondetur,

2065 3553 2138 3607 ita
2167 3552 2332 3606 etiam
2358 3550 2544 3606 ﬁdeles
2562 3558 2848 3615 vocantur,
2869 3564 2977 3604 non
3000 3561 3114 3603 rem
3139 3547 3311 3617 ipsam
3341 3545 3635 3606 annuendo,

2065 3643 2160 3699 sed
2186 3642 2357 3712 ipsius
2380 3641 2460 3696 rei
2488 3649 2888 3700 sacramentum
2913 3638 3282 3710 percipiendo.
3307 3637 3444 3692 Cum
3469 3646 3636 3690 autem

2064 3749 2256 3805 sapere
2286 3734 2448 3789 homo
2487 3733 2749 3803 coeperit,
2790 3747 2897 3787 non
2943 3731 3074 3786 illud
3113 3737 3520 3785 sacramentum
3563 3742 3639 3781 re-

2063 3826 2233 3896 petit,
2270 3824 2367 3882 sed
2400 3823 2682 3893 intelligit,
2721 3824 2945 3894 ejusque
2973 3821 3185 3878 veritati
3211 3835 3457 3876 consona
3486 3818 3637 3872 etiam

2064 3918 2342 3974 voluntate
2366 3916 2726 3987 coaptabitur.
2761 3914 2876 3972 Hoc
2900 3914 3136 3984 quandiu
3168 3929 3276 3968 non
3303 3921 3484 3984 potest
3506 3909 3638 3965 vale-

2066 4009 2146 4066 bit
2165 4015 2566 4066 sacramentum
2590 4007 2659 4062 ad
2679 4005 2796 4077 ejus
2818 4007 3041 4064 tutelam
3065 4005 3328 4061 adversus
3349 4002 3638 4059 contrarias

2065 4108 2394 4172 potestates,
2437 4108 2494 4154 et
2533 4106 2742 4153 tantum
2773 4096 3002 4160 valebit,
3050 4105 3109 4150 ut
3157 4095 3202 4150 si
3252 4104 3383 4148 ante
3431 4091 3638 4160 majoris

2067 4187 2342 4263 [rationis]
2372 4204 2536 4246 usum
2567 4204 2632 4242 ex
2671 4188 2772 4242 hac
2807 4188 2921 4242 vita
2959 4187 3304 4258 migraverit,
3347 4201 3447 4256 per
3477 4185 3636 4254 ipsum

2067 4287 2499 4345 sacramentum,
2528 4279 2942 4336 commendante
2969 4278 3222 4334 Ecclesia:
3252 4277 3538 4339 charitate,
3577 4273 3636 4327 ab

2068 4371 2160 4427 illa
2205 4371 2552 4427 damnatione
2587 4385 2708 4440 quae
2753 4385 2852 4440 per
2892 4385 3062 4424 tinum
3107 4369 3387 4424 hominem
3431 4363 3640 4422 intravit

2071 4465 2128 4522 in
2155 4464 2437 4530 mundum,
2465 4462 2776 4518 Christiano
2802 4460 3072 4530 adjutorio
3095 4461 3379 4515 liberetur.
3419 4459 3526 4512 Hoc
3552 4455 3636 4525 qni

2072 4571 2179 4610 non
2217 4553 2420 4618 credit,
2466 4560 2522 4608 et
2559 4551 2678 4607 ﬁeri
2717 4567 2824 4606 non
2863 4566 3020 4620 posse
3055 4549 3378 4612 arbitratur,
3421 4545 3639 4601 inﬁdelis

2071 4653 2155 4700 est
2185 4644 2288 4701 etsi
2316 4643 2436 4698 ﬁdei
2464 4643 2659 4698 habent
2685 4650 3085 4696 sacramentum
3113 4658 3125 4693 :
3168 4639 3436 4708 longeque
3462 4635 3640 4690 melior

2072 4743 2158 4792 est
2191 4734 2284 4788 illo
2313 4733 2570 4803 parvulus
2605 4731 2697 4806 qui
2732 4730 2946 4785 etiamsi
2983 4729 3142 4784 ﬁdem
3182 4730 3424 4784 nondum
3459 4728 3639 4781 haheat

2075 4825 2128 4879 in
2156 4824 2502 4895 cogitatione,
2535 4837 2639 4876 non
2671 4821 2722 4876 ei
2753 4829 2934 4876 tamen
2961 4819 3171 4876 obicem
3197 4817 3488 4874 contrariae
3510 4814 3642 4886 cogi-

2073 4913 2296 4969 tationis
2326 4913 2567 4984 apponit.
2709 4967 2714 4971 ,

2637 5001 2865 5058 CAPUT
2910 5001 3079 5058 XXV.

2432 5092 2510 5149 De
2549 5095 2942 5149 consecratione
2982 5093 3295 5160 baptisterii.

2142 5188 2202 5244 ln
2232 5188 2405 5259 prima
2437 5187 2684 5242 oratione
2714 5188 3006 5242 mundatur
3031 5194 3088 5240 et
3124 5195 3411 5241 serenatur
3441 5185 3642 5241 habita-

2074 5279 2255 5338 Culum
2280 5277 2530 5349 hospitis,
2557 5278 2648 5347 qui
2674 5275 2842 5332 Deum
2871 5277 3029 5332 debet
3059 5278 3360 5352 suscipere,
3389 5287 3444 5332 et
3471 5278 3644 5344 deprc-

2073 5381 2230 5430 catur
2254 5370 2370 5440 ejus
2399 5370 2682 5434 adventus,
2726 5377 2787 5423 ut
2827 5385 2894 5424 ex
2927 5369 3042 5440 ipsa
3077 5369 3326 5424 oratione
3371 5378 3644 5438 possumus

2074 5479 2422 5537 cognoscere.
2467 5459 2839 5530 Omnipotens,
2881 5459 3086 5530 inquit,
3127 5461 3444 5529 sempiterno
3481 5457 3640 5513 Deus.

2074 5554 2257 5608 adesto
2295 5567 2501 5622 magna:
2539 5549 2748 5621 pietatis
2787 5559 2892 5602 tuae
2931 5549 3214 5618 mysteriis,
3253 5549 3438 5602 adesto
3476 5562 3643 5601 sacra-

2075 5643 2282 5708 mentis,
2319 5653 2423 5696 etc.
2475 5641 2531 5694 1η
2571 5639 2818 5708 sequenti
2855 5637 3171 5692 manifestat
3209 5651 3268 5692 se
3299 5635 3415 5704 jam
3454 5636 3644 5691 habere

2073 5737 2340 5807 hospitem
2384 5734 2469 5791 cui
2511 5733 2803 5801 loquatur:
2837 5736 3169 5801 quapropter
3215 5728 3349 5783 dicit
3381 5744 3393 5779 :
3428 5725 3637 5779 Sursum
