3890 6180
270 355 414 414 1043

1053 352 1139 409 DE
1176 344 1727 409 ECCLESIASTICIS
1764 340 2052 402 OFFICIIS
2089 347 2265 403 LIBRI
2302 349 2393 409 IV.
2431 383 2502 393 —
2539 354 2665 413 LIB.
2704 353 2743 411 Ι.

3392 363 3527 419 ιοιθ
3554 372 3575 401 -³

264 470 456 526 corda.
507 467 714 524 Deinde
750 467 956 540 gratias
1003 467 1117 539 agit
1163 466 1289 536 quia
1327 464 1702 536 dignatus'est
1738 471 1847 516 tam
1878 458 1925 517 Α
1956 466 2129 523 retur,
2186 464 2467 531 sequentia
2498 463 2675 520 verba
2722 475 3027 525 monstrant
3068 470 3356 541 praesentis
3400 488 3528 531 οη.

264 576 503 633 magnus
518 559 717 630 hospes
737 559 807 614 ad
828 566 940 612 tam
959 555 1479 627 humile-hospitium
1500 553 1853 619 descendere,

263 661 330 709 ut
367 653 427 707 in
456 651 647 707 eadem
671 649 919 705 oratione
952 653 1307 703 monstratur.
1354 646 1425 701 Et
1461 645 1610 711 licet,
1645 645 1853 715 inquit,

265 761 367 799 nos
404 744 567 798 tantis
605 740 867 811 mysteriis
905 738 1246 810 exsequendis
1284 738 1448 794 simus
1484 736 1711 807 indigni,
1742 745 1835 791 etc

266 837 481 892 Deinde
526 831 717 890 resciit
761 831 1025 887 miracula
1069 842 1193 901 qum
1234 828 1348 899 jam
1396 829 1536 885 facta
1583 836 1710 883 sunt
1753 843 1853 898 per

266 943 501 999 aquam,
518 925 572 981 id
591 932 677 989 est
699 939 715 977 :
744 924 803 979 In
834 920 1130 992 primordio
1156 919 1449 975 creationis
1469 917 1705 990 Spiritus
1727 933 1854 973 san-

268 1027 394 1074 ctus
431 1014 708 1072 ferebatur
732 1026 895 1081 super
922 1025 1123 1080 aquas,
1159 1017 1222 1065 ut
1255 1010 1513 1064 virtutem
1544 1006 1853 1062 sanctifica—

269 1107 441 1163 tionis
467 1118 731 1175 aquarum
769 1109 963 1157 natura
999 1101 1331 1171 conciperet.
1373 1097 1562 1155 Refert
1597 1107 1652 1153 et
1685 1097 1854 1162 aliud,

267 1197 419 1268 quod
448 1197 501 1251 in
527 1193 853 1249 salutatione
879 1205 1017 1246 arca:
1042 1189 1247 1244 factum
1271 1194 1378 1244 est.

346 1306 507 1362 Unde
549 1305 624 1359 ita
671 1303 937 1373 scriptum
980 1308 1067 1355 est
1112 1300 1167 1354 in
1216 1308 1519 1356 memorata
1560 1299 1848 1353 oratione:

274 1397 441 1463 Deus,
470 1396 567 1466 qui
586 1395 820 1449 nocentis
848 1392 1034 1448 mundi
1059 1390 1282 1445 crimina
1308 1406 1401 1460 per
1424 1406 1588 1460 aquas
1615 1372 1883 1457 αινιιιεηε,⁸

274 1486 684 1558 regenerationis
717 1484 936 1556 speciem
965 1482 1020 1536 ia
1045 1483 1162 1552 ipsa
1190 1479 1377 1535 diluvii
1399 1480 1655 1550 eiusione
1678 1481 1856 1551 signa-

228 1562 243 1569 ’
271 1580 369 1644 sti,
388 1585 500 1633 etc.
545 1576 741 1633 Postea
769 1575 938 1631 intrat
962 1573 1218 1630 sacerdos
1245 1572 1312 1628 ad
1341 1572 1721 1643 expulsiones),
1742 1573 1856 1629 dia-

271 1668 406 1733 buli,
439 1667 702 1723 dicendo:
744 1663 944 1719 Procul
968 1680 1091 1735 ergo
1112 1663 1258 1729 hinc,
1286 1662 1503 1732 jubente
1528 1671 1579 1718 te
1602 1660 1850 1730 Domina,

271 1760 444 1814 omnia
470 1758 683 1829 spiritus
706 1754 1010 1810 immundus
1036 1752 1304 1819 abscedat,
1330 1759 1439 1808 etc.

343 1868 502 1937 Quali
537 1867 831 1939 ignominia
863 1866 1060 1938 dignus
1096 1864 1170 1920 sit
1202 1865 1403 1934 hospes
1427 1878 1583 1933 aqua;
1615 1862 1810 1933 expelli
1829 1900 1849 1929 ,

265 1974 368 2029 per
396 1972 550 2013 suam
582 1954 994 2011 insofﬂationem
1026 1954 1280 2010 sacerdos
1306 1959 1604 2018 monstrat,
1636 1960 1696 2015 ut
1721 1952 1850 2009 illud

267 2053 567 2124 impleatur
581 2050 727 2120 quod
747 2050 1011 2104 Dominus
1027 2048 1192 2103 dixit:
1216 2047 1369 2103 Nunc
1391 2048 1645 2117 princeps
1663 2046 1851 2105 mundi

268 2145 436 2214 huius
472 2142 720 2213 ejicietur
758 2141 929 2197 foras.
983 2138 1172 2209 Ejeeto
1221 2139 1315 2194 illo
1357 2138 1570 2207 hospite
1610 2138 1855 2195 munitur?

266 2251 415 2307 aqua
434 2236 615 2290 crucis
637 2235 935 2307 signaculo,
961 2243 1022 2291 ut
1044 2250 1150 2290 non
1173 2235 1374 2291 habeat
1390 2234 1570 2290 locum
1589 2232 1848 2314 redeundi

265 2323 540 2380 diabolus.
570 2323 677 2379 Per
702 2325 1101 2380 invocationem
1126 2332 1333 2379 sanctte
1355 2322 1639 2377 Trinitatis
1663 2336 1849 2378 exem-

265 2415 362 2488 plo
388 2416 643 2486 baptismi
667 2415 901 2481 Christi,
931 2416 1172 2471 Trinitas
1200 2414 1356 2469 adest
1380 2414 1439 2469 in
1466 2420 1651 2469 nostro
1677 2412 1852 2483 bapti-

266 2507 442 2566 sterio
466 2521 567 2576 per
588 2506 992 2575 invocationem
1015 2504 1334 2562 sacerdotis.

339 2604 528 2680 Prirna
575 2622 883 2680 benedictio
927 2620 1147 2676 Patrem
1194 2619 1452 2681 invocat,
1505 2630 1627 2685 quae
1673 2613 1805 2670 dicit
1831 2632 1849 2669 :

268 2715 535 2771 Benedico
573 2723 645 2782 te,
680 2723 922 2769 creatura
965 2727 1138 2783 aqua,
1183 2726 1277 2780 per
1303 2708 1473 2763 Deum
1501 2709 1707 2771 uiuunt,
1758 2723 1853 2778 per

267 2805 442 2859 Deum
466 2812 729 2870 sanctum,
755 2803 846 2875 qui
873 2812 921 2857 te
946 2802 1005 2857 in
1030 2799 1289 2872 principio
1319 2798 1475 2853 verba
1498 2799 1758 2868 separavit
1784 2796 1851 2851 ab

267 2893 449 2957 arida,
469 2904 527 2949 et
543 2894 771 2964 reliqua.
801 2891 1062 2949 Secunda
1079 2889 1444 2947 benedictioni
1469 2888 1639 2944 Filius
1661 2887 1847 2943 adest:

266 2982 532 3037 Benedico
558 2992 607 3039 te
645 2991 695 3038 et
730 2998 824 3054 per
848 2980 1032 3037 Iesum
1054 2978 1323 3035 Christum
1350 2976 1554 3032 Filium
1587 2975 1707 3045 eius
1733 2976 1852 3033 uni-

268 3091 424 3141 cum,
472 3074 756 3130 Dominum
794 3082 1065 3140 nostrum,
1111 3072 1201 3144 qui
1240 3078 1290 3125 te
1326 3070 1384 3124 in
1414 3069 1563 3125 Caua
1612 3066 1851 3124 Galilu

1954 550 2133 606 tionis.

2505 642 2735 702 CAPUT
2771 646 2959 704 XXVI.

2220 731 2298 786 De
2319 732 2647 789 immissione
2673 751 2943 791 cer-earum
2966 738 3025 792 iu
3050 754 3265 811 aquam.

2023 818 2307 876 Clamante
2348 836 2487 879 voce
2538 826 2867 890 sacerdotis,
2918 836 2979 882 ut
3023 827 3318 885 descendat
3354 832 3530 888 virtus

1955 909 2193 981 Spiritus
2221 913 2395 968 sancti
2430 914 2484 969 in
2510 928 2728 984 aquam,
2764 920 2910 974 cerei
2938 921 3336 992 ueophytorum
3357 924 3527 992 depea

1953 1012 2162 1057 nuntur
2189 1004 2245 1060 in
2280 1019 2501 1075 aquam.
2532 1007 2714 1075 Quare
2736 1009 2883 1065 hoc?
2913 1012 3022 1067 nisi
3045 1020 3106 1067 ut
3126 1012 3531 1071 demonstretur

1953 1093 2115 1148 modo
2155 1110 2346 1152 cereus
2392 1097 2609 1170 signare
2656 1099 2918 1171 Spiritum
2967 1105 3261 1159 sanctum?
3299 1105 3529 1179 Legitur

1960 1198 2117 1238 unam
2163 1185 2473 1241 columnam
2516 1187 2686 1245 ﬁxisse
2732 1190 2788 1245 in
2832 1192 3030 1248 itinere
3071 1192 3306 1250 ﬁliorum
3335 1195 3523 1263 Israel,

1952 1288 2076 1343 qua:
2110 1282 2403 1347 utrumque
2432 1277 2662 1335 haberet
2708 1280 2765 1335 in
2812 1283 3147 1351 ministerio,
3189 1286 3294 1342 hoc
3321 1296 3437 1354 est,
3467 1298 3530 1344 ut

1953 1362 2045 1416 lux
2085 1364 2164 1420 eis
2210 1374 2359 1422 esset
2396 1368 2453 1422 in
2495 1377 2659 1425 nocte
2697 1385 2766 1425 ex
2792 1385 2905 1426 una
2936 1380 3129 1442 parte,
3165 1383 3223 1429 et
3245 1389 3315 1431 ex
3354 1377 3526 1433 altera

1952 1455 2219 1523 protoctio
2244 1456 2405 1511 nubis
2430 1457 2487 1511 in
2514 1458 2624 1513 die.
2670 1460 2751 1515 De
2787 1475 2894 1529 qua
2926 1461 3062 1517 dicit
3104 1472 3329 1520 sanctus
3346 1466 3530 1537 Augu-

1954 1542 2131 1597 stinus
2152 1544 2207 1597 in
2238 1543 2377 1601 libro
2408 1560 2487 1599 xu
2516 1555 2708 1601 contra
2732 1548 2991 1605 Faustum
3022 1549 3167 1607 :Cur
3184 1567 3294 1609 non
3312 1569 3444 1624 ergo
3470 1564 3530 1610 ct

1954 1633 2111 1688 nobis
2135 1632 2388 1690 Christus
2420 1635 2694 1701 columna,
2723 1638 2851 1707 quia
2878 1647 2936 1695 et
2966 1649 3155 1697 rectus
3170 1650 3231 1698 et
3257 1645 3451 1710 simus,
3472 1655 3532 1702 et

1954 1722 2185 1779 fulciens
2227 1724 2603 1782 inﬁrmitatem
2644 1735 2888 1783 nostram
2920 1743 3021 1800 per
3058 1740 3276 1793 noctem
3319 1734 3525 1803 lucens,

1878 1802 1931 1863 B
1953 1827 2052 1884 per
2077 1813 2219 1869 diem
2244 1829 2353 1870 non
2380 1815 2595 1881 lucens,
2613 1824 2671 1873 et
2696 1819 2871 1888 utqui
2898 1834 3011 1875 non
3033 1820 3241 1888 vident,
3272 1824 3526 1893 videam,

1950 1914 2008 1959 et
2030 1906 2122 1975 qui
2148 1906 2355 1974 vident,
2405 1908 2537 1963 comi
2566 1908 2724 1963 fiant.
2765 1907 3153 1982 Leguuturque
3187 1914 3345 1982 quasi
3384 1916 3526 1983 dum,

1950 2006 2009 2054 ut
2035 2008 2226 2054 nostra
2262 1999 2551 2056 translatio
2589 2008 2778 2056 tenet:
2809 2001 3073 2059 Dominus
3110 2013 3296 2060 autem
3318 2019 3524 2076 preco-

1949 2088 2113 2144 debat
2155 2102 2250 2145 eos
2298 2090 2367 2144 ad
2398 2090 2787 2147 ostendendam
2834 2092 2977 2149 viam
3009 2108 3110 2165 per
3158 2095 3304 2152 diem
3343 2097 3401 2152 in
3434 2110 3529 2154 cur

1951 2178 2133 2234 lumna
2160 2177 2343 2246 nubis,
2372 2187 2430 2235 et
2469 2192 2569 2251 per
2607 2188 2821 2236 noctem
2861 2182 2918 2241 in
2960 2182 3213 2241 columna
3238 2185 3401 2260 ignis.
3444 2187 3527 2245 Ut

1950 2270 2095 2326 enim
2133 2285 2233 2341 per
2263 2284 2485 2327 cereum
2522 2271 2890 2328 iiluminstum
2918 2276 2993 2330 ad
3020 2278 3529 2339 memoriamm-

1950 2362 2125 2417 cimus
2147 2361 2452 2417 columnam
2482 2362 2626 2434 ignis
2645 2403 2660 2428 ,
2706 2379 2829 2434 qum
2867 2365 3135 2436 ﬁgurabat
3167 2368 3469 2439 Christum,
3493 2386 3531 2426 a

1949 2467 2057 2522 quo
2086 2452 2374 2509 iliuminati
2422 2462 2550 2509 sunt
2588 2456 2859 2526 apostoli,
2910 2459 3109 2527 quibus
3135 2460 3370 2517 dicitur:
3421 2458 3531 2518 Vsa

1951 2540 2194 2595 estis!”
2222 2541 2410 2596 mundi
2432 2557 2453 2595 :
2479 2543 2987 2601 sicutabeaoﬁeto
3004 2561 3166 2605 ceree
3189 2548 3527 2609 illuminantes-

1950 2631 2090 2686 alter
2113 2644 2329 2697 cereus,
2376 2632 2454 2687 ita
2481 2646 2581 2702 per
2601 2647 2793 2690 cereos
2816 2636 3127 2693 exstinctos
3147 2638 3295 2707 sive,
3327 2647 3527 2697 mme-

1951 2722 2055 2778 lius
2078 2736 2369 2793 possumus
2395 2722 2598 2790 dicere,
2629 2739 2851 2783 cereum
2876 2736 3101 2800 propter
3125 2731 3393 2790 unitatem
3422 2731 3526 2791 Ee-

1949 2813 2149 2881 clesite,
2192 2830 2291 2886 per
2331 2829 2494 2886 quem
2522 2818 2593 2872 ad
2616 2820 2943 2875 memoriam
2978 2821 3293 2881 reducimus
3315 2824 3539 2883 colunt

1951 2920 2077 2961 nam
2100 2908 2265 2979 ignis,
2288 2907 2530 2978 Spiritus
2557 2910 2733 2967 sancti
2750 2914 2981 2982 persona
3002 2915 3337 2988 designatur.
3372 2917 3533 2978 Unda

1950 2996 2246 3069 Gregorius
2295 2998 2675 3058 Nazianzenus
2724 3002 2781 3058 ia
2840 3017 3095 3063 sermone
3148 3007 3219 3064 de
3268 3010 3533 3069 secundis

1951 3091 2293 3161 epipbaniis:
2327 3091 2654 3163 Baptizavit,
2699 3093 2880 3165 inquit
2900 3136 2916 3161 ,
2966 3097 3185 3170 Moyses
3220 3099 3281 3156 iu
3307 3103 3451 3158 nari
3470 3111 3535 3161 et

266 3164 421 3233 signa
449 3162 751 3217 admirabili
777 3178 888 3218 sua:
915 3162 1158 3234 potentia:
1185 3160 1533 3259 conuertit-in
1567 3158 1764 3259 vittatus,
1788 3164 1849 3212 et
1874 3156 1921 3219 C
2036 3156 2179 3239 ξιυδε
2201 3223 2217 3250 ,
2244 3184 2345 3240 sed
2463 3192 2594 3257 ιγρο
2708 3156 2964 3259 κάμὲ-ει
2988 3207 3003 3244 ε
3031 3156 3110 3246 iia
3146 3192 3295 3249 enim

268 3253 503 3322 reliqua.
542 3252 780 3323 Spiritus
809 3261 1033 3309 sanctus
1058 3253 1423 3309 introducitur
1449 3252 1506 3307 in
1532 3250 1849 3316 novissimo,

266 3349 327 3398 et
352 3351 440 3399 est
463 3344 640 3399 omnis
667 3343 978 3414 deprecatio
1008 3350 1069 3397 ut
1097 3343 1239 3398 sicut
1261 3342 1524 3398 Dominus
1543 3339 1711 3410 jussis
1737 3339 1851 3395 suis

268 3448 471 3503 aquam
500 3431 629 3489 fecit
656 3434 1033 3504 obtemperare
1060 3433 1115 3488 in
1149 3432 1522 3503 superioribus
1549 3430 1848 3497 miraculis,

266 3523 347 3578 ita
385 3529 441 3579 et
466 3539 612 3580 nunc
639 3539 704 3581 eo
730 3522 956 3594 iubente
982 3523 1253 3579 efﬁciatur
1285 3537 1392 3578 non
1434 3522 1610 3579 solum
1650 3520 1851 3579 babiﬁs

267 3611 339 3667 ad
373 3610 639 3669 abluenda
671 3606 933 3684 corpora,
979 3612 1074 3668 sed
1104 3612 1269 3668 etiam
1309 3613 1377 3668 ad
1412 3611 1848 3683 puriﬁcationem

263 3704 493 3769 mentis,
523 3702 662 3760 sicut
697 3704 752 3759 in
791 3704 1142 3779 sequentibus
1178 3704 1402 3770 dicitur,
1432 3712 1500 3759 ut
1526 3712 1729 3774 praeter
1748 3720 1849 3761 na-

268 3793 500 3848 turalem
532 3795 966 3852 emendationem
988 3836 1004 3862 ,
1031 3811 1195 3866 quam
1224 3795 1471 3852 lavandis
1493 3804 1722 3866 possunt
1753 3797 1847 3853 ad-

266 3883 459 3939 bibere
484 3885 822 3954 corporibus,
858 3886 969 3941 sint
997 3886 1162 3942 etiam
1190 3886 1546 3957 puriﬁcandis
1575 3889 1847 3945 mentibus

262 3972 542 4029 efﬁcaces.
590 3974 705 4031 Hoc
734 3977 787 4031 in
818 3976 960 4042 loco,
988 3977 1042 4032 id
1071 3985 1181 4043 est,
1206 3985 1495 4046 postquam
1524 3977 1725 4034 dixerit
1750 3993 1840 4034 εις

263 4068 489 4123 cordus:
515 4067 582 4123 In
607 4069 819 4124 nomine
845 4069 1044 4137 Patris,
1075 4078 1124 4125 et
1149 4068 1302 4135 Fiiii,
1325 4080 1375 4124 et
1399 4067 1631 4141 Spiritus
1652 4073 1840 4136 sancti.

266 4166 511 4214 mutatur
533 4174 639 4216 vox
663 4158 821 4231 quasi
845 4160 1225 4219 adiectionem
1252 4159 1558 4232 lmdam

333 4278 394 4333 In
428 4282 683 4351 praesenti
718 4282 964 4337 oratione
996 4282 1218 4339 humilis
1252 4283 1563 4354 deprecatio
1589 4284 1705 4349 est,
1748 4296 1844 4341 seu

263 4371 448 4441 aliqua
473 4373 794 4441 praeparatio
820 4374 1016 4429 mentis
1040 4374 1108 4429 ad
1134 4374 1533 4443 impetrandum
1555 4375 1843 4431 adventum

263 4460 443 4516 sancti
471 4459 707 4531 Spiritus
734 4461 789 4517 in
820 4474 1036 4533 aquam,
1064 4471 1124 4517 ut
1148 4464 1289 4518 sicut
1314 4464 1370 4517 in
1396 4460 1570 4535 prima
1595 4465 1842 4520 oratione

260 4550 587 4619 deprecatus
623 4559 707 4604 est
744 4548 889 4605 Deus
925 4551 1112 4605 venire
1150 4549 1206 4604 in
1243 4559 1478 4606 mentem
1518 4554 1835 4621 sacerdotis,

260 4641 345 4697 sic
370 4649 426 4697 et
450 4641 507 4697 in
535 4645 886 4715 sequentibus
910 4643 1231 4715 deprecetur
1252 4645 1427 4700 virtus
1453 4644 1687 4715 Spiritus
1714 4663 1839 4704 san-

259 4731 361 4798 cti,
389 4738 448 4786 ut
469 4734 647 4788 veniat
670 4733 725 4788 in
749 4742 997 4790 naturam
1022 4749 1194 4806 aquas.
1226 4733 1302 4788 ita
1331 4733 1477 4789 enim
1505 4735 1638 4790 dicit
1663 4752 1839 4793 sacer-

259 4822 401 4879 dos:
439 4821 568 4879 Hate
597 4824 742 4879 nobis
768 4836 1029 4897 prwcepta
1054 4826 1409 4892 servantibus,
1454 4842 1519 4883 ac
1558 4829 1604 4884 si
1648 4829 1832 4886 dicat:

259 4908 383 4966 Non
411 4919 593 4967 nostra
620 4917 1034 4985 praesumptione
1060 4923 1265 4974 tantam
1295 4917 1550 4974 virtutem
1578 4922 1838 4980 audemus

262 5006 521 5061 invocare
547 5007 601 5061 in
631 5016 880 5064 naturam
908 5023 1080 5079 aquai,
1111 5011 1204 5067 sed
1232 5026 1301 5065 ex
1330 5020 1601 5083 praecepto
1627 5011 1841 5070 Domini

260 5098 440 5154 nostri
480 5100 572 5170 qui
602 5097 766 5169 jussit
790 5101 1119 5173 baptismum
1150 5118 1427 5160 exercere.
1474 5103 1652 5175 Atque
1688 5106 1841 5161 dein-

259 5182 395 5261 aps
421 5189 576 5245 iniit:
610 5190 689 5247 Tu
725 5191 867 5247 Deus
908 5192 1230 5264 omnipotens
1269 5193 1493 5249 clemens
1534 5197 1738 5264 adesto,
1781 5207 1839 5251 tu

260 5276 519 5350 benignus
537 5281 736 5351 aspira,
757 5288 812 5336 et
835 5281 1039 5353 reliqua
1061 5298 1180 5354 quae
1201 5292 1520 5354 sequuntur.
1548 5285 1680 5343 Post
1699 5278 1839 5346 hanc

260 5366 529 5425 humilem
579 5370 1013 5442 deprecationem
1062 5378 1221 5428 vocat
1272 5373 1523 5430 sacerdos
1574 5374 1837 5447 Spiritum

262 5464 551 5525 sanctum,
597 5464 652 5514 et
678 5459 789 5516 alta
812 5474 979 5528 voce,
1017 5458 1072 5516 id
1101 5470 1221 5529 est,
1260 5462 1370 5518 aito
1404 5464 1604 5520 mentis
1640 5464 1835 5523 aii‘cetu

265 5547 609 5618 deprecatur,
657 5556 720 5605 ut
761 5551 1013 5625 dignetur
1037 5551 1295 5608 advenire
1333 5553 1403 5609 ad
1442 5554 1614 5626 ipsam
1640 5569 1836 5627 aquam

216 5668 219 5671 ν
264 5635 343 5690 ita
374 5635 637 5693 dicendo:
673 5637 962 5695 Descendat
999 5639 1054 5696 in
1095 5639 1231 5696 hanc
1265 5640 1642 5713 plenitudinem
1676 5644 1838 5715 fontis

268 5726 435 5781 uirtus
458 5725 681 5795 Spiritus
707 5730 801 5784 tui.
834 5730 965 5799 Quae
988 5730 1322 5803 deprecanda
1346 5738 1493 5799 sunt,
1523 5739 1584 5789 ut
1609 5732 1685 5791 ibi
1709 5748 1836 5798 ono—

1948 3275 2285 3343 pronuntlat.
2316 3274 2525 3331 Habuit
2545 3290 2678 3347 ergo
2704 3292 2869 3334 man
2886 3279 3119 3336 fortnam
3145 3297 3323 3354 aqum,
3346 3283 3535 3345 nubes.

1948 3378 2079 3419 vero
2108 3363 2344 3435 Spiritus
2369 3367 2566 3422 sancti.

2016 3452 2152 3512 Sine
2183 3455 2390 3512 lumine
2432 3464 2521 3512 est
2560 3470 2755 3514 cereus
2792 3459 3190 3531 neopbytotnm
3231 3476 3408 3533 usque
3448 3464 3525 3523 ad

1948 3554 2162 3617 tempus
2192 3561 2302 3618 quo
2324 3547 2512 3607 caeteri
2547 3549 3194 3609 ecclesiailluminantur
3227 3573 3245 3610 :
3275 3562 3527 3628 tempore

1946 3652 2057 3710 quo
2077 3639 2261 3695 castor!
2290 3639 2436 3695 cerei
2468 3638 2863 3708 iliuminantur,
2899 3641 3281 3701 illuminantur
3298 3652 3359 3702 et
3380 3659 3521 3705 neo—

1943 3729 2256 3801 phytorum.
2294 3728 2591 3800 Postquam
2619 3730 2773 3787 enim
2796 3730 3037 3802 Spiritus
3068 3741 3293 3791 sanch
3320 3749 3524 3807 purga-

1944 3821 2089 3875 verit
2125 3822 2295 3878 corda
2339 3821 2738 3893 neopbytorum
2764 3862 2781 3890 ,
2833 3831 2892 3880 et
2933 3838 3031 3881 eos
3077 3825 3523 3887 introduxeritin

1945 3912 2263 3967 societatem
2300 3920 2353 3968 et
2394 3912 2812 3970 maiestatem
2839 3912 3123 3982 Ecclesia,
3162 3922 3295 3972 tunc
3318 3913 3521 3983 inuasi-

1944 4002 2096 4056 nabit
2121 4004 2285 4060 corda
2320 4017 2527 4060 eorum.

2017 4090 2174 4148 Sicut
2192 4094 2346 4149 Aenim
2377 4094 2436 4149 in
2462 4111 2561 4151 sua
2584 4111 2824 4166 persona
2853 4095 3018 4155 habet
3034 4135 3052 4164 ,
3087 4102 3148 4153 ut
3172 4096 3244 4152 sit
3268 4111 3516 4159 commu-

1946 4183 2147 4239 nicatio
2171 4183 2352 4240 Patris
2374 4193 2433 4239 et
2450 4184 2614 4241 Filii:
2641 4186 2807 4242 habet
2837 4186 2897 4241 in
2922 4186 3240 4256 operatione
3256 4225 3272 4251 ,
3299 4194 3360 4242 ut
3379 4200 3515 4249 com

1936 4273 2129 4346 jungat
2174 4283 2421 4330 sanetam
2455 4274 2779 4341 Ecclesium.
2808 4281 2866 4331 et
2899 4275 3174 4331 contineat
3201 4276 3259 4331 in
3282 4276 3517 4343 unitate.

1944 4363 2196 4420 Solutum
2214 4362 2439 4418 (ὕδατι-θ
2463 4361 2705 4421 oﬂieiuus
2722 4363 3202 4421 illuminandorum
3230 4380 3515 4431 cercurum

1943 4468 2123 4524 usque
2144 4454 2228 4509 ad
2264 4454 2448 4510 missae
2473 4454 2711 4511 Mum
2737 4473 2753 4511 :
2781 4454 2900 4511 sive
2932 4461 3161 4525 propter
3184 4470 3427 4527 causam,
3455 4467 3518 4515 ut

1943 4544 2096 4615 prius
2125 4543 2397 4614 accipiant
2430 4544 2687 4617 neopbyti
2727 4545 3125 4615 impositionem
3166 4562 3360 4605 manus
3396 4550 3514 4622 epi-

1943 4635 2115 4706 scopi,
2136 4641 2194 4691 et
2218 4635 2299 4692 sic
2316 4648 2415 4692 eos
2434 4636 2722 4693 credamus
2740 4635 3036 4693 illuminari
3059 4636 3263 4708 Spiritu
3291 4649 3513 4711 sancto,

1944 4741 2042 4783 seu
2068 4734 2291 4798 propter
2314 4733 2553 4791 noctem,
2580 4726 2643 4782 in
2665 4741 2775 4796 qua
2804 4724 3145 4791 celebramus
3182 4727 3427 4796 missam,
3458 4738 3512 4801 ut

1942 4816 2087 4871 sicut
2112 4815 2285 4885 gloria
2302 4815 2721 4873 restinctionis
2743 4815 3015 4877 illustrata
3038 4823 3144 4883 est,
3172 4816 3249 4872 ita
3282 4816 3515 4876 illustre-

1944 4919 2036 4966 tur
2078 4911 2281 4967 lumine
2322 4917 2635 4967 nostrorum
2673 4924 2980 4969 ceruorum.
3039 4910 3253 4968 Dicunt
3292 4920 3412 4979 est,
3455 4920 3516 4969 ut

1941 5002 2169 5067 testimo,
2199 5012 2369 5072 quare
2403 5001 2549 5057 cerei
2582 5002 2925 5073 deponantur
2954 5000 3012 5056 in
3041 5014 3241 5072 aquam
3264 5001 3334 5057 ad
3360 5000 3511 5056 invo—

1941 5092 2211 5148 cationem
2272 5090 2508 5163 Spiritus
2557 5093 2730 5149 sancti
2752 5131 2771 5157 ,
2825 5091 3089 5163 quoniam
3133 5092 3238 5164 ipsi
3274 5089 3511 5163 Spiritus

1938 5181 2113 5237 uncti
2143 5194 2432 5252 personui
2458 5180 2640 5251 aliqua
2673 5180 2836 5238 modo
2869 5180 3256 5247 demOnstrant.

2474 5293 2704 5352 CAPUT
2743 5293 2958 5351 XXVII.

1942 5385 2021 5441 De
2045 5385 2288 5440 unctione
2311 5384 2609 5441 chrismatis
2651 5403 2686 5441 α
2725 5385 3055 5457 presbytero,
3107 5392 3161 5457 et
3194 5381 3264 5435 de
3288 5352 3509 5450 impost-

2148 5457 2290 5511 tione
2313 5471 2503 5511 manus
2781 5452 2941 5527 πρὶν
2965 5452 3298 5523 neapltytum.

2009 5548 2315 5620 Antequam
2355 5547 2562 5619 aliquid
2583 5548 2796 5604 dicatur
2828 5546 2898 5604 de
2934 5557 3131 5600 manus
3162 5540 3507 5613 impositioue

1940 5640 2202 5711 episcopi,
2233 5638 2517 5696 dicendum
2544 5644 2661 5703 est,
2692 5651 2801 5707 qua
2826 5636 2898 5691 de
2925 5643 3090 5691 causa
3114 5639 3351 5705 ungatur
3371 5646 3507 5689 neo-

1940 5733 2145 5803 pbytus
2170 5746 2203 5786 a
2226 5731 2544 5802 presbytero
2574 5729 2632 5785 in
2662 5727 2867 5784 vertice
2901 5725 3114 5798 capitis.
3156 5724 3226 5784 Ut
3250 5726 3306 5783 in
3334 5726 3507 5800 gestis
