3890 6180
444 303 584 360 1017

1481 293 1815 350 AMALARII
1851 293 2286 350 PRESBYTER!
2326 296 2663 354 METENSIS

3581 304 3600 357 Ι
3611 302 3700 358 ut:

443 416 848 490 pontiﬁeslibus
869 415 1102 488 legitur,
1141 413 1418 484 Sylvester
1447 427 1584 482 papa
1615 412 1868 474 instituit,
1913 419 2029 465 uta
2061 418 2109 472 Α
2139 413 2257 468 sine
2294 414 2635 484 impositione
2679 431 2869 470 manus
2912 396 3151 486 episcopi
3198 418 3376 485 possit
3425 417 3705 489 neophytus

442 509 766 580 presbytero
828 513 1124 574 ungeretur
1189 504 1493 572 neophytus
1548 504 1602 556 in
1659 502 1914 568 cerebro;
1956 502 2029 556 ita

443 600 591 656 enim
623 599 888 669 scriptum
935 606 1059 652 est:
1092 595 1193 650 llic
1233 596 1558 660 constituit,
1592 604 1650 649 ut
1696 596 2030 664 baptizatum

443 693 602 747 liniat
633 689 922 762 presbyter
950 689 1247 745 chrismate
1274 688 1512 744 levatum
1548 688 1614 744 de
1646 703 1784 757 aqua
1812 697 2031 759 propter

440 783 788 838 occasionem
817 781 1084 836 transitus
1110 779 1302 835 mortis
1326 782 1382 850 1-.
1424 780 1543 849 Quo
1573 788 1817 850 tempore
1841 779 2030 852 Sylve-

440 885 554 929 ster
596 881 810 944 regeret
852 872 1150 929 Ecclesiam
1173 913 1190 939 ,
1238 871 1588 927 manifestum
1618 881 1704 927 est
1740 891 1752 925 :
1782 872 1888 930 hoc
1920 879 2026 936 est,

440 976 686 1037 tempore
728 981 837 1035 quo
869 965 1150 1021 Nieamum
1191 965 1482 1020 concilium
1527 965 1908 1020 conﬁrmatum
1941 974 2027 1021 est

436 1055 539 1110 sub
579 1054 910 1123 imperatore
938 1053 1324 1109 Constantino.
1366 1053 1531 1118 Dein,
1562 1062 1622 1107 ut
1650 1069 1792 1118 reor,
1833 1053 2025 1108 Patres

437 1145 612 1200 sancti
632 1145 1057 1207 constituerunt,
1083 1151 1143 1198 ut
1170 1150 1505 1214 ungerentur
1530 1143 1784 1215 ncophyti
1811 1159 1841 1198 a
1868 1159 2022 1214 pres—

433 1235 645 1305 lyteris
691 1235 990 1290 chrismate
1029 1243 1349 1289 consecrato
1399 1235 1469 1288 ab
1513 1235 1790 1304 episcopo.
1867 1234 2023 1290 Unde

434 1343 578 1382 unus
605 1343 795 1383 eorum
825 1327 1017 1381 doctor
1057 1326 1306 1396 egregius
1338 1326 1482 1381 Beda
1517 1326 1650 1380 dicit
1690 1326 1745 1380 in
1784 1334 2018 1382 tractatu

433 1432 596 1487 super
639 1417 808 1472 Actus
853 1415 1240 1485 apostolorum.
1297 1414 1435 1472 Nam
1486 1417 1851 1486 presbyteris,
1905 1418 2019 1472 sive

431 1519 588 1564 extra
613 1506 951 1577 episcopum,
999 1505 1116 1560 sive
1153 1513 1424 1575 praesente
1453 1505 1732 1575 episcopo,
1767 1522 1893 1562 cum
1919 1507 2019 1562 ba-

430 1599 660 1668 ptizant,
691 1597 989 1654 chrismate
1017 1594 1321 1665 baptizatos
1345 1610 1545 1664 ungere
1570 1594 1720 1661 licet,
1753 1598 1850 1651 sed
1872 1597 2016 1666 quod

429 1690 499 1743 ab
528 1688 784 1758 episcopo
829 1684 997 1740 fuerit
1039 1693 1460 1742 consecratum:
1493 1700 1602 1740 non
1649 1693 1830 1741 tamen
1865 1684 2015 1742 fron-

2136 504 2417 572 possidere
2451 520 2674 572 regnum
2703 503 2990 559 canorum.
3020 505 3186 559 Latro
3212 506 3304 574 qui
3337 505 3392 558 in
3421 520 3580 560 cruce
3595 522 3710 561 con-

2135 595 2310 650 fessus
2355 602 2438 649 est
2472 593 2791 660 Dominum,
2845 605 2899 650 et
2939 597 3145 651 audivit
3170 596 3238 650 ab
3270 611 3368 661 eo,
3422 596 3597 650 Hodie
3618 616 3708 652 me-

2133 702 2251 739 cum
2279 686 2381 740 eris
2408 686 2460 739 in
2485 687 2760 755 paradiso.
2789 702 2894 740 non
2922 687 3164 758 suscepit
3192 703 3386 742 manus
3415 689 3706 758 impositio-

2132 791 2276 839 nem,
2323 779 2570 848 quamvis
2613 792 2734 832 cum
2768 775 3100 846 baptizatum
3126 779 3414 832 credamus
3458 778 3623 834 fuisse
3666 782 3706 834 in

2131 882 2292 923 cruce
2338 885 2437 924 suo
2468 871 2750 941 sanguiue.
2811 869 2886 925 De
2915 887 3024 942 quo
3046 871 3317 940 baptismo
3350 873 3485 927 dicit
3514 872 3708 943 Grego-

2131 960 2244 1014 rius
2287 959 2662 1016 Nazianzenus
2712 961 2765 1016 in
2807 977 3057 1016 sermone
3099 963 3164 1016 de
3200 963 3459 1018 secundis
3483 963 3705 1033 Epipha-

2128 1048 2275 1103 niis:
2311 1047 2438 1105 SCIO
2483 1051 2630 1105 enim
2678 1061 2733 1105 et
2771 1061 3021 1122 quartum
3053 1052 3404 1122 baptismum,
3449 1069 3558 1122 quo
3593 1056 3704 1124 quis

2127 1138 2391 1208 sanguine
2426 1154 2525 1194 suo
2555 1155 2650 1210 per
2689 1141 3008 1211 martyrium
3046 1140 3371 1210 baptizatur,
3403 1157 3512 1211 quo
3541 1143 3703 1214 bapti-

2125 1242 2244 1282 smo
2290 1229 2458 1283 etiam
2502 1228 2752 1285 Christus
2789 1229 3096 1301 baptizatus
3138 1240 3259 1297 est,
3313 1244 3375 1287 ut
3405 1242 3462 1288 et
3503 1235 3555 1288 in
3588 1237 3700 1296 hoc.

2123 1320 2267 1375 sicut
2299 1321 2351 1374 in
2379 1320 2590 1375 cmteris
2617 1319 2846 1376 formam
2876 1324 3222 1378 credentibus
3253 1333 3307 1377 et
3340 1341 3398 1378 se
3439 1329 3702 1395 sequenti-

2123 1408 2223 1464 bus
2261 1409 2436 1465 daret.
2469 1412 2509 1481 οξ·
2537 1413 2612 1466 De
2654 1427 2762 1482 quo
2795 1413 3064 1482 baptismo
3111 1415 3246 1470 dicit
3293 1415 3630 1486 Augustinus
3653 1419 3701 1471 in

2120 1503 2346 1573 epistola
2372 1503 2439 1557 ad
2467 1503 2845 1558 Seleucianum
2876 1521 2889 1556 :
2919 1503 3036 1558 Jam
3059 1519 3164 1559 non
3182 1506 3444 1562 debemus
3467 1523 3700 1576 quaarere

2119 1595 2336 1664 quando
2375 1595 2607 1666 quisque
2653 1595 2821 1650 fuerit
2853 1595 3193 1667 baptizatus;
3232 1599 3328 1653 sed
3355 1615 3699 1670 quoscunque

2117 1685 2348 1756 legimus
2378 1685 2433 1740 in
2458 1700 2688 1757 corpore
2716 1686 2938 1752 Christi,
2963 1689 3106 1757 quod
3137 1697 3220 1742 est
3241 1687 3510 1750 Ecclesia,
3541 1691 3694 1759 perti-

431 1790 542 1835 tem
569 1795 635 1834 ex
656 1777 850 1833 eodem
879 1776 1002 1831 oleo
1027 1775 1281 1846 signare,
1312 1775 1456 1844 quod
1492 1775 1624 1830 solis
1655 1777 1885 1834 debetur
1905 1777 2016 1848 epi-
2041 1771 2089 1831 B
2116 1789 2248 1830 nere
2280 1775 2346 1830 ad
2389 1790 2614 1845 regnum
2671 1775 2936 1830 caelorum
2955 1818 2969 1841 ,
3002 1792 3110 1831 non
3141 1776 3245 1830 nisi
3289 1777 3597 1846 baptizatos
3621 1779 3693 1832 in-

426 1873 629 1944 scopis,
657 1887 784 1927 eum
813 1871 1036 1925 tradunt
1066 1868 1328 1940 Spiritum
1350 1868 1674 1939 paraclitum
1696 1869 2005 1939 baptizatis.

427 1964 584 2033 Quod
610 1964 658 2019 si
685 1972 847 2018 antea
875 1962 1143 2032 agebatur
1166 1959 1438 2030 superﬂue
1459 1960 1812 2016 constitutum
1835 1977 1866 2015 a
1885 1976 2009 2015 san-

426 2066 520 2112 cto
557 2055 854 2126 Sylvestro,
891 2052 1036 2123 quod
1069 2053 1186 2123 jam
1235 2052 1522 2123 agebatur.
1563 2049 1872 2107 Secundum
1904 2052 2009 2108 hoc

429 2149 784 2211 constitutum
806 2185 822 2209 ,
870 2159 1014 2208 reor,
1053 2143 1200 2214 quod
1227 2143 1296 2198 ad
1323 2143 1426 2198 hoc
1451 2141 1633 2212 priore
1669 2149 1912 2211 tempore
1941 2141 2008 2196 de

425 2240 680 2298 unctione
716 2238 1028 2293 chrismatis
1055 2233 1299 2307 pontifex
1341 2233 1778 2304 exspectabatur,
1821 2241 1879 2287 ut
1909 2249 2008 2305 per

423 2347 617 2385 manus
645 2330 886 2400 episcopi
917 2329 1096 2383 omnis
1124 2327 1310 2383 unctio
1338 2326 1688 2384 charismatis
1717 2335 2004 2395 ageretur:

421 2435 595 2490 usque
615 2421 684 2474 ad
713 2419 841 2474 illud
878 2427 1088 2488 tempus
1112 2432 1221 2474 non
1258 2416 1587 2488 generaliter
1607 2431 1799 2470 omnes
1835 2415 2006 2484 bapti-

421 2515 718 2577 zabantur,
769 2513 1040 2584 prmcipue
1091 2527 1215 2567 cum
1265 2512 1626 2582 imperatores
1667 2518 1722 2563 et
1768 2509 2007 2564 ministri

420 2619 609 2676 eorum
657 2619 854 2675 pagani
895 2611 1090 2669 erant,
1139 2619 1206 2658 ac
1243 2602 1364 2658 ideo
1390 2617 1496 2657 non
1528 2601 1687 2656 facile
1717 2601 2008 2672 neophytis

418 2696 598 2765 potuit
634 2710 926 2751 occurrere
967 2695 1288 2766 episcopus,
1331 2694 1416 2750 vel
1456 2694 1559 2764 ipsi
1595 2693 1664 2748 ad
1690 2694 2008 2763 episcopum

417 2788 628 2842 venire.
668 2787 961 2852 Sacerdos,
991 2787 1084 2856 qui
1119 2788 1275 2857 ungit
1302 2787 1656 2857 neophytum,
1686 2785 1868 2841 verbis
1893 2801 2006 2841 suae

414 2881 684 2934 orationis
742 2881 1066 2936 solutionem
1128 2881 1470 2936 vinculorum
1527 2889 1584 2936 et
1635 2880 2004 2951 alligationem

417 2973 702 3028 vulnerum
741 2982 1009 3029 monstrat
1038 3014 1052 3038 ,
1103 2973 1336 3030 dicendo
1369 2993 1384 3028 :
1432 2976 1576 3030 Deus
1611 2975 1958 3044 omnipotens
1983 3015 2000 3040 ,

419 3062 585 3118 Pater
611 3063 828 3118 Domini
859 3072 1033 3118 nostri
1063 3062 1190 3119 Iesu
1222 3064 1423 3119 Christi
1441 3105 1456 3129 ,
1495 3064 1589 3134 qui
1628 3072 1681 3117 te
1709 3079 1999 3133 regenera-

415 3155 497 3208 vit
525 3169 594 3208 ex
620 3169 761 3225 aqua
799 3163 855 3208 et
882 3153 1090 3224 Spiritu
1121 3163 1345 3218 sancto,
1383 3153 1587 3222 quique
1613 3153 1760 3210 dedit
1787 3153 1882 3208 tibi
1914 3168 2003 3209 re-

415 3247 728 3302 missionem
776 3246 1020 3301 omnium
1069 3252 1439 3315 peccatorum.
1490 3243 1550 3299 In
1590 3244 1710 3300 istis
1741 3244 1923 3300 verbis
1947 3253 2004 3299 et

413 3339 753 3393 curationem
800 3336 1150 3408 intelligimus
1186 3336 1509 3409 plagarum,
1572 3345 1630 3392 et
1676 3336 1999 3392 solutionem

413 3428 780 3484 vinculorum.
842 3429 1038 3484 Postea
1091 3429 1241 3485 addit
1297 3439 1632 3486 memoratus
1691 3430 1995 3486 sacerdos:

410 3519 532 3590 Ipse
552 3521 674 3576 linit
703 3529 755 3574 te
779 3522 1078 3577 chrismate
1103 3522 1296 3577 salutis
1324 3521 1379 3576 in
1407 3522 1578 3584 vitam
1599 3533 1862 3579 aeternam
1894 3537 1910 3577 :
1939 3522 1994 3577 in

413 3614 534 3670 istis
553 3629 690 3668 vero
719 3612 1073 3684 intelligimus
1116 3613 1474 3669 salvationem
1514 3615 1803 3685 quamdam
1823 3654 1839 3678 ,
1877 3629 2002 3684 quae

413 3708 658 3776 pertinet
679 3707 746 3760 ad
767 3707 998 3762 salutem
1025 3723 1198 3777 usque
1217 3708 1271 3762 in
1290 3709 1459 3763 vitam
1478 3718 1760 3764 :eternam.
1783 3711 2000 3781 Episco-

411 3813 516 3868 pus
543 3811 675 3852 vero
723 3798 958 3851 transilit
1013 3798 1179 3853 verba
1222 3816 1236 3852 :
1285 3797 1408 3868 Ipse
1449 3807 1504 3854 te
1534 3799 1658 3854 linit
1701 3802 1999 3857 chrismate

413 3887 630 3949 salutis,
678 3887 837 3955 quasi
881 3887 1068 3952 ditior,
1111 3903 1217 3942 non
1243 3888 1421 3943 solum
1460 3896 1521 3943 ut
1565 3889 1779 3944 salvare
1803 3893 1997 3960 possit,

412 3978 509 4032 sed
533 3977 698 4031 etiam
725 3975 925 4042 ditare,
956 3985 1014 4031 et
1039 3976 1172 4031 dicit
1209 3994 1222 4030 :
1267 3977 1471 4032 Emitte
1502 3978 1556 4032 in
1589 3993 1714 4034 eum
1749 3979 1998 4050 septiforo

410 4087 555 4130 mem
585 4072 846 4145 Spiritum
890 4079 1139 4129 sanctum
1165 4080 1320 4126 tuum
1348 4071 1686 4142 pa-raclntum
1717 4072 1786 4128 de
1819 4073 1994 4140 caelis,

411 4162 662 4236 spiritum
704 4163 983 4235 sapientiae
1026 4170 1082 4218 et
1127 4161 1468 4229 intellectus,
1495 4163 1750 4232 spiritum
1783 4163 1995 4220 consilii

413 4265 471 4310 et
497 4255 856 4320 fortitudinis,
877 4254 1127 4323 spiritum
1155 4253 1398 4309 scientia:
1415 4261 1472 4310 et
1491 4253 1731 4323 pietatis,
1759 4252 1995 4322 adimple

411 4361 536 4403 cum
583 4347 778 4418 spiritu
823 4346 1035 4401 timoris
1061 4346 1272 4400 Domini
1314 4353 1370 4402 et
1402 4345 1663 4415 consigna
1695 4360 1818 4400 eum
1840 4345 1996 4414 signo

2120 1865 2364 1936 telligere
2384 1865 2646 1921 debemus
2672 1884 2685 1920 :
2713 1867 2816 1922 nisi
2841 1867 2982 1923 forte
3001 1883 3138 1938 quos
3165 1868 3413 1940 angustia
3442 1872 3694 1941 passionis

2117 1957 2355 2022 invenit,
2411 1964 2467 2011 et
2516 1957 2764 2014 nolentes
2804 1973 3007 2030 negare
3053 1959 3366 2025 Cbristu,
3413 1972 3692 2032 antequam

2114 2046 2547 2116 baptizarentur,
2595 2047 2763 2103 occisi
2813 2057 2963 2113 sunt,
3009 2049 3207 2118 quibus
3249 2051 3363 2120 ipsa
3391 2053 3575 2120 passio
3611 2069 3691 2122 pro

2114 2139 2388 2210 baptismo
2427 2139 2684 2209 deputata
2724 2150 2827 2196 est.
2871 2142 3046 2196 Etiam
3085 2145 3252 2197 verba
3303 2143 3362 2198 S.
3416 2144 3688 2214 Sylvestri,

2113 2232 2206 2302 qui
2228 2232 2627 2287 obremedium
2655 2230 2990 2288 diﬂicultatis
3023 2233 3338 2303 episcopum
3366 2249 3686 2304 consequen-

2114 2325 2168 2378 di
2206 2332 2333 2378 ante
2354 2325 2559 2379 exitum
2590 2325 2810 2387 anim,
2837 2325 3003 2395 jussit
3029 2334 3086 2379 ut
3113 2325 3368 2380 liniretur
3399 2328 3686 2397 necphytus

2113 2431 2144 2469 a
2173 2416 2496 2488 presbytero
2527 2415 2829 2473 chrismate
2870 2417 3064 2472 salutis
3111 2417 3166 2474 in
3201 2418 3372 2472 vitam
3415 2429 3684 2483 retentam,

2111 2507 2190 2562 sic
2213 2517 2408 2562 sonant
2435 2507 2591 2576 quasi
2618 2507 2792 2578 possit
2824 2508 2993 2578 recipi
3023 2509 3079 2563 in
3102 2523 3272 2578 regno
3291 2508 3561 2564 cmlorum
3583 2510 3684 2564 sine

2111 2598 2460 2669 impositione
2515 2613 2710 2653 manus
2757 2599 3018 2670 episcopi.
3084 2598 3324 2654 Diversa:
3375 2601 3525 2654 enim
3575 2609 3680 2654 sunt
3776 2617 3788 2630 ν

2110 2690 2419 2745 mansiones
2446 2689 2502 2744 in
2532 2690 2694 2746 domo
2722 2689 2920 2746 Patris.
2951 2691 3027 2746 De
3056 2691 3163 2746 illis
3185 2692 3279 2763 qui
3299 2705 3400 2761 per
3422 2692 3680 2762 negligen-

2109 2782 2240 2836 tiam
2289 2783 2548 2836 amittunt
2593 2783 2834 2853 episcopi
2875 2784 3257 2853 prtescntiam,
3287 2794 3346 2838 et
3387 2799 3494 2838 non
3527 2784 3681 2839 susci-

2107 2875 2263 2944 piunt
2289 2890 2482 2930 manus
2503 2875 2925 2944 impositionem,
2951 2875 3292 2945 pensandum
3324 2887 3431 2941 est,
3457 2891 3524 2931 ne
3554 2875 3678 2930 forte

2107 2967 2162 3022 in
2199 2966 2412 3036 iustitia
2442 2966 2533 3022 illa
2567 2967 2914 3033 damnentur,
2949 2969 3002 3022 in
3044 2983 3152 3038 qua
3181 2967 3520 3040 negligenter
3539 2983 3679 3021 exer-

2107 3059 2544 3127 centjustiliam,
2589 3059 2718 3128 quia
2762 3059 3066 3114 debuerunt
3106 3059 3372 3115 festinare
3407 3059 3475 3114 ad
3503 3073 3676 3112 manus

2108 3150 2540 3220 impositionem.
2571 3149 2726 3205 Sicut
2749 3149 2894 3204 enim
2923 3149 3175 3206 Christus
3206 3151 3340 3206 dicit
3367 3170 3378 3204 :
3419 3149 3540 3204 Nisi
3573 3151 3674 3219 quis

2106 3250 2318 3296 renatus
2348 3241 2508 3312 fuerit
2543 3258 2608 3296 ea:
2639 3258 2778 3312 aqua
2808 3250 2858 3296 et
2890 3239 3097 3312 Spiritu
3132 3236 3343 3306 sancto,
3389 3258 3492 3295 non
3521 3248 3673 3312 potest

2103 3334 2322 3387 introire
2348 3333 2403 3388 in
2427 3349 2642 3404 regnum
2663 3333 2761 3386 Dei
2785 3348 2802 3386 :
2835 3333 3086 3389 similiter
3110 3334 3270 3389 dicit:
3303 3331 3424 3387 Nisi
3455 3332 3672 3386 abunda-

2102 3424 2233 3478 verit
2255 3424 2471 3494 justitia
2512 3435 2679 3479 vestra
2716 3423 2834 3494 plus
2871 3441 3033 3493 quam
3073 3423 3382 3478 Scribarum
3417 3433 3464 3477 et
3508 3419 3674 3475 Phari-

2101 3533 2352 3582 steorum,
2377 3532 2485 3570 non
2520 3516 2786 3580 intrabitis
2814 3516 2868 3570 in
2899 3532 3117 3586 regnum
3143 3514 3416 3570 caelorum.
3470 3513 3603 3569 Vere
3625 3514 3671 3567 in

2101 3606 2374 3676 baptismo
2416 3597 2766 3661 dimittuntur
2792 3613 2977 3662 nostra
3005 3615 3228 3676 peccata
3245 3647 3260 3670 ,
3305 3613 3364 3660 et
3389 3603 3670 3674 conscpeli-

2101 3715 2228 3754 mur
2270 3699 2521 3764 Christo,
2572 3699 2629 3753 in
2680 3699 3083 3755 resurrectione
3119 3697 3511 3767 justiﬁeamur,
3548 3698 3668 3752 sicut

2101 3790 2234 3845 dicit
2262 3787 2536 3860 apostolus
2558 3788 2797 3846 Paulus:
2829 3789 3076 3845 Mortuus
3115 3799 3190 3845 est
3237 3801 3454 3861 praptcr
3497 3789 3665 3843 delicta

2100 3890 2304 3946 nostra,
2334 3889 2385 3935 et
2411 3881 2700 3936 resurrexit
2731 3891 2944 3952 propter
2967 3881 3411 3952 justiﬁcationem
3433 3891 3662 3935 nostrain.

2099 3975 2232 4043 Quis
2278 3993 2402 4034 eum
2455 3979 2775 4036 suscitasset
2817 3994 2849 4034 a
2898 3981 3130 4036 mortuis
3155 4019 3170 4045 ,
3219 3979 3364 4034 idem
3398 3976 3667 4049 Apostolus

2099 4071 2417 4127 manifestat
2465 4073 2533 4128 ad
2573 4071 2852 4128 Romanos
2900 4073 3132 4128 dicens:
3183 4070 3340 4137 Quod
3382 4071 3428 4124 si
3471 4069 3663 4140 spiritus

2097 4162 2234 4232 ejus,
2260 4162 2351 4233 qui
2377 4163 2648 4218 suscitavit
2676 4163 2862 4219 Jesum
2885 4181 2917 4218 α
2938 4164 3184 4229 mortuis,
3199 4163 3408 4216 habitat
3434 4164 3488 4217 in
3499 4161 3636 4222 nobis
3646 4173 3661 4208 :

2097 4251 2188 4323 qui
2233 4252 2503 4306 suscitavit
2533 4251 2718 4307 Jesum
2751 4271 2784 4308 a
2812 4255 3035 4308 mortuis
3055 4295 3070 4319 ,
3106 4252 3488 4321 coneiviﬁcabit
3521 4250 3662 4304 etiam

2098 4343 2346 4397 mortalia
2387 4361 2610 4415 corpora
2657 4356 2846 4403 vestra.
2931 4347 3015 4403 Ad
3063 4348 3206 4418 quod
3260 4361 3398 4415 opus
3450 4343 3664 4398 τίγῖῆςθι

409 4439 611 4506 crucis,
637 4439 694 4493 in
724 4439 891 4494 vitam
924 4437 1252 4508 propitiatus
1278 4445 1558 4493 aeternam.
1600 4437 1727 4494 Haec
1757 4445 1884 4492 sunt
1909 4452 1996 4492 ve-
2020 4469 2072 4530 D
2100 4433 2338 4506 Spiritus
2365 4451 2591 4506 corpora
2619 4438 3112 4510 nostra,.superius
3143 4438 3196 4492 in
3236 4446 3530 4493 memorata
3558 4433 3659 4502 epi-

408 4530 689 4595 stimenta,
705 4529 904 4600 quibus
924 4529 1112 4584 ornari
1129 4536 1343 4599 oportet
1363 4528 1535 4583 ﬁlium
1566 4531 1732 4600 regis,
1766 4537 1827 4582 ut
1848 4536 1995 4584 stare

407 4619 582 4686 possit
622 4619 676 4673 in
722 4619 847 4674 aula
897 4617 1126 4673 ccelesti.
1179 4617 1284 4684 Qui
1324 4618 1693 4688 baptizantur,
1728 4616 1824 4670 filii
1866 4626 1996 4672 sunt

408 4708 527 4774 Dei,
577 4718 640 4763 ut
675 4708 914 4764 Joannes
947 4707 1292 4777 Evangelista
1340 4714 1569 4762 narrat:
1605 4705 1874 4774 Quotquot
1900 4724 1993 4760 au-

408 4806 511 4850 tem
547 4809 851 4869 receperunt
886 4815 1006 4853 eum
1026 4839 1040 4863 ,
1089 4798 1234 4852 dedit
1263 4798 1338 4852 eis
1377 4805 1686 4868 potestatem
1725 4795 1866 4863 ﬁlios
1891 4796 1992 4850 Dei

406 4885 548 4956 ﬁeri,
563 4893 618 4940 et
639 4887 864 4957 reliqua.
881 4888 1182 4957 Episcopus
1203 4888 1530 4957 deprecatur
1552 4886 1744 4950 Deum,
1770 4895 1830 4940 ut
1848 4887 1992 4942 sicut

406 4974 591 5030 lavare
633 4975 887 5046 dignatus
921 4987 1008 5031 est
1053 4979 1329 5032 hominem
1377 4991 1480 5046 per
1523 4975 1876 5044 baptismum,
1913 4977 1987 5032 ita

408 5063 665 5137 dignetur
710 5067 914 5121 vestire
956 5067 1227 5137 regalibus
1273 5064 1548 5130 vestibus,
1595 5065 1793 5134 quibus
1837 5066 1987 5121 indui

405 5166 619 5229 oportet
665 5155 805 5212 ﬁlios
835 5158 999 5229 regis.
1054 5159 1130 5212 De
1154 5156 1354 5228 quibus
1386 5156 1513 5212 ﬁliis
1552 5157 1686 5213 dicit
1711 5158 1988 5227 apostolus

403 5254 640 5309 Paulus:
693 5253 886 5308 Omnes
931 5255 1022 5324 qui
1056 5255 1111 5308 in
1138 5238 1349 5308 Christo
1376 5252 1630 5323 baptizati
1657 5253 1805 5319 estis,
1837 5253 1985 5308 Chri-

402 5353 543 5400 stum
571 5344 840 5400 induistis.
881 5343 960 5399 lbi
1005 5344 1235 5400 induunt
1283 5359 1342 5399 se
1377 5345 1639 5416 neophyti
1681 5345 1982 5410 Christum,

407 5435 496 5488 ubi
540 5445 874 5492 renovantur
901 5437 955 5490 in
997 5436 1288 5506 imaginem
1331 5435 1450 5504 ejus
1496 5436 1589 5506 qui
1620 5437 1827 5492 creavit
1869 5441 1982 5493 eos.

407 5519 556 5577 Mens
577 5523 724 5578 enim
743 5525 914 5580 vestis
943 5539 1006 5579 se
1027 5523 1277 5589 Christo,
1305 5525 1523 5594 quando
1547 5524 1640 5579 illo
1669 5525 1862 5594 spiritu
1893 5543 1984 5582 ve-

406 5611 586 5674 stitur,
627 5614 716 5681 qui
762 5615 1028 5685 requievit
1069 5615 1124 5670 in
1161 5613 1382 5670 homine
1416 5612 1655 5678 Christo,
1696 5623 1982 5685 postquam

406 5700 570 5764 erepit
597 5717 714 5758 esse
739 5705 921 5763 homo.
963 5707 1154 5761 Audivi
1197 5707 1485 5777 quemdam
1534 5707 1898 5776 interrogare,
1928 5694 1979 5762 si

2098 4523 2236 4579 stola
2281 4523 2714 4580 demonstratum
2760 4534 2878 4592 est,
2926 4527 3017 4582 ubi
3067 4528 3209 4583 idem
3251 4526 3424 4581 dicit:
3456 4525 3660 4595 Spiritus

2081 4623 2216 4669 'uero
2261 4616 2383 4669 vivit
2412 4626 2626 4687 propter
2659 4616 3117 4686 justiﬁcationem.
3161 4615 3236 4673 De
3275 4632 3384 4688 qua
3420 4614 3661 4685 iustiﬁca-

2095 4706 2240 4761 tione
2265 4705 2398 4762 dicit
2437 4714 2661 4762 sanctus
2703 4705 3038 4778 Augustinus
3088 4707 3142 4762 in
3179 4706 3318 4762 libro
3351 4707 3418 4762 de
3453 4704 3660 4760 Civitate

2093 4796 2190 4852 Dei
2226 4796 2492 4867 vigesimo
2538 4798 2736 4868 primo,
2788 4797 3028 4869 capitulo
3081 4797 3348 4868 vigesimo
3399 4795 3657 4868 septimo:

2096 4888 2234 4944 Nam
2260 4889 2390 4960 quid
2417 4889 2504 4944 cui
2532 4889 2776 4959 prodest,
2823 4889 2967 4960 quod
3008 4883 3337 4961 baptizatur,
3371 4889 3418 4944 si
3456 4903 3559 4943 non
3589 4885 3659 4956 ju-

2097 4981 2410 5037 stiﬁcatur?
2437 4979 2630 5036 Nonne
2659 4981 2751 5051 qui
2781 4981 2918 5036 dixit
2944 5000 2956 5035 :
3003 4979 3122 5035 Nisi
3159 4981 3277 5052 quis
3315 4990 3527 5035 renatus
3559 4977 3659 5045 fue-

2096 5075 2163 5128 rit
2191 5089 2256 5127 ex
2281 5090 2422 5143 aqua
2445 5082 2492 5127 et
2532 5070 2758 5144 Spiritu,
2790 5089 2896 5126 non
2937 5072 3156 5126 intrabit
3202 5072 3257 5125 in
3289 5060 3507 5141 regnum
3541 5066 3658 5120 Dei:

2092 5163 2210 5234 Ipse
2231 5163 2397 5218 etiam
2412 5162 2579 5219 dixit:
2611 5162 2732 5217 Nisi
2757 5161 3099 5216 abundaverit
3107 5160 3321 5230 justitia
3341 5171 3507 5214 vestra
3523 5168 3662 5223 super

2096 5253 2404 5310 Scribarum
2429 5265 2477 5310 et
2505 5252 2930 5318 Pharistrorum,
2963 5272 3068 5309 non
3097 5254 3363 5308 intrabitis
3387 5254 3441 5306 in
3464 5263 3658 5321 regnum

2089 5345 2337 5402 caelorum
2357 5345 2642 5403 ?Christus
2665 5347 2964 5402 resurrexit
2991 5355 3214 5417 propter
3233 5343 3656 5416 justiﬁeationcm

2089 5446 2330 5494 nostram
2356 5479 2372 5503 ,
2417 5437 2656 5509 Spiritus
2681 5454 2806 5494 eum
2843 5437 3126 5494 suscitavit
3161 5453 3191 5491 a
3234 5437 3498 5493 mortuis:
3529 5431 3652 5486 idem

2090 5527 2326 5599 Spiritus
2349 5529 2613 5593 viviﬁcat,
2643 5530 2759 5587 sive
2778 5528 3144 5585 viviticabitet
3167 5527 3416 5583 mortalia
3445 5533 3650 5592 corpora

2086 5628 2293 5675 nostra.
2331 5620 2562 5691 Liquido
2602 5630 2828 5692 apparet
2869 5618 3014 5690 quod
3063 5617 3395 5672 resurrectio
3429 5606 3649 5682 corporis

2085 5709 2289 5766 Christi
2327 5710 2482 5768 nobis
2519 5710 2938 5767 viviﬁca'ionem
2981 5709 3288 5780 promittat,
3330 5724 3445 5780 qua-
3479 5713 3641 5757 resur-
