3890 6180
272 319 419 380 tota
457 285 463 294 ’

1070 321 1159 378 DE
1196 321 1755 380 ECCLESIASTICIS
1791 322 2081 382 OFFICIIS
2118 327 2296 383 LIBRI
2332 328 2425 384 IV.
2463 359 2534 370 —-
2572 327 2700 386 LIB.
2739 331 2782 388 I.

3409 342 3549 399 1050

271 437 454 493 rectio
478 433 540 520 tit
557 435 1244 506 propterjustiﬁcationem
1287 450 1553 498 nostram.
1596 440 1866 498 Justitica—
1893 459 1940 518 Α
1968 458 2100 512 pere
2144 443 2406 514 Spiritum
2451 457 2699 508 sanctum
2725 451 2845 506 sine
2883 451 3233 523 impositione
3259 469 3477 520 manus,
3504 457 3555 512 si

273 531 352 584 tio
380 516 570 584 nostra
595 537 679 582 est
715 528 768 582 in
798 530 1187 586 exercitatione
1221 531 1490 589 bonorum
1521 549 1766 605 operum,
1804 544 1867 592 ut

269 619 599 676 Ambrosius
644 630 722 674 ait
769 620 823 674 in
873 628 1106 676 tractatu
1156 623 1399 696 epistolae
1444 623 1512 679 ad
1563 625 1862 682 Romanos.

271 710 542 779 Quamvis
571 718 624 765 et
642 719 824 780 justus
850 711 1025 766 bonus
1051 712 1310 768 dicendus
1339 714 1428 777 sit,
1455 721 1637 770 tamen
1665 730 1864 786 genera

270 800 392 871 ipsa
417 800 613 870 posuit,
634 799 840 868 justum
857 801 909 855 in
924 803 1184 858 exercitio
1207 803 1537 876 signiﬁcans,
1560 807 1755 861 bonum
1780 824 1867 862 ve-

271 909 334 948 ro
360 901 553 946 natum
596 891 687 960 qui
716 891 1063 960 simplicrtate
1103 893 1364 948 innocens
1395 896 1626 950 dicatur.
1668 897 1864 952 Nostra

271 984 412 1039 fides
439 986 509 1038 ita
538 992 780 1049 tenet,ut
810 985 927 1039 sine
960 984 1163 1056 Spiritu
1190 995 1380 1042 sancto
1411 1001 1582 1056 neque
1604 990 1862 1058 cogitare,

268 1090 454 1145 neque
483 1090 644 1144 agere
671 1075 804 1129 recti
827 1075 1030 1145 aliquid
1059 1075 1355 1132 valeamus.
1415 1077 1518 1132 Per
1540 1093 1733 1134 manus
1765 1079 1865 1133 im-

267 1168 599 1238 positionem
628 1167 896 1220 intimavit
924 1168 1125 1241 Paulus
1153 1171 1427 1238 apostolus
1465 1172 1711 1240 accipere
1739 1171 1861 1242 Spi-

271 1260 440 1312 ritum
479 1265 725 1311 sanctum
755 1258 1070 1320 credentes,
1119 1259 1444 1327 imponendo
1473 1276 1664 1314 manus
1693 1261 1860 1316 disci-

269 1349 440 1418 pulis,
469 1349 685 1417 quando
721 1347 872 1402 venit
922 1348 1192 1416 Ephesum
1217 1389 1230 1413 ,
1278 1358 1330 1403 et
1379 1350 1738 1421 interrogavit
1767 1367 1860 1405 eos

271 1440 462 1493 dicens
488 1457 500 1491 :
539 1437 594 1493 Si
625 1435 890 1506 Spiritum
919 1448 1172 1495 sanctum
1210 1441 1497 1510 accepistis
1527 1443 1859 1498 credentes?

271 1546 412 1599 quos
461 1537 648 1599 postea
706 1527 1019 1597 baptizavit,
1082 1545 1207 1598 quia
1259 1526 1483 1584 Joannis
1533 1532 1859 1601 baptismate

270 1627 434 1674 erant
478 1617 738 1687 baptizati
766 1658 779 1682 ,
821 1627 876 1671 et
905 1617 1162 1693 imposuit
1191 1617 1271 1672 eis
1307 1634 1524 1684 manus,
1564 1629 1623 1673 ut
1653 1621 1861 1690 accipe-

271 1721 397 1766 rent
429 1709 691 1779 Spiritum
741 1716 1010 1774 sanctum.
1070 1709 1413 1779 Acceperunt
1457 1710 1586 1766 olim
1634 1712 1855 1780 quidam

1967 549 2091 588 eum
2121 534 2383 592 Dominus
2413 537 2543 593 dare
2591 540 2862 597 voluerit:
2906 541 3002 598 sed
3037 559 3160 598 eum
3191 547 3389 616 oppido
3422 563 3522 604 con
3552 585 3554 587 ›

1968 624 2188 696 stringit
2231 628 2528 697 apostolica
2576 631 2916 698 observatio,
2971 648 3136 704 quam
3187 645 3552 693 exercuerunt

1967 728 2066 782 per
2090 731 2282 770 manus
2317 717 2744 788 impositionem,
2777 730 2830 777 et
2861 739 2988 778 cura
3016 740 3257 794 prmsens
3293 729 3555 783 ecclesia-

1968 804 2124 870 stica,
2152 803 2244 873 qui
2271 818 2368 876 per
2395 807 2779 881 negligentiam
2810 813 2988 881 perdit
3017 830 3209 869 manus
3249 815 3551 886 impositioo

1968 909 2113 949 nem.
2146 894 2507 953 Conferamus
2551 901 2739 955 eadem
2773 904 2934 967 dona,
2966 903 3121 972 juxta
3167 904 3550 975 Augustinum,

1967 1001 2090 1039 cum
2134 985 2562 1044 beatitudinibus
2612 991 2995 1049 demonstratis
3043 995 3095 1048 in
3127 1007 3348 1049 monte:
3391 1004 3445 1049 et
3474 997 3554 1049 vi-

1966 1077 2188 1133 deamus
2232 1094 2296 1135 ex
2358 1083 2540 1137 verbis
2583 1083 2871 1155 Augustini
2935 1096 3194 1156 quantum
3248 1088 3549 1157 periculum

1965 1169 2227 1238 incurrat,
2259 1175 2350 1244 qui
2383 1175 2719 1247 negligenter
2757 1179 2870 1233 exit
2897 1181 2964 1233 de
3002 1181 3200 1234 mundo
3238 1180 3355 1234 sine
3382 1180 3552 1250 impo-

1962 1263 2158 1317 sitione
2184 1280 2400 1320 manus.
2442 1266 2682 1323 Moratus
2701 1269 2891 1324 doctor
2918 1271 3240 1340 sapientiam
3271 1281 3553 1341 comparat

1959 1351 2200 1418 pacilicis
2225 1371 2236 1405 :
2266 1354 2318 1407 iu
2352 1356 2549 1424 quibus
2577 1358 2827 1412 ordinata
2859 1368 2988 1412 sunt
3010 1359 3215 1425 omnia,
3259 1360 3547 1430 nullusque

1960 1452 2140 1498 motus
2182 1445 2444 1500 adversus
2477 1449 2743 1504 rationem
2777 1450 2991 1506 rebellis
3031 1453 3196 1523 est‘j'.
3235 1451 3548 1508 Secundum

1960 1537 2100 1593 hanc
2127 1541 2588 1608 comparationem
2629 1558 2734 1595 non
2779 1551 2861 1596 est
2904 1543 3182 1613 pacificus,
3219 1545 3310 1614 qui
3338 1546 3552 1613 sapien-

1961 1627 2091 1681 tiam
2120 1644 2226 1684 non
2255 1629 2439 1696 habet,
2472 1646 2648 1699 neque
2681 1631 2850 1687 Filius
2879 1633 2995 1689 Dei.
3044 1635 3101 1688 Si
3130 1651 3236 1690 non
3267 1636 3343 1689 Γυι
3362 1638 3432 1690 rit
3456 1652 3549 1706 pa-

1957 1717 2166 1784 ciﬁcus,
2217 1718 2386 1774 Filius
2418 1721 2507 1776 Dei
2540 1737 2646 1776 non
2675 1731 2758 1778 est
2789 1740 2800 1775 :
2832 1732 3162 1793 quapropter
3191 1742 3296 1778 non
3325 1727 3549 1781 intrabit

269 1801 538 1871 Spiritum
581 1808 825 1854 sanctum
863 1799 980 1854 sine
1026 1800 1372 1870 impositione
1420 1817 1648 1868 manus,
1689 1803 1932 1872 etiamB
1962 1809 2015 1863 in
2047 1808 2228 1863 aulam
2279 1811 2581 1866 etclestem.
2619 1813 2956 1869 Intellectum
3001 1824 3282 1884 comparat
3329 1818 3547 1872 mundis

266 1901 562 1961 antequam
589 1889 1014 1959 baptizarentur,
1047 1890 1188 1946 sicut
1217 1892 1478 1961 scriptum
1505 1902 1591 1948 est
1618 1893 1672 1948 in
1700 1894 1852 1949 Acti-

263 1983 374 2037 bus
433 1982 802 2053 apostolorum
844 2001 857 2036 :
909 1981 1107 2036 Cecidit
1159 1983 1391 2054 Spiritus
1444 1996 1656 2040 sanctus
1699 2003 1856 2057 super

262 2092 450 2136 omnes
487 2076 575 2145 qui
609 2076 893 2130 audiebant
920 2075 1129 2130 verbum
1165 2075 1278 2130 Dei.
1323 2077 1476 2133 Unde
1510 2078 1654 2134 Beda
1683 2080 1736 2134 in
1761 2073 1855 2134 eoi-

262 2169 436 2224 dem:
481 2167 558 2222 Ne
588 2169 856 2238 baptisma
905 2167 1156 2240 gentibus
1204 2170 1421 2226 tradere
1468 2171 1678 2227 dubitet
1720 2171 1851 2242 quin

257 2257 467 2314 Petrus
495 2259 667 2314 sancti
697 2259 1009 2314 testimonio
1054 2259 1432 2325 confirmatur,
1473 2261 1619 2331 ipsas
1643 2261 1851 2318 lavacri

258 2369 463 2426 aquas,
513 2368 650 2423 quas
695 2352 1040 2408 sanctificare
1068 2352 1209 2407 solet
1242 2368 1384 2408 novo
1420 2354 1610 2410 ordine
1631 2370 1853 2426 percur-

260 2445 482 2501 rentis:
519 2445 661 2514 quod
711 2443 877 2500 semel
921 2445 973 2498 in
1015 2444 1385 2499 testimonium
1434 2444 1557 2500 lldei
1587 2445 1848 2519 gentium,

261 2553 548 2608 nunquam
571 2553 700 2591 vero
725 2538 777 2591 in
792 2535 990 2591 Judteis
1017 2537 1262 2592 evenisse
1277 2537 1563 2606 reperitur.
1584 2538 1658 2592 De
1674 2553 1777 2607 qua
1793 2551 1851 2591 re

258 2627 404 2682 dicit
448 2625 745 2696 Gregorius
785 2624 1160 2704 Nazianzenus
1201 2624 1256 2678 in
1287 2640 1537 2681 sermone
1563 2625 1629 2679 de
1659 2639 1849 2679 secon-

257 2720 352 2774 dis
377 2718 729 2789 Epiphaniis:
757 2716 873 2771 Non
907 2717 1166 2772 continuo
1198 2716 1374 2786 legem
1400 2716 1655 2773 Ecclesiis
1679 2717 1844 2781 dedit,

257 2814 308 2868 si
338 2811 508 2866 semel
533 2811 840 2880 aliquando,
865 2819 958 2864 aut
985 2824 1110 2864 raro
1135 2808 1340 2877 aliquid
1369 2807 1472 2862 tale
1493 2807 1694 2862 factum
1724 2816 1805 2863 est
1830 2826 1842 2862 :

255 2900 524 2970 quoniam
564 2898 781 2970 quidem
815 2913 989 2967 neque
1038 2898 1082 2952 si
1125 2913 1228 2952 una
1271 2897 1469 2951 alicubi
1509 2897 1743 2952 hirundo
1769 2898 1848 2952 vi-

257 2996 482 3058 deatur,
508 2993 654 3047 veris
683 2991 943 3046 continuo
981 2997 1194 3059 tempus
1233 2989 1462 3044 induxit.
1504 2987 1656 3054 Quod
1685 2988 1849 3044 mira-

253 3085 374 3141 culi
395 3100 556 3139 eausa
575 3085 657 3149 fit,
682 3084 795 3139 sive
818 3082 1175 3143 necessitatis,
1206 3096 1311 3134 non
1336 3088 1417 3135 est
1445 3079 1766 3134 trahendum
1793 3080 1845 3135 in

1955 1903 2141 1967 corde,
2174 1903 2265 1972 qui
2293 1912 2520 1973 purgato
2550 1901 2708 1957 oculo
2734 1918 2959 1958 cernere
2984 1913 3232 1974 possunt,
3257 1906 3401 1974 quod
3425 1922 3546 1960 cor-

1953 2009 2152 2064 poreus
2178 1993 2368 2048 oculus
2412 2009 2519 2048 non
2550 1993 2705 2057 vidit,
2735 2009 2837 2048 nec
2883 1994 3034 2048 auris
3076 1993 3316 2058 audivit,
3351 2010 3454 2048 nec
3488 1995 3542 2049 in

1958 2101 2056 2139 cor
2084 2085 2322 2140 hominis
2351 2085 2615 2140 ascendit.
2661 2083 2971 2139 Secundum
3000 2084 3132 2147 lucc,
3183 2086 3275 2155 qui
3307 2101 3411 2140 non
3443 2087 3541 2140 lia-

1956 2176 2049 2231 bet
2074 2176 2441 2240 intellectum,
2495 2190 2604 2246 quo
2645 2175 2842 2230 vadat?
2871 2175 3000 2244 quia
3032 2190 3208 2230 caecus
3233 2184 3337 2241 est,
3365 2182 3421 2230 et
3448 2191 3543 2231 ne-

1955 2265 2058 2320 scit
2083 2279 2190 2335 quo
2216 2263 2396 2319 vadat.
2439 2263 2736 2322 Consilium
2767 2273 3048 2334 comparat
3073 2264 3540 2328 misericordibus,

1955 2357 2048 2427 qui
2080 2356 2376 2419 dimittunt,
2409 2364 2470 2409 ut
2500 2355 2808 2408 dimittatur
2837 2354 2974 2418 illis;
3014 2362 3070 2409 et
3095 2354 3353 2423 adjuvant
3382 2364 3542 2411 ecete—

1955 2463 2048 2502 ros
2076 2446 2219 2503 sicut
2261 2461 2321 2502 se
2358 2445 2546 2500 volunt
2590 2443 2854 2512 adjuvari.
2908 2442 3038 2498 Sine
3076 2445 3179 2499 hoc
3217 2445 3358 2499 dono
3383 2459 3542 2500 nemo

1955 2539 2203 2608 pervenit
2231 2538 2300 2592 ad
2334 2552 2559 2607 regnum
2589 2536 2716 2600 Dei,
2747 2537 2960 2591 dicente
2981 2537 3275 2606 Evangelia
3301 2555 3314 2590 :
3349 2535 3410 2592 Si
3432 2555 3536 2592 non

1954 2627 2259 2684 remiseritis
2285 2629 2640 2696 unusquisque
2661 2627 2817 2696 fratri
2843 2644 2938 2680 suo
2968 2627 3032 2681 de
3055 2627 3298 2681 cordibus
3328 2629 3534 2693 vestris,

1953 2732 2053 2772 nec
2075 2715 2240 2771 Pater
2265 2725 2444 2772 vester
2463 2717 2704 2772 coelestis
2731 2717 2969 2773 dimittet
3000 2719 3154 2773 vobis
3179 2729 3406 2790 peccata
3437 2736 3533 2775 ve-

1951 2819 2084 2862 stra.
2127 2808 2522 2863 Fortitudinem
2543 2819 2823 2879 comparat
2847 2811 3234 2876 esurientibus,
3265 2812 3356 2881 qui
3380 2811 3529 2866 labo-

1951 2905 2076 2952 rant
2101 2898 2460 2954 desidcrando
2474 2900 2727 2968 gaudium
2749 2900 2813 2955 de
2841 2901 2988 2955 veris
3023 2901 3197 2956 bonis.
3227 2901 3326 2969 Qui
3354 2911 3536 2973 potest

1951 2987 2177 3058 adipisci
2209 3004 2433 3061 regnum
2474 2990 2770 3056 caelorum,
2835 2991 2940 3046 nisi
2981 2992 3299 3047 desiderans
3333 2992 3530 3063 gaudia

1949 3067 2210 3134 verorum
2231 3079 2531 3134 bonorum?
2559 3078 2851 3134 Scientiam
2883 3090 3162 3150 comparat
3188 3081 3497 3152 lugentibus
3516 3122 3531 3144 ,

254 3173 734 3231 consuetudinem.
795 3171 1100 3228 Secundum
1137 3169 1480 3236 Matthacuui,
1511 3170 1686 3224 modis
1716 3169 1845 3223 duo—
1873 3165 1917 3225 C
1949 3178 2078 3248 quia
2115 3175 2230 3246 jam
2283 3184 2650 3246 cognoverunt
2692 3175 2746 3229 in
2775 3176 3081 3244 scripturis,
3129 3175 3326 3246 quibus
3372 3175 3530 3231 malis

253 3267 368 3320 bus
393 3265 736 3335 baptizamur
763 3263 990 3334 Spiritu.
1039 3261 1159 3331 Ipse
1185 3262 1351 3326 enim,
1385 3262 1578 3331 inquit,
1611 3261 1844 3330 baptiza-

254 3360 334 3414 bit
388 3374 475 3412 vos
504 3355 706 3427 Spiritu
743 3366 926 3410 sancto
962 3364 1010 3410 et
1042 3356 1177 3425 igne.
1247 3353 1595 3425 Baptizamur
1637 3352 1842 3423 Spiritu

253 3455 456 3505 sancto
483 3456 539 3502 et
564 3450 685 3518 igne
722 3463 733 3498 :
777 3447 1118 3516 baptizamur
1145 3444 1349 3515 Spiritu
1383 3453 1593 3509 sancto,
1629 3445 1844 3514 quando

253 3539 540 3594 abluimur
567 3553 596 3592 a
627 3538 869 3608 peccatis
894 3577 909 3600 ,
961 3552 1121 3606 quam
1155 3535 1489 3590 ablutionem
1537 3533 1844 3606 signiﬁcant

252 3631 400 3686 alba:
423 3629 604 3685 vestes
630 3630 686 3684 in
719 3630 1044 3699 baptismate
1079 3644 1177 3698 per
1205 3635 1378 3683 totum
1405 3642 1624 3698 corpus.
1657 3627 1843 3697 Bapti-

253 3737 455 3778 zamur
479 3723 601 3793 igne
625 3763 640 3787 ,
689 3723 906 3793 quando
935 3721 1186 3799 ardorem
1219 3720 1456 3792 Spiritus
1495 3720 1796 3791 accipimus
1824 3733 1839 3772 :

254 3825 320 3872 ut
347 3815 580 3886 apostoli
611 3824 943 3884 acceperunt
985 3814 1040 3868 in
1083 3813 1173 3868 die
1213 3813 1584 3869 Pentecostes.
1635 3813 1847 3884 Baptis-

252 3924 412 3963 mum
452 3907 592 3979 ignis
621 3907 918 3977 accipimus
946 3921 1044 3976 per
1071 3905 1472 3975 impositionem
1510 3919 1704 3960 manus
1731 3903 1846 3975 epi-

253 4014 578 4069 scoporum,
623 3999 715 4068 qui
765 4009 1050 4052 consumat
1091 3997 1253 4068 ligna,
1297 3996 1506 4062 fenum,
1549 3995 1840 4068 stipulam:

255 4090 393 4162 quia
428 4089 576 4143 Deus
599 4089 738 4160 ignis
764 4104 1094 4146 consumens
1115 4096 1230 4152 est,
1263 4097 1320 4144 et
1354 4087 1590 4143 calorem
1623 4095 1847 4158 praestat

255 4185 388 4238 vita:
412 4192 654 4247 aeternaa,
683 4189 846 4253 atque
882 4182 1063 4237 lumen
1105 4182 1322 4238 videndi
1349 4197 1415 4237 ea
1448 4196 1568 4251 qua:
1595 4180 1841 4235 mortali-

255 4274 366 4328 bus
387 4272 560 4328 oculis
583 4272 768 4340 clausa
795 4280 941 4326 sunt.
977 4271 1084 4328 Iste
1113 4272 1307 4328 modus
1334 4271 1689 4342 apparitionis
1722 4269 1844 4338 Spi-

1947 3266 2115 3320 vincti
2157 3274 2465 3331 teneantur,
2499 3281 2620 3334 qua:
2651 3273 2906 3333 tanquam
2932 3267 3071 3321 bona
3098 3274 3153 3320 et
3193 3266 3345 3320 utilia
3383 3267 3536 3338 igno-

1947 3365 2130 3412 rantes
2155 3363 2503 3426 aperuerunt.

1991 3444 2135 3502 .Nisi
2163 3444 2310 3498 enim
2339 3445 2503 3500 homo
2531 3450 2790 3513 agnoscat
2826 3457 3069 3497 errorem
3104 3459 3264 3497 suum
3298 3449 3353 3495 et
3379 3443 3445 3495 ab
3469 3458 3535 3496 eo

1947 3552 2008 3592 se
2031 3535 2352 3605 corrigendo
2381 3543 2706 3598 revertatur,
2749 3549 2857 3590 non
2897 3544 2983 3590 est
3021 3543 3180 3604 aptus
3209 3549 3374 3606 regno
3404 3535 3524 3588 Dei.
3555 3570 3580 3581 κ

1947 3625 2210 3680 Pietatem
2260 3632 2540 3693 comparat
2580 3625 2845 3679 mitibus:
2873 3626 2967 3694 qui
3015 3625 3160 3678 enim
3206 3624 3294 3694 pie
3335 3625 3534 3693 qumrit

1948 3728 2194 3774 sanctam
2223 3715 2594 3786 Scripturam,
2631 3725 2687 3771 et
2714 3731 2824 3771 non
2855 3715 3208 3785 reprehendit
3228 3715 3372 3784 quod
3397 3729 3534 3768 nou-

1947 3812 2074 3867 dum
2115 3809 2401 3880 intelligit,
2442 3818 2496 3864 et
2530 3817 2822 3879 propterea
2851 3823 2954 3863 nou
2989 3808 3222 3871 resistit,
3254 3809 3399 3876 quod
3426 3815 3531 3872 est,

1947 3904 2135 3966 mitem
2165 3918 2304 3968 esse,
2355 3901 2468 3972 ipse
2489 3901 2792 3971 possidebit
2821 3909 3042 3954 terram.
3085 3898 3361 3954 Timorem
3389 3913 3536 3954 com—

1944 4005 2105 4065 parat
2132 3993 2451 4058 humilibus,
2483 3996 2549 4048 de
2597 3993 2795 4063 quibus
2821 3991 3173 4063 Evangelium
3217 3990 3537 4047 manifestat

1945 4085 2088 4156 quod
2136 4085 2376 4156 ipsorum
2424 4085 2497 4140 sit
2539 4100 2763 4156 regnum
2791 4084 3076 4139 cmlorum.
3114 4082 3196 4137 Ad
3223 4083 3364 4151 quod
3393 4097 3533 4151 pra:-

1946 4176 2118 4230 mium
2165 4176 2281 4230 haec
2329 4175 2470 4230 dona
2515 4175 2842 4243 perducant,
2886 4173 2942 4226 in
2979 4171 3220 4226 clausula
3247 4171 3532 4239 praesentis

1947 4265 2370 4336 comparationis
2390 4303 2406 4329 ,
2453 4263 2593 4317 idem
2611 4302 2628 4327 ,
2659 4263 2814 4331 cujus
2840 4262 3006 4316 verba
3046 4259 3349 4330 intelligere
3375 4261 3529 4328 cupi-

258 4367 407 4420 ritus
437 4363 638 4427 sancti,
674 4378 780 4418 non
809 4362 911 4418 fuit
943 4363 1286 4418 necessarius
1322 4363 1376 4417 in
1413 4361 1615 4418 Christi
1639 4361 1845 4428 baptis-
1947 4371 2089 4418 mus,
2141 4354 2415 4423 explanat,
2465 4352 2732 4408 dicendo:
2773 4351 2953 4407 Unum
3001 4359 3181 4406 autem
3220 4352 3524 4420 praaniium,

256 4464 410 4511 mate
435 4473 448 4509 :
476 4455 604 4526 quia
631 4469 740 4510 non
773 4454 924 4508 venit
949 4455 1237 4510 ostendere
1277 4454 1587 4510 necessario
1615 4468 1681 4508 ea
1715 4467 1842 4522 ope-
1869 4515 1914 4526 “
1947 4444 2094 4516 quod
2127 4450 2211 4496 εει
2251 4457 2477 4512 regnum
2517 4442 2777 4497 εωιοηιιη
2799 4482 2814 4507 υ
2847 4457 2948 4512 pro
2977 4442 3068 4496 his
3098 4441 3354 4512 gradibus
3379 4442 3528 4496 Varie

255 4550 376 4606 rari
427 4515 511 4603 in.
531 4548 751 4603 homine
791 4547 1044 4612 Christo,
1091 4562 1214 4618 qua,
1273 4515 1838 4608 εοωιηθηιοι-ενίηιῖιε,
1869 4515 1921 4573 Ῑ)
1947 4515 2284 4598 nominatum
2313 4539 2416 4586 est.
2473 4530 2630 4586 Sicut
2660 4532 2806 4587 enim
2851 4532 2936 4588 his
2958 4532 3279 4587 subvenitur
3309 4547 3340 4585 a
3370 4531 3528 4586 donis

252 4641 525 4712 quoniam
555 4639 610 4694 in
655 4655 720 4694 eo
767 4640 976 4694 habitat
1019 4639 1198 4693 omnis
1228 4637 1506 4707 plenitudo
1543 4637 1842 4692 divinitatis

251 4732 651 4804 corporaliter;
683 4731 777 4787 sed
801 4732 856 4787 in
883 4731 1142 4802 apostolis
1175 4738 1231 4786 et
1255 4730 1468 4785 caeteris
1490 4729 1838 4784 hominibus:

253 4825 318 4882 Si
351 4824 481 4894 quis
515 4823 633 4880 sine
662 4824 768 4879 isto
798 4823 1124 4892 baptismate
1165 4821 1481 4892 migraverit
1515 4821 1581 4875 de
1625 4819 1840 4887 saeculo,

248 4917 629 4990 periculosum
677 4917 783 4971 iter
829 4917 1039 4986 arripit.
1093 4916 1207 4972 Hoc
1239 4914 1542 4985 praevidens
1569 4912 1845 4984 Sylvester

248 5023 428 5081 papa,
457 5015 720 5078 quantum
750 5007 963 5076 potuit,
997 5007 1248 5062 subvenit
1273 5026 1286 5061 :
1315 5014 1372 5060 et
1403 5012 1624 5074 propter
1651 5004 1846 5058 absen-

250 5102 399 5155 tiam
426 5099 828 5169 episcOporum,
861 5099 1188 5154 necessitate
1215 5097 1420 5153 addidit
1457 5105 1519 5150 ut
1562 5113 1594 5151 a
1620 5097 1844 5165 presby-

250 5200 386 5248 tero
415 5199 768 5260 ungerentur.
808 5190 1130 5246 Timendum
1157 5198 1271 5255 est,
1308 5204 1374 5244 ne
1416 5189 1506 5243 illa
1539 5188 1841 5244 ditl'erentia

248 5285 332 5340 sit
366 5283 514 5338 inter
540 5284 722 5350 illum,
751 5286 844 5354 qui
875 5285 993 5341 sine
1016 5284 1361 5354 impositione
1403 5299 1596 5338 manus
1635 5284 1841 5338 moria-

249 5386 376 5440 tur,
424 5383 480 5435 et
519 5377 661 5430 inter
690 5376 840 5432 illum
868 5377 962 5446 qui
988 5391 1112 5431 eum
1141 5375 1374 5445 accipit,
1421 5389 1542 5443 quae
1584 5382 1669 5429 est
1695 5375 1844 5429 inter

248 5466 546 5524 stellarum
573 5465 972 5531 claritudinem,
996 5466 1101 5521 hoc
1118 5474 1224 5529 est,
1254 5465 1502 5534 quamvis
1530 5479 1633 5518 non
1662 5463 1844 5520 exclu-

249 5561 466 5614 dantur
508 5573 540 5612 a
571 5571 740 5627 regno
780 5557 876 5614 Dei
906 5564 1126 5627 propter
1161 5565 1360 5612 caetera
1381 5557 1522 5610 bona
1543 5571 1734 5624 opera,
1762 5563 1843 5610 ta-

250 5666 389 5708 men
438 5664 545 5704 non
587 5649 825 5704 habeant
853 5649 1002 5704 illum
1036 5648 1212 5702 locum
1233 5687 1247 5712 ,
1278 5663 1438 5718 quem
1465 5647 1765 5711 haberent,
1797 5648 1842 5703 si

255 5744 420 5799 illam
472 5743 796 5809 acciperent.
855 5740 972 5795 Non
1007 5756 1143 5810 nego
1189 5755 1348 5808 posse
1389 5739 1663 5794 hominem
1693 5740 1841 5794 acci-

1945 4625 2182 4696 Spiritus
2210 4622 2383 4678 sancti
2412 4664 2426 4687 ,
2457 4622 2654 4692 quibus
2698 4620 2890 4675 tribuit
2931 4621 3075 4676 idem
3123 4620 3356 4690 Spiritus
3396 4635 3524 4676 san-

1943 4727 2064 4774 ctus
2087 4757 2103 4782 ,
2152 4725 2212 4771 ut
2239 4717 2326 4787 pie
2366 4722 2675 4786 quaarerent
2722 4729 2787 4768 ac
2830 4713 3121 4769 salubriter
3147 4720 3528 4783 exspectarent

1943 4809 2283 4882 baptismalia
2310 4814 2648 4863 sacramenta
2669 4846 2685 4872 ,
2716 4805 2964 4876 quamvis
2999 4804 3066 4858 ad
3106 4819 3169 4860 ea
3198 4820 3303 4859 non
3333 4817 3524 4874 perve—

1944 4901 2135 4955 niant:
2169 4899 2249 4954 sic
2293 4897 2590 4952 timendum
2636 4905 2750 4962 est,
2802 4910 2869 4950 ne
2904 4910 3011 4950 non
3058 4895 3408 4950 subveniatur
3438 4893 3524 4948 his

1944 4989 2037 5059 qui
2063 4987 2400 5060 negligenter
2425 4987 2544 5042 hinc
2571 4986 2668 5040 Dei
2697 4987 2836 5039 dona
2869 4995 3142 5054 quaerunt.

2017 5099 2094 5153 De
2116 5098 2204 5152 his
2230 5104 2415 5152 autem
2462 5096 2556 5166 qui
2604 5094 2939 5166 negligenter
2981 5109 3047 5148 ea
3093 5093 3356 5158 tribuunt,
3387 5092 3523 5147 seri-

1945 5199 2094 5261 ptum
2120 5197 2206 5245 est
2245 5189 2302 5242 in
2331 5186 2623 5258 Evangelia
2659 5206 2672 5240 :
2705 5187 2862 5242 Serve
2888 5187 3026 5242 male
3052 5196 3100 5241 et
3129 5189 3294 5256 piger,
3321 5185 3520 5240 sciebas

1943 5284 2070 5354 quia
2095 5291 2232 5336 meto
2259 5281 2349 5334 ubi
2377 5297 2483 5335 non
2505 5281 2706 5335 semina
2723 5319 2739 5345 ,
2779 5289 2828 5334 et
2856 5295 3110 5349 congrege
3135 5278 3222 5330 ubi
3247 5294 3350 5330 non
3369 5291 3520 5344 spar-

1910 5409 1915 5413 -
1945 5377 1991 5430 si
2014 5391 2032 5430 :
2055 5375 2284 5446 oprtuit
2314 5388 2436 5443 ergo
2473 5380 2528 5427 te
2549 5372 2756 5426 mittere
2776 5371 3056 5442 pecuniam
3082 5383 3252 5420 meum
3276 5379 3520 5418 nummu-

1944 5467 2120 5521 lariis.
2145 5465 2213 5519 Et
2231 5472 2357 5534 post
2381 5477 2552 5532 pauca
2595 5479 2610 5515 :
2653 5460 2902 5516 Inutilem
2935 5473 3137 5514 servum
3157 5455 3331 5524 ejicite
3357 5453 3414 5506 in
3445 5462 3521 5507 te.

1949 5557 2135 5612 πάνυ
2177 5556 2458 5610 exteriores
2480 5593 2494 5616 ,
2533 5553 2606 5608 ibi
2633 5553 2731 5606 erit
2766 5553 2922 5618 ﬂetus
2961 5558 3011 5604 at
3037 5546 3236 5603 stridor
3261 5544 3518 5600 deutitutt.

1949 5633 2240 5703 Memorata
2263 5646 2402 5702 dona
2435 5649 2658 5700 sanctius
2675 5641 2969 5711 Gregorius
2994 5655 3092 5710 per
3108 5638 3308 5708 gradus
3333 5652 3520 5694 ascen-

1949 5739 2189 5798 dentium
2228 5745 2450 5794 enarrat
2489 5737 2545 5792 in
2597 5735 2737 5790 libro
2776 5734 2840 5788 de
2886 5730 3266 5788 Alditicatioae
3313 5729 3522 5800 temph,
