3890 6180
363 359 495 415 1051

1398 339 1732 398 ΑΜΑιΑΒιι
1768 334 2206 395 PRESBYTERI
2245 331 2584 389 METENSIS

3496 333 3646 390 ωηεν,

357 474 502 529 unde
531 457 773 542 quaedam
800 460 1172 534 excerpsimus
1193 501 1207 526 ,
1236 473 1358 529 qua:
1386 456 1476 512 hic
1498 456 1676 511 locum
1710 453 1930 508 habent.
1965 453 2012 510 Α
2041 447 2252 542 ᾶιιοηίᾱ
2282 456 2368 504 est
2391 449 2503 502 vita
2531 454 2592 542 et
2625 445 2906 542 doctrina,
2937 445 3042 542 sibi
3071 441 3318 542 connexa
3349 445 3648 542 inveniam-

357 563 630 633 Propheta
663 571 792 629 ergo
813 598 828 621 ,
877 553 1087 624 inquit,
1136 549 1264 621 quia
1291 549 1357 603 de
1390 545 1708 603 caelestibus
1741 543 1808 598 ad
1833 543 1940 596 ima

359 655 698 724 loquebatur,
751 649 917 718 cmpit
965 645 1140 716 magis
1176 659 1206 697 a
1253 641 1540 712 sapientia,
1581 646 1636 694 et
1666 635 1946 693 descendit

361 744 428 798 ad
455 742 703 796 timorem
733 757 743 792 :
782 737 974 806 Sapit,
1005 735 1097 803 qui
1129 733 1306 788 credit
1343 731 1397 785 in
1435 736 1677 784 sanctam
1709 725 1946 781 Trinita-

363 839 496 885 tem.
554 825 808 896 lntelligit
845 825 939 894 qui
980 828 1251 893 prtecepta
1287 819 1468 874 divina
1513 832 1677 872 sensu
1715 814 1948 886 percipit

361 938 414 993 et
440 938 605 995 opere
631 921 835 992 implet.
897 918 1196 975 Consilium
1228 914 1424 979 habet,
1457 913 1552 983 qui
1587 911 1946 982 quodcunque

363 1016 512 1087 agit,
558 1013 854 1084 prudenter
898 1007 1178 1080 praevidet.
1239 1004 1424 1060 Fortis
1467 1011 1583 1066 est,
1614 1003 1703 1072 qui
1743 1000 1949 1058 resistit

363 1104 581 1161 diabolo
607 1112 662 1159 et
688 1100 950 1156 voluntati
993 1099 1129 1170 ejus.
1195 1095 1341 1161 Scit,
1373 1094 1466 1164 qui
1499 1094 1641 1148 inter
1666 1092 1867 1146 bonum
1894 1099 1950 1146 et

363 1195 565 1250 malum
618 1194 928 1248 discernere
979 1189 1148 1244 novit.
1205 1185 1335 1240 Pius
1361 1193 1464 1250 est,
1497 1184 1586 1254 qui
1616 1190 1838 1253 peccata
1867 1182 1948 1237 di-

364 1285 568 1349 mittit,
615 1291 670 1337 et
700 1283 1071 1352 eleemosynas
1109 1278 1258 1333 facit.
1312 1277 1491 1332 Timet
1524 1273 1693 1329 Deum
1721 1274 1813 1344 qui
1839 1288 1947 1328 non

369 1386 579 1429 tantum
603 1373 741 1427 bene
773 1371 924 1436 facit,
959 1370 1051 1426 sed
1080 1369 1221 1423 male
1252 1367 1431 1422 facere
1460 1381 1570 1421 non
1601 1364 1782 1420 audet.

441 1462 548 1516 Sed
576 1477 676 1516 nos
708 1462 798 1529 qui
831 1477 861 1514 a
895 1460 1124 1514 terrenis
1145 1459 1213 1512 ad
1237 1456 1479 1513 caelestia
1509 1456 1804 1522 tendimus,
1829 1469 1948 1510 eos-

365 1555 486 1608 dem
515 1554 716 1623 gradus
738 1551 1082 1608 ascendendo
1108 1563 1475 1613 numeremus,
1505 1555 1567 1603 ut
1597 1564 1628 1602 a
1657 1547 1852 1602 timore
1881 1547 1948 1602 ad

367 1646 688 1717 sapientiam
728 1643 1012 1715 pervenire
1063 1641 1359 1695 valeamus.
1423 1639 1482 1693 lu
1525 1623 1706 1693 mente
1748 1639 1950 1698 etenim

365 1743 554 1790 nostra
583 1734 790 1804 primus
811 1731 1149 1787 ascensionis
1175 1729 1372 1800 gradus
1399 1735 1482 1782 est
1508 1728 1672 1782 timor
1697 1727 1909 1782 Domini
1934 1745 1947 1780 :

2046 544 2136 591 tur
2172 538 2226 592 in
2267 546 2474 608 septem
2514 535 2690 592 donis.
2739 534 3019 606 Sapientia
3059 537 3294 606 primum
3333 545 3392 590 et
3432 534 3656 594 intelle-

2045 635 2186 682 ctus.
2233 623 2512 698 Sapientia
2555 627 2624 682 ad
2649 627 2842 692 vitam,
2868 625 3265 682 intellectus’ad
3296 627 3650 684 doctrinam:

2045 717 2330 773 consilium
2359 718 2426 772 ad
2448 719 2768 781 doctrinam,
2795 715 3056 771 fortitudo
3079 718 3147 773 ad
3168 719 3338 772 vitam
3364 737 3378 772 :
3409 718 3656 774 scientia

2047 807 2115 861 ad
2144 806 2468 872 doctrinam,
2497 807 2670 877 pietas
2695 807 2762 860 ad
2792 806 2983 859 vitam.
3011 805 3137 861 Haec
3164 814 3291 860 sunt
3316 815 3652 861 ornamenta

2045 899 2236 965 vestis,
2271 914 2392 970 quae
2440 899 2631 954 tribuit
2677 897 2820 954 Deus
2870 900 3041 954 menti
3089 914 3190 968 per
3235 899 3654 970 impositionem

2048 1003 2261 1056 manus,
2289 990 2407 1045 sine
2434 989 2630 1060 quibus
2667 989 3037 1060 periculosum
3078 999 3165 1046 est
3205 991 3448 1061 aliquem
3493 989 3656 1044 inve-

2049 1081 2155 1135 niri
2201 1081 2256 1135 in
2295 1081 2543 1136 convivio
2581 1080 2744 1150 regis,
2777 1096 2847 1135 ne
2879 1080 3066 1134 audiat
3114 1095 3302 1135 vocem
3345 1082 3659 1140 terribilem

2049 1167 2542 1237 dicentis:AmiCe,
2579 1169 2840 1241 quomodo
2891 1171 2992 1224 huc
3041 1170 3253 1224 intrasti
3296 1189 3400 1226 non
3448 1173 3660 1230 habens

2050 1271 2242 1316 vestem
2283 1261 2611 1332 nuptialem?
2645 1261 2836 1315 Solent
2881 1260 3096 1316 diverso
3137 1262 3298 1317 modo
3339 1263 3659 1319 orationem

2050 1352 2298 1423 proferre
2347 1352 2593 1424 magistri
2638 1352 2799 1407 simul
2837 1368 2960 1408 cum
3013 1367 3195 1421 cruce,
3223 1369 3383 1424 quam
3437 1355 3658 1411 faciunt

2052 1444 2247 1516 pollice
2280 1445 2334 1499 in
2360 1443 2630 1499 frontibus
2653 1442 2964 1498 infantium.
2992 1443 3188 1500 Omnia
3207 1446 3371 1502 verba
3396 1448 3664 1518 superius

2053 1542 2377 1601 memorata,
2399 1535 2662 1590 Orationis
2707 1533 2876 1590 verba
2923 1542 3089 1590 sunt:
3119 1537 3372 1605 quoniam
3421 1555 3534 1594 non
3589 1539 3663 1593 ab

2056 1625 2162 1679 illis
2187 1625 2348 1680 datur
2370 1626 2626 1695 Spiritus,
2651 1627 2742 1696 qui
2765 1642 2960 1681 manus
2983 1627 3292 1697 imponunt,
3323 1629 3419 1685 sed
3453 1631 3659 1700 depre-

2057 1726 2251 1772 cantur
2281 1725 2338 1770 ut
2365 1719 2566 1772 veniat.
2602 1716 2758 1773 Unde
2783 1718 3119 1786 Augustinus
3171 1721 3227 1774 in
3267 1717 3402 1775 libro
3434 1723 3661 1780 decimo

367 1802 666 1887 secundus,
705 1824 877 1892 pietas
903 1841 915 1876 :
946 1822 1174 1885 tertius,
1214 1817 1441 1875 scientia
1467 1836 1479 1871 :
1510 1825 1770 1887 quartus,
1797 1814 1951 1871 forti-
1979 1802 2026 1862 Β
2054 1807 2243 1877 quinto
2283 1807 2350 1863 de
2397 1807 2664 1862 Trinilale
2688 1848 2704 1874 .
2735 1807 2894 1864 ῑίῐυιο
2919 1809 3178 1880 vigesimo
3199 1821 3392 1880 quarto
3421 1811 3662 1869 zNullus

367 1916 498 1971 tudo
524 1935 536 1970 :
582 1917 804 1987 quintus
826 1957 841 1982 ,
873 1915 1158 1970 consilium
1185 1931 1198 1967 :
1239 1920 1460 1977 sextus,
1489 1910 1797 1966 intellectus
1823 1929 1835 1964 :
1868 1927 1953 1966 se-

364 2009 592 2079 ptimus,
627 2008 912 2078 sapientia.

437 2097 535 2152 Est
563 2097 706 2150 enim
735 2097 899 2149 timor
935 2093 1150 2146 Domini
1202 2091 1258 2146 in
1291 2098 1505 2156 mente,
1543 2090 1636 2144 sed
1660 2088 1839 2158 qualis
1864 2099 1951 2144 est

369 2188 471 2243 iste
507 2188 691 2250 timor,
721 2186 766 2240 si
812 2192 936 2239 eum
962 2197 1028 2238 eo
1055 2182 1230 2252 pietas
1262 2195 1368 2235 non
1404 2180 1528 2236 est?
1549 2179 1649 2246 Qui
1677 2179 1821 2232 enim
1853 2180 1955 2233 mi-

370 2279 541 2334 sereri
565 2278 813 2348 proximo
839 2276 1068 2346 ignorat,
1099 2273 1189 2342 qui
1215 2272 1448 2342 compati
1473 2270 1811 2325 tribulationi
1839 2269 1956 2338 ejus

370 2369 706 2433 dissimulat,
754 2365 915 2435 hujus
941 2365 1105 2419 timor
1129 2369 1256 2418 ante
1286 2363 1674 2431 omnipotentis
1702 2361 1794 2414 Dei
1827 2377 1957 2416 ocu-

369 2459 452 2514 los
475 2458 654 2512 nullus
681 2464 796 2522 est,
823 2456 915 2526 qui
946 2471 1052 2509 non
1089 2453 1405 2508 sublevatur
1437 2453 1502 2505 ad
1531 2451 1786 2520 pietatem
1813 2469 1825 2504 :
1860 2451 1954 2505 sed

371 2563 515 2619 saepe
547 2549 725 2618 pietas
757 2562 857 2617 per
901 2546 1266 2601 inordinatam
1309 2541 1739 2598 misericordiam
1772 2555 1958 2596 errare

371 2640 531 2705 solet,
572 2640 615 2694 si
663 2638 806 2693 forte
847 2637 1156 2708 pepercerit
1197 2651 1317 2706 qua:
1353 2634 1627 2705 parcenda
1663 2647 1772 2687 non
1805 2639 1952 2687 sunt.

371 2729 600 2784 Peccata
645 2731 791 2784 enim
840 2743 959 2797 quae
1002 2727 1154 2782 feriri
1180 2726 1437 2797 gehennte
1468 2725 1680 2796 ignibus
1706 2729 1955 2792 possunt,

374 2819 674 2887 disciplina)
702 2826 828 2873 sunt
857 2817 1084 2872 verbere
1121 2817 1461 2887 corrigenda.
1512 2814 1620 2870 Sed
1650 2814 1958 2869 inordinata

371 2911 568 2982 pictas,
593 2926 716 2965 cum
749 2909 1124 2980 temporaliter
1169 2908 1385 2978 parcit,
1425 2907 1492 2960 ad
1538 2899 1800 2959 aeternum
1825 2917 1956 2971 sup-

375 3001 594 3070 plicium
620 3001 908 3070 pertrahit.
953 2999 1024 3054 Ut
1059 3013 1188 3068 ergo
1225 3011 1353 3050 vera
1393 3003 1450 3050 et
1475 2992 1727 3049 ordinata
1755 2992 1825 3046 sit
1851 2991 1960 3061 pie-

375 3100 461 3146 tas
486 3131 500 3156 ,
535 3091 600 3144 ad
646 3091 871 3162 gradum
915 3097 1000 3142 est
1041 3087 1204 3141 alium
1248 3085 1578 3141 sublevanda
1606 3124 1620 3150 ,
1670 3083 1724 3138 id
1758 3090 1862 3148 est,
1890 3080 1958 3136 ad

2055 1901 2198 1955 enim
2229 1900 2425 1970 aliquis
2454 1900 2842 1970 discipulorum
2880 1899 3000 1969 ejus
3029 1902 3175 1956 dedit
3224 1901 3488 1972 Spiritum
3523 1919 3663 1960 san-

2057 1997 2223 2043 ctum.
2275 1988 2516 2044 Orabant
2565 1989 2786 2059 quippe,
2817 1998 2876 2043 ut
2925 1991 3138 2045 veniret
3189 1991 3243 2045 in
3286 2007 3402 2057 eos,
3447 1993 3662 2063 quibus

2058 2094 2250 2134 manus
2279 2079 2643 2150 imponebant,
2670 2089 2779 2134 non
2810 2081 2913 2149 ipsi
2941 2096 3064 2135 eum
3094 2081 3313 2147 dabant,
3339 2095 3499 2162 quem
3539 2099 3658 2138 mo-

2059 2187 2174 2228 rem
2207 2174 2260 2228 in
2291 2173 2405 2228 suis
2437 2172 2744 2242 praepositis
2790 2174 2955 2226 etiam
2985 2188 3129 2227 nunc
3159 2183 3338 2228 servat
3376 2159 3660 2230 Ecclesia.

2057 2265 2193 2319 Eum
2224 2279 2382 2334 quem
2410 2265 2660 2334 superius
2686 2271 2937 2334 precatus
2965 2272 3049 2319 est
3091 2263 3352 2334 pontifex,
3383 2275 3446 2320 ut
3473 2266 3670 2323 mitte-

2060 2362 2144 2410 ret
2173 2353 2438 2425 Spiritum
2460 2361 2730 2417 sanctum,
2760 2354 2812 2408 in
2839 2355 3189 2424 sequentibus
3212 2356 3364 2425 petit,
3385 2364 3450 2410 ut
3474 2361 3653 2415 susci-

2056 2447 2295 2518 pientem
2348 2447 2599 2518 dignetur
2644 2447 2968 2515 consignare
2999 2447 3246 2502 invitam
3273 2458 3531 2504 aeternam
3553 2493 3573 2517 ,
3611 2453 3664 2508 id

2059 2546 2144 2592 est
2164 2545 2223 2592 ut
2244 2537 2491 2592 eumdem
2507 2537 2766 2608 Spiritum
2787 2553 2893 2592 non
2916 2539 3132 2592 amittat
3151 2540 3449 2608 suscipiens
3474 2557 3664 2614 usque

2061 2628 2186 2682 dum
2234 2627 2493 2697 perducat
2542 2628 2808 2698 hospitem
2857 2643 3014 2682 suum
3043 2627 3110 2682 ad
3151 2629 3315 2684 vitam
3359 2639 3664 2689 meritam.

2061 2719 2137 2774 De
2166 2729 2273 2788 quo
2313 2719 2591 2790 signaculo
2635 2719 2768 2774 dicit
2797 2719 3162 2792 Hieronymus
3186 2722 3240 2775 in
3271 2731 3506 2777 tractatu
3532 2725 3666 2796 epi-

2060 2812 2211 2867 stola:
2242 2812 2309 2867 ad
2333 2812 2596 2883 Ephesios
2623 2831 2634 2866 :
2661 2810 2869 2882 Signati
2895 2820 3076 2866 autem
3105 2829 3290 2868 sumus
3313 2813 3521 2884 Spiritu
3553 2817 3663 2873 Dei

2061 2913 2269 2970 sancto,
2295 2911 2356 2959 ut
2401 2913 2456 2959 et
2486 2904 2707 2974 spiritus
2735 2914 2920 2960 noster
2948 2913 3003 2959 et
3037 2905 3217 2959 anima
3267 2906 3664 2975 imprimantur

2062 2997 2339 3066 signaculo
2383 2996 2500 3062 Dei,
2535 3006 2590 3051 et
2623 2997 2770 3052 illam
2817 2997 3144 3068 recipiamus
3179 2999 3465 3070 imaginem
3494 3007 3553 3054 et
3588 3004 3665 3057 si-

2062 3088 2442 3154 militudinem,
2471 3088 2538 3142 ad
2560 3104 2722 3158 quam
2747 3088 2798 3142 in
2821 3087 3042 3143 exordio
3063 3089 3264 3144 conditi
3294 3105 3498 3145 sumus.
3533 3091 3666 3147 Hoc

375 3182 659 3237 scientiam
687 3199 699 3234 :
733 3180 805 3236 Ut
849 3180 1007 3244 sciat,
1049 3178 1134 3232 vel
1181 3177 1312 3247 quid
1343 3191 1411 3231 ex
1454 3173 1827 3230 misericordia
1867 3187 1961 3242 pu—
1986 3169 2032 3232 C
2065 3179 2342 3249 signaculo
2372 3178 2542 3233 sancti
2571 3177 2807 3248 Spiritus
2833 3176 2989 3248 juxta
3017 3178 3292 3248 eloquium
3324 3178 3662 3244 Salvnloris.

375 3270 511 3338 niat,
539 3272 622 3328 vel
648 3271 776 3342 quid
806 3286 873 3326 ex
907 3269 1284 3326 misericordia
1315 3267 1572 3322 dimittat.
1615 3264 1722 3321 Sed
1754 3264 1884 3335 quid
1914 3263 1961 3318 si

377 3360 519 3415 sciat
562 3359 692 3428 quid
738 3373 902 3429 agere
956 3358 1187 3427 quisque
1239 3357 1436 3412 debeat
1472 3373 1484 3408 :
1525 3353 1784 3408 virtutem
1830 3365 1963 3406 vero

379 3448 574 3519 agendi
602 3463 710 3503 non
742 3448 959 3502 habeat.
1006 3445 1246 3502 Scientia
1283 3461 1412 3518 ergo
1443 3452 1629 3500 nostra
1658 3451 1869 3500 crescat
1894 3442 1964 3497 ad

380 3536 756 3594 fortitudinem
784 3552 799 3591 :
835 3545 897 3592 ut
923 3552 1049 3593 cum
1076 3537 1227 3592 videt
1253 3536 1382 3606 quid
1413 3535 1682 3606 agendum
1703 3534 1814 3600 sit,
1859 3534 1965 3588 hoc

379 3644 542 3700 agere
583 3645 684 3700 per
733 3629 932 3684 mentis
983 3627 1356 3683 fortitudinem
1393 3626 1566 3697 possit
1590 3665 1605 3690 ,
1660 3640 1729 3679 ne
1766 3625 1971 3679 timore.

379 3722 656 3792 trepidet:
683 3729 737 3775 et
776 3736 979 3790 pavore
1024 3720 1298 3790 collapsa,
1345 3735 1454 3774 non
1490 3719 1670 3774 valeat
1697 3719 1838 3773 bona
1871 3719 1966 3777 de-

379 3810 604 3864 fendere
629 3824 751 3879 quae
774 3811 958 3864 sentit.
989 3807 1097 3864 Sed
1123 3825 1265 3880 saepe
1293 3809 1557 3864 fortitudo
1588 3809 1638 3863 .si
1674 3807 1837 3863 fuerit
1865 3810 1968 3864 im-

376 3899 602 3969 provida
625 3939 640 3965 ,
690 3907 745 3953 et
789 3900 968 3953 minus
1014 3907 1205 3954 contra
1233 3899 1362 3954 vitia
1395 3898 1815 3967 circumspecta,
1847 3900 1966 3972 ipsa

381 3989 464 4042 sui
496 3988 920 4058 praesumptione
957 3988 1012 4042 in
1054 4004 1240 4044 casum
1276 3989 1424 4044 ruit:
1457 3990 1716 4044 ascendat
1741 3988 1874 4061 ergo
1898 3991 1966 4045 ad

378 4080 665 4136 consilium
692 4122 707 4146 ,
761 4087 823 4135 ut
863 4079 1214 4152 praevidendo
1260 4081 1584 4152 pnemuniat
1622 4096 1785 4135 omne
1821 4081 1966 4150 quod

380 4187 542 4242 agere
565 4172 779 4228 fortiter
796 4179 994 4242 potest.
1034 4171 1140 4226 Sed
1163 4188 1283 4228 esse
1309 4171 1596 4228 consilium
1625 4189 1730 4228 non
1760 4181 1963 4243 potest,

382 4264 427 4318 si
457 4264 762 4318 intellectus
811 4263 1001 4319 deest:
1035 4262 1161 4332 quia
1202 4263 1294 4333 qui
1328 4278 1436 4317 non
1465 4262 1723 4334 intelligit
1761 4261 1967 4316 malum

381 4353 524 4424 quod
550 4364 798 4424 agentem
823 4361 1010 4423 gravat
1032 4393 1047 4418 ,
1094 4353 1362 4422 quomodo
1398 4360 1581 4423 potest
1605 4352 1813 4408 bonum
1841 4351 1969 4408 soli-

382 4445 536 4509 dare,
575 4445 719 4513 quod
761 4443 980 4512 adjuvat
1015 4462 1030 4497 :
1069 4443 1254 4513 itaque
1292 4459 1322 4498 a
1352 4443 1582 4499 consilio
1609 4445 1965 4500 ascendamus

2064 3270 2174 3324 Deo
2203 3269 2566 3339 imprimente,
2596 3270 2893 3340 signamur.
2933 3269 3109 3335 Hunc,
3133 3271 3274 3325 enim
3301 3272 3394 3337 ait,
3421 3274 3665 3341 signarit

2032 3437 2035 3440 ἠ
2062 3371 2209 3431 pater
2237 3360 2395 3414 Deus.
2446 3359 2702 3431 Signatur
2727 3376 2855 3432 ergo
2884 3362 3048 3416 etiam
3081 3360 3285 3432 Spiritu
3316 3371 3512 3417 saneto
3539 3379 3664 3418 om-

2064 3452 2149 3506 nis
2175 3452 2264 3522 qui
2290 3466 2356 3506 ex
2383 3467 2448 3506 eo
2476 3451 2617 3521 quod
2645 3452 2875 3506 credidit
2903 3452 3038 3518 Deo,
3059 3453 3313 3523 signavit,
3334 3452 3462 3523 quia
3490 3469 3662 3508 verus

2063 3548 2146 3596 est
2169 3541 2332 3607 Deus,
2356 3535 2446 3610 qui
2479 3541 2680 3596 ideirco
2706 3541 2970 3613 signatur,
2996 3551 3056 3596 ut
3084 3551 3260 3598 servet
3285 3543 3656 3611 signaculum,

2064 3636 2119 3684 et
2145 3629 2395 3684 ostendat
2435 3628 2566 3684 illud
2597 3631 2652 3684 in
2697 3630 2786 3685 die
2828 3631 3214 3701 redemptionis
3257 3648 3456 3704 purum
3489 3643 3662 3707 atque

2065 3717 2368 3781 sincerum,
2401 3725 2456 3772 et
2502 3718 2648 3773 nulla
2701 3732 2768 3772 ex
2812 3726 2968 3788 parte
3016 3721 3346 3785 mutilatum,
3371 3729 3425 3776 et
3477 3724 3553 3778 ob
3604 3725 3661 3779 id

2065 3809 2371 3864 enumerari
2398 3824 2520 3864 cum
2551 3810 2639 3865 his
2681 3809 2861 3865 valeat
2899 3811 2994 3882 qui
3019 3813 3282 3882 redempti
3324 3822 3471 3868 sunt.
3525 3813 3664 3872 Sine

2065 3902 2172 3956 isto
2221 3901 2500 3974 signaculo
2567 3917 2677 3957 non
2747 3911 2963 3972 oportet
3009 3918 3109 3958 nos
3150 3905 3475 3973 praesentari
3531 3914 3662 3962 ante

2066 3993 2275 4048 Deum:
2303 3993 2368 4049 de
2398 4007 2506 4063 quo
2537 3993 2690 4063 quasi
2736 3993 2803 4049 de
2839 3994 3023 4064 aliquo
3067 3995 3407 4058 vestimento,
3436 3999 3665 4053 dicebat

2063 4083 2265 4140 Paulus
2292 4085 2359 4140 ad
2387 4085 2698 4142 Corinthios
2724 4105 2738 4140 :
2763 4085 2972 4141 Etenim
3014 4088 3106 4158 qui
3147 4104 3326 4142 sumus
3355 4089 3408 4141 in
3433 4105 3664 4160 corpore

2066 4176 2190 4240 isto,
2219 4177 2609 4245 ingemiscimus
2650 4176 2877 4247 gravati,
2903 4192 2960 4230 eo
2995 4178 3135 4248 quod
3181 4177 3422 4232 nolumus
3465 4196 3666 4250 exspo-

2068 4262 2207 4326 liari,
2254 4261 2346 4316 sed
2385 4264 2741 4331 super-vestiri,
2771 4271 2830 4317 ut
2870 4263 3214 4319 absorbeatur
3245 4266 3384 4338 quod
3427 4267 3666 4323 mortale

2067 4361 2143 4406 est
2169 4369 2210 4405 κα
2240 4352 2366 4406 vita.
2401 4351 2481 4407 De
2517 4368 2626 4422 quo
2655 4354 2980 4410 vestimento
3007 4354 3174 4419 dicat,
3204 4355 3260 4410 in
3303 4357 3664 4425 sequentibus

2069 4447 2338 4496 monstrat
2360 4459 2373 4494 ε
2400 4440 2502 4507 Qui
2524 4449 2704 4496 autem
2723 4442 2936 4512 perlicit
2955 4459 3053 4498 nos
3069 4444 3122 4498 in
3141 4446 3244 4499 hoc
3267 4446 3468 4514 ipsum,
3489 4447 3660 4513 Deus,

384 4536 452 4590 ad
481 4535 834 4590 intellectum.
877 4532 984 4589 Sed
1007 4534 1136 4604 quid
1181 4533 1228 4588 si
1273 4531 1583 4588 intellectus
1617 4549 1819 4604 magno
1848 4534 1966 4604 qui-
1991 4516 2044 4577 Ῑ)
2068 4533 2160 4602 qui
2175 4532 2323 4587 dedit
2344 4533 2501 4588 nobis
2519 4534 2713 4604 pignus
2735 4533 2987 4604 Spiritus.
3003 4534 3268 4601 Quoniam
3291 4537 3660 4594 arrhabonem

385 4626 505 4680 dem
533 4627 780 4680 acumine
805 4624 1008 4697 vigilet,
1041 4631 1095 4678 et
1116 4624 1386 4679 moderari
1413 4639 1474 4679 se
1497 4623 1706 4677 nesciat
1730 4638 1829 4692 per
1853 4637 1969 4678 ma-

385 4715 698 4769 turitatem?
743 4715 826 4769 Ab
875 4714 1151 4769 intellectu
1197 4728 1329 4784 ergo
1382 4713 1741 4768 ascendamus
1787 4712 1854 4766 ad
1885 4729 1970 4768 sa-

385 4804 666 4874 pientiam,
695 4813 758 4859 ut
783 4807 926 4874 quod
961 4812 1116 4860 acute
1144 4805 1453 4861 intellectus
1493 4803 1722 4868 invenit,
1752 4805 1966 4874 sapien-

388 4890 464 4944 tia
503 4900 714 4946 mature
760 4893 1028 4963 disponat.
1120 4893 1190 4949 Ut
1234 4907 1333 4963 per
1371 4892 1550 4947 oleum
1604 4891 1968 4963 intelligamus

389 4990 595 5040 rectam
639 4986 1104 5041 conversationem
1132 5028 1147 5052 ,
1197 5003 1318 5056 quae
1357 4985 1672 5040 moderatur
1709 4987 1761 5040 in
1787 4995 1970 5043 mente

385 5089 488 5146 per
526 5074 896 5129 maturitatem
944 5076 1226 5145 sapientia:
1265 5090 1282 5130 :
1322 5085 1378 5130 et
1403 5090 1504 5146 per
1540 5075 1842 5132 balsamum
1871 5077 1968 5132 do-

383 5164 641 5228 ctrinam,
668 5177 790 5232 quae
808 5164 1010 5220 bonum
1037 5167 1256 5221 odorem
1285 5173 1509 5235 praestat
1539 5164 1695 5223 foris.
1735 5167 1880 5222 Idem
1909 5168 1967 5224 in

387 5252 580 5307 eodem
613 5251 771 5316 libro,
803 5252 859 5307 in
887 5252 994 5308 alio
1017 5253 1138 5309 loco
1161 5251 1300 5310 dicit
1319 5253 1388 5308 da
1407 5254 1674 5325 sapitia
1700 5273 1714 5311 :
1744 5255 1969 5326 Sapien-

390 5343 464 5398 tia
489 5343 558 5398 ad
582 5343 772 5410 vitam,
799 5343 1029 5400 scientia
1060 5359 1190 5400 vero
1213 5345 1451 5416 pertinet
1479 5347 1549 5402 ad
1571 5345 1898 5411 doctrinm.

459 5435 786 5492 Cbrismatis
810 5436 1014 5502 unctio,
1037 5436 1474 5507 utpralulinus,
1502 5438 1738 5508 pertinet
1761 5438 1832 5492 ad
1857 5438 1968 5492 duo

383 5525 526 5583 dona
559 5527 794 5599 Spiritus
831 5531 1026 5596 sancti,
1054 5531 1106 5587 id
1135 5539 1220 5588 est
1251 5531 1319 5586 ad
1355 5532 1679 5602 sapientiam
1706 5541 1762 5588 et
1789 5533 1970 5589 scien-

386 5613 522 5670 tiam
567 5635 580 5670 :
620 5619 825 5687 oleum,
873 5621 938 5677 ad
985 5623 1342 5692 sapientiam;
1395 5624 1692 5691 balsamus,
1745 5626 1966 5681 odorem

390 5717 556 5760 suum
603 5708 758 5779 longe
809 5713 1020 5782 lateque
1065 5727 1345 5786 spargens,
1375 5715 1440 5771 ad
1485 5717 1786 5772 scientiam.
1843 5714 1969 5770 llmc

2065 4624 2162 4680 Dei
2207 4625 2563 4695 suscepimus,
2593 4634 2653 4681 ut
2697 4627 2839 4682 illius
2874 4628 3080 4695 simus,
3120 4629 3276 4698 signo
3321 4631 3504 4686 crucis
3550 4648 3662 4702 quo

2066 4718 2330 4789 redempti
2358 4734 2564 4784 sumus,
2593 4718 2903 4790 signamur,
2930 4729 2991 4776 ut
3019 4722 3234 4790 quando
3257 4723 3659 4780 exterminatur

2065 4809 2281 4878 signum
2311 4809 2440 4866 illud
2463 4809 2660 4866 viderit
2687 4811 2740 4866 in
2785 4809 3055 4867 montibus
3082 4813 3280 4868 nostris
3305 4822 3659 4883 pertranseat

2069 4903 2260 4958 domus
2303 4911 2516 4958 nostras
2537 4943 2551 4969 ,
2579 4911 2635 4958 et
2658 4903 2841 4959 videat
2881 4904 3027 4973 quod
3061 4919 3174 4959 non
3205 4905 3286 4959 sui
3304 4907 3528 4972 sumus,
3559 4908 3655 4963 sed

2067 4991 2212 5047 illius
2235 4989 2390 5058 cujus
2433 4991 2646 5062 signum
2677 5000 2975 5062 portamus.
3025 4991 3152 5048 Haec
3189 5007 3325 5047 crux
3355 4995 3658 5050 chrismate

2067 5079 2319 5146 ellicltur,
2349 5082 2495 5150 quod
2540 5079 2850 5136 confectum
2887 5089 2972 5136 est
3013 5097 3084 5137 ex
3123 5081 3245 5137 oleo
3289 5091 3345 5138 et
3387 5085 3649 5140 balsamo.

2063 5171 2242 5244 Opera
2285 5173 2514 5245 hospitis
2544 5174 2736 5239 nostri,
2766 5174 2892 5229 talis
2917 5173 3096 5244 liquor
3134 5182 3427 5232 monstrat.
3457 5175 3653 5232 Chari-

2068 5271 2236 5320 tatem
2261 5279 2383 5334 quae
2406 5265 2653 5335 signatur
2678 5279 2776 5334 per
2799 5264 3013 5330 oleum;
3042 5278 3166 5320 eum
3211 5264 3326 5320 suis
3353 5265 3652 5321 frondenti-

2057 5356 2170 5411 bus
2197 5354 2340 5410 foliis
2378 5355 2592 5425 plantat
2613 5355 2670 5410 in
2694 5363 2897 5422 mente,
2921 5363 2978 5410 et
3001 5356 3228 5411 odorem
3265 5355 3423 5410 bona:
3447 5355 3651 5410 notitia:

2065 5460 2098 5502 e
2127 5447 2284 5501 nobis
2309 5445 2545 5511 exhalat,
2573 5446 2716 5501 sicut
2737 5461 2806 5501 ex
2829 5445 3077 5502 balsamo
3117 5445 3294 5500 bonus
3315 5444 3456 5501 odor
3481 5445 3616 5500 reda
3631 5475 3645 5484 -

2067 5536 2162 5591 let.
2197 5536 2270 5593 Ut
2299 5537 2367 5591 ab
2405 5536 2672 5607 episcopis
2705 5535 2834 5592 solis
2873 5536 3288 5605 inungaturper
3327 5550 3520 5591 nanus
3545 5535 3645 5587 im-

2067 5627 2414 5698 positionem,
2463 5628 2532 5682 ab
2580 5627 2841 5696 apostolis
2879 5635 3214 5697 assumme
3264 5633 3371 5690 est,
3395 5634 3460 5681 ut
3498 5624 3644 5679 Beda

2071 5716 2307 5773 declarat
2343 5718 2396 5772 in
2424 5725 2656 5773 tractatu
2684 5732 2845 5788 super
2871 5716 3041 5772 Actus
3083 5715 3464 5787 apostolorum.
