3890 6180
137 371 299 429 1653

943 367 1032 423 DE
1069 365 1622 424 ECCLESIAS'I'ICIS
1656 362 1946 423 OFFICIIS
1980 367 2165 426 LIBRI
2199 369 2288 426 ιν.
2330 391 2400 412 -ά-
2437 369 2567 425 LIB.
2604 369 2647 426 1.

3295 371 3432 428 1058

223 481 537 542 Notandum
591 486 771 534 autem
822 477 967 548 quod
1019 477 1300 547 Philippus
1344 478 1438 547 qui
1488 475 1747 532 Samarite
1774 477 1821 536 Α
1851 479 2022 534 nubes
2061 479 2381 546 irradiante,
2408 489 2464 536 et
2489 488 2613 550 post
2650 479 2912 536 diluvium
2955 482 3134 551 primo
3178 484 3440 556 propitia-

123 572 588 648 ‘evangelizahat,
619 584 761 624 unus
788 568 855 624 de
900 577 1107 638 septem
1132 567 1317 625 fuerit.
1351 568 1409 622 Si
1437 567 1584 622 enim
1609 566 1748 635 Apo-

148 669 331 726 stolus
357 673 505 722 esset
529 664 664 734 ipse,
690 663 877 731 utique
903 677 1126 716 manum
1152 661 1431 732 imponere
1459 659 1746 731 potuisset,

155 768 218 817 nt
248 759 564 828 acciperent
617 753 880 824 Spiritum
930 761 1202 808 sanetum.
1258 753 1375 808 Hoc
1424 753 1572 806 enim
1620 750 1751 805 solis

152 851 507 926 pontiﬁcibus
536 847 782 904 debetur.
819 845 942 916 Ipsa
971 861 1107 900 crux
1150 844 1300 900 nullo
1325 844 1380 898 in
1408 843 1528 898 loco
1556 841 1752 896 melius

153 947 347 1017 [igitur
366 958 528 1014 quam
551 941 607 996 in
628 955 696 997 eo
714 940 806 995 ubi
840 955 1084 996 summus
1105 938 1352 1010 pontifex
1367 938 1625 993 laminam
1652 952 1752 990 au-

155 1053 336 1103 ream,
368 1036 423 1091 in
453 1050 561 1104 qua
595 1033 865 1104 scalptum
909 1040 1030 1086 erat
1075 1046 1273 1088 nomen
1304 1030 1400 1085 Dei
1453 1027 1750 1091 inell'abile,

156 1128 398 1199 vigebat.
439 1126 509 1182 Et
532 1133 595 1179 ut
627 1139 725 1194 per
769 1137 964 1178 manus
1010 1121 1411 1192 impositionem
1457 1128 1514 1174 et
1552 1119 1754 1174 oratio—

157 1233 289 1275 nem
316 1217 478 1273 detur
519 1213 760 1285 Spiritus
801 1220 1044 1276 sanctus,
1071 1211 1322 1267 similiter
1365 1209 1434 1264 ab
1460 1207 1755 1278 apostolica

156 1308 488 1366 auctoritate
514 1314 791 1376 Sumptum
820 1312 923 1368 est,
952 1312 1011 1358 ut
1043 1303 1096 1358 in
1129 1302 1356 1358 Actibus
1390 1300 1756 1370 apostolorum

157 1403 429 1472 scriptum
456 1407 575 1455 est:
603 1397 736 1453 Cum
780 1397 1049 1452 audissent
1079 1394 1304 1464 apostoli
1331 1394 1422 1464 qui
1452 1403 1602 1447 erant
1629 1391 1758 1446 Ilie-

159 1492 465 1562 rosolymis,
493 1491 616 1561 quia
647 1489 918 1557 recepisset
963 1485 1213 1541 Samaria
1251 1484 1464 1540 verbum
1501 1482 1622 1547 Dei,
1663 1483 1760 1536 mi-

161 1589 347 1636 serunt
371 1579 442 1632 ad
466 1594 554 1632 eos
578 1575 796 1632 Petrum
824 1585 872 1630 et
900 1573 1160 1629 Joannem
1186 1588 1204 1626 :
1229 1574 1457 1645 quicum
1478 1574 1756 1638 venissent,

162 1677 447 1724 creverunt
477 1684 571 1738 pro
600 1667 751 1736 ipsis,
792 1674 848 1718 ut
882 1666 1175 1736 acciperent
1204 1663 1460 1735 Spiritum
1493 1672 1755 1717 sanctum.

160 1764 236 1820 Et
274 1761 436 1832 paulo
463 1767 622 1830 post:
653 1757 798 1812 Tunc
823 1756 1152 1828 imponebant
1183 1771 1398 1810 manum
1436 1771 1596 1825 super
1615 1753 1758 1819 illos,

1848 575 2014 628 tionis
2034 573 2236 628 indicio
2258 572 2434 628 factus
2459 582 2563 637 est,
2603 574 2903 630 intercessu
2935 584 3271 641 sanctorum,
3299 591 3436 647 quos

1848 667 2110 723 Dominus
2140 667 2392 732 illustrat,
2425 667 2724 723 Ecclesiam
2771 668 2972 724 muniri
3015 669 3284 739 designat.
3333 669 3437 736 Qui

1848 760 1988 814 bene
2018 759 2365 828 smaragdino
2398 758 2563 828 lapidi
2590 759 2771 814 nimiae
2798 760 3091 814 viriditatis
3118 755 3441 830 comparan-

1853 860 1961 905 tur.
2009 849 2127 917 Quo
2167 851 2312 905 enim
2354 851 2729 906 haereditatem
2779 853 3288 908 immarceseibilem
3334 853 3441 909 lide

1851 940 2177 1012 perfeCtiore
2223 948 2556 1010 exspectant,
2593 958 2659 997 eo
2700 943 2977 1012 potentius
3007 946 3170 999 etiam
3213 953 3440 1000 cancros

1852 1035 2058 1090 orando
2101 1043 2408 1104 protegunt.
2441 1033 2578 1100 Quia
2619 1035 2718 1089 iris
2760 1042 2880 1089 erat
2909 1035 2963 1089 in
2995 1036 3225 1090 circuitu
3271 1036 3436 1104 sedis,

1855 1103 2354 1197 agunturilitaniae,
2381 1133 2438 1179 et
2476 1134 2602 1179 ante
2641 1125 2990 1195 baptismum,
3017 1135 3072 1180 et
3113 1135 3236 1195 post
3265 1103 3441 1196 bapti—

1855 1231 2052 1272 smum.
2086 1215 2314 1270 Litaniae
2337 1215 2545 1280 Graace,
2574 1215 2765 1270 Latine
2795 1216 3227 1284 deprecationes.

2415 1327 2644 1383 CAPUT
2684 1327 2874 1382 XXIX.

1857 1423 1936 1478 De
1959 1422 2260 1477 vestimento
2291 1420 2608 1483 albatorum,
2634 1428 2684 1501 et
2720 1416 3083 1489 recapitulatio
3118 1417 3183 1472 de
3215 1417 3441 1485 Septua-

2537 1507 2756 1560 gestma.

1931 1582 2112 1638 Albati
2159 1589 2382 1651 propter
2433 1589 2611 1635 vestes
2661 1579 2815 1633 albas
2866 1579 3028 1648 vulgo
3080 1578 3442 1650 appellantur.

1863 1674 1990 1731 Scio
2017 1672 2330 1728 earumdem
2369 1670 2815 1726 vestimentorum
2847 1669 3299 1740 signiﬁcationem
3327 1671 3450 1725 dili—

1861 1772 2054 1836 genter
2099 1761 2442 1832 explanatam
2484 1760 2554 1814 ab
2597 1759 3020 1829 archiepiscopis
3061 1761 3154 1830 qui
3223 1760 3447 1815 fuerunt

160 1864 216 1908 et
266 1850 587 1921 accipiebant
633 1847 891 1919 Spiritum
929 1856 1190 1902 sanctum.
1235 1845 1400 1902 Juxta
1447 1843 1754 1915 exemplum
1783 1832 1831 1892 Β
1859 1832 2102 1927 {eme
2139 1853 2469 1908 beatissima:
2515 1851 2794 1906 memoria;
2838 1849 3016 1930 Caroli
3064 1851 3134 1905 ad
3170 1853 3444 1917 eumdem,

163 1943 318 1998 Petri
371 1950 427 1996 et
476 1938 718 2004 Joannis,
759 1945 1050 1993 occurrant
1099 1936 1338 2008 episcOpi
1389 1936 1460 1992 ad
1503 1935 1622 1990 loca
1665 1934 1758 1990 ubi

162 2043 318 2098 sunt,
349 2033 548 2102 quibus
571 2046 794 2086 necesse
839 2039 924 2086 est
965 2029 1169 2100 imponi
1210 2043 1403 2083 manus
1429 2045 1442 2082 :
1471 2034 1761 2082 occurrant

163 2137 223 2184 et
255 2127 332 2182 illi
361 2127 479 2181 sine
524 2124 927 2189 retractatione,
954 2123 1047 2192 qui
1094 2120 1371 2191 accepturi
1421 2127 1548 2176 sunt
1595 2118 1762 2174 vesti-

164 2225 418 2273 mentum
443 2213 703 2284 nuptiale,
736 2220 796 2268 ut
819 2212 1048 2282 possint,
1068 2212 1306 2266 intrante
1330 2225 1475 2282 rege,
1506 2223 1761 2279 perseve-

165 2323 298 2364 rare
323 2307 382 2361 in
405 2306 674 2362 convivio.
709 2303 768 2360 Si
793 2304 991 2373 aliquis
1023 2304 1176 2374 prius
1195 2303 1497 2373 subripitar
1521 2304 1589 2357 de
1623 2318 1762 2371 pra:-

165 2393 312 2450 senti
373 2391 606 2458 sarculo,
665 2406 826 2462 quam
887 2391 1060 2460 possit
1113 2404 1403 2446 occurrere
1456 2387 1760 2443 ministerio

168 2491 349 2548 tanto,
377 2482 520 2537 Deus
558 2482 662 2538 scit
698 2497 797 2537 cur
829 2495 956 2536 eum
996 2481 1148 2552 prius
1173 2489 1331 2552 coget
1356 2480 1506 2536 exire
1529 2481 1595 2536 de
1623 2495 1762 2550 prte-

166 2575 314 2631 senti
341 2573 560 2629 saeculo.
596 2570 756 2626 Novit
785 2571 1040 2626 Dominus
1062 2572 1153 2642 qui
1173 2582 1294 2626 sunt
1317 2571 1466 2642 ejus;
1489 2578 1545 2626 et
1571 2585 1762 2626 secun-

167 2665 302 2719 dum
335 2661 600 2716 Joannem
625 2660 1030 2732 evangelistam,
1061 2659 1193 2715 Oves
1233 2677 1362 2715 mea:
1386 2677 1563 2716 vocem
1589 2677 1760 2714 meam

167 2756 420 2820 audiunt,
462 2761 511 2807 et
553 2768 645 2823 ego
695 2768 950 2822 cognosco
987 2769 1108 2817 eas,
1141 2761 1190 2806 et
1224 2761 1517 2823 sequuntur
1569 2767 1683 2816 me,
1711 2759 1758 2804 et

168 2864 266 2918 ego
291 2847 449 2900 vitam
471 2855 723 2900 wternam
741 2843 809 2897 do
835 2844 928 2909 eis,
946 2853 993 2898 et
1018 2860 1122 2897 non
1139 2843 1382 2914 peribunt
1402 2845 1456 2898 in
1483 2853 1757 2907 (sternam,

169 2947 222 2991 et
265 2951 373 2989 non
420 2936 584 3004 rapiet
623 2951 711 2988 eas
740 2935 1015 3007 quisquam
1045 2935 1110 2989 de
1148 2950 1309 2988 manu
1338 2951 1473 2989 mea.
1506 2934 1620 2990 Hoc
1645 2951 1762 2990 om-

172 3031 307 3086 nino
336 3016 635 3084 cavendum
663 3037 765 3094 est,
790 3044 858 3083 ne
883 3036 1098 3099 torpore
1125 3029 1457 3094 securitatis,
1489 3027 1762 3100 negligen-

173 3121 252 3174 tia
274 3119 472 3174 ostium
494 3127 741 3188 apertum
770 3101 1024 3173 inveniat.
1048 3117 1189 3173 Dicit
1212 3119 1487 3175 Romanus
1510 3119 1756 3176 libellus:

173 3211 245 3266 de
276 3219 385 3280 Quo
427 3225 570 3278 saepe
617 3209 1482 3266 commemoravimus:0ratione
1527 3209 1757 3280 expleta,
1789 3178 1834 3240 δ

173 3303 310 3358 facit
337 3317 554 3358 crucem
599 3317 722 3356 cum
764 3301 956 3371 pollice
999 3315 1066 3356 ex
1109 3301 1406 3356 chrismate
1437 3300 1490 3354 in
1521 3298 1762 3368 singulo-

174 3407 301 3448 rum
352 3391 660 3455 frontibus,
695 3391 770 3446 ita
814 3389 1164 3446 dicendozln
1217 3389 1436 3444 nomine
1483 3387 1664 3442 Patris
1710 3393 1766 3441 et

172 3482 324 3548 Filii,
360 3489 413 3536 et
460 3480 695 3552 Spiritus
741 3481 949 3546 sancti,
980 3480 1092 3534 Pax
1136 3480 1254 3548 tibi,
1299 3487 1355 3536 et
1399 3494 1524 3534 cum
1570 3477 1767 3547 spiritu

175 3583 293 3629 tuo.
330 3571 457 3628 Hznc
485 3573 648 3628 verba
689 3580 813 3627 sunt
856 3571 1196 3627 salutationis
1239 3572 1307 3626 ad
1351 3583 1548 3624 novum
1593 3567 1768 3622 homi-

175 3678 330 3726 nem,
361 3662 452 3731 qui
478 3662 773 3717 secundum
819 3661 989 3716 Deum
1024 3670 1240 3716 creatus
1269 3670 1354 3716 est
1381 3659 1434 3714 in
1457 3656 1669 3729 justitia
1711 3662 1767 3711 et

174 3754 474 3810 sanctitate
501 3753 765 3810 veritatis.

727 3844 954 3900 CAPUT
990 3842 1224 3898 xxvm.

794 3936 870 3991 De
894 3936 1140 3991 Litaniis.

251 4028 485 4084 Litania:
525 4044 646 4098 qute
692 4029 828 4082 ﬁunt
869 4028 1014 4082 circa
1063 4026 1366 4097 baptisterii
1409 4025 1772 4081 consecratio-

180 4137 336 4186 nem,
385 4121 800 4176 intercessiones
848 4128 1160 4175 sanctorum
1217 4118 1503 4190 designant
1539 4133 1638 4186 pro
1687 4131 1772 4171 re-

183 4213 557 4277 nascentibus,
583 4214 725 4282 quod
750 4226 1036 4282 possumus
1065 4213 1272 4268 discere
1296 4227 1361 4267 ex
1393 4211 1621 4267 lectione
1647 4211 1769 4266 libri

184 4303 563 4374 Apocalypsis,
605 4302 726 4358 Vidi
775 4304 967 4356 ostium
1006 4313 1242 4374 apertum
1288 4303 1342 4357 in
1383 4301 1531 4357 cwlo.
1565 4301 1622 4356 In
1655 4303 1771 4372 ipsa

187 4393 440 4448 Christus
467 4393 869 4448 demonstratur
904 4393 1098 4446 sedens
1124 4408 1287 4460 super
1315 4393 1518 4446 sedem.
1567 4393 1644 4446 lbi
1673 4392 1774 4446 Ec-

188 4484 383 4548 clesia,
431 4499 591 4552 supra
643 4497 804 4551 quam
854 4482 1113 4537 Dominus
1164 4481 1334 4546 sedet,
1383 4482 1458 4536 ibi
1514 4483 1770 4537 indicium

188 4590 371 4644 aquae,
401 4573 452 4626 in
501 4573 950 4644 colore'jaSpidis
978 4591 990 4626 :
1017 4582 1070 4628 et
1115 4573 1271 4644 ignis,
1302 4573 1355 4626 in
1397 4573 1649 4628 sardinis.
1697 4574 1774 4629 lbi

189 4664 418 4735 spiritus
449 4663 542 4717 Dei
578 4664 632 4716 in
680 4672 884 4732 septem
929 4663 1264 4733 lampadibus
1307 4664 1621 4719 ardentibus
1651 4674 1778 4720 ante

190 4759 475 4820 thronum,
509 4756 600 4824 qui
648 4765 775 4810 sunt
818 4764 1024 4826 septem
1069 4757 1210 4812 dona
1256 4754 1488 4824 Spiritus
1536 4756 1630 4810 Dei
1662 4774 1673 4807 :
1700 4756 1777 4811 lbi

192 4848 498 4917 baptismus
528 4847 582 4900 in
615 4847 748 4900 mari
782 4848 986 4914 vitreo,
1018 4848 1156 4902 sicut
1195 4847 1456 4917 scriptum
1483 4855 1586 4910 est,
1618 4845 1684 4898 Et
1725 4845 1780 4899 in

192 4939 423 4991 circuitu
453 4938 588 4991 sedis
619 4949 869 5010 tanquam
899 4957 1042 4994 mare
1067 4940 1284 4994 vitreum
1310 4939 1477 4994 simile
1507 4937 1777 5008 crystallo.

195 5027 356 5084 Unde
386 5025 528 5081 Beda
567 5044 729 5098 super
753 5030 1000 5084 eumdem
1040 5029 1239 5086 librum
1263 5030 1325 5100 1’.
1363 5029 1593 5101 Propter
1620 5028 1781 5084 ﬁdem

193 5133 408 5182 veram,
458 5119 722 5187 baptisma
773 5119 1002 5174 refertur
1042 5121 1109 5176 ad
1152 5122 1373 5185 vitrum,
1417 5122 1472 5175 in
1523 5137 1628 5191 quo
1673 5136 1780 5174 non

196 5213 348 5268 aliud
383 5213 596 5267 videtur
637 5213 896 5280 exterius,
928 5230 1089 5284 quam
1136 5214 1280 5286 quod
1321 5222 1496 5281 gestat
1531 5215 1780 5268 interius.

194 5303 470 5373 Crystallo
498 5320 730 5375 quoque,
758 5306 902 5376 quod
940 5307 1005 5362 de
1039 5322 1179 5376 aqua
1209 5307 1262 5360 in
1300 5305 1523 5376 glaciem
1555 5315 1610 5360 et
1651 5305 1786 5375 lapi-

195 5395 327 5449 dem
377 5396 672 5463 pretiosum
720 5396 980 5463 edicitur,
1013 5398 1266 5468 baptismi
1297 5397 1468 5468 gratia
1501 5395 1781 5467 ﬁguratur.

201 5488 284 5541 De
327 5486 394 5540 iri
444 5487 733 5554 tacuimus,
764 5490 890 5559 quia
937 5489 990 5543 in
1039 5490 1154 5559 ipso
1202 5489 1452 5544 volumus
1499 5487 1787 5558 designare

195 5577 441 5632 litanias.
492 5578 624 5634 item
655 5580 804 5642 inter
835 5580 946 5648 alia
995 5581 1129 5636 dicit
1166 5582 1354 5638 eadem
1396 5579 1781 5651 Apocalypsis:

196 5673 276 5728 Et
319 5672 416 5727 iris
443 5681 560 5727 crat
586 5672 641 5728 in
666 5673 901 5730 circuitu
950 5673 1126 5738 solis,
1153 5673 1345 5730 similis
1376 5672 1599 5728 visionis
1643 5687 1786 5728 sma-

197 5764 475 5833 ragdinzc;
509 5768 650 5823 unde
688 5766 781 5837 qui
807 5781 969 5836 supra
997 5766 1050 5820 in
1078 5765 1267 5822 eodem
1291 5783 1302 5820 :
1327 5765 1428 5821 Iris
1453 5765 1543 5836 qui
1585 5764 1643 5819 lit
1671 5764 1786 5821 sole

1858 1947 1976 2017 ejus
2007 1955 2184 2001 tamen
2212 1943 2596 2000 admonitione.
2635 1942 2805 2013 Igitur
2836 1956 2945 2010 non
2969 1941 3190 2011 expedit
3235 1942 3290 1996 in
3338 1942 3448 1997 isto

1856 2039 2117 2112 opusculo
2164 2037 2416 2091 laborare
2466 2034 2535 2089 de
2583 2033 2706 2099 illa,
2734 2034 2830 2089 sed
2880 2041 3110 2097 tantum,
3138 2042 3200 2092 ut
3246 2033 3446 2099 dicam,

1850 2132 2008 2202 juxta
2056 2127 2274 2184 Domini
2315 2127 2590 2197 pietatem,
2624 2125 2717 2195 qui
2761 2133 2885 2182 octo
2920 2125 3035 2180 dies
3066 2125 3360 2190 insinuent,
3393 2126 3448 2181 in

1857 2223 2055 2292 quibus
2083 2219 2390 2274 vestiuntur
2415 2217 2550 2272 alba:
2572 2225 2776 2283 vestes,
2802 2225 2856 2272 et
2878 2217 3024 2273 cerei
3048 2217 3451 2288 neopbytorum

1857 2311 2254 2367 illuminantur.
2290 2307 2446 2364 Sicut
2482 2306 2627 2362 enim
2675 2314 2884 2376 septem
2922 2305 3038 2362 dies
3065 2306 3344 2376 pertinent
3383 2305 3450 2360 ad

1858 2405 2028 2460 Vetus
2053 2402 2460 2457 Testamentum
2490 2407 2715 2468 propter
2735 2399 3023 2454 sabbatum
3048 2417 3062 2453 :
3089 2399 3166 2454 ita
3190 2407 3316 2455 octo
3335 2400 3453 2456 dies

1859 2497 1930 2551 ad
1963 2494 2195 2558 Novum,
2227 2502 2450 2563 propter
2503 2499 2758 2547 octavum
2813 2491 2961 2547 diem
3010 2493 3448 2548 resurrectionis.

1858 2587 1936 2642 De
1963 2599 2070 2654 qua
2102 2599 2161 2638 re
2201 2584 2333 2639 dicit
2368 2583 2622 2639 Salomon
2651 2602 2664 2637 :
2696 2583 2776 2637 Da
2803 2592 2978 2654 partes
3003 2592 3220 2649 septem,
3251 2599 3453 2637 necnon

1857 2687 1906 2732 et
1935 2686 2088 2741 octo;
2125 2675 2238 2744 jam
2284 2676 2430 2731 enim
2479 2676 2708 2730 docebat
2754 2675 3009 2746 populum
3042 2691 3224 2742 suum,
3255 2685 3450 2730 utnon
3548 2662 3550 2665 ’

1857 2782 2076 2836 semper
2126 2767 2456 2822 inhaererent
2500 2767 2686 2822 Veteri
2717 2766 3098 2834 Testamento,
3129 2769 3225 2823 sed
3278 2777 3455 2824 trans~

1860 2859 2004 2914 irent
2053 2858 2342 2928 aliquando
2371 2858 2440 2912 ad
2465 2856 2696 2913 Novum.
2725 2857 2772 2912 Α
2816 2857 3046 2912 sabbato
3088 2858 3236 2912 enim
3281 2873 3456 2927 usque

1861 2951 1930 3004 ad
1965 2949 2250 3005 sabbatum
2276 2958 2566 3019 portantur
2595 2948 2731 3004 alba:
2758 2955 2962 3014 vestes,
2991 2964 3112 3018 qua:
3140 2948 3298 3003 nobis
3329 2963 3453 3018 spe-

1861 3040 2040 3095 cimen
2066 3047 2346 3110 prtestant,
2376 3039 2564 3109 quales
2591 3038 2890 3094 debeamus
2920 3054 3043 3094 esse
3090 3038 3143 3092 in
3174 3037 3328 3093 Novo
3355 3038 3457 3093 Te-

1866 3138 2157 3193 stamento,
2187 3137 2242 3185 et
2267 3130 2447 3200 qualia
2487 3125 2727 3201 corpora
2747 3129 3018 3200 recepturi
3039 3129 3094 3184 in
3123 3137 3318 3185 octava
3347 3129 3455 3183 die.

1866 3221 1914 3276 Α
1963 3221 2191 3276 sabbato
2237 3236 2410 3290 usque
2451 3222 2522 3276 ad
2572 3222 2858 3276 sabbatum
2903 3230 3188 3289 portamus
3232 3219 3371 3284 illas,
3404 3220 3458 3274 id

1867 3319 1968 3373 est.
1989 3326 2064 3366 ex
2092 3326 2200 3381 qua
2230 3310 2318 3365 die
2344 3312 2540 3380 pignus
2572 3311 2808 3379 Spiritus
2853 3312 3150 3380 accipimus
3174 3329 3188 3363 :
3212 3311 3304 3379 qui
3334 3324 3458 3378 pro-

1855 3413 1988 3476 pter
2008 3403 2377 3473 septenarium
2401 3417 2689 3456 numerum
2716 3403 2944 3456 sabbato
2967 3402 3259 3470 deputatur
3282 3415 3457 3469 usque

1868 3496 1938 3552 ad
1981 3494 2210 3550 alteram
2235 3492 2465 3556 sabbati,
2492 3507 2614 3561 quae
2638 3501 2721 3547 est
2747 3493 3008 3546 memoria
3053 3491 3196 3546 illius
3223 3490 3454 3555 sabbati,

1869 3587 1926 3642 in
1955 3601 2062 3657 qua
2108 3584 2426 3656 praesentari
2471 3599 2570 3639 nos
2615 3592 2827 3655 oportet
2855 3592 2983 3638 ante
3019 3582 3308 3638 Dominum
3333 3597 3456 3636 cum

1869 3679 1990 3751 ipso
2011 3679 2257 3750 pignore.
2307 3676 2427 3745 Ipsa
2473 3675 2796 3730 vestimenta
2844 3683 2972 3730 sunt
3014 3673 3165 3729 stola:
3199 3672 3357 3737 albae,
3390 3671 3460 3726 de

1869 3771 2069 3842 quibus
2108 3767 2367 3824 scribitur
2405 3766 2461 3820 in
2504 3765 2830 3837 Apocalypsi
2860 3781 2875 3820 :
2910 3765 2978 3818 Et
3013 3765 3155 3818 data:
3193 3772 3315 3818 sunt
3352 3762 3460 3817 illis

1868 3860 2090 3935 singula:
2129 3857 2279 3914 stolae
2303 3857 2461 3912 albcc.
2520 3855 2780 3927 Singulas
2828 3855 2990 3910 modo
3041 3854 3246 3908 habent
3293 3851 3463 3907 stolas

1870 3951 2065 4007 anima:
2090 3957 2424 4008 sanctorum.
2457 3947 2524 4001 de
2565 3961 2665 4001 sua
2698 3947 2860 4001 beata
2888 3943 3300 3999 immortalitate
3327 3957 3462 4012 gau-

1873 4043 2085 4097 dentes.
2135 4037 2204 4092 Et
2244 4039 2439 4092 iterum
2469 4036 2525 4091 in
2553 4036 2744 4092 eodem
2770 4053 2784 4089 :
2808 4034 3002 4088 Amicti
3049 4031 3199 4088 stolis
3232 4031 3390 4097 albis,
3413 4039 3463 4086 et

1872 4130 2062 4202 palmis
2097 4131 2156 4184 in
2197 4130 2442 4184 manibus
2490 4145 2674 4183 eorum
2699 4142 2718 4180 :
2741 4125 2925 4190 stolis,
2957 4125 3318 4195 baptismum;
3347 4121 3465 4190 pa-l-

1873 4224 2000 4288 mis,
2017 4222 2346 4292 triumphum
2369 4221 2548 4275 crucis
2576 4219 2831 4273 insinuat.
2849 4217 2912 4270 Et
2937 4217 3131 4269 iterum
3158 4215 3213 4268 in
3237 4215 3458 4268 eodem:

1873 4315 2026 4370 Beati
2049 4315 2139 4385 qui
2169 4313 2347 4366 lavant
2370 4310 2535 4366 stolas
2569 4324 2714 4371 suas,
2747 4317 2801 4360 ut
2839 4308 2906 4361 sit
2940 4315 3168 4376 potestas
3196 4319 3378 4357 eorum
3403 4304 3460 4356 in

1874 4405 2016 4474 ligno
2044 4403 2163 4456 vita:
2187 4439 2202 4465 ,
2231 4409 2287 4454 et
2315 4399 2541 4468 reliqua.
2572 4397 2803 4467 Dignum
2832 4395 3115 4466 praemium
3141 4393 3296 4449 stolis
3339 4409 3466 4448 can-

1799 4513 1852 4572 D
1880 4495 2042 4557 didis,
2069 4492 2124 4546 id
2158 4498 2244 4545 est
2264 4491 2386 4547 vitae
2411 4486 2773 4544 immaculata:
2793 4486 3083 4556 promittit,
3107 4484 3377 4547 videlicet,
3403 4492 3465 4538 ut
3533 4525 3536 4528 .

1875 4585 2090 4642 Domini
2132 4589 2378 4652 aspectu,
2408 4579 2500 4650 qui
2550 4587 2635 4634 est
2675 4578 2788 4632 vita
2819 4585 3043 4640 aeterna,
3070 4576 3326 4644 potiatur.
3380 4574 3460 4629 Ex

1876 4675 2193 4731 memoratis
2223 4671 2507 4727 sententiis
2534 4685 2824 4742 possumus
2851 4668 3169 4738 dignoscere
3194 4666 3329 4721 duas
3355 4679 3461 4731 res,

1877 4767 2043 4824 idest
2071 4773 2131 4818 ut
2156 4763 2291 4818 alba:
2317 4769 2496 4816 vestes
2521 4761 2632 4816 sint
2662 4761 2716 4814 in
2746 4756 3184 4830 signum,qualia
3233 4750 3473 4825 corpora.

1878 4866 2063 4914 nostra
2109 4855 2341 4911 debeant
2389 4868 2508 4908 esse
2541 4851 2596 4907 in
2637 4849 2787 4906 Novo
2833 4849 3182 4906 Testamento
3211 4848 3464 4918 (corpora

1878 4951 2024 5004 enim
2071 4956 2199 5003 sunt
2254 4945 2654 5017 quodammodo
2702 4952 2884 5000 vestes
2928 4939 3170 5012 animze),
3202 4946 3257 4994 et
3285 4939 3467 5010 qualia

1882 5040 2036 5095 nobis
2067 5037 2456 5109 promittuntur
2497 5036 2554 5090 in
2593 5036 2794 5090 futuro.
2842 5035 2919 5090 De
2960 5033 3157 5104 quibus
3209 5031 3468 5088 Salomon

1882 5133 2000 5187 ait:
2027 5130 2187 5186 Omni
2221 5139 2450 5200 tempore
2482 5129 2586 5183 sint
2633 5129 2937 5182 vestimenta
2976 5137 3070 5181 tua
3112 5125 3374 5190 candida,
3420 5134 3470 5178 ct

1883 5222 2056 5278 oleum
2091 5221 2156 5276 de
2183 5219 2352 5289 capite
2393 5228 2484 5274 tuo
2532 5235 2637 5273 non
2679 5217 2912 5286 deﬁciat.
2950 5217 3020 5272 Et
3051 5217 3140 5271 hic
3181 5229 3471 5285 possumus

1885 5311 2205 5380 intelligere,
2254 5309 2398 5379 quod
2443 5309 2572 5363 talia
2618 5309 2853 5364 debeant
2897 5323 3020 5363 esse
3065 5320 3231 5375 opera
3280 5312 3466 5358 nostra

1889 5403 2038 5459 omni
2083 5411 2346 5471 tempore,
2390 5400 2571 5470 qualia
2616 5407 2744 5455 sunt
2776 5400 3096 5454 vestimenta
3142 5395 3468 5457 albatorum,

1894 5503 2004 5548 tam
2038 5491 2238 5548 munda
2267 5500 2324 5546 et
2350 5491 2597 5545 candida.
2653 5491 2721 5544 Et
2750 5489 2890 5545 sicut
2919 5489 2988 5544 ab
3029 5486 3244 5540 illorum
3287 5483 3468 5552 capite

1889 5584 2069 5640 oleum
2098 5597 2204 5638 non
2233 5581 2414 5639 deﬁcit
2456 5596 2555 5651 per
2580 5588 2704 5637 octo
2743 5580 2896 5644 dies,
2923 5578 2998 5632 ita
3026 5589 3301 5645 nunquam
3340 5574 3472 5630 cha-

1894 5675 2028 5730 ritas
2059 5689 2130 5730 ex
2174 5682 2355 5730 mente
2405 5681 2592 5728 nostra
2641 5670 2876 5728 deﬁciat.
2927 5667 3081 5734 Quod
3132 5667 3188 5722 in
3240 5665 3470 5722 sabbato

1891 5774 2158 5824 exuuntur
2217 5766 2334 5838 ipsa
2384 5764 2706 5821 vestimenta
2729 5801 2747 5830 ,
2781 5761 2885 5818 hoc
2937 5759 3053 5815 vult
3094 5759 3472 5816 demonstrare
