  <div class='ocr_page' id='page_1' title='image "/cluster/home/n/w/nwhite01/storage/ocr_20150623/105/hvd.32044054759709/535.png"; bbox 0 0 3890 6180; ppageno 0'>
   <div class='ocr_carea' id='block_1_1' title="bbox 503 353 646 411">
    <p class='ocr_par' dir='ltr' id='par_1_1' title="bbox 503 353 646 411">
     <span class='ocr_line' id='line_1_1' title="bbox 503 353 646 411; baseline 0.007 -1"><span class='ocrx_word' id='word_1_1' title='bbox 503 353 646 411; x_wconf 64' lang='grc' dir='ltr'><strong>«ωδ</strong></span> 
     </span>
    </p>
   </div>
   <div class='ocr_carea' id='block_1_2' title="bbox 1537 335 2726 400">
    <p class='ocr_par' dir='ltr' id='par_1_2' title="bbox 1537 335 2726 400">
     <span class='ocr_line' id='line_1_2' title="bbox 1537 335 2726 400; baseline -0.007 0"><span class='ocrx_word' id='word_1_2' title='bbox 1537 339 1870 400; x_wconf 68' lang='lat' dir='ltr'><strong>AMALARII</strong></span> <span class='ocrx_word' id='word_1_3' title='bbox 1905 337 2344 396; x_wconf 76' lang='lat' dir='ltr'><strong>PRESBYTER!</strong></span> <span class='ocrx_word' id='word_1_4' title='bbox 2383 335 2726 392; x_wconf 78' lang='lat' dir='ltr'><strong>METENSIS</strong></span> 
     </span>
    </p>
   </div>
   <div class='ocr_carea' id='block_1_3' title="bbox 3627 333 3768 394">
    <p class='ocr_par' dir='ltr' id='par_1_3' title="bbox 3627 333 3768 394">
     <span class='ocr_line' id='line_1_3' title="bbox 3627 333 3768 394; baseline 0.028 -3"><span class='ocrx_word' id='word_1_5' title='bbox 3627 333 3768 394; x_wconf 68' lang='grc' dir='ltr'><strong>ιιεεδ</strong></span> 
     </span>
    </p>
   </div>
   <div class='ocr_carea' id='block_1_4' title="bbox 497 427 3770 540">
    <p class='ocr_par' dir='ltr' id='par_1_4' title="bbox 497 427 3770 540">
     <span class='ocr_line' id='line_1_4' title="bbox 497 427 3770 540; baseline -0.005 -19"><span class='ocrx_word' id='word_1_6' title='bbox 497 469 646 540; x_wconf 78' lang='lat' dir='ltr'><strong>quod</strong></span> <span class='ocrx_word' id='word_1_7' title='bbox 671 469 726 522; x_wconf 90' lang='lat' dir='ltr'><strong>in</strong></span> <span class='ocrx_word' id='word_1_8' title='bbox 757 466 844 522; x_wconf 90' lang='lat' dir='ltr'><strong>die</strong></span> <span class='ocrx_word' id='word_1_9' title='bbox 863 464 1040 520; x_wconf 79' lang='lat' dir='ltr'><strong>exitus</strong></span> <span class='ocrx_word' id='word_1_10' title='bbox 1067 460 1263 518; x_wconf 75' lang='lat' dir='ltr'><strong>anima:</strong></span> <span class='ocrx_word' id='word_1_11' title='bbox 1287 460 1500 530; x_wconf 78' lang='lat' dir='ltr'><strong>quando</strong></span> <span class='ocrx_word' id='word_1_12' title='bbox 1529 457 1735 513; x_wconf 82' lang='lat' dir='ltr'><strong>recedit</strong></span> <span class='ocrx_word' id='word_1_13' title='bbox 1763 456 1830 511; x_wconf 90' lang='lat' dir='ltr'><strong>de</strong></span> <span class='ocrx_word' id='word_1_14' title='bbox 1851 467 2077 523; x_wconf 66' lang='lat' dir='ltr'><strong>corpore</strong></span> <span class='ocrx_word' id='word_1_15' title='bbox 2107 453 2155 510; x_wconf 81' lang='grc' dir='ltr'>Α</span> <span class='ocrx_word' id='word_1_16' title='bbox 2183 449 2323 504; x_wconf 82' lang='lat' dir='ltr'><strong>sicut</strong></span> <span class='ocrx_word' id='word_1_17' title='bbox 2373 450 2653 540; x_wconf 23' lang='lat' dir='ltr'><strong>neopbytiﬂ</strong></span> <span class='ocrx_word' id='word_1_18' title='bbox 2675 447 2848 504; x_wconf 79' lang='lat' dir='ltr'><strong>nostri</strong></span> <span class='ocrx_word' id='word_1_19' title='bbox 2893 427 3000 514; x_wconf 81' lang='lat' dir='ltr'><strong>per</strong></span> <span class='ocrx_word' id='word_1_20' title='bbox 3041 453 3170 500; x_wconf 88' lang='lat' dir='ltr'><strong>octo</strong></span> <span class='ocrx_word' id='word_1_21' title='bbox 3198 445 3334 540; x_wconf 71' lang='lat' dir='ltr'><strong>dies</strong></span> <span class='ocrx_word' id='word_1_22' title='bbox 3391 447 3494 502; x_wconf 84' lang='lat' dir='ltr'><strong>sub</strong></span> <span class='ocrx_word' id='word_1_23' title='bbox 3543 449 3770 540; x_wconf 72' lang='lat' dir='ltr'><strong>ducibus</strong></span> 
     </span>
    </p>
   </div>
   <div class='ocr_carea' id='block_1_5' title="bbox 499 547 2082 616">
    <p class='ocr_par' dir='ltr' id='par_1_5' title="bbox 499 547 2082 616">
     <span class='ocr_line' id='line_1_5' title="bbox 499 547 2082 616; baseline -0.011 0"><span class='ocrx_word' id='word_1_24' title='bbox 499 559 742 616; x_wconf 71' lang='lat' dir='ltr'><strong>inveniat</strong></span> <span class='ocrx_word' id='word_1_25' title='bbox 765 558 952 612; x_wconf 87' lang='lat' dir='ltr'><strong>eadem</strong></span> <span class='ocrx_word' id='word_1_26' title='bbox 979 556 1158 609; x_wconf 86' lang='lat' dir='ltr'><strong>anima</strong></span> <span class='ocrx_word' id='word_1_27' title='bbox 1189 551 1474 607; x_wconf 74' lang='lat' dir='ltr'><strong>sabbatum</strong></span> <span class='ocrx_word' id='word_1_28' title='bbox 1495 591 1509 615; x_wconf 94' lang='lat'><strong>,</strong></span> <span class='ocrx_word' id='word_1_29' title='bbox 1539 550 1592 603; x_wconf 87' lang='lat' dir='ltr'><strong>id</strong></span> <span class='ocrx_word' id='word_1_30' title='bbox 1619 556 1704 603; x_wconf 90' lang='lat' dir='ltr'><strong>est</strong></span> <span class='ocrx_word' id='word_1_31' title='bbox 1728 547 1994 616; x_wconf 83' lang='lat' dir='ltr'><strong>requiem,</strong></span> <span class='ocrx_word' id='word_1_32' title='bbox 2025 550 2082 598; x_wconf 87' lang='lat' dir='ltr'><strong>et</strong></span> 
     </span>
    </p>
   </div>
   <div class='ocr_carea' id='block_1_6' title="bbox 495 635 2080 708">
    <p class='ocr_par' dir='ltr' id='par_1_6' title="bbox 495 635 2080 708">
     <span class='ocr_line' id='line_1_6' title="bbox 495 635 2080 708; baseline -0.009 -4"><span class='ocrx_word' id='word_1_33' title='bbox 495 652 820 706; x_wconf 88' lang='lat' dir='ltr'><strong>vestimenta</strong></span> <span class='ocrx_word' id='word_1_34' title='bbox 847 663 942 702; x_wconf 89' lang='lat' dir='ltr'><strong>sua</strong></span> <span class='ocrx_word' id='word_1_35' title='bbox 967 646 1056 701; x_wconf 88' lang='lat' dir='ltr'><strong>hic</strong></span> <span class='ocrx_word' id='word_1_36' title='bbox 1083 645 1339 707; x_wconf 80' lang='lat' dir='ltr'><strong>dimittat,</strong></span> <span class='ocrx_word' id='word_1_37' title='bbox 1374 641 1426 696; x_wconf 91' lang='lat' dir='ltr'><strong>id</strong></span> <span class='ocrx_word' id='word_1_38' title='bbox 1472 649 1555 696; x_wconf 90' lang='lat' dir='ltr'><strong>est</strong></span> <span class='ocrx_word' id='word_1_39' title='bbox 1600 653 1817 708; x_wconf 84' lang='lat' dir='ltr'><strong>corpus,</strong></span> <span class='ocrx_word' id='word_1_40' title='bbox 1847 645 1908 691; x_wconf 89' lang='lat' dir='ltr'><strong>ut</strong></span> <span class='ocrx_word' id='word_1_41' title='bbox 1939 635 2080 692; x_wconf 82' lang='lat' dir='ltr'><strong>reci-</strong></span> 
     </span>
    </p>
   </div>
   <div class='ocr_carea' id='block_1_7' title="bbox 498 727 2086 813">
    <p class='ocr_par' dir='ltr' id='par_1_7' title="bbox 498 727 2086 813">
     <span class='ocr_line' id='line_1_7' title="bbox 498 727 2086 813; baseline -0.011 -16"><span class='ocrx_word' id='word_1_42' title='bbox 498 745 616 813; x_wconf 88' lang='lat' dir='ltr'><strong>piat</strong></span> <span class='ocrx_word' id='word_1_43' title='bbox 639 741 768 796; x_wconf 88' lang='lat' dir='ltr'><strong>illud</strong></span> <span class='ocrx_word' id='word_1_44' title='bbox 793 741 990 794; x_wconf 83' lang='lat' dir='ltr'><strong>iterum</strong></span> <span class='ocrx_word' id='word_1_45' title='bbox 1027 739 1081 792; x_wconf 90' lang='lat' dir='ltr'><strong>in</strong></span> <span class='ocrx_word' id='word_1_46' title='bbox 1115 737 1414 792; x_wconf 87' lang='lat' dir='ltr'><strong>novissimo</strong></span> <span class='ocrx_word' id='word_1_47' title='bbox 1455 733 1560 787; x_wconf 90' lang='lat' dir='ltr'><strong>die.</strong></span> <span class='ocrx_word' id='word_1_48' title='bbox 1595 731 1750 786; x_wconf 84' lang='lat' dir='ltr'><strong>Unde</strong></span> <span class='ocrx_word' id='word_1_49' title='bbox 1777 729 1911 783; x_wconf 83' lang='lat' dir='ltr'><strong>mihi</strong></span> <span class='ocrx_word' id='word_1_50' title='bbox 1939 727 2086 780; x_wconf 84' lang='lat' dir='ltr'><strong>vide-</strong></span> 
     </span>
    </p>
   </div>
   <div class='ocr_carea' id='block_1_8' title="bbox 497 815 2086 896">
    <p class='ocr_par' dir='ltr' id='par_1_8' title="bbox 497 815 2086 896">
     <span class='ocr_line' id='line_1_8' title="bbox 497 815 2086 896; baseline -0.011 -10"><span class='ocrx_word' id='word_1_51' title='bbox 497 844 593 886; x_wconf 86' lang='lat' dir='ltr'><strong>tur</strong></span> <span class='ocrx_word' id='word_1_52' title='bbox 617 830 1002 895; x_wconf 72' lang='lat' dir='ltr'><strong>congruentius</strong></span> <span class='ocrx_word' id='word_1_53' title='bbox 1044 842 1184 890; x_wconf 87' lang='lat' dir='ltr'><strong>esse,</strong></span> <span class='ocrx_word' id='word_1_54' title='bbox 1219 826 1266 880; x_wconf 91' lang='lat' dir='ltr'><strong>si</strong></span> <span class='ocrx_word' id='word_1_55' title='bbox 1307 821 1572 896; x_wconf 84' lang='lat' dir='ltr'><strong>portanda</strong></span> <span class='ocrx_word' id='word_1_56' title='bbox 1623 827 1751 876; x_wconf 84' lang='lat' dir='ltr'><strong>sunt</strong></span> <span class='ocrx_word' id='word_1_57' title='bbox 1795 823 1922 887; x_wconf 80' lang='lat' dir='ltr'><strong>post</strong></span> <span class='ocrx_word' id='word_1_58' title='bbox 1967 815 2086 871; x_wconf 86' lang='lat' dir='ltr'><strong>dies</strong></span> 
     </span>
    </p>
   </div>
   <div class='ocr_carea' id='block_1_9' title="bbox 495 908 2082 990">
    <p class='ocr_par' dir='ltr' id='par_1_9' title="bbox 495 908 2082 990">
     <span class='ocr_line' id='line_1_9' title="bbox 495 908 2082 990; baseline -0.013 -12"><span class='ocrx_word' id='word_1_59' title='bbox 495 929 712 986; x_wconf 86' lang='lat' dir='ltr'><strong>octo,et</strong></span> <span class='ocrx_word' id='word_1_60' title='bbox 737 929 798 976; x_wconf 88' lang='lat' dir='ltr'><strong>ut</strong></span> <span class='ocrx_word' id='word_1_61' title='bbox 811 935 937 975; x_wconf 83' lang='lat' dir='ltr'><strong>vere</strong></span> <span class='ocrx_word' id='word_1_62' title='bbox 961 917 1224 990; x_wconf 89' lang='lat' dir='ltr'><strong>portanda</strong></span> <span class='ocrx_word' id='word_1_63' title='bbox 1255 923 1381 970; x_wconf 89' lang='lat' dir='ltr'><strong>sunt</strong></span> <span class='ocrx_word' id='word_1_64' title='bbox 1405 913 1731 968; x_wconf 84' lang='lat' dir='ltr'><strong>vestimenta</strong></span> <span class='ocrx_word' id='word_1_65' title='bbox 1757 908 2082 970; x_wconf 88' lang='lat' dir='ltr'><strong>albatorum,</strong></span> 
     </span>
    </p>
   </div>
   <div class='ocr_carea' id='block_1_10' title="bbox 501 1003 2086 1082">
    <p class='ocr_par' dir='ltr' id='par_1_10' title="bbox 501 1003 2086 1082">
     <span class='ocr_line' id='line_1_10' title="bbox 501 1003 2086 1082; baseline -0.009 -16"><span class='ocrx_word' id='word_1_66' title='bbox 501 1019 564 1066; x_wconf 89' lang='lat' dir='ltr'><strong>ut</strong></span> <span class='ocrx_word' id='word_1_67' title='bbox 605 1011 786 1082; x_wconf 84' lang='lat' dir='ltr'><strong>potius</strong></span> <span class='ocrx_word' id='word_1_68' title='bbox 825 1013 892 1066; x_wconf 90' lang='lat' dir='ltr'><strong>ab</strong></span> <span class='ocrx_word' id='word_1_69' title='bbox 921 1009 1052 1079; x_wconf 84' lang='lat' dir='ltr'><strong>ipsis</strong></span> <span class='ocrx_word' id='word_1_70' title='bbox 1083 1015 1369 1078; x_wconf 79' lang='lat' dir='ltr'><strong>portentur</strong></span> <span class='ocrx_word' id='word_1_71' title='bbox 1398 1021 1429 1059; x_wconf 88' lang='lat' dir='ltr'><strong>a</strong></span> <span class='ocrx_word' id='word_1_72' title='bbox 1461 1003 1672 1074; x_wconf 81' lang='lat' dir='ltr'><strong>quibus</strong></span> <span class='ocrx_word' id='word_1_73' title='bbox 1711 1007 1932 1071; x_wconf 76' lang='lat' dir='ltr'><strong>portata</strong></span> <span class='ocrx_word' id='word_1_74' title='bbox 1958 1005 2086 1052; x_wconf 84' lang='lat' dir='ltr'><strong>sunt</strong></span> 
     </span>
    </p>
   </div>
   <div class='ocr_carea' id='block_1_11' title="bbox 503 1089 2086 1168">
    <p class='ocr_par' dir='ltr' id='par_1_11' title="bbox 503 1089 2086 1168">
     <span class='ocr_line' id='line_1_11' title="bbox 503 1089 2086 1168; baseline -0.01 -8"><span class='ocrx_word' id='word_1_75' title='bbox 503 1107 558 1160; x_wconf 91' lang='lat' dir='ltr'><strong>in</strong></span> <span class='ocrx_word' id='word_1_76' title='bbox 587 1105 938 1160; x_wconf 82' lang='lat' dir='ltr'><strong>sanctiﬁcatis</strong></span> <span class='ocrx_word' id='word_1_77' title='bbox 981 1103 1189 1164; x_wconf 87' lang='lat' dir='ltr'><strong>diebus,</strong></span> <span class='ocrx_word' id='word_1_78' title='bbox 1241 1113 1404 1168; x_wconf 90' lang='lat' dir='ltr'><strong>quam</strong></span> <span class='ocrx_word' id='word_1_79' title='bbox 1433 1097 1504 1150; x_wconf 90' lang='lat' dir='ltr'><strong>ab</strong></span> <span class='ocrx_word' id='word_1_80' title='bbox 1533 1095 1638 1149; x_wconf 84' lang='lat' dir='ltr'><strong>illis</strong></span> <span class='ocrx_word' id='word_1_81' title='bbox 1679 1093 1770 1163; x_wconf 86' lang='lat' dir='ltr'><strong>qui</strong></span> <span class='ocrx_word' id='word_1_82' title='bbox 1813 1108 1876 1146; x_wconf 86' lang='lat' dir='ltr'><strong>se</strong></span> <span class='ocrx_word' id='word_1_83' title='bbox 1901 1089 2086 1145; x_wconf 83' lang='lat' dir='ltr'><strong>multis</strong></span> 
     </span>
    </p>
   </div>
   <div class='ocr_carea' id='block_1_12' title="bbox 501 1187 2086 1265">
    <p class='ocr_par' dir='ltr' id='par_1_12' title="bbox 501 1187 2086 1265">
     <span class='ocr_line' id='line_1_12' title="bbox 501 1187 2086 1265; baseline -0.009 -13"><span class='ocrx_word' id='word_1_84' title='bbox 501 1197 730 1253; x_wconf 85' lang='lat' dir='ltr'><strong>maculis</strong></span> <span class='ocrx_word' id='word_1_85' title='bbox 775 1195 1082 1265; x_wconf 89' lang='lat' dir='ltr'><strong>polluerunt</strong></span> <span class='ocrx_word' id='word_1_86' title='bbox 1127 1201 1247 1262; x_wconf 91' lang='lat' dir='ltr'><strong>post</strong></span> <span class='ocrx_word' id='word_1_87' title='bbox 1291 1187 1810 1260; x_wconf 78' lang='lat' dir='ltr'><strong>baptismumtqnia</strong></span> <span class='ocrx_word' id='word_1_88' title='bbox 1857 1191 2086 1254; x_wconf 84' lang='lat' dir='ltr'><strong>corpora</strong></span> 
     </span>
    </p>
   </div>
   <div class='ocr_carea' id='block_1_13' title="bbox 504 1277 2088 1350">
    <p class='ocr_par' dir='ltr' id='par_1_13' title="bbox 504 1277 2088 1350">
     <span class='ocr_line' id='line_1_13' title="bbox 504 1277 2088 1350; baseline -0.008 -7"><span class='ocrx_word' id='word_1_89' title='bbox 504 1296 688 1343; x_wconf 88' lang='lat' dir='ltr'><strong>nostra</strong></span> <span class='ocrx_word' id='word_1_90' title='bbox 719 1303 826 1342; x_wconf 90' lang='lat' dir='ltr'><strong>non</strong></span> <span class='ocrx_word' id='word_1_91' title='bbox 856 1287 990 1340; x_wconf 89' lang='lat' dir='ltr'><strong>alias</strong></span> <span class='ocrx_word' id='word_1_92' title='bbox 1037 1285 1246 1339; x_wconf 85' lang='lat' dir='ltr'><strong>animas</strong></span> <span class='ocrx_word' id='word_1_93' title='bbox 1283 1281 1545 1350; x_wconf 75' lang='lat' dir='ltr'><strong>recipient</strong></span> <span class='ocrx_word' id='word_1_94' title='bbox 1587 1281 1640 1333; x_wconf 91' lang='lat' dir='ltr'><strong>in</strong></span> <span class='ocrx_word' id='word_1_95' title='bbox 1687 1277 1891 1340; x_wconf 85' lang='lat' dir='ltr'><strong>futuro,</strong></span> <span class='ocrx_word' id='word_1_96' title='bbox 1923 1291 2088 1346; x_wconf 88' lang='lat' dir='ltr'><strong>quam</strong></span> 
     </span>
    </p>
   </div>
   <div class='ocr_carea' id='block_1_14' title="bbox 501 1370 2090 1447">
    <p class='ocr_par' dir='ltr' id='par_1_14' title="bbox 501 1370 2090 1447">
     <span class='ocr_line' id='line_1_14' title="bbox 501 1370 2090 1447; baseline -0.006 -14"><span class='ocrx_word' id='word_1_97' title='bbox 501 1381 704 1436; x_wconf 70' lang='lat' dir='ltr'><strong>emdem</strong></span> <span class='ocrx_word' id='word_1_98' title='bbox 732 1392 852 1447; x_wconf 70' lang='lat' dir='ltr'><strong>quae</strong></span> <span class='ocrx_word' id='word_1_99' title='bbox 896 1377 984 1430; x_wconf 89' lang='lat' dir='ltr'><strong>illa</strong></span> <span class='ocrx_word' id='word_1_100' title='bbox 1005 1379 1010 1384; x_wconf 85' lang='grc'><em>’</em></span> <span class='ocrx_word' id='word_1_101' title='bbox 1031 1382 1291 1430; x_wconf 81' lang='lat' dir='ltr'><strong>rexerunt</strong></span> <span class='ocrx_word' id='word_1_102' title='bbox 1320 1375 1376 1428; x_wconf 91' lang='lat' dir='ltr'><strong>in</strong></span> <span class='ocrx_word' id='word_1_103' title='bbox 1419 1373 1696 1442; x_wconf 71' lang='lat' dir='ltr'><strong>prmsenti.</strong></span> <span class='ocrx_word' id='word_1_104' title='bbox 1727 1370 1973 1440; x_wconf 86' lang='lat' dir='ltr'><strong>Duplicia</strong></span> <span class='ocrx_word' id='word_1_105' title='bbox 2002 1385 2090 1424; x_wconf 92' lang='lat' dir='ltr'><strong>so-</strong></span> 
     </span>
    </p>
   </div>
   <div class='ocr_carea' id='block_1_15' title="bbox 502 1461 2090 1531">
    <p class='ocr_par' dir='ltr' id='par_1_15' title="bbox 502 1461 2090 1531">
     <span class='ocr_line' id='line_1_15' title="bbox 502 1461 2090 1531; baseline -0.006 -9"><span class='ocrx_word' id='word_1_106' title='bbox 502 1469 617 1524; x_wconf 90' lang='lat' dir='ltr'><strong>lent</strong></span> <span class='ocrx_word' id='word_1_107' title='bbox 643 1483 764 1522; x_wconf 89' lang='lat' dir='ltr'><strong>esse</strong></span> <span class='ocrx_word' id='word_1_108' title='bbox 790 1465 978 1520; x_wconf 84' lang='lat' dir='ltr'><strong>eadem</strong></span> <span class='ocrx_word' id='word_1_109' title='bbox 1017 1465 1378 1519; x_wconf 85' lang='lat' dir='ltr'><strong>vestimenta:</strong></span> <span class='ocrx_word' id='word_1_110' title='bbox 1405 1470 1458 1519; x_wconf 90' lang='lat' dir='ltr'><strong>et</strong></span> <span class='ocrx_word' id='word_1_111' title='bbox 1493 1462 1686 1531; x_wconf 82' lang='lat' dir='ltr'><strong>duplex</strong></span> <span class='ocrx_word' id='word_1_112' title='bbox 1723 1461 2090 1516; x_wconf 86' lang='lat' dir='ltr'><strong>remuneratio</strong></span> 
     </span>
    </p>
   </div>
   <div class='ocr_carea' id='block_1_16' title="bbox 503 1551 2085 1629">
    <p class='ocr_par' dir='ltr' id='par_1_16' title="bbox 503 1551 2085 1629">
     <span class='ocr_line' id='line_1_16' title="bbox 503 1551 2085 1629; baseline -0.008 -14"><span class='ocrx_word' id='word_1_113' title='bbox 503 1561 709 1615; x_wconf 84' lang='lat' dir='ltr'><strong>sanctis</strong></span> <span class='ocrx_word' id='word_1_114' title='bbox 755 1558 1089 1629; x_wconf 83' lang='lat' dir='ltr'><strong>promittitur</strong></span> <span class='ocrx_word' id='word_1_115' title='bbox 1137 1557 1192 1610; x_wconf 89' lang='lat' dir='ltr'><strong>in</strong></span> <span class='ocrx_word' id='word_1_116' title='bbox 1243 1566 1444 1610; x_wconf 72' lang='lat' dir='ltr'><strong>aeterna</strong></span> <span class='ocrx_word' id='word_1_117' title='bbox 1487 1554 1621 1607; x_wconf 86' lang='lat' dir='ltr'><strong>vita.</strong></span> <span class='ocrx_word' id='word_1_118' title='bbox 1665 1553 1820 1608; x_wconf 86' lang='lat' dir='ltr'><strong>Unde</strong></span> <span class='ocrx_word' id='word_1_119' title='bbox 1863 1551 2030 1604; x_wconf 76' lang='lat' dir='ltr'><strong>lsaias</strong></span> <span class='ocrx_word' id='word_1_120' title='bbox 2073 1568 2085 1603; x_wconf 91' lang='lat'>:</span> 
     </span>
    </p>
   </div>
   <div class='ocr_carea' id='block_1_17' title="bbox 503 1641 2090 1720">
    <p class='ocr_par' dir='ltr' id='par_1_17' title="bbox 503 1641 2090 1720">
     <span class='ocr_line' id='line_1_17' title="bbox 503 1641 2090 1720; baseline -0.006 -16"><span class='ocrx_word' id='word_1_121' title='bbox 503 1649 750 1720; x_wconf 83' lang='lat' dir='ltr'><strong>Duplicia</strong></span> <span class='ocrx_word' id='word_1_122' title='bbox 799 1650 854 1702; x_wconf 89' lang='lat' dir='ltr'><strong>in</strong></span> <span class='ocrx_word' id='word_1_123' title='bbox 895 1658 1036 1702; x_wconf 82' lang='lat' dir='ltr'><strong>terra</strong></span> <span class='ocrx_word' id='word_1_124' title='bbox 1079 1663 1178 1701; x_wconf 80' lang='lat' dir='ltr'><strong>sua</strong></span> <span class='ocrx_word' id='word_1_125' title='bbox 1223 1643 1579 1716; x_wconf 78' lang='lat' dir='ltr'><strong>possidebunt,</strong></span> <span class='ocrx_word' id='word_1_126' title='bbox 1608 1643 1670 1696; x_wconf 70' lang='lat' dir='ltr'><strong>id&#39;</strong></span> <span class='ocrx_word' id='word_1_127' title='bbox 1711 1651 1788 1696; x_wconf 84' lang='lat' dir='ltr'><strong>est</strong></span> <span class='ocrx_word' id='word_1_128' title='bbox 1837 1641 2090 1713; x_wconf 79' lang='lat' dir='ltr'><strong>gaudium</strong></span> 
     </span>
    </p>
   </div>
   <div class='ocr_carea' id='block_1_18' title="bbox 503 1733 2092 1810">
    <p class='ocr_par' dir='ltr' id='par_1_18' title="bbox 503 1733 2092 1810">
     <span class='ocr_line' id='line_1_18' title="bbox 503 1733 2092 1810; baseline -0.004 -15"><span class='ocrx_word' id='word_1_129' title='bbox 503 1743 719 1806; x_wconf 59' lang='lat' dir='ltr'><strong>animus,</strong></span> <span class='ocrx_word' id='word_1_130' title='bbox 743 1749 799 1796; x_wconf 90' lang='lat' dir='ltr'><strong>et</strong></span> <span class='ocrx_word' id='word_1_131' title='bbox 831 1740 1055 1810; x_wconf 79' lang='lat' dir='ltr'><strong>gloriam</strong></span> <span class='ocrx_word' id='word_1_132' title='bbox 1085 1735 1510 1808; x_wconf 86' lang='lat' dir='ltr'><strong>incorruptibilis</strong></span> <span class='ocrx_word' id='word_1_133' title='bbox 1536 1735 1800 1805; x_wconf 88' lang='lat' dir='ltr'><strong>corporis.</strong></span> <span class='ocrx_word' id='word_1_134' title='bbox 1825 1733 2092 1800; x_wconf 82' lang='lat' dir='ltr'><strong>Quoniam</strong></span> 
     </span>
    </p>
   </div>
   <div class='ocr_carea' id='block_1_19' title="bbox 2157 536 3774 611">
    <p class='ocr_par' dir='ltr' id='par_1_19' title="bbox 2157 536 3774 611">
     <span class='ocr_line' id='line_1_19' title="bbox 2157 536 3774 611; baseline 0.002 -18"><span class='ocrx_word' id='word_1_135' title='bbox 2157 541 2512 611; x_wconf 73' lang='lat' dir='ltr'><strong>presbyteris</strong></span> <span class='ocrx_word' id='word_1_136' title='bbox 2541 539 2748 594; x_wconf 86' lang='lat' dir='ltr'><strong>scilicet</strong></span> <span class='ocrx_word' id='word_1_137' title='bbox 2792 546 2954 607; x_wconf 87' lang='lat' dir='ltr'><strong>atque</strong></span> <span class='ocrx_word' id='word_1_138' title='bbox 2995 536 3243 608; x_wconf 82' lang='lat' dir='ltr'><strong>patronis</strong></span> <span class='ocrx_word' id='word_1_139' title='bbox 3285 545 3343 590; x_wconf 89' lang='lat' dir='ltr'><strong>et</strong></span> <span class='ocrx_word' id='word_1_140' title='bbox 3371 539 3642 594; x_wconf 80' lang='lat' dir='ltr'><strong>atronis</strong></span> <span class='ocrx_word' id='word_1_141' title='bbox 3687 541 3774 596; x_wconf 81' lang='lat' dir='ltr'><strong>de-</strong></span> 
     </span>
    </p>
   </div>
   <div class='ocr_carea' id='block_1_20' title="bbox 2185 627 3774 697">
    <p class='ocr_par' dir='ltr' id='par_1_20' title="bbox 2185 627 3774 697">
     <span class='ocr_line' id='line_1_20' title="bbox 2185 627 3774 697; baseline 0.001 -13"><span class='ocrx_word' id='word_1_142' title='bbox 2185 630 2482 692; x_wconf 87' lang='lat' dir='ltr'><strong>ducuntur,</strong></span> <span class='ocrx_word' id='word_1_143' title='bbox 2511 637 2566 682; x_wconf 81' lang='lat' dir='ltr'><strong>et</strong></span> <span class='ocrx_word' id='word_1_144' title='bbox 2611 630 2694 683; x_wconf 88' lang='lat' dir='ltr'><strong>sic</strong></span> <span class='ocrx_word' id='word_1_145' title='bbox 2733 628 2952 682; x_wconf 88' lang='lat' dir='ltr'><strong>tandem</strong></span> <span class='ocrx_word' id='word_1_146' title='bbox 3001 628 3432 697; x_wconf 76' lang='lat' dir='ltr'><strong>perveniendum</strong></span> <span class='ocrx_word' id='word_1_147' title='bbox 3461 630 3516 682; x_wconf 89' lang='lat' dir='ltr'><strong>in</strong></span> <span class='ocrx_word' id='word_1_148' title='bbox 3545 627 3774 686; x_wconf 75' lang='lat' dir='ltr'><strong>sabbato</strong></span> 
     </span>
    </p>
   </div>
   <div class='ocr_carea' id='block_1_21' title="bbox 2185 718 3776 792">
    <p class='ocr_par' dir='ltr' id='par_1_21' title="bbox 2185 718 3776 792">
     <span class='ocr_line' id='line_1_21' title="bbox 2185 718 3776 792; baseline 0.004 -20"><span class='ocrx_word' id='word_1_149' title='bbox 2185 721 2252 774; x_wconf 90' lang='lat' dir='ltr'><strong>ad</strong></span> <span class='ocrx_word' id='word_1_150' title='bbox 2283 728 2484 774; x_wconf 84' lang='lat' dir='ltr'><strong>terram</strong></span> <span class='ocrx_word' id='word_1_151' title='bbox 2530 719 2924 788; x_wconf 75' lang='lat' dir='ltr'><strong>promissionis.</strong></span> <span class='ocrx_word' id='word_1_152' title='bbox 2977 718 3060 773; x_wconf 84' lang='lat' dir='ltr'><strong>Illi</strong></span> <span class='ocrx_word' id='word_1_153' title='bbox 3106 721 3200 788; x_wconf 85' lang='lat' dir='ltr'><strong>qui</strong></span> <span class='ocrx_word' id='word_1_154' title='bbox 3247 719 3556 789; x_wconf 77' lang='lat' dir='ltr'><strong>baptizant,</strong></span> <span class='ocrx_word' id='word_1_155' title='bbox 3593 731 3776 792; x_wconf 77' lang='lat' dir='ltr'><strong>patres</strong></span> 
     </span>
    </p>
   </div>
   <div class='ocr_carea' id='block_1_22' title="bbox 2185 809 3778 882">
    <p class='ocr_par' dir='ltr' id='par_1_22' title="bbox 2185 809 3778 882">
     <span class='ocr_line' id='line_1_22' title="bbox 2185 809 3778 882; baseline 0.001 -17"><span class='ocrx_word' id='word_1_156' title='bbox 2185 819 2312 865; x_wconf 89' lang='lat' dir='ltr'><strong>sunt</strong></span> <span class='ocrx_word' id='word_1_157' title='bbox 2335 809 2758 879; x_wconf 82' lang='lat' dir='ltr'><strong>baptizatorum,</strong></span> <span class='ocrx_word' id='word_1_158' title='bbox 2783 818 2846 863; x_wconf 86' lang='lat' dir='ltr'><strong>ut</strong></span> <span class='ocrx_word' id='word_1_159' title='bbox 2863 825 2931 864; x_wconf 77' lang='lat' dir='ltr'><strong>ex</strong></span> <span class='ocrx_word' id='word_1_160' title='bbox 2959 810 3146 864; x_wconf 86' lang='lat' dir='ltr'><strong>multis</strong></span> <span class='ocrx_word' id='word_1_161' title='bbox 3173 811 3502 867; x_wconf 83' lang='lat' dir='ltr'><strong>testimoniis</strong></span> <span class='ocrx_word' id='word_1_162' title='bbox 3531 811 3778 882; x_wconf 64' lang='lat' dir='ltr'><strong>Scripta.</strong></span> 
     </span>
    </p>
   </div>
   <div class='ocr_carea' id='block_1_23' title="bbox 2187 901 3778 972">
    <p class='ocr_par' dir='ltr' id='par_1_23' title="bbox 2187 901 3778 972">
     <span class='ocr_line' id='line_1_23' title="bbox 2187 901 3778 972; baseline 0.001 -16"><span class='ocrx_word' id='word_1_163' title='bbox 2187 917 2370 956; x_wconf 86' lang='lat' dir='ltr'><strong>rarum</strong></span> <span class='ocrx_word' id='word_1_164' title='bbox 2427 917 2714 972; x_wconf 83' lang='lat' dir='ltr'><strong>possumus</strong></span> <span class='ocrx_word' id='word_1_165' title='bbox 2767 901 3250 970; x_wconf 84' lang='lat' dir='ltr'><strong>eonjieere:sicut</strong></span> <span class='ocrx_word' id='word_1_166' title='bbox 3302 902 3520 959; x_wconf 72' lang='lat' dir='ltr'><strong>Marcus</strong></span> <span class='ocrx_word' id='word_1_167' title='bbox 3577 904 3778 960; x_wconf 88' lang='lat' dir='ltr'><strong>dicitur</strong></span> 
     </span>
    </p>
   </div>
   <div class='ocr_carea' id='block_1_24' title="bbox 2187 991 3776 1062">
    <p class='ocr_par' dir='ltr' id='par_1_24' title="bbox 2187 991 3776 1062">
     <span class='ocr_line' id='line_1_24' title="bbox 2187 991 3776 1062; baseline 0.001 -16"><span class='ocrx_word' id='word_1_168' title='bbox 2187 991 2330 1047; x_wconf 80' lang='lat' dir='ltr'><strong>ﬁlius</strong></span> <span class='ocrx_word' id='word_1_169' title='bbox 2357 992 2504 1048; x_wconf 89' lang='lat' dir='ltr'><strong>Petri</strong></span> <span class='ocrx_word' id='word_1_170' title='bbox 2549 994 2603 1048; x_wconf 88' lang='lat' dir='ltr'><strong>in</strong></span> <span class='ocrx_word' id='word_1_171' title='bbox 2637 993 2980 1062; x_wconf 84' lang='lat' dir='ltr'><strong>baptismate.</strong></span> <span class='ocrx_word' id='word_1_172' title='bbox 3033 993 3111 1048; x_wconf 89' lang='lat' dir='ltr'><strong>De</strong></span> <span class='ocrx_word' id='word_1_173' title='bbox 3161 994 3360 1050; x_wconf 85' lang='lat' dir='ltr'><strong>talibus</strong></span> <span class='ocrx_word' id='word_1_174' title='bbox 3405 994 3536 1050; x_wconf 86' lang='lat' dir='ltr'><strong>ﬁliis</strong></span> <span class='ocrx_word' id='word_1_175' title='bbox 3581 994 3776 1050; x_wconf 74' lang='lat' dir='ltr'><strong>ﬂorent</strong></span> 
     </span>
    </p>
   </div>
   <div class='ocr_carea' id='block_1_25' title="bbox 2187 1081 3776 1155">
    <p class='ocr_par' dir='ltr' id='par_1_25' title="bbox 2187 1081 3776 1155">
     <span class='ocr_line' id='line_1_25' title="bbox 2187 1081 3776 1155; baseline 0.003 -19"><span class='ocrx_word' id='word_1_176' title='bbox 2187 1081 2390 1137; x_wconf 79' lang='lat' dir='ltr'><strong>affatim</strong></span> <span class='ocrx_word' id='word_1_177' title='bbox 2417 1084 2701 1153; x_wconf 65' lang='lat' dir='ltr'><strong>scripturae</strong></span> <span class='ocrx_word' id='word_1_178' title='bbox 2725 1089 3114 1153; x_wconf 77' lang='lat' dir='ltr'><strong>apostolorum.</strong></span> <span class='ocrx_word' id='word_1_179' title='bbox 3141 1084 3412 1151; x_wconf 81' lang='lat' dir='ltr'><strong>Quoniam</strong></span> <span class='ocrx_word' id='word_1_180' title='bbox 3441 1085 3640 1155; x_wconf 83' lang='lat' dir='ltr'><strong>plures</strong></span> <span class='ocrx_word' id='word_1_181' title='bbox 3661 1095 3776 1140; x_wconf 76' lang='lat' dir='ltr'><strong>sum</strong></span> 
     </span>
    </p>
   </div>
   <div class='ocr_carea' id='block_1_26' title="bbox 2185 1175 3778 1248">
    <p class='ocr_par' dir='ltr' id='par_1_26' title="bbox 2185 1175 3778 1248">
     <span class='ocr_line' id='line_1_26' title="bbox 2185 1175 3778 1248; baseline 0.002 -20"><span class='ocrx_word' id='word_1_182' title='bbox 2185 1175 2606 1244; x_wconf 80' lang='lat' dir='ltr'><strong>baptizatorum,</strong></span> <span class='ocrx_word' id='word_1_183' title='bbox 2631 1190 2791 1244; x_wconf 85' lang='lat' dir='ltr'><strong>quam</strong></span> <span class='ocrx_word' id='word_1_184' title='bbox 2823 1175 3013 1230; x_wconf 85' lang='lat' dir='ltr'><strong>deduci</strong></span> <span class='ocrx_word' id='word_1_185' title='bbox 3043 1177 3256 1245; x_wconf 85' lang='lat' dir='ltr'><strong>possint</strong></span> <span class='ocrx_word' id='word_1_186' title='bbox 3277 1177 3344 1231; x_wconf 87' lang='lat' dir='ltr'><strong>ab</strong></span> <span class='ocrx_word' id='word_1_187' title='bbox 3373 1177 3458 1230; x_wconf 91' lang='lat' dir='ltr'><strong>his</strong></span> <span class='ocrx_word' id='word_1_188' title='bbox 3479 1177 3574 1246; x_wconf 83' lang='lat' dir='ltr'><strong>qui</strong></span> <span class='ocrx_word' id='word_1_189' title='bbox 3607 1177 3778 1248; x_wconf 69' lang='lat' dir='ltr'><strong>bapti-</strong></span> 
     </span>
    </p>
   </div>
   <div class='ocr_carea' id='block_1_27' title="bbox 2189 1268 3776 1337">
    <p class='ocr_par' dir='ltr' id='par_1_27' title="bbox 2189 1268 3776 1337">
     <span class='ocr_line' id='line_1_27' title="bbox 2189 1268 3776 1337; baseline 0.001 -17"><span class='ocrx_word' id='word_1_190' title='bbox 2189 1275 2336 1331; x_wconf 85' lang='lat' dir='ltr'><strong>zant,</strong></span> <span class='ocrx_word' id='word_1_191' title='bbox 2364 1268 2812 1323; x_wconf 78' lang='lat' dir='ltr'><strong>commendantur</strong></span> <span class='ocrx_word' id='word_1_192' title='bbox 2849 1268 3064 1322; x_wconf 78' lang='lat' dir='ltr'><strong>caeteris</strong></span> <span class='ocrx_word' id='word_1_193' title='bbox 3091 1269 3338 1337; x_wconf 84' lang='lat' dir='ltr'><strong>patribus</strong></span> <span class='ocrx_word' id='word_1_194' title='bbox 3377 1268 3776 1336; x_wconf 79' lang='lat' dir='ltr'><strong>spiritualibus,</strong></span> 
     </span>
    </p>
   </div>
   <div class='ocr_carea' id='block_1_28' title="bbox 2187 1359 3778 1431">
    <p class='ocr_par' dir='ltr' id='par_1_28' title="bbox 2187 1359 3778 1431">
     <span class='ocr_line' id='line_1_28' title="bbox 2187 1359 3778 1431; baseline 0.001 -18"><span class='ocrx_word' id='word_1_195' title='bbox 2187 1369 2249 1414; x_wconf 90' lang='lat' dir='ltr'><strong>ut</strong></span> <span class='ocrx_word' id='word_1_196' title='bbox 2291 1365 2372 1414; x_wconf 83' lang='lat' dir='ltr'><strong>els</strong></span> <span class='ocrx_word' id='word_1_197' title='bbox 2413 1359 2516 1415; x_wconf 89' lang='lat' dir='ltr'><strong>hoc</strong></span> <span class='ocrx_word' id='word_1_198' title='bbox 2559 1360 2866 1430; x_wconf 72' lang='lat' dir='ltr'><strong>praebeant,</strong></span> <span class='ocrx_word' id='word_1_199' title='bbox 2897 1359 3042 1429; x_wconf 87' lang='lat' dir='ltr'><strong>quod</strong></span> <span class='ocrx_word' id='word_1_200' title='bbox 3087 1375 3119 1414; x_wconf 90' lang='lat' dir='ltr'><strong>a</strong></span> <span class='ocrx_word' id='word_1_201' title='bbox 3149 1360 3482 1431; x_wconf 82' lang='lat' dir='ltr'><strong>presbyteris</strong></span> <span class='ocrx_word' id='word_1_202' title='bbox 3527 1361 3778 1429; x_wconf 68' lang='lat' dir='ltr'><strong>praeba-</strong></span> 
     </span>
    </p>
   </div>
   <div class='ocr_carea' id='block_1_29' title="bbox 2190 1451 3778 1520">
    <p class='ocr_par' dir='ltr' id='par_1_29' title="bbox 2190 1451 3778 1520">
     <span class='ocr_line' id='line_1_29' title="bbox 2190 1451 3778 1520; baseline -0.002 -13"><span class='ocrx_word' id='word_1_203' title='bbox 2190 1452 2318 1507; x_wconf 87' lang='lat' dir='ltr'><strong>dum</strong></span> <span class='ocrx_word' id='word_1_204' title='bbox 2363 1459 2502 1507; x_wconf 89' lang='lat' dir='ltr'><strong>erat.</strong></span> <span class='ocrx_word' id='word_1_205' title='bbox 2551 1451 2664 1506; x_wconf 82' lang='lat' dir='ltr'><strong>Nec</strong></span> <span class='ocrx_word' id='word_1_206' title='bbox 2707 1453 2787 1506; x_wconf 87' lang='lat' dir='ltr'><strong>sic</strong></span> <span class='ocrx_word' id='word_1_207' title='bbox 2817 1451 3076 1506; x_wconf 83' lang='lat' dir='ltr'><strong>abhorret</strong></span> <span class='ocrx_word' id='word_1_208' title='bbox 3108 1467 3138 1505; x_wconf 88' lang='lat' dir='ltr'><strong>a</strong></span> <span class='ocrx_word' id='word_1_209' title='bbox 3169 1467 3300 1506; x_wconf 86' lang='lat' dir='ltr'><strong>vero</strong></span> <span class='ocrx_word' id='word_1_210' title='bbox 3335 1452 3480 1519; x_wconf 86' lang='lat' dir='ltr'><strong>quod</strong></span> <span class='ocrx_word' id='word_1_211' title='bbox 3537 1452 3778 1520; x_wconf 79' lang='lat' dir='ltr'><strong>quadra-</strong></span> 
     </span>
    </p>
   </div>
   <div class='ocr_carea' id='block_1_30' title="bbox 2189 1543 3780 1613">
    <p class='ocr_par' dir='ltr' id='par_1_30' title="bbox 2189 1543 3780 1613">
     <span class='ocr_line' id='line_1_30' title="bbox 2189 1543 3780 1613; baseline 0.001 -17"><span class='ocrx_word' id='word_1_212' title='bbox 2189 1543 2340 1613; x_wconf 80' lang='lat' dir='ltr'><strong>ginta</strong></span> <span class='ocrx_word' id='word_1_213' title='bbox 2369 1543 2488 1598; x_wconf 76' lang='lat' dir='ltr'><strong>dua:</strong></span> <span class='ocrx_word' id='word_1_214' title='bbox 2526 1543 2838 1598; x_wconf 85' lang='lat' dir='ltr'><strong>mansiones</strong></span> <span class='ocrx_word' id='word_1_215' title='bbox 2871 1543 3104 1599; x_wconf 78' lang='lat' dir='ltr'><strong>filiorum</strong></span> <span class='ocrx_word' id='word_1_216' title='bbox 3133 1543 3320 1608; x_wconf 87' lang='lat' dir='ltr'><strong>Israel,</strong></span> <span class='ocrx_word' id='word_1_217' title='bbox 3343 1558 3502 1612; x_wconf 67' lang='lat' dir='ltr'><strong>quas:</strong></span> <span class='ocrx_word' id='word_1_218' title='bbox 3541 1545 3780 1611; x_wconf 73' lang='lat' dir='ltr'><strong>quadra-</strong></span> 
     </span>
    </p>
   </div>
   <div class='ocr_carea' id='block_1_31' title="bbox 2191 1635 3778 1706">
    <p class='ocr_par' dir='ltr' id='par_1_31' title="bbox 2191 1635 3778 1706">
     <span class='ocr_line' id='line_1_31' title="bbox 2191 1635 3778 1706; baseline 0.001 -17"><span class='ocrx_word' id='word_1_219' title='bbox 2191 1635 2341 1706; x_wconf 87' lang='lat' dir='ltr'><strong>ginta</strong></span> <span class='ocrx_word' id='word_1_220' title='bbox 2367 1637 2472 1690; x_wconf 89' lang='lat' dir='ltr'><strong>duo</strong></span> <span class='ocrx_word' id='word_1_221' title='bbox 2501 1635 2618 1690; x_wconf 90' lang='lat' dir='ltr'><strong>dies</strong></span> <span class='ocrx_word' id='word_1_222' title='bbox 2659 1650 2760 1690; x_wconf 89' lang='lat' dir='ltr'><strong>nos</strong></span> <span class='ocrx_word' id='word_1_223' title='bbox 2795 1635 3098 1705; x_wconf 83' lang='lat' dir='ltr'><strong>perducant</strong></span> <span class='ocrx_word' id='word_1_224' title='bbox 3127 1637 3196 1690; x_wconf 89' lang='lat' dir='ltr'><strong>ad</strong></span> <span class='ocrx_word' id='word_1_225' title='bbox 3227 1643 3432 1689; x_wconf 90' lang='lat' dir='ltr'><strong>terram</strong></span> <span class='ocrx_word' id='word_1_226' title='bbox 3461 1636 3778 1704; x_wconf 75' lang='lat' dir='ltr'><strong>promissio-</strong></span> 
     </span>
    </p>
   </div>
   <div class='ocr_carea' id='block_1_32' title="bbox 2193 1725 3774 1797">
    <p class='ocr_par' dir='ltr' id='par_1_32' title="bbox 2193 1725 3774 1797">
     <span class='ocr_line' id='line_1_32' title="bbox 2193 1725 3774 1797; baseline 0.001 -17"><span class='ocrx_word' id='word_1_227' title='bbox 2193 1727 2279 1781; x_wconf 83' lang='lat' dir='ltr'><strong>nis</strong></span> <span class='ocrx_word' id='word_1_228' title='bbox 2302 1743 2317 1792; x_wconf 90' lang='lat'><strong>;</strong></span> <span class='ocrx_word' id='word_1_229' title='bbox 2340 1726 2596 1795; x_wconf 82' lang='lat' dir='ltr'><strong>quoniam</strong></span> <span class='ocrx_word' id='word_1_230' title='bbox 2617 1737 2850 1796; x_wconf 85' lang='lat' dir='ltr'><strong>propter</strong></span> <span class='ocrx_word' id='word_1_231' title='bbox 2869 1741 2969 1782; x_wconf 90' lang='lat' dir='ltr'><strong>nos</strong></span> <span class='ocrx_word' id='word_1_232' title='bbox 2993 1727 3085 1797; x_wconf 86' lang='lat' dir='ltr'><strong>qui</strong></span> <span class='ocrx_word' id='word_1_233' title='bbox 3106 1725 3218 1795; x_wconf 89' lang='lat' dir='ltr'><strong>jam</strong></span> <span class='ocrx_word' id='word_1_234' title='bbox 3243 1727 3604 1781; x_wconf 80' lang='lat' dir='ltr'><strong>transivimus</strong></span> <span class='ocrx_word' id='word_1_235' title='bbox 3635 1741 3774 1782; x_wconf 81' lang='lat' dir='ltr'><strong>mare</strong></span> 
     </span>
    </p>
   </div>
   <div class='ocr_carea' id='block_1_33' title="bbox 503 1793 3776 1902">
    <p class='ocr_par' dir='ltr' id='par_1_33' title="bbox 503 1793 3776 1902">
     <span class='ocr_line' id='line_1_33' title="bbox 503 1793 3776 1902; baseline -0.004 -16"><span class='ocrx_word' id='word_1_236' title='bbox 503 1793 742 1902; x_wconf 76' lang='lat' dir='ltr'><strong>peccatis</strong></span> <span class='ocrx_word' id='word_1_237' title='bbox 765 1793 1171 1885; x_wconf 41' lang='lat' dir='ltr'><strong>im‘minentibus</strong></span> <span class='ocrx_word' id='word_1_238' title='bbox 1195 1793 1489 1900; x_wconf 70' lang='lat' dir='ltr'><strong>polluimus</strong></span> <span class='ocrx_word' id='word_1_239' title='bbox 1510 1793 1737 1897; x_wconf 71' lang='lat' dir='ltr'><strong>corpora</strong></span> <span class='ocrx_word' id='word_1_240' title='bbox 1763 1793 1948 1880; x_wconf 64' lang='lat' dir='ltr'><strong>nostra</strong></span> <span class='ocrx_word' id='word_1_241' title='bbox 1971 1833 2093 1894; x_wconf 89' lang='lat' dir='ltr'><strong>post</strong></span> <span class='ocrx_word' id='word_1_242' title='bbox 2119 1793 2168 1852; x_wconf 77' lang='grc' dir='ltr'><strong>Β</strong></span> <span class='ocrx_word' id='word_1_243' title='bbox 2195 1793 2458 1880; x_wconf 79' lang='lat' dir='ltr'><strong>Rubrum,</strong></span> <span class='ocrx_word' id='word_1_244' title='bbox 2498 1793 2776 1872; x_wconf 77' lang='lat' dir='ltr'><strong>constituti</strong></span> <span class='ocrx_word' id='word_1_245' title='bbox 2809 1825 2934 1872; x_wconf 83' lang='lat' dir='ltr'><strong>sunt</strong></span> <span class='ocrx_word' id='word_1_246' title='bbox 2977 1793 3336 1888; x_wconf 75' lang='lat' dir='ltr'><strong>quadraginta</strong></span> <span class='ocrx_word' id='word_1_247' title='bbox 3375 1817 3492 1872; x_wconf 87' lang='lat' dir='ltr'><strong>duo</strong></span> <span class='ocrx_word' id='word_1_248' title='bbox 3541 1817 3688 1883; x_wconf 82' lang='lat' dir='ltr'><strong>dies,</strong></span> <span class='ocrx_word' id='word_1_249' title='bbox 3729 1831 3776 1872; x_wconf 84' lang='lat' dir='ltr'><strong>ut</strong></span> 
     </span>
    </p>
   </div>
   <div class='ocr_carea' id='block_1_34' title="bbox 501 1913 2094 1994">
    <p class='ocr_par' dir='ltr' id='par_1_34' title="bbox 501 1913 2094 1994">
     <span class='ocr_line' id='line_1_34' title="bbox 501 1913 2094 1994; baseline -0.005 -14"><span class='ocrx_word' id='word_1_250' title='bbox 501 1927 862 1994; x_wconf 70' lang='lat' dir='ltr'><strong>baptismum,</strong></span> <span class='ocrx_word' id='word_1_251' title='bbox 893 1913 1214 1978; x_wconf 79' lang='lat' dir='ltr'><strong>festinemus</strong></span> <span class='ocrx_word' id='word_1_252' title='bbox 1254 1923 1321 1976; x_wconf 89' lang='lat' dir='ltr'><strong>ad</strong></span> <span class='ocrx_word' id='word_1_253' title='bbox 1361 1921 1598 1992; x_wconf 88' lang='lat' dir='ltr'><strong>priorem</strong></span> <span class='ocrx_word' id='word_1_254' title='bbox 1653 1918 2094 1974; x_wconf 82' lang='lat' dir='ltr'><strong>emundationem</strong></span> 
     </span>
    </p>
   </div>
   <div class='ocr_carea' id='block_1_35' title="bbox 503 2009 2096 2089">
    <p class='ocr_par' dir='ltr' id='par_1_35' title="bbox 503 2009 2096 2089">
     <span class='ocr_line' id='line_1_35' title="bbox 503 2009 2096 2089; baseline -0.004 -19"><span class='ocrx_word' id='word_1_255' title='bbox 503 2033 602 2089; x_wconf 89' lang='lat' dir='ltr'><strong>per</strong></span> <span class='ocrx_word' id='word_1_256' title='bbox 645 2015 939 2071; x_wconf 86' lang='lat' dir='ltr'><strong>secundum</strong></span> <span class='ocrx_word' id='word_1_257' title='bbox 979 2016 1309 2085; x_wconf 86' lang='lat' dir='ltr'><strong>baptismum</strong></span> <span class='ocrx_word' id='word_1_258' title='bbox 1350 2014 1559 2078; x_wconf 87' lang='lat' dir='ltr'><strong>venire,</strong></span> <span class='ocrx_word' id='word_1_259' title='bbox 1589 2013 1642 2068; x_wconf 90' lang='lat' dir='ltr'><strong>id</strong></span> <span class='ocrx_word' id='word_1_260' title='bbox 1671 2021 1758 2066; x_wconf 86' lang='lat' dir='ltr'><strong>est</strong></span> <span class='ocrx_word' id='word_1_261' title='bbox 1793 2026 1892 2082; x_wconf 90' lang='lat' dir='ltr'><strong>per</strong></span> <span class='ocrx_word' id='word_1_262' title='bbox 1919 2009 2096 2080; x_wconf 62' lang='lat' dir='ltr'><strong>peni-</strong></span> 
     </span>
    </p>
   </div>
   <div class='ocr_carea' id='block_1_36' title="bbox 503 2103 2094 2176">
    <p class='ocr_par' dir='ltr' id='par_1_36' title="bbox 503 2103 2094 2176">
     <span class='ocr_line' id='line_1_36' title="bbox 503 2103 2094 2176; baseline -0.004 -12"><span class='ocrx_word' id='word_1_263' title='bbox 503 2110 730 2164; x_wconf 86' lang='lat' dir='ltr'><strong>tentiam</strong></span> <span class='ocrx_word' id='word_1_264' title='bbox 757 2125 770 2160; x_wconf 91' lang='lat'>:</span> <span class='ocrx_word' id='word_1_265' title='bbox 797 2107 932 2174; x_wconf 89' lang='lat' dir='ltr'><strong>Quis</strong></span> <span class='ocrx_word' id='word_1_266' title='bbox 959 2115 1044 2162; x_wconf 89' lang='lat' dir='ltr'><strong>est</strong></span> <span class='ocrx_word' id='word_1_267' title='bbox 1065 2106 1156 2176; x_wconf 90' lang='lat' dir='ltr'><strong>qui</strong></span> <span class='ocrx_word' id='word_1_268' title='bbox 1183 2112 1376 2176; x_wconf 84' lang='lat' dir='ltr'><strong>purget</strong></span> <span class='ocrx_word' id='word_1_269' title='bbox 1409 2120 1510 2160; x_wconf 89' lang='lat' dir='ltr'><strong>nos</strong></span> <span class='ocrx_word' id='word_1_270' title='bbox 1529 2121 1560 2160; x_wconf 92' lang='lat' dir='ltr'><strong>a</strong></span> <span class='ocrx_word' id='word_1_271' title='bbox 1587 2104 1831 2174; x_wconf 84' lang='lat' dir='ltr'><strong>peccatis</strong></span> <span class='ocrx_word' id='word_1_272' title='bbox 1860 2103 2094 2158; x_wconf 75' lang='lat' dir='ltr'><strong>nostris?</strong></span> 
     </span>
    </p>
   </div>
   <div class='ocr_carea' id='block_1_37' title="bbox 505 2195 2092 2268">
    <p class='ocr_par' dir='ltr' id='par_1_37' title="bbox 505 2195 2092 2268">
     <span class='ocr_line' id='line_1_37' title="bbox 505 2195 2092 2268; baseline -0.003 -16"><span class='ocrx_word' id='word_1_273' title='bbox 505 2197 574 2252; x_wconf 89' lang='lat' dir='ltr'><strong>Et</strong></span> <span class='ocrx_word' id='word_1_274' title='bbox 596 2199 720 2267; x_wconf 87' lang='lat' dir='ltr'><strong>quis</strong></span> <span class='ocrx_word' id='word_1_275' title='bbox 743 2206 828 2252; x_wconf 91' lang='lat' dir='ltr'><strong>est</strong></span> <span class='ocrx_word' id='word_1_276' title='bbox 855 2197 948 2268; x_wconf 90' lang='lat' dir='ltr'><strong>qui</strong></span> <span class='ocrx_word' id='word_1_277' title='bbox 972 2197 1280 2252; x_wconf 87' lang='lat' dir='ltr'><strong>introducat</strong></span> <span class='ocrx_word' id='word_1_278' title='bbox 1306 2197 1372 2252; x_wconf 88' lang='lat' dir='ltr'><strong>ad</strong></span> <span class='ocrx_word' id='word_1_279' title='bbox 1394 2197 1636 2267; x_wconf 84' lang='lat' dir='ltr'><strong>priorem</strong></span> <span class='ocrx_word' id='word_1_280' title='bbox 1665 2195 2092 2258; x_wconf 81' lang='lat' dir='ltr'><strong>mundationem,</strong></span> 
     </span>
    </p>
   </div>
   <div class='ocr_carea' id='block_1_38' title="bbox 505 2283 2098 2358">
    <p class='ocr_par' dir='ltr' id='par_1_38' title="bbox 505 2283 2098 2358">
     <span class='ocr_line' id='line_1_38' title="bbox 505 2283 2098 2358; baseline -0.002 -16"><span class='ocrx_word' id='word_1_281' title='bbox 505 2289 610 2344; x_wconf 87' lang='lat' dir='ltr'><strong>nisi</strong></span> <span class='ocrx_word' id='word_1_282' title='bbox 641 2287 878 2356; x_wconf 89' lang='lat' dir='ltr'><strong>Spiritus</strong></span> <span class='ocrx_word' id='word_1_283' title='bbox 913 2287 1167 2342; x_wconf 81' lang='lat' dir='ltr'><strong>sanctus?</strong></span> <span class='ocrx_word' id='word_1_284' title='bbox 1195 2287 1432 2358; x_wconf 81' lang='lat' dir='ltr'><strong>Spiritus</strong></span> <span class='ocrx_word' id='word_1_285' title='bbox 1468 2295 1694 2343; x_wconf 87' lang='lat' dir='ltr'><strong>sanctus-</strong></span> <span class='ocrx_word' id='word_1_286' title='bbox 1716 2293 1801 2342; x_wconf 84' lang='lat' dir='ltr'><strong>est</strong></span> <span class='ocrx_word' id='word_1_287' title='bbox 1841 2283 2098 2355; x_wconf 81' lang='lat' dir='ltr'><strong>septifor-</strong></span> 
     </span>
    </p>
   </div>
   <div class='ocr_carea' id='block_1_39' title="bbox 505 2376 2094 2449">
    <p class='ocr_par' dir='ltr' id='par_1_39' title="bbox 505 2376 2094 2449">
     <span class='ocr_line' id='line_1_39' title="bbox 505 2376 2094 2449; baseline -0.001 -16"><span class='ocrx_word' id='word_1_288' title='bbox 505 2379 629 2433; x_wconf 83' lang='lat' dir='ltr'><strong>mis.</strong></span> <span class='ocrx_word' id='word_1_289' title='bbox 659 2377 1002 2433; x_wconf 70' lang='lat' dir='ltr'><strong>Mauilbstum</strong></span> <span class='ocrx_word' id='word_1_290' title='bbox 1027 2386 1132 2444; x_wconf 90' lang='lat' dir='ltr'><strong>est,</strong></span> <span class='ocrx_word' id='word_1_291' title='bbox 1157 2379 1203 2432; x_wconf 89' lang='lat' dir='ltr'><strong>si</strong></span> <span class='ocrx_word' id='word_1_292' title='bbox 1243 2379 1432 2434; x_wconf 89' lang='lat' dir='ltr'><strong>decem</strong></span> <span class='ocrx_word' id='word_1_293' title='bbox 1467 2385 1734 2449; x_wconf 69' lang='lat' dir='ltr'><strong>prmeepta</strong></span> <span class='ocrx_word' id='word_1_294' title='bbox 1765 2376 1884 2447; x_wconf 69' lang='lat' dir='ltr'><strong>eius</strong></span> <span class='ocrx_word' id='word_1_295' title='bbox 1907 2385 2094 2432; x_wconf 88' lang='lat' dir='ltr'><strong>custo-</strong></span> 
     </span>
    </p>
   </div>
   <div class='ocr_carea' id='block_1_40' title="bbox 505 2466 2100 2538">
    <p class='ocr_par' dir='ltr' id='par_1_40' title="bbox 505 2466 2100 2538">
     <span class='ocr_line' id='line_1_40' title="bbox 505 2466 2100 2538; baseline -0.002 -15"><span class='ocrx_word' id='word_1_296' title='bbox 505 2468 738 2533; x_wconf 85' lang='lat' dir='ltr'><strong>diamus,</strong></span> <span class='ocrx_word' id='word_1_297' title='bbox 763 2468 942 2524; x_wconf 82' lang='lat' dir='ltr'><strong>eidem</strong></span> <span class='ocrx_word' id='word_1_298' title='bbox 971 2469 1204 2524; x_wconf 80' lang='lat' dir='ltr'><strong>creatori</strong></span> <span class='ocrx_word' id='word_1_299' title='bbox 1247 2479 1438 2524; x_wconf 89' lang='lat' dir='ltr'><strong>nostro</strong></span> <span class='ocrx_word' id='word_1_300' title='bbox 1459 2484 1490 2522; x_wconf 93' lang='lat' dir='ltr'><strong>a</strong></span> <span class='ocrx_word' id='word_1_301' title='bbox 1517 2483 1624 2538; x_wconf 86' lang='lat' dir='ltr'><strong>quo</strong></span> <span class='ocrx_word' id='word_1_302' title='bbox 1649 2483 1748 2538; x_wconf 90' lang='lat' dir='ltr'><strong>per</strong></span> <span class='ocrx_word' id='word_1_303' title='bbox 1793 2466 2100 2521; x_wconf 69' lang='lat' dir='ltr'><strong>iri-obedien-</strong></span> 
     </span>
    </p>
   </div>
   <div class='ocr_carea' id='block_1_41' title="bbox 509 2559 2099 2628">
    <p class='ocr_par' dir='ltr' id='par_1_41' title="bbox 509 2559 2099 2628">
     <span class='ocr_line' id='line_1_41' title="bbox 509 2559 2099 2628; baseline 0.001 -16"><span class='ocrx_word' id='word_1_304' title='bbox 509 2559 640 2614; x_wconf 88' lang='lat' dir='ltr'><strong>tiam</strong></span> <span class='ocrx_word' id='word_1_305' title='bbox 685 2559 1031 2624; x_wconf 88' lang='lat' dir='ltr'><strong>recessimus,</strong></span> <span class='ocrx_word' id='word_1_306' title='bbox 1083 2574 1182 2628; x_wconf 89' lang='lat' dir='ltr'><strong>per</strong></span> <span class='ocrx_word' id='word_1_307' title='bbox 1223 2559 1586 2615; x_wconf 87' lang='lat' dir='ltr'><strong>obedientiam</strong></span> <span class='ocrx_word' id='word_1_308' title='bbox 1631 2559 1950 2628; x_wconf 69' lang='lat' dir='ltr'><strong>coniunctos</strong></span> <span class='ocrx_word' id='word_1_309' title='bbox 1999 2571 2099 2614; x_wconf 85' lang='lat' dir='ltr'><strong>nos</strong></span> 
     </span>
    </p>
   </div>
   <div class='ocr_carea' id='block_1_42' title="bbox 505 2649 2100 2726">
    <p class='ocr_par' dir='ltr' id='par_1_42' title="bbox 505 2649 2100 2726">
     <span class='ocr_line' id='line_1_42' title="bbox 505 2649 2100 2726; baseline -0.001 -23"><span class='ocrx_word' id='word_1_310' title='bbox 505 2664 647 2726; x_wconf 82' lang='lat' dir='ltr'><strong>esse.</strong></span> <span class='ocrx_word' id='word_1_311' title='bbox 700 2649 814 2716; x_wconf 83' lang='lat' dir='ltr'><strong>Qua</strong></span> <span class='ocrx_word' id='word_1_312' title='bbox 855 2650 922 2704; x_wconf 89' lang='lat' dir='ltr'><strong>de</strong></span> <span class='ocrx_word' id='word_1_313' title='bbox 961 2665 1028 2704; x_wconf 8' lang='lat' dir='ltr'><strong>re,</strong></span> <span class='ocrx_word' id='word_1_314' title='bbox 1061 2650 1116 2704; x_wconf 89' lang='lat' dir='ltr'><strong>in</strong></span> <span class='ocrx_word' id='word_1_315' title='bbox 1159 2649 1580 2721; x_wconf 84' lang='lat' dir='ltr'><strong>septuagenario</strong></span> <span class='ocrx_word' id='word_1_316' title='bbox 1619 2663 1848 2704; x_wconf 85' lang='lat' dir='ltr'><strong>numero</strong></span> <span class='ocrx_word' id='word_1_317' title='bbox 1889 2649 1982 2717; x_wconf 88' lang='lat' dir='ltr'><strong>qui</strong></span> <span class='ocrx_word' id='word_1_318' title='bbox 2013 2656 2100 2706; x_wconf 82' lang='lat' dir='ltr'><strong>est</strong></span> 
     </span>
    </p>
   </div>
   <div class='ocr_carea' id='block_1_43' title="bbox 508 2729 2100 2810">
    <p class='ocr_par' dir='ltr' id='par_1_43' title="bbox 508 2729 2100 2810">
     <span class='ocr_line' id='line_1_43' title="bbox 508 2729 2100 2810; baseline 0 -16"><span class='ocrx_word' id='word_1_319' title='bbox 508 2729 936 2810; x_wconf 71' lang='lat' dir='ltr'><strong>septempliciter</strong></span> <span class='ocrx_word' id='word_1_320' title='bbox 976 2741 1334 2810; x_wconf 36' lang='lat' dir='ltr'><strong>decuplatus‘,</strong></span> <span class='ocrx_word' id='word_1_321' title='bbox 1379 2740 1662 2810; x_wconf 85' lang='lat' dir='ltr'><strong>ploremus</strong></span> <span class='ocrx_word' id='word_1_322' title='bbox 1699 2747 1756 2794; x_wconf 83' lang='lat' dir='ltr'><strong>et</strong></span> <span class='ocrx_word' id='word_1_323' title='bbox 1807 2737 2100 2794; x_wconf 75' lang='lat' dir='ltr'><strong>deﬂeamus</strong></span> 
     </span>
    </p>
   </div>
   <div class='ocr_carea' id='block_1_44' title="bbox 511 2829 2101 2901">
    <p class='ocr_par' dir='ltr' id='par_1_44' title="bbox 511 2829 2101 2901">
     <span class='ocr_line' id='line_1_44' title="bbox 511 2829 2101 2901; baseline 0 -17"><span class='ocrx_word' id='word_1_324' title='bbox 511 2839 758 2884; x_wconf 86' lang='lat' dir='ltr'><strong>nostram</strong></span> <span class='ocrx_word' id='word_1_325' title='bbox 785 2829 1085 2895; x_wconf 82' lang='lat' dir='ltr'><strong>miseriam,</strong></span> <span class='ocrx_word' id='word_1_326' title='bbox 1107 2839 1168 2884; x_wconf 90' lang='lat' dir='ltr'><strong>ut</strong></span> <span class='ocrx_word' id='word_1_327' title='bbox 1195 2829 1432 2901; x_wconf 84' lang='lat' dir='ltr'><strong>Spiritus</strong></span> <span class='ocrx_word' id='word_1_328' title='bbox 1459 2837 1684 2885; x_wconf 86' lang='lat' dir='ltr'><strong>sanctus</strong></span> <span class='ocrx_word' id='word_1_329' title='bbox 1709 2837 1974 2899; x_wconf 70' lang='lat' dir='ltr'><strong>expurget</strong></span> <span class='ocrx_word' id='word_1_330' title='bbox 2001 2843 2101 2884; x_wconf 80' lang='lat' dir='ltr'><strong>nos</strong></span> 
     </span>
    </p>
   </div>
   <div class='ocr_carea' id='block_1_45' title="bbox 517 2920 2102 2990">
    <p class='ocr_par' dir='ltr' id='par_1_45' title="bbox 517 2920 2102 2990">
     <span class='ocr_line' id='line_1_45' title="bbox 517 2920 2102 2990; baseline -0.001 -16"><span class='ocrx_word' id='word_1_331' title='bbox 517 2937 548 2974; x_wconf 93' lang='lat' dir='ltr'><strong>a</strong></span> <span class='ocrx_word' id='word_1_332' title='bbox 597 2921 798 2975; x_wconf 86' lang='lat' dir='ltr'><strong>nostris</strong></span> <span class='ocrx_word' id='word_1_333' title='bbox 843 2920 1083 2990; x_wconf 88' lang='lat' dir='ltr'><strong>peccatis</strong></span> <span class='ocrx_word' id='word_1_334' title='bbox 1107 2961 1122 2986; x_wconf 93' lang='lat'><strong>,</strong></span> <span class='ocrx_word' id='word_1_335' title='bbox 1157 2929 1211 2976; x_wconf 91' lang='lat' dir='ltr'><strong>et</strong></span> <span class='ocrx_word' id='word_1_336' title='bbox 1263 2921 1498 2976; x_wconf 84' lang='lat' dir='ltr'><strong>deducat</strong></span> <span class='ocrx_word' id='word_1_337' title='bbox 1543 2935 1640 2990; x_wconf 89' lang='lat' dir='ltr'><strong>per</strong></span> <span class='ocrx_word' id='word_1_338' title='bbox 1685 2927 1956 2988; x_wconf 61' lang='lat' dir='ltr'><strong>praecepta</strong></span> <span class='ocrx_word' id='word_1_339' title='bbox 2005 2933 2102 2973; x_wconf 88' lang='lat' dir='ltr'><strong>sua</strong></span> 
     </span>
    </p>
   </div>
   <div class='ocr_carea' id='block_1_46' title="bbox 461 3009 2101 3078">
    <p class='ocr_par' dir='ltr' id='par_1_46' title="bbox 461 3009 2101 3078">
     <span class='ocr_line' id='line_1_46' title="bbox 461 3009 2101 3078; baseline -0.001 -16"><span class='ocrx_word' id='word_1_340' title='bbox 461 3027 476 3036; x_wconf 81' lang='grc'><strong>-</strong></span> <span class='ocrx_word' id='word_1_341' title='bbox 517 3023 698 3077; x_wconf 87' lang='lat' dir='ltr'><strong>usque</strong></span> <span class='ocrx_word' id='word_1_342' title='bbox 719 3009 786 3062; x_wconf 89' lang='lat' dir='ltr'><strong>ad</strong></span> <span class='ocrx_word' id='word_1_343' title='bbox 813 3009 1023 3063; x_wconf 86' lang='lat' dir='ltr'><strong>denarii</strong></span> <span class='ocrx_word' id='word_1_344' title='bbox 1067 3010 1582 3074; x_wconf 87' lang='lat' dir='ltr'><strong>remunerationem,</strong></span> <span class='ocrx_word' id='word_1_345' title='bbox 1611 3016 1672 3062; x_wconf 90' lang='lat' dir='ltr'><strong>ut</strong></span> <span class='ocrx_word' id='word_1_346' title='bbox 1715 3009 1890 3078; x_wconf 90' lang='lat' dir='ltr'><strong>ipsum</strong></span> <span class='ocrx_word' id='word_1_347' title='bbox 1917 3021 2101 3078; x_wconf 79' lang='lat' dir='ltr'><strong>regem</strong></span> 
     </span>
    </p>
   </div>
   <div class='ocr_carea' id='block_1_47' title="bbox 2193 1911 3774 1983">
    <p class='ocr_par' dir='ltr' id='par_1_47' title="bbox 2193 1911 3774 1983">
     <span class='ocr_line' id='line_1_47' title="bbox 2193 1911 3774 1983; baseline 0.002 -19"><span class='ocrx_word' id='word_1_348' title='bbox 2193 1911 2285 1981; x_wconf 88' lang='lat' dir='ltr'><strong>qui</strong></span> <span class='ocrx_word' id='word_1_349' title='bbox 2317 1911 2368 1965; x_wconf 89' lang='lat' dir='ltr'><strong>in</strong></span> <span class='ocrx_word' id='word_1_350' title='bbox 2395 1913 2708 1983; x_wconf 81' lang='lat' dir='ltr'><strong>captivitate</strong></span> <span class='ocrx_word' id='word_1_351' title='bbox 2745 1921 3092 1983; x_wconf 87' lang='lat' dir='ltr'><strong>peccatorum</strong></span> <span class='ocrx_word' id='word_1_352' title='bbox 3135 1921 3448 1967; x_wconf 87' lang='lat' dir='ltr'><strong>nostrorum</strong></span> <span class='ocrx_word' id='word_1_353' title='bbox 3471 1913 3774 1982; x_wconf 77' lang='lat' dir='ltr'><strong>redegimus</strong></span> 
     </span>
    </p>
   </div>
   <div class='ocr_carea' id='block_1_48' title="bbox 2193 2003 3777 2075">
    <p class='ocr_par' dir='ltr' id='par_1_48' title="bbox 2193 2003 3777 2075">
     <span class='ocr_line' id='line_1_48' title="bbox 2193 2003 3777 2075; baseline 0 -17"><span class='ocrx_word' id='word_1_354' title='bbox 2193 2018 2313 2070; x_wconf 88' lang='lat' dir='ltr'><strong>nos,</strong></span> <span class='ocrx_word' id='word_1_355' title='bbox 2345 2019 2446 2074; x_wconf 91' lang='lat' dir='ltr'><strong>per</strong></span> <span class='ocrx_word' id='word_1_356' title='bbox 2467 2005 2716 2075; x_wconf 85' lang='lat' dir='ltr'><strong>exempla</strong></span> <span class='ocrx_word' id='word_1_357' title='bbox 2741 2003 3176 2075; x_wconf 85' lang='lat' dir='ltr'><strong>patriarcharum</strong></span> <span class='ocrx_word' id='word_1_358' title='bbox 3201 2011 3545 2058; x_wconf 88' lang='lat' dir='ltr'><strong>revertamur</strong></span> <span class='ocrx_word' id='word_1_359' title='bbox 3569 2005 3652 2058; x_wconf 82' lang='lat' dir='ltr'><strong>ad</strong></span> <span class='ocrx_word' id='word_1_360' title='bbox 3681 2011 3777 2058; x_wconf 82' lang='lat' dir='ltr'><strong>ter-</strong></span> 
     </span>
    </p>
   </div>
   <div class='ocr_carea' id='block_1_49' title="bbox 2193 2095 3778 2165">
    <p class='ocr_par' dir='ltr' id='par_1_49' title="bbox 2193 2095 3778 2165">
     <span class='ocr_line' id='line_1_49' title="bbox 2193 2095 3778 2165; baseline -0.001 -15"><span class='ocrx_word' id='word_1_361' title='bbox 2193 2109 2312 2150; x_wconf 86' lang='lat' dir='ltr'><strong>ram</strong></span> <span class='ocrx_word' id='word_1_362' title='bbox 2356 2095 2755 2165; x_wconf 89' lang='lat' dir='ltr'><strong>promissionis,</strong></span> <span class='ocrx_word' id='word_1_363' title='bbox 2779 2109 2886 2149; x_wconf 90' lang='lat' dir='ltr'><strong>non</strong></span> <span class='ocrx_word' id='word_1_364' title='bbox 2912 2109 3012 2164; x_wconf 88' lang='lat' dir='ltr'><strong>per</strong></span> <span class='ocrx_word' id='word_1_365' title='bbox 3039 2095 3364 2163; x_wconf 88' lang='lat' dir='ltr'><strong>baptismum</strong></span> <span class='ocrx_word' id='word_1_366' title='bbox 3413 2109 3570 2163; x_wconf 66' lang='lat' dir='ltr'><strong>aquae</strong></span> <span class='ocrx_word' id='word_1_367' title='bbox 3599 2113 3618 2150; x_wconf 90' lang='lat'>:</span> <span class='ocrx_word' id='word_1_368' title='bbox 3647 2103 3778 2150; x_wconf 79' lang='lat' dir='ltr'><strong>cate-</strong></span> 
     </span>
    </p>
   </div>
   <div class='ocr_carea' id='block_1_50' title="bbox 2193 2187 3780 2260">
    <p class='ocr_par' dir='ltr' id='par_1_50' title="bbox 2193 2187 3780 2260">
     <span class='ocr_line' id='line_1_50' title="bbox 2193 2187 3780 2260; baseline -0.003 -16"><span class='ocrx_word' id='word_1_369' title='bbox 2193 2189 2448 2254; x_wconf 86' lang='lat' dir='ltr'><strong>chumeni</strong></span> <span class='ocrx_word' id='word_1_370' title='bbox 2491 2189 2687 2256; x_wconf 89' lang='lat' dir='ltr'><strong>nostri,</strong></span> <span class='ocrx_word' id='word_1_371' title='bbox 2717 2189 2810 2260; x_wconf 90' lang='lat' dir='ltr'><strong>qui</strong></span> <span class='ocrx_word' id='word_1_372' title='bbox 2839 2189 3076 2244; x_wconf 90' lang='lat' dir='ltr'><strong>nondum</strong></span> <span class='ocrx_word' id='word_1_373' title='bbox 3107 2187 3444 2242; x_wconf 87' lang='lat' dir='ltr'><strong>transierunt</strong></span> <span class='ocrx_word' id='word_1_374' title='bbox 3489 2203 3654 2242; x_wconf 82' lang='lat' dir='ltr'><strong>mare</strong></span> <span class='ocrx_word' id='word_1_375' title='bbox 3681 2187 3780 2242; x_wconf 72' lang='lat' dir='ltr'><strong>Ru-</strong></span> 
     </span>
    </p>
   </div>
   <div class='ocr_carea' id='block_1_51' title="bbox 2193 2279 3780 2352">
    <p class='ocr_par' dir='ltr' id='par_1_51' title="bbox 2193 2279 3780 2352">
     <span class='ocr_line' id='line_1_51' title="bbox 2193 2279 3780 2352; baseline -0.001 -16"><span class='ocrx_word' id='word_1_376' title='bbox 2193 2283 2376 2346; x_wconf 87' lang='lat' dir='ltr'><strong>brum,</strong></span> <span class='ocrx_word' id='word_1_377' title='bbox 2405 2289 2637 2352; x_wconf 89' lang='lat' dir='ltr'><strong>possunt</strong></span> <span class='ocrx_word' id='word_1_378' title='bbox 2670 2296 2792 2336; x_wconf 88' lang='lat' dir='ltr'><strong>esse</strong></span> <span class='ocrx_word' id='word_1_379' title='bbox 2817 2281 2919 2336; x_wconf 86' lang='lat' dir='ltr'><strong>sub</strong></span> <span class='ocrx_word' id='word_1_380' title='bbox 2949 2288 3076 2351; x_wconf 81' lang='lat' dir='ltr'><strong>typo</strong></span> <span class='ocrx_word' id='word_1_381' title='bbox 3107 2280 3289 2351; x_wconf 87' lang='lat' dir='ltr'><strong>populi</strong></span> <span class='ocrx_word' id='word_1_382' title='bbox 3315 2279 3508 2344; x_wconf 88' lang='lat' dir='ltr'><strong>Israel,</strong></span> <span class='ocrx_word' id='word_1_383' title='bbox 3533 2281 3634 2350; x_wconf 86' lang='lat' dir='ltr'><strong>qui</strong></span> <span class='ocrx_word' id='word_1_384' title='bbox 3667 2281 3780 2335; x_wconf 79' lang='lat' dir='ltr'><strong>ado-</strong></span> 
     </span>
    </p>
   </div>
   <div class='ocr_carea' id='block_1_52' title="bbox 2193 2370 3782 2442">
    <p class='ocr_par' dir='ltr' id='par_1_52' title="bbox 2193 2370 3782 2442">
     <span class='ocr_line' id='line_1_52' title="bbox 2193 2370 3782 2442; baseline -0.001 -16"><span class='ocrx_word' id='word_1_385' title='bbox 2193 2379 2455 2427; x_wconf 84' lang='lat' dir='ltr'><strong>raverunt</strong></span> <span class='ocrx_word' id='word_1_386' title='bbox 2501 2371 2639 2426; x_wconf 89' lang='lat' dir='ltr'><strong>idola</strong></span> <span class='ocrx_word' id='word_1_387' title='bbox 2688 2372 2745 2426; x_wconf 89' lang='lat' dir='ltr'><strong>in</strong></span> <span class='ocrx_word' id='word_1_388' title='bbox 2791 2370 3046 2442; x_wconf 64' lang='lat' dir='ltr'><strong>Egypto,</strong></span> <span class='ocrx_word' id='word_1_389' title='bbox 3094 2379 3150 2426; x_wconf 91' lang='lat' dir='ltr'><strong>et</strong></span> <span class='ocrx_word' id='word_1_390' title='bbox 3195 2385 3292 2441; x_wconf 90' lang='lat' dir='ltr'><strong>per</strong></span> <span class='ocrx_word' id='word_1_391' title='bbox 3335 2372 3502 2426; x_wconf 89' lang='lat' dir='ltr'><strong>duces</strong></span> <span class='ocrx_word' id='word_1_392' title='bbox 3549 2371 3782 2439; x_wconf 86' lang='lat' dir='ltr'><strong>optimos</strong></span> 
     </span>
    </p>
   </div>
   <div class='ocr_carea' id='block_1_53' title="bbox 2197 2461 3782 2534">
    <p class='ocr_par' dir='ltr' id='par_1_53' title="bbox 2197 2461 3782 2534">
     <span class='ocr_line' id='line_1_53' title="bbox 2197 2461 3782 2534; baseline -0.001 -15"><span class='ocrx_word' id='word_1_393' title='bbox 2197 2463 2416 2534; x_wconf 83' lang='lat' dir='ltr'><strong>Moysen</strong></span> <span class='ocrx_word' id='word_1_394' title='bbox 2439 2471 2493 2518; x_wconf 90' lang='lat' dir='ltr'><strong>et</strong></span> <span class='ocrx_word' id='word_1_395' title='bbox 2517 2463 2722 2530; x_wconf 84' lang='lat' dir='ltr'><strong>Aaron,</strong></span> <span class='ocrx_word' id='word_1_396' title='bbox 2753 2463 2968 2518; x_wconf 76' lang='lat' dir='ltr'><strong>liberati</strong></span> <span class='ocrx_word' id='word_1_397' title='bbox 2993 2471 3121 2518; x_wconf 88' lang='lat' dir='ltr'><strong>sunt</strong></span> <span class='ocrx_word' id='word_1_398' title='bbox 3147 2463 3214 2518; x_wconf 89' lang='lat' dir='ltr'><strong>de</strong></span> <span class='ocrx_word' id='word_1_399' title='bbox 3243 2461 3504 2534; x_wconf 60' lang='lat' dir='ltr'><strong>Egypto,</strong></span> <span class='ocrx_word' id='word_1_400' title='bbox 3525 2471 3584 2516; x_wconf 88' lang='lat' dir='ltr'><strong>et</strong></span> <span class='ocrx_word' id='word_1_401' title='bbox 3611 2469 3782 2517; x_wconf 83' lang='lat' dir='ltr'><strong>trans-</strong></span> 
     </span>
    </p>
   </div>
   <div class='ocr_carea' id='block_1_54' title="bbox 2163 2555 2850 2612">
    <p class='ocr_par' dir='ltr' id='par_1_54' title="bbox 2163 2555 2850 2612">
     <span class='ocr_line' id='line_1_54' title="bbox 2163 2555 2850 2612; baseline -0.003 0"><span class='ocrx_word' id='word_1_402' title='bbox 2163 2595 2166 2598; x_wconf 62' lang='grc'>‹</span> <span class='ocrx_word' id='word_1_403' title='bbox 2197 2557 2380 2612; x_wconf 86' lang='lat' dir='ltr'><strong>ierunt</strong></span> <span class='ocrx_word' id='word_1_404' title='bbox 2407 2571 2560 2612; x_wconf 89' lang='lat' dir='ltr'><strong>mare</strong></span> <span class='ocrx_word' id='word_1_405' title='bbox 2583 2555 2850 2612; x_wconf 74' lang='lat' dir='ltr'><strong>Rubrum.</strong></span> 
     </span>
    </p>
   </div>
   <div class='ocr_carea' id='block_1_55' title="bbox 2767 2643 3218 2702">
    <p class='ocr_par' dir='ltr' id='par_1_55' title="bbox 2767 2643 3218 2702">
     <span class='ocr_line' id='line_1_55' title="bbox 2767 2643 3218 2702; baseline -0.002 -1"><span class='ocrx_word' id='word_1_406' title='bbox 2767 2643 2996 2702; x_wconf 76' lang='lat' dir='ltr'><strong>CAPUT</strong></span> <span class='ocrx_word' id='word_1_407' title='bbox 3047 2645 3218 2700; x_wconf 73' lang='lat' dir='ltr'><strong>XXX.</strong></span> 
     </span>
    </p>
   </div>
   <div class='ocr_carea' id='block_1_56' title="bbox 2579 2736 3404 2792">
    <p class='ocr_par' dir='ltr' id='par_1_56' title="bbox 2579 2736 3404 2792">
     <span class='ocr_line' id='line_1_56' title="bbox 2579 2736 3404 2792; baseline 0.002 -2"><span class='ocrx_word' id='word_1_408' title='bbox 2579 2737 2656 2792; x_wconf 89' lang='lat' dir='ltr'><strong>De</strong></span> <span class='ocrx_word' id='word_1_409' title='bbox 2689 2736 3076 2791; x_wconf 76' lang='lat' dir='ltr'><strong>iitumiuatione</strong></span> <span class='ocrx_word' id='word_1_410' title='bbox 3116 2753 3404 2792; x_wconf 75' lang='lat' dir='ltr'><strong>cereorum.</strong></span> 
     </span>
    </p>
   </div>
   <div class='ocr_carea' id='block_1_57' title="bbox 2269 2827 3782 2895">
    <p class='ocr_par' dir='ltr' id='par_1_57' title="bbox 2269 2827 3782 2895">
     <span class='ocr_line' id='line_1_57' title="bbox 2269 2827 3782 2895; baseline 0 -13"><span class='ocrx_word' id='word_1_411' title='bbox 2269 2827 2422 2895; x_wconf 84' lang='lat' dir='ltr'><strong>Quod</strong></span> <span class='ocrx_word' id='word_1_412' title='bbox 2481 2827 2806 2884; x_wconf 89' lang='lat' dir='ltr'><strong>illuminatio</strong></span> <span class='ocrx_word' id='word_1_413' title='bbox 2861 2843 3144 2882; x_wconf 89' lang='lat' dir='ltr'><strong>cereorum</strong></span> <span class='ocrx_word' id='word_1_414' title='bbox 3203 2827 3499 2882; x_wconf 87' lang='lat' dir='ltr'><strong>secundum</strong></span> <span class='ocrx_word' id='word_1_415' title='bbox 3545 2827 3782 2882; x_wconf 83' lang='lat' dir='ltr'><strong>libeliunt</strong></span> 
     </span>
    </p>
   </div>
   <div class='ocr_carea' id='block_1_58' title="bbox 2201 2917 3784 2990">
    <p class='ocr_par' dir='ltr' id='par_1_58' title="bbox 2201 2917 3784 2990">
     <span class='ocr_line' id='line_1_58' title="bbox 2201 2917 3784 2990; baseline 0.001 -18"><span class='ocrx_word' id='word_1_416' title='bbox 2201 2917 2432 2973; x_wconf 78' lang='lat' dir='ltr'><strong>Romani</strong></span> <span class='ocrx_word' id='word_1_417' title='bbox 2479 2917 2690 2974; x_wconf 83' lang='lat' dir='ltr'><strong>ordinis</strong></span> <span class='ocrx_word' id='word_1_418' title='bbox 2729 2926 3078 2989; x_wconf 78' lang='lat' dir='ltr'><strong>exspectatur</strong></span> <span class='ocrx_word' id='word_1_419' title='bbox 3119 2933 3292 2988; x_wconf 91' lang='lat' dir='ltr'><strong>usque</strong></span> <span class='ocrx_word' id='word_1_420' title='bbox 3337 2917 3404 2972; x_wconf 88' lang='lat' dir='ltr'><strong>ad</strong></span> <span class='ocrx_word' id='word_1_421' title='bbox 3435 2917 3630 2990; x_wconf 76' lang='lat' dir='ltr'><strong>Agnus</strong></span> <span class='ocrx_word' id='word_1_422' title='bbox 3677 2917 3784 2981; x_wconf 85' lang='lat' dir='ltr'><strong>Dei,</strong></span> 
     </span>
    </p>
   </div>
   <div class='ocr_carea' id='block_1_59' title="bbox 2201 3009 3790 3080">
    <p class='ocr_par' dir='ltr' id='par_1_59' title="bbox 2201 3009 3790 3080">
     <span class='ocr_line' id='line_1_59' title="bbox 2201 3009 3790 3080; baseline -0.001 -16"><span class='ocrx_word' id='word_1_423' title='bbox 2201 3010 2304 3066; x_wconf 86' lang='lat' dir='ltr'><strong>hoc</strong></span> <span class='ocrx_word' id='word_1_424' title='bbox 2351 3011 2712 3076; x_wconf 89' lang='lat' dir='ltr'><strong>demonstrat,</strong></span> <span class='ocrx_word' id='word_1_425' title='bbox 2743 3009 2888 3080; x_wconf 87' lang='lat' dir='ltr'><strong>quod</strong></span> <span class='ocrx_word' id='word_1_426' title='bbox 2941 3025 3041 3080; x_wconf 89' lang='lat' dir='ltr'><strong>per</strong></span> <span class='ocrx_word' id='word_1_427' title='bbox 3090 3009 3238 3064; x_wconf 89' lang='lat' dir='ltr'><strong>illum</strong></span> <span class='ocrx_word' id='word_1_428' title='bbox 3283 3024 3480 3079; x_wconf 80' lang='lat' dir='ltr'><strong>agnum</strong></span> <span class='ocrx_word' id='word_1_429' title='bbox 3514 3011 3608 3078; x_wconf 87' lang='lat' dir='ltr'><strong>qui</strong></span> <span class='ocrx_word' id='word_1_430' title='bbox 3663 3009 3790 3064; x_wconf 77' lang='lat' dir='ltr'><strong>toliit</strong></span> 
     </span>
    </p>
   </div>
   <div class='ocr_carea' id='block_1_60' title="bbox 519 3097 3736 3206">
    <p class='ocr_par' dir='ltr' id='par_1_60' title="bbox 519 3097 3736 3206">
     <span class='ocr_line' id='line_1_60' title="bbox 519 3097 3736 3206; baseline 0 -52"><span class='ocrx_word' id='word_1_431' title='bbox 519 3097 814 3154; x_wconf 84' lang='lat' dir='ltr'><strong>Dominum</strong></span> <span class='ocrx_word' id='word_1_432' title='bbox 835 3108 1080 3154; x_wconf 85' lang='lat' dir='ltr'><strong>nostrum</strong></span> <span class='ocrx_word' id='word_1_433' title='bbox 1111 3101 1170 3152; x_wconf 81' lang='lat' dir='ltr'><strong>in</strong></span> <span class='ocrx_word' id='word_1_434' title='bbox 1191 3098 1386 3153; x_wconf 84' lang='lat' dir='ltr'><strong>decore</strong></span> <span class='ocrx_word' id='word_1_435' title='bbox 1419 3113 1519 3153; x_wconf 92' lang='lat' dir='ltr'><strong>suo</strong></span> <span class='ocrx_word' id='word_1_436' title='bbox 1557 3113 1867 3152; x_wconf 86' lang='lat' dir='ltr'><strong>mereamur</strong></span> <span class='ocrx_word' id='word_1_437' title='bbox 1891 3097 2097 3152; x_wconf 88' lang='lat' dir='ltr'><strong>videre.</strong></span> <span class='ocrx_word' id='word_1_438' title='bbox 2129 3141 2176 3206; x_wconf 64' lang='grc' dir='ltr'>Ο</span> <span class='ocrx_word' id='word_1_439' title='bbox 2205 3111 2428 3174; x_wconf 81' lang='lat' dir='ltr'><strong>peccata</strong></span> <span class='ocrx_word' id='word_1_440' title='bbox 2456 3103 2652 3158; x_wconf 79' lang='lat' dir='ltr'><strong>mundi</strong></span> <span class='ocrx_word' id='word_1_441' title='bbox 2671 3103 3042 3172; x_wconf 85' lang='lat' dir='ltr'><strong>unusquisque</strong></span> <span class='ocrx_word' id='word_1_442' title='bbox 3063 3099 3248 3156; x_wconf 89' lang='lat' dir='ltr'><strong>lumen</strong></span> <span class='ocrx_word' id='word_1_443' title='bbox 3273 3100 3526 3171; x_wconf 88' lang='lat' dir='ltr'><strong>accipere</strong></span> <span class='ocrx_word' id='word_1_444' title='bbox 3555 3101 3736 3156; x_wconf 84' lang='lat' dir='ltr'><strong>debet.</strong></span> 
     </span>
    </p>
   </div>
   <div class='ocr_carea' id='block_1_61' title="bbox 517 3187 2104 3260">
    <p class='ocr_par' dir='ltr' id='par_1_61' title="bbox 517 3187 2104 3260">
     <span class='ocr_line' id='line_1_61' title="bbox 517 3187 2104 3260; baseline 0.001 -18"><span class='ocrx_word' id='word_1_445' title='bbox 517 3188 786 3252; x_wconf 76' lang='lat' dir='ltr'><strong>Diximus,</strong></span> <span class='ocrx_word' id='word_1_446' title='bbox 813 3197 1074 3258; x_wconf 78' lang='lat' dir='ltr'><strong>quantum</strong></span> <span class='ocrx_word' id='word_1_447' title='bbox 1094 3189 1390 3258; x_wconf 88' lang='lat' dir='ltr'><strong>potuimus,</strong></span> <span class='ocrx_word' id='word_1_448' title='bbox 1415 3187 1468 3242; x_wconf 89' lang='lat' dir='ltr'><strong>in</strong></span> <span class='ocrx_word' id='word_1_449' title='bbox 1493 3187 1866 3260; x_wconf 85' lang='lat' dir='ltr'><strong>superioribus</strong></span> <span class='ocrx_word' id='word_1_450' title='bbox 1892 3197 2104 3259; x_wconf 87' lang='lat' dir='ltr'><strong>septua—</strong></span> 
     </span>
    </p>
   </div>
   <div class='ocr_carea' id='block_1_62' title="bbox 521 3279 2106 3350">
    <p class='ocr_par' dir='ltr' id='par_1_62' title="bbox 521 3279 2106 3350">
     <span class='ocr_line' id='line_1_62' title="bbox 521 3279 2106 3350; baseline 0 -16"><span class='ocrx_word' id='word_1_451' title='bbox 521 3280 784 3349; x_wconf 81' lang='lat' dir='ltr'><strong>gesimum</strong></span> <span class='ocrx_word' id='word_1_452' title='bbox 817 3295 1098 3334; x_wconf 79' lang='lat' dir='ltr'><strong>numerum</strong></span> <span class='ocrx_word' id='word_1_453' title='bbox 1145 3280 1422 3350; x_wconf 86' lang='lat' dir='ltr'><strong>pertinere</strong></span> <span class='ocrx_word' id='word_1_454' title='bbox 1449 3280 1517 3334; x_wconf 88' lang='lat' dir='ltr'><strong>ad</strong></span> <span class='ocrx_word' id='word_1_455' title='bbox 1543 3279 1902 3349; x_wconf 87' lang='lat' dir='ltr'><strong>plorationem</strong></span> <span class='ocrx_word' id='word_1_456' title='bbox 1931 3280 2106 3350; x_wconf 88' lang='lat' dir='ltr'><strong>capti-</strong></span> 
     </span>
    </p>
   </div>
   <div class='ocr_carea' id='block_1_63' title="bbox 519 3369 2108 3441">
    <p class='ocr_par' dir='ltr' id='par_1_63' title="bbox 519 3369 2108 3441">
     <span class='ocr_line' id='line_1_63' title="bbox 519 3369 2108 3441; baseline 0.001 -15"><span class='ocrx_word' id='word_1_457' title='bbox 519 3388 714 3428; x_wconf 76' lang='lat' dir='ltr'><strong>vorum</strong></span> <span class='ocrx_word' id='word_1_458' title='bbox 746 3372 926 3440; x_wconf 85' lang='lat' dir='ltr'><strong>populi</strong></span> <span class='ocrx_word' id='word_1_459' title='bbox 963 3372 1077 3435; x_wconf 91' lang='lat' dir='ltr'><strong>Dei,</strong></span> <span class='ocrx_word' id='word_1_460' title='bbox 1117 3373 1216 3441; x_wconf 80' lang='lat' dir='ltr'><strong>qui.</strong></span> <span class='ocrx_word' id='word_1_461' title='bbox 1235 3371 1458 3426; x_wconf 81' lang='lat' dir='ltr'><strong>fuerunt</strong></span> <span class='ocrx_word' id='word_1_462' title='bbox 1481 3371 1584 3427; x_wconf 89' lang='lat' dir='ltr'><strong>sub</strong></span> <span class='ocrx_word' id='word_1_463' title='bbox 1608 3369 2108 3428; x_wconf 83' lang='lat' dir='ltr'><strong>Nabuchodonosor</strong></span> 
     </span>
    </p>
   </div>
   <div class='ocr_carea' id='block_1_64' title="bbox 517 3461 2106 3532">
    <p class='ocr_par' dir='ltr' id='par_1_64' title="bbox 517 3461 2106 3532">
     <span class='ocr_line' id='line_1_64' title="bbox 517 3461 2106 3532; baseline 0 -16"><span class='ocrx_word' id='word_1_464' title='bbox 517 3463 574 3516; x_wconf 85' lang='lat' dir='ltr'><strong>in</strong></span> <span class='ocrx_word' id='word_1_465' title='bbox 616 3461 907 3532; x_wconf 78' lang='lat' dir='ltr'><strong>Babylone.</strong></span> <span class='ocrx_word' id='word_1_466' title='bbox 959 3461 1254 3517; x_wconf 88' lang='lat' dir='ltr'><strong>Possumus</strong></span> <span class='ocrx_word' id='word_1_467' title='bbox 1280 3471 1334 3516; x_wconf 91' lang='lat' dir='ltr'><strong>et</strong></span> <span class='ocrx_word' id='word_1_468' title='bbox 1363 3461 1609 3516; x_wconf 86' lang='lat' dir='ltr'><strong>eamdem</strong></span> <span class='ocrx_word' id='word_1_469' title='bbox 1653 3463 2106 3532; x_wconf 78' lang='lat' dir='ltr'><strong>septuagesimum</strong></span> 
     </span>
    </p>
   </div>
   <div class='ocr_carea' id='block_1_65' title="bbox 519 3541 2104 3623">
    <p class='ocr_par' dir='ltr' id='par_1_65' title="bbox 519 3541 2104 3623">
     <span class='ocr_line' id='line_1_65' title="bbox 519 3541 2104 3623; baseline 0.001 -17"><span class='ocrx_word' id='word_1_470' title='bbox 519 3553 706 3623; x_wconf 88' lang='lat' dir='ltr'><strong>aliquo</strong></span> <span class='ocrx_word' id='word_1_471' title='bbox 745 3552 910 3607; x_wconf 87' lang='lat' dir='ltr'><strong>modo</strong></span> <span class='ocrx_word' id='word_1_472' title='bbox 952 3541 1423 3623; x_wconf 28' lang='lat' dir='ltr'><strong>comparare-ﬁliis</strong></span> <span class='ocrx_word' id='word_1_473' title='bbox 1463 3552 1651 3618; x_wconf 81' lang='lat' dir='ltr'><strong>Israel,</strong></span> <span class='ocrx_word' id='word_1_474' title='bbox 1681 3554 1773 3622; x_wconf 86' lang='lat' dir='ltr'><strong>qui</strong></span> <span class='ocrx_word' id='word_1_475' title='bbox 1805 3553 2024 3608; x_wconf 75' lang='lat' dir='ltr'><strong>fuerunt</strong></span> <span class='ocrx_word' id='word_1_476' title='bbox 2051 3555 2104 3608; x_wconf 83' lang='lat' dir='ltr'><strong>in</strong></span> 
     </span>
    </p>
   </div>
   <div class='ocr_carea' id='block_1_66' title="bbox 522 3643 2106 3715">
    <p class='ocr_par' dir='ltr' id='par_1_66' title="bbox 522 3643 2106 3715">
     <span class='ocr_line' id='line_1_66' title="bbox 522 3643 2106 3715; baseline 0.001 -16"><span class='ocrx_word' id='word_1_477' title='bbox 522 3643 760 3715; x_wconf 63' lang='lat' dir='ltr'><strong>Egypto</strong></span> <span class='ocrx_word' id='word_1_478' title='bbox 789 3643 890 3698; x_wconf 90' lang='lat' dir='ltr'><strong>sub</strong></span> <span class='ocrx_word' id='word_1_479' title='bbox 911 3645 1198 3699; x_wconf 78' lang='lat' dir='ltr'><strong>Pharaone</strong></span> <span class='ocrx_word' id='word_1_480' title='bbox 1217 3685 1232 3710; x_wconf 97' lang='lat'><strong>,</strong></span> <span class='ocrx_word' id='word_1_481' title='bbox 1259 3645 1412 3714; x_wconf 87' lang='lat' dir='ltr'><strong>quasi</strong></span> <span class='ocrx_word' id='word_1_482' title='bbox 1441 3645 1610 3714; x_wconf 88' lang='lat' dir='ltr'><strong>prima</strong></span> <span class='ocrx_word' id='word_1_483' title='bbox 1649 3643 1843 3710; x_wconf 84' lang='lat' dir='ltr'><strong>ollicia,</strong></span> <span class='ocrx_word' id='word_1_484' title='bbox 1873 3645 2106 3701; x_wconf 77' lang='lat' dir='ltr'><strong>Circum-</strong></span> 
     </span>
    </p>
   </div>
   <div class='ocr_carea' id='block_1_67' title="bbox 513 3735 2106 3808">
    <p class='ocr_par' dir='ltr' id='par_1_67' title="bbox 513 3735 2106 3808">
     <span class='ocr_line' id='line_1_67' title="bbox 513 3735 2106 3808; baseline 0.001 -18"><span class='ocrx_word' id='word_1_485' title='bbox 513 3735 771 3790; x_wconf 78' lang='lat' dir='ltr'><strong>dederuttt</strong></span> <span class='ocrx_word' id='word_1_486' title='bbox 804 3752 886 3790; x_wconf 87' lang='lat' dir='ltr'><strong>me</strong></span> <span class='ocrx_word' id='word_1_487' title='bbox 921 3737 1146 3806; x_wconf 78' lang='lat' dir='ltr'><strong>gemitus</strong></span> <span class='ocrx_word' id='word_1_488' title='bbox 1183 3737 1404 3802; x_wconf 81' lang='lat' dir='ltr'><strong>mortis;</strong></span> <span class='ocrx_word' id='word_1_489' title='bbox 1425 3745 1504 3801; x_wconf 85' lang='lat' dir='ltr'><strong>et,</strong></span> <span class='ocrx_word' id='word_1_490' title='bbox 1529 3735 1790 3807; x_wconf 74' lang='lat' dir='ltr'><strong>Exsurge,</strong></span> <span class='ocrx_word' id='word_1_491' title='bbox 1818 3755 1980 3808; x_wconf 84' lang='lat' dir='ltr'><strong>quare</strong></span> <span class='ocrx_word' id='word_1_492' title='bbox 2013 3738 2106 3792; x_wconf 75' lang='lat' dir='ltr'><strong>ob-</strong></span> 
     </span>
    </p>
   </div>
   <div class='ocr_carea' id='block_1_68' title="bbox 511 3825 2102 3896">
    <p class='ocr_par' dir='ltr' id='par_1_68' title="bbox 511 3825 2102 3896">
     <span class='ocr_line' id='line_1_68' title="bbox 511 3825 2102 3896; baseline 0.003 -18"><span class='ocrx_word' id='word_1_493' title='bbox 511 3827 736 3890; x_wconf 74' lang='lat' dir='ltr'><strong>dormis,</strong></span> <span class='ocrx_word' id='word_1_494' title='bbox 767 3825 1026 3880; x_wconf 79' lang='lat' dir='ltr'><strong>Domine?</strong></span> <span class='ocrx_word' id='word_1_495' title='bbox 1045 3834 1121 3890; x_wconf 90' lang='lat' dir='ltr'><strong>et,</strong></span> <span class='ocrx_word' id='word_1_496' title='bbox 1148 3825 1272 3880; x_wconf 79' lang='lat' dir='ltr'><strong>Esto</strong></span> <span class='ocrx_word' id='word_1_497' title='bbox 1299 3826 1430 3880; x_wconf 77' lang='lat' dir='ltr'><strong>mihi</strong></span> <span class='ocrx_word' id='word_1_498' title='bbox 1465 3826 1521 3880; x_wconf 84' lang='lat' dir='ltr'><strong>in</strong></span> <span class='ocrx_word' id='word_1_499' title='bbox 1550 3825 1718 3880; x_wconf 80' lang='lat' dir='ltr'><strong>Deum</strong></span> <span class='ocrx_word' id='word_1_500' title='bbox 1737 3837 2102 3896; x_wconf 76' lang='lat' dir='ltr'><strong>protectorem,</strong></span> 
     </span>
    </p>
   </div>
   <div class='ocr_carea' id='block_1_69' title="bbox 515 3917 2104 3988">
    <p class='ocr_par' dir='ltr' id='par_1_69' title="bbox 515 3917 2104 3988">
     <span class='ocr_line' id='line_1_69' title="bbox 515 3917 2104 3988; baseline 0.004 -18"><span class='ocrx_word' id='word_1_501' title='bbox 515 3925 818 3986; x_wconf 83' lang='lat' dir='ltr'><strong>congruant</strong></span> <span class='ocrx_word' id='word_1_502' title='bbox 859 3917 938 3972; x_wconf 88' lang='lat' dir='ltr'><strong>illi</strong></span> <span class='ocrx_word' id='word_1_503' title='bbox 973 3920 1224 3987; x_wconf 87' lang='lat' dir='ltr'><strong>tempori,</strong></span> <span class='ocrx_word' id='word_1_504' title='bbox 1253 3919 1472 3988; x_wconf 81' lang='lat' dir='ltr'><strong>quando</strong></span> <span class='ocrx_word' id='word_1_505' title='bbox 1512 3918 1606 3972; x_wconf 77' lang='lat' dir='ltr'><strong>filii</strong></span> <span class='ocrx_word' id='word_1_506' title='bbox 1653 3919 1826 3976; x_wconf 83' lang='lat' dir='ltr'><strong>Israel</strong></span> <span class='ocrx_word' id='word_1_507' title='bbox 1853 3935 1914 3976; x_wconf 89' lang='lat' dir='ltr'><strong>se</strong></span> <span class='ocrx_word' id='word_1_508' title='bbox 1949 3921 2104 3976; x_wconf 86' lang='lat' dir='ltr'><strong>vide-</strong></span> 
     </span>
    </p>
   </div>
   <div class='ocr_carea' id='block_1_70' title="bbox 515 4005 2106 4079">
    <p class='ocr_par' dir='ltr' id='par_1_70' title="bbox 515 4005 2106 4079">
     <span class='ocr_line' id='line_1_70' title="bbox 515 4005 2106 4079; baseline 0.004 -19"><span class='ocrx_word' id='word_1_509' title='bbox 515 4015 644 4060; x_wconf 89' lang='lat' dir='ltr'><strong>runt</strong></span> <span class='ocrx_word' id='word_1_510' title='bbox 682 4005 841 4078; x_wconf 83' lang='lat' dir='ltr'><strong>aﬂligi</strong></span> <span class='ocrx_word' id='word_1_511' title='bbox 879 4009 948 4062; x_wconf 87' lang='lat' dir='ltr'><strong>ab</strong></span> <span class='ocrx_word' id='word_1_512' title='bbox 986 4007 1258 4079; x_wconf 66' lang='lat' dir='ltr'><strong>Egyptiis</strong></span> <span class='ocrx_word' id='word_1_513' title='bbox 1283 4049 1298 4073; x_wconf 93' lang='lat'><strong>,</strong></span> <span class='ocrx_word' id='word_1_514' title='bbox 1329 4017 1384 4062; x_wconf 89' lang='lat' dir='ltr'><strong>et</strong></span> <span class='ocrx_word' id='word_1_515' title='bbox 1427 4007 1804 4064; x_wconf 84' lang='lat' dir='ltr'><strong>clamaverunt</strong></span> <span class='ocrx_word' id='word_1_516' title='bbox 1827 4012 1892 4065; x_wconf 80' lang='lat' dir='ltr'><strong>ad</strong></span> <span class='ocrx_word' id='word_1_517' title='bbox 1923 4013 2106 4067; x_wconf 88' lang='lat' dir='ltr'><strong>Domi-</strong></span> 
     </span>
    </p>
   </div>
   <div class='ocr_carea' id='block_1_71' title="bbox 515 4097 2104 4168">
    <p class='ocr_par' dir='ltr' id='par_1_71' title="bbox 515 4097 2104 4168">
     <span class='ocr_line' id='line_1_71' title="bbox 515 4097 2104 4168; baseline 0.004 -17"><span class='ocrx_word' id='word_1_518' title='bbox 515 4111 667 4162; x_wconf 85' lang='lat' dir='ltr'><strong>num,</strong></span> <span class='ocrx_word' id='word_1_519' title='bbox 697 4105 758 4152; x_wconf 92' lang='lat' dir='ltr'><strong>ut</strong></span> <span class='ocrx_word' id='word_1_520' title='bbox 793 4097 1056 4168; x_wconf 89' lang='lat' dir='ltr'><strong>scriptum</strong></span> <span class='ocrx_word' id='word_1_521' title='bbox 1085 4107 1172 4154; x_wconf 87' lang='lat' dir='ltr'><strong>est</strong></span> <span class='ocrx_word' id='word_1_522' title='bbox 1213 4099 1268 4152; x_wconf 91' lang='lat' dir='ltr'><strong>in</strong></span> <span class='ocrx_word' id='word_1_523' title='bbox 1297 4097 1482 4152; x_wconf 78' lang='lat' dir='ltr'><strong>Exodo</strong></span> <span class='ocrx_word' id='word_1_524' title='bbox 1507 4117 1520 4152; x_wconf 87' lang='lat'><strong>:</strong></span> <span class='ocrx_word' id='word_1_525' title='bbox 1554 4098 1682 4154; x_wconf 85' lang='lat' dir='ltr'><strong>Post</strong></span> <span class='ocrx_word' id='word_1_526' title='bbox 1709 4101 1936 4154; x_wconf 76' lang='lat' dir='ltr'><strong>multum</strong></span> <span class='ocrx_word' id='word_1_527' title='bbox 1965 4111 2104 4158; x_wconf 86' lang='lat' dir='ltr'><strong>tem-</strong></span> 
     </span>
    </p>
   </div>
   <div class='ocr_carea' id='block_1_72' title="bbox 513 4189 2103 4263">
    <p class='ocr_par' dir='ltr' id='par_1_72' title="bbox 513 4189 2103 4263">
     <span class='ocr_line' id='line_1_72' title="bbox 513 4189 2103 4263; baseline 0.003 -18"><span class='ocrx_word' id='word_1_528' title='bbox 513 4191 665 4262; x_wconf 88' lang='lat' dir='ltr'><strong>poris</strong></span> <span class='ocrx_word' id='word_1_529' title='bbox 695 4200 942 4247; x_wconf 88' lang='lat' dir='ltr'><strong>mortuus</strong></span> <span class='ocrx_word' id='word_1_530' title='bbox 985 4199 1070 4247; x_wconf 91' lang='lat' dir='ltr'><strong>est</strong></span> <span class='ocrx_word' id='word_1_531' title='bbox 1095 4205 1192 4246; x_wconf 81' lang='lat' dir='ltr'><strong>rex</strong></span> <span class='ocrx_word' id='word_1_532' title='bbox 1222 4189 1466 4263; x_wconf 66' lang='lat' dir='ltr'><strong>Egypti,</strong></span> <span class='ocrx_word' id='word_1_533' title='bbox 1487 4197 1544 4246; x_wconf 90' lang='lat' dir='ltr'><strong>et</strong></span> <span class='ocrx_word' id='word_1_534' title='bbox 1569 4191 1982 4262; x_wconf 85' lang='lat' dir='ltr'><strong>ingemiscentes</strong></span> <span class='ocrx_word' id='word_1_535' title='bbox 2008 4193 2103 4250; x_wconf 83' lang='lat' dir='ltr'><strong>ﬁlii</strong></span> 
     </span>
    </p>
   </div>
   <div class='ocr_carea' id='block_1_73' title="bbox 515 4281 2107 4354">
    <p class='ocr_par' dir='ltr' id='par_1_73' title="bbox 515 4281 2107 4354">
     <span class='ocr_line' id='line_1_73' title="bbox 515 4281 2107 4354; baseline 0.003 -18"><span class='ocrx_word' id='word_1_536' title='bbox 515 4283 684 4337; x_wconf 84' lang='lat' dir='ltr'><strong>Israel</strong></span> <span class='ocrx_word' id='word_1_537' title='bbox 723 4291 944 4354; x_wconf 88' lang='lat' dir='ltr'><strong>propter</strong></span> <span class='ocrx_word' id='word_1_538' title='bbox 987 4297 1174 4353; x_wconf 84' lang='lat' dir='ltr'><strong>opera,</strong></span> <span class='ocrx_word' id='word_1_539' title='bbox 1223 4281 1506 4338; x_wconf 75' lang='lat' dir='ltr'><strong>vociferati</strong></span> <span class='ocrx_word' id='word_1_540' title='bbox 1555 4291 1702 4348; x_wconf 88' lang='lat' dir='ltr'><strong>sunt,</strong></span> <span class='ocrx_word' id='word_1_541' title='bbox 1753 4291 1811 4338; x_wconf 91' lang='lat' dir='ltr'><strong>et</strong></span> <span class='ocrx_word' id='word_1_542' title='bbox 1859 4285 2107 4340; x_wconf 89' lang='lat' dir='ltr'><strong>ascendit</strong></span> 
     </span>
    </p>
   </div>
   <div class='ocr_carea' id='block_1_74' title="bbox 515 4374 2106 4444">
    <p class='ocr_par' dir='ltr' id='par_1_74' title="bbox 515 4374 2106 4444">
     <span class='ocr_line' id='line_1_74' title="bbox 515 4374 2106 4444; baseline 0.001 -14"><span class='ocrx_word' id='word_1_543' title='bbox 515 4374 726 4430; x_wconf 86' lang='lat' dir='ltr'><strong>clamor</strong></span> <span class='ocrx_word' id='word_1_544' title='bbox 767 4390 956 4430; x_wconf 89' lang='lat' dir='ltr'><strong>eorum</strong></span> <span class='ocrx_word' id='word_1_545' title='bbox 991 4376 1060 4430; x_wconf 90' lang='lat' dir='ltr'><strong>ad</strong></span> <span class='ocrx_word' id='word_1_546' title='bbox 1095 4374 1383 4430; x_wconf 88' lang='lat' dir='ltr'><strong>Dominum</strong></span> <span class='ocrx_word' id='word_1_547' title='bbox 1421 4375 1490 4429; x_wconf 88' lang='lat' dir='ltr'><strong>ab</strong></span> <span class='ocrx_word' id='word_1_548' title='bbox 1523 4375 1781 4444; x_wconf 83' lang='lat' dir='ltr'><strong>operibus</strong></span> <span class='ocrx_word' id='word_1_549' title='bbox 1817 4384 1872 4432; x_wconf 85' lang='lat' dir='ltr'><strong>et</strong></span> <span class='ocrx_word' id='word_1_550' title='bbox 1897 4376 2106 4431; x_wconf 78' lang='lat' dir='ltr'><strong>audivit</strong></span> 
     </span>
    </p>
   </div>
   <div class='ocr_carea' id='block_1_75' title="bbox 2764 3213 3230 3272">
    <p class='ocr_par' dir='ltr' id='par_1_75' title="bbox 2764 3213 3230 3272">
     <span class='ocr_line' id='line_1_75' title="bbox 2764 3213 3230 3272; baseline -0.006 -1"><span class='ocrx_word' id='word_1_551' title='bbox 2764 3213 2994 3272; x_wconf 84' lang='lat' dir='ltr'><strong>CAPUT</strong></span> <span class='ocrx_word' id='word_1_552' title='bbox 3033 3213 3230 3270; x_wconf 74' lang='lat' dir='ltr'><strong>XXXI.</strong></span> 
     </span>
    </p>
   </div>
   <div class='ocr_carea' id='block_1_76' title="bbox 2722 3285 3272 3340">
    <p class='ocr_par' dir='ltr' id='par_1_76' title="bbox 2722 3285 3272 3340">
     <span class='ocr_line' id='line_1_76' title="bbox 2722 3285 3272 3340; baseline 0 0"><span class='ocrx_word' id='word_1_553' title='bbox 2722 3285 2800 3340; x_wconf 88' lang='lat' dir='ltr'><strong>De</strong></span> <span class='ocrx_word' id='word_1_554' title='bbox 2830 3287 2991 3340; x_wconf 83' lang='lat' dir='ltr'><strong>missa</strong></span> <span class='ocrx_word' id='word_1_555' title='bbox 3024 3287 3079 3338; x_wconf 82' lang='lat' dir='ltr'><strong>in</strong></span> <span class='ocrx_word' id='word_1_556' title='bbox 3105 3296 3272 3340; x_wconf 83' lang='lat' dir='ltr'><strong>nocte.</strong></span> 
     </span>
    </p>
   </div>
   <div class='ocr_carea' id='block_1_77' title="bbox 2275 3374 3786 3446">
    <p class='ocr_par' dir='ltr' id='par_1_77' title="bbox 2275 3374 3786 3446">
     <span class='ocr_line' id='line_1_77' title="bbox 2275 3374 3786 3446; baseline -0.003 -11"><span class='ocrx_word' id='word_1_557' title='bbox 2275 3379 2552 3445; x_wconf 84' lang='lat' dir='ltr'><strong>Dicamus,</strong></span> <span class='ocrx_word' id='word_1_558' title='bbox 2580 3377 2741 3433; x_wconf 81' lang='lat' dir='ltr'><strong>modo</strong></span> <span class='ocrx_word' id='word_1_559' title='bbox 2771 3375 2956 3432; x_wconf 79' lang='lat' dir='ltr'><strong>Gloria</strong></span> <span class='ocrx_word' id='word_1_560' title='bbox 2981 3377 3036 3430; x_wconf 85' lang='lat' dir='ltr'><strong>in</strong></span> <span class='ocrx_word' id='word_1_561' title='bbox 3065 3374 3283 3430; x_wconf 74' lang='lat' dir='ltr'><strong>excelsis</strong></span> <span class='ocrx_word' id='word_1_562' title='bbox 3319 3375 3450 3439; x_wconf 83' lang='lat' dir='ltr'><strong>Deo,</strong></span> <span class='ocrx_word' id='word_1_563' title='bbox 3477 3376 3608 3446; x_wconf 84' lang='lat' dir='ltr'><strong>quia</strong></span> <span class='ocrx_word' id='word_1_564' title='bbox 3643 3385 3786 3430; x_wconf 80' lang='lat' dir='ltr'><strong>tanto</strong></span> 
     </span>
    </p>
   </div>
   <div class='ocr_carea' id='block_1_78' title="bbox 2205 3467 3789 3540">
    <p class='ocr_par' dir='ltr' id='par_1_78' title="bbox 2205 3467 3789 3540">
     <span class='ocr_line' id='line_1_78' title="bbox 2205 3467 3789 3540; baseline -0.004 -14"><span class='ocrx_word' id='word_1_565' title='bbox 2205 3473 2408 3530; x_wconf 86' lang='lat' dir='ltr'><strong>lumine</strong></span> <span class='ocrx_word' id='word_1_566' title='bbox 2447 3473 2712 3528; x_wconf 86' lang='lat' dir='ltr'><strong>illustrata</strong></span> <span class='ocrx_word' id='word_1_567' title='bbox 2764 3479 2850 3526; x_wconf 89' lang='lat' dir='ltr'><strong>est</strong></span> <span class='ocrx_word' id='word_1_568' title='bbox 2895 3485 3139 3540; x_wconf 66' lang='lat' dir='ltr'><strong>praesens</strong></span> <span class='ocrx_word' id='word_1_569' title='bbox 3181 3485 3312 3533; x_wconf 78' lang='lat' dir='ltr'><strong>nox,</strong></span> <span class='ocrx_word' id='word_1_570' title='bbox 3347 3468 3577 3530; x_wconf 83' lang='lat' dir='ltr'><strong>scilicet,</strong></span> <span class='ocrx_word' id='word_1_571' title='bbox 3613 3467 3789 3522; x_wconf 81' lang='lat' dir='ltr'><strong>Domi-</strong></span> 
     </span>
    </p>
   </div>
   <div class='ocr_carea' id='block_1_79' title="bbox 2205 3558 3787 3627">
    <p class='ocr_par' dir='ltr' id='par_1_79' title="bbox 2205 3558 3787 3627">
     <span class='ocr_line' id='line_1_79' title="bbox 2205 3558 3787 3627; baseline -0.006 -8"><span class='ocrx_word' id='word_1_572' title='bbox 2205 3565 2329 3620; x_wconf 83' lang='lat' dir='ltr'><strong>nica</strong></span> <span class='ocrx_word' id='word_1_573' title='bbox 2373 3563 2807 3626; x_wconf 86' lang='lat' dir='ltr'><strong>resurrectione;</strong></span> <span class='ocrx_word' id='word_1_574' title='bbox 2839 3576 3103 3616; x_wconf 89' lang='lat' dir='ltr'><strong>canamus</strong></span> <span class='ocrx_word' id='word_1_575' title='bbox 3135 3559 3322 3614; x_wconf 85' lang='lat' dir='ltr'><strong>laudes</strong></span> <span class='ocrx_word' id='word_1_576' title='bbox 3351 3559 3488 3622; x_wconf 88' lang='lat' dir='ltr'><strong>Deo,</strong></span> <span class='ocrx_word' id='word_1_577' title='bbox 3513 3558 3787 3627; x_wconf 84' lang='lat' dir='ltr'><strong>quoniam,</strong></span> 
     </span>
    </p>
   </div>
   <div class='ocr_carea' id='block_1_80' title="bbox 2205 3647 3786 3725">
    <p class='ocr_par' dir='ltr' id='par_1_80' title="bbox 2205 3647 3786 3725">
     <span class='ocr_line' id='line_1_80' title="bbox 2205 3647 3786 3725; baseline -0.005 -17"><span class='ocrx_word' id='word_1_578' title='bbox 2205 3655 2260 3710; x_wconf 90' lang='lat' dir='ltr'><strong>in</strong></span> <span class='ocrx_word' id='word_1_579' title='bbox 2284 3655 2488 3725; x_wconf 81' lang='lat' dir='ltr'><strong>quibus</strong></span> <span class='ocrx_word' id='word_1_580' title='bbox 2507 3652 2787 3708; x_wconf 81' lang='lat' dir='ltr'><strong>habitabat</strong></span> <span class='ocrx_word' id='word_1_581' title='bbox 2827 3649 3092 3714; x_wconf 84' lang='lat' dir='ltr'><strong>diabolus,</strong></span> <span class='ocrx_word' id='word_1_582' title='bbox 3109 3649 3226 3718; x_wconf 88' lang='lat' dir='ltr'><strong>jam</strong></span> <span class='ocrx_word' id='word_1_583' title='bbox 3255 3649 3526 3702; x_wconf 82' lang='lat' dir='ltr'><strong>inhabitat</strong></span> <span class='ocrx_word' id='word_1_584' title='bbox 3555 3647 3786 3718; x_wconf 83' lang='lat' dir='ltr'><strong>Spiritus</strong></span> 
     </span>
    </p>
   </div>
   <div class='ocr_carea' id='block_1_81' title="bbox 2203 3741 3784 3814">
    <p class='ocr_par' dir='ltr' id='par_1_81' title="bbox 2203 3741 3784 3814">
     <span class='ocr_line' id='line_1_81' title="bbox 2203 3741 3784 3814; baseline -0.006 -13"><span class='ocrx_word' id='word_1_585' title='bbox 2203 3754 2442 3801; x_wconf 88' lang='lat' dir='ltr'><strong>sanctus.</strong></span> <span class='ocrx_word' id='word_1_586' title='bbox 2479 3745 2590 3800; x_wconf 82' lang='lat' dir='ltr'><strong>Hoc</strong></span> <span class='ocrx_word' id='word_1_587' title='bbox 2610 3744 2686 3798; x_wconf 89' lang='lat' dir='ltr'><strong>ait</strong></span> <span class='ocrx_word' id='word_1_588' title='bbox 2702 3741 2944 3814; x_wconf 78' lang='lat' dir='ltr'><strong>pontifex</strong></span> <span class='ocrx_word' id='word_1_589' title='bbox 2970 3757 3064 3796; x_wconf 89' lang='lat' dir='ltr'><strong>ore</strong></span> <span class='ocrx_word' id='word_1_590' title='bbox 3085 3749 3141 3796; x_wconf 91' lang='lat' dir='ltr'><strong>et</strong></span> <span class='ocrx_word' id='word_1_591' title='bbox 3168 3747 3370 3802; x_wconf 88' lang='lat' dir='ltr'><strong>mente,</strong></span> <span class='ocrx_word' id='word_1_592' title='bbox 3399 3746 3460 3792; x_wconf 91' lang='lat' dir='ltr'><strong>ut</strong></span> <span class='ocrx_word' id='word_1_593' title='bbox 3487 3753 3584 3792; x_wconf 90' lang='lat' dir='ltr'><strong>nos</strong></span> <span class='ocrx_word' id='word_1_594' title='bbox 3605 3745 3784 3792; x_wconf 85' lang='lat' dir='ltr'><strong>mente</strong></span> 
     </span>
    </p>
   </div>
   <div class='ocr_carea' id='block_1_82' title="bbox 2205 3829 3784 3905">
    <p class='ocr_par' dir='ltr' id='par_1_82' title="bbox 2205 3829 3784 3905">
     <span class='ocr_line' id='line_1_82' title="bbox 2205 3829 3784 3905; baseline -0.007 -13"><span class='ocrx_word' id='word_1_595' title='bbox 2205 3836 2760 3902; x_wconf 85' lang='lat' dir='ltr'><strong>teneamus,dicendo:</strong></span> <span class='ocrx_word' id='word_1_596' title='bbox 2773 3835 2907 3888; x_wconf 84' lang='lat' dir='ltr'><strong>Deus</strong></span> <span class='ocrx_word' id='word_1_597' title='bbox 2922 3833 3160 3905; x_wconf 74' lang='lat' dir='ltr'><strong>quitiam</strong></span> <span class='ocrx_word' id='word_1_598' title='bbox 3173 3829 3582 3884; x_wconf 77' lang='lat' dir='ltr'><strong>sacratissimum</strong></span> <span class='ocrx_word' id='word_1_599' title='bbox 3597 3839 3784 3882; x_wconf 63' lang='lat' dir='ltr'><strong>noctes</strong></span> 
     </span>
    </p>
   </div>
   <div class='ocr_carea' id='block_1_83' title="bbox 2203 3922 3784 4000">
    <p class='ocr_par' dir='ltr' id='par_1_83' title="bbox 2203 3922 3784 4000">
     <span class='ocr_line' id='line_1_83' title="bbox 2203 3922 3784 4000; baseline -0.005 -20"><span class='ocrx_word' id='word_1_600' title='bbox 2203 3927 2372 4000; x_wconf 83' lang='lat' dir='ltr'><strong>gloria</strong></span> <span class='ocrx_word' id='word_1_601' title='bbox 2399 3925 2690 3982; x_wconf 72' lang='lat' dir='ltr'><strong>Dominicm</strong></span> <span class='ocrx_word' id='word_1_602' title='bbox 2731 3925 3121 3981; x_wconf 81' lang='lat' dir='ltr'><strong>resurrectionis</strong></span> <span class='ocrx_word' id='word_1_603' title='bbox 3159 3922 3420 3986; x_wconf 75' lang='lat' dir='ltr'><strong>illustres,</strong></span> <span class='ocrx_word' id='word_1_604' title='bbox 3459 3939 3708 3976; x_wconf 65' lang='lat' dir='ltr'><strong>causam</strong></span> <span class='ocrx_word' id='word_1_605' title='bbox 3737 3923 3784 3972; x_wconf 73' lang='lat' dir='ltr'><strong>is</strong></span> 
     </span>
    </p>
   </div>
   <div class='ocr_carea' id='block_1_84' title="bbox 2206 4011 3784 4090">
    <p class='ocr_par' dir='ltr' id='par_1_84' title="bbox 2206 4011 3784 4090">
     <span class='ocr_line' id='line_1_84' title="bbox 2206 4011 3784 4090; baseline -0.006 -16"><span class='ocrx_word' id='word_1_606' title='bbox 2206 4039 2336 4074; x_wconf 80' lang='lat' dir='ltr'><strong>nava</strong></span> <span class='ocrx_word' id='word_1_607' title='bbox 2366 4019 2584 4090; x_wconf 72' lang='lat' dir='ltr'><strong>familia:</strong></span> <span class='ocrx_word' id='word_1_608' title='bbox 2619 4029 2722 4072; x_wconf 69' lang='lat' dir='ltr'><strong>tur?</strong></span> <span class='ocrx_word' id='word_1_609' title='bbox 2748 4018 2990 4089; x_wconf 82' lang='lat' dir='ltr'><strong>progenie</strong></span> <span class='ocrx_word' id='word_1_610' title='bbox 3017 4015 3314 4086; x_wconf 78' lang='lat' dir='ltr'><strong>adoptionis</strong></span> <span class='ocrx_word' id='word_1_611' title='bbox 3337 4011 3616 4083; x_wconf 80' lang='lat' dir='ltr'><strong>Spiritum,</strong></span> <span class='ocrx_word' id='word_1_612' title='bbox 3649 4029 3784 4082; x_wconf 67' lang='lat' dir='ltr'><strong>quem</strong></span> 
     </span>
    </p>
   </div>
   <div class='ocr_carea' id='block_1_85' title="bbox 2205 4106 3788 4169">
    <p class='ocr_par' dir='ltr' id='par_1_85' title="bbox 2205 4106 3788 4169">
     <span class='ocr_line' id='line_1_85' title="bbox 2205 4106 3788 4169; baseline -0.006 -1"><span class='ocrx_word' id='word_1_613' title='bbox 2205 4107 2422 4169; x_wconf 55' lang='lat' dir='ltr'><strong>dedisti:</strong></span> <span class='ocrx_word' id='word_1_614' title='bbox 2457 4113 2558 4169; x_wconf 85' lang='lat' dir='ltr'><strong>Ubi</strong></span> <span class='ocrx_word' id='word_1_615' title='bbox 2602 4111 2900 4167; x_wconf 86' lang='lat' dir='ltr'><strong>nctandum</strong></span> <span class='ocrx_word' id='word_1_616' title='bbox 2938 4123 3126 4164; x_wconf 88' lang='lat' dir='ltr'><strong>vocem</strong></span> <span class='ocrx_word' id='word_1_617' title='bbox 3161 4107 3538 4162; x_wconf 88' lang='lat' dir='ltr'><strong>ministrorum</strong></span> <span class='ocrx_word' id='word_1_618' title='bbox 3571 4106 3642 4160; x_wconf 82' lang='lat' dir='ltr'><strong>ad</strong></span> <span class='ocrx_word' id='word_1_619' title='bbox 3675 4121 3788 4159; x_wconf 78' lang='lat' dir='ltr'><strong>neo-</strong></span> 
     </span>
    </p>
   </div>
   <div class='ocr_carea' id='block_1_86' title="bbox 2203 4196 3786 4276">
    <p class='ocr_par' dir='ltr' id='par_1_86' title="bbox 2203 4196 3786 4276">
     <span class='ocr_line' id='line_1_86' title="bbox 2203 4196 3786 4276; baseline -0.007 -16"><span class='ocrx_word' id='word_1_620' title='bbox 2203 4207 2398 4276; x_wconf 77' lang='lat' dir='ltr'><strong>phytos</strong></span> <span class='ocrx_word' id='word_1_621' title='bbox 2424 4219 2544 4260; x_wconf 89' lang='lat' dir='ltr'><strong>esse</strong></span> <span class='ocrx_word' id='word_1_622' title='bbox 2573 4219 2745 4274; x_wconf 90' lang='lat' dir='ltr'><strong>usque</strong></span> <span class='ocrx_word' id='word_1_623' title='bbox 2785 4201 2852 4256; x_wconf 89' lang='lat' dir='ltr'><strong>ad</strong></span> <span class='ocrx_word' id='word_1_624' title='bbox 2891 4199 3262 4268; x_wconf 78' lang='lat' dir='ltr'><strong>Evangelium.</strong></span> <span class='ocrx_word' id='word_1_625' title='bbox 3305 4198 3446 4252; x_wconf 85' lang='lat' dir='ltr'><strong>Dicit</strong></span> <span class='ocrx_word' id='word_1_626' title='bbox 3485 4197 3554 4250; x_wconf 80' lang='lat' dir='ltr'><strong>ad</strong></span> <span class='ocrx_word' id='word_1_627' title='bbox 3591 4211 3692 4251; x_wconf 84' lang='lat' dir='ltr'><strong>eos</strong></span> <span class='ocrx_word' id='word_1_628' title='bbox 3721 4196 3786 4249; x_wconf 82' lang='lat' dir='ltr'><strong>le-</strong></span> 
     </span>
    </p>
   </div>
   <div class='ocr_carea' id='block_1_87' title="bbox 2205 4288 3786 4360">
    <p class='ocr_par' dir='ltr' id='par_1_87' title="bbox 2205 4288 3786 4360">
     <span class='ocr_line' id='line_1_87' title="bbox 2205 4288 3786 4360; baseline -0.007 -11"><span class='ocrx_word' id='word_1_629' title='bbox 2205 4305 2325 4350; x_wconf 87' lang='lat' dir='ltr'><strong>ctor</strong></span> <span class='ocrx_word' id='word_1_630' title='bbox 2359 4313 2372 4348; x_wconf 90' lang='lat'><strong>:</strong></span> <span class='ocrx_word' id='word_1_631' title='bbox 2413 4293 2471 4348; x_wconf 84' lang='lat' dir='ltr'><strong>Si</strong></span> <span class='ocrx_word' id='word_1_632' title='bbox 2519 4293 2922 4348; x_wconf 74' lang='lat' dir='ltr'><strong>consurrexistis</strong></span> <span class='ocrx_word' id='word_1_633' title='bbox 2966 4306 3086 4344; x_wconf 84' lang='lat' dir='ltr'><strong>cum</strong></span> <span class='ocrx_word' id='word_1_634' title='bbox 3133 4288 3341 4344; x_wconf 79' lang='lat' dir='ltr'><strong>Christo</strong></span> <span class='ocrx_word' id='word_1_635' title='bbox 3366 4328 3383 4352; x_wconf 90' lang='lat'><strong>,</strong></span> <span class='ocrx_word' id='word_1_636' title='bbox 3423 4305 3540 4360; x_wconf 81' lang='lat' dir='ltr'><strong>qua:</strong></span> <span class='ocrx_word' id='word_1_637' title='bbox 3587 4303 3786 4340; x_wconf 70' lang='lat' dir='ltr'><strong>sursum</strong></span> 
     </span>
    </p>
   </div>
   <div class='ocr_carea' id='block_1_88' title="bbox 2205 4379 3784 4458">
    <p class='ocr_par' dir='ltr' id='par_1_88' title="bbox 2205 4379 3784 4458">
     <span class='ocr_line' id='line_1_88' title="bbox 2205 4379 3784 4458; baseline -0.007 -19"><span class='ocrx_word' id='word_1_638' title='bbox 2205 4395 2324 4440; x_wconf 85' lang='lat' dir='ltr'><strong>sunt</strong></span> <span class='ocrx_word' id='word_1_639' title='bbox 2350 4385 2601 4458; x_wconf 69' lang='lat' dir='ltr'><strong>qurerite;</strong></span> <span class='ocrx_word' id='word_1_640' title='bbox 2639 4385 2730 4438; x_wconf 81' lang='lat' dir='ltr'><strong>ubi</strong></span> <span class='ocrx_word' id='word_1_641' title='bbox 2768 4383 3004 4438; x_wconf 76' lang='lat' dir='ltr'><strong>Christus</strong></span> <span class='ocrx_word' id='word_1_642' title='bbox 3037 4391 3114 4438; x_wconf 84' lang='lat' dir='ltr'><strong>est</strong></span> <span class='ocrx_word' id='word_1_643' title='bbox 3153 4383 3209 4435; x_wconf 86' lang='lat' dir='ltr'><strong>in</strong></span> <span class='ocrx_word' id='word_1_644' title='bbox 3243 4381 3430 4434; x_wconf 71' lang='lat' dir='ltr'><strong>dextra</strong></span> <span class='ocrx_word' id='word_1_645' title='bbox 3462 4379 3562 4434; x_wconf 79' lang='lat' dir='ltr'><strong>Dei</strong></span> <span class='ocrx_word' id='word_1_646' title='bbox 3595 4381 3784 4433; x_wconf 58' lang='lat' dir='ltr'><strong>sedeas.</strong></span> 
     </span>
    </p>
   </div>
   <div class='ocr_carea' id='block_1_89' title="bbox 517 4469 3790 4549">
    <p class='ocr_par' dir='ltr' id='par_1_89' title="bbox 517 4469 3790 4549">
     <span class='ocr_line' id='line_1_89' title="bbox 517 4469 3790 4549; baseline 0 -27"><span class='ocrx_word' id='word_1_647' title='bbox 517 4469 776 4540; x_wconf 90' lang='lat' dir='ltr'><strong>gemitum</strong></span> <span class='ocrx_word' id='word_1_648' title='bbox 806 4485 1016 4534; x_wconf 88' lang='lat' dir='ltr'><strong>eorum,</strong></span> <span class='ocrx_word' id='word_1_649' title='bbox 1041 4478 1095 4524; x_wconf 90' lang='lat' dir='ltr'><strong>et</strong></span> <span class='ocrx_word' id='word_1_650' title='bbox 1123 4471 1438 4526; x_wconf 85' lang='lat' dir='ltr'><strong>recordatus</strong></span> <span class='ocrx_word' id='word_1_651' title='bbox 1465 4477 1550 4525; x_wconf 88' lang='lat' dir='ltr'><strong>est</strong></span> <span class='ocrx_word' id='word_1_652' title='bbox 1589 4475 1731 4542; x_wconf 89' lang='lat' dir='ltr'><strong>pacti</strong></span> <span class='ocrx_word' id='word_1_653' title='bbox 1785 4472 1928 4542; x_wconf 87' lang='lat' dir='ltr'><strong>quod</strong></span> <span class='ocrx_word' id='word_1_654' title='bbox 1955 4471 2106 4542; x_wconf 88' lang='lat' dir='ltr'><strong>pepi-</strong></span> <span class='ocrx_word' id='word_1_655' title='bbox 2129 4489 2183 4549; x_wconf 73' lang='grc' dir='ltr'><strong>ι)</strong></span> <span class='ocrx_word' id='word_1_656' title='bbox 2210 4478 2387 4533; x_wconf 76' lang='lat' dir='ltr'><strong>Habes</strong></span> <span class='ocrx_word' id='word_1_657' title='bbox 2411 4477 2698 4532; x_wconf 72' lang='lat' dir='ltr'><strong>lectionem</strong></span> <span class='ocrx_word' id='word_1_658' title='bbox 2731 4475 2798 4530; x_wconf 88' lang='lat' dir='ltr'><strong>de</strong></span> <span class='ocrx_word' id='word_1_659' title='bbox 2821 4474 3118 4545; x_wconf 83' lang='lat' dir='ltr'><strong>anagogico</strong></span> <span class='ocrx_word' id='word_1_660' title='bbox 3143 4472 3302 4542; x_wconf 88' lang='lat' dir='ltr'><strong>pede,</strong></span> <span class='ocrx_word' id='word_1_661' title='bbox 3331 4472 3385 4524; x_wconf 89' lang='lat' dir='ltr'><strong>in</strong></span> <span class='ocrx_word' id='word_1_662' title='bbox 3409 4487 3520 4540; x_wconf 89' lang='lat' dir='ltr'><strong>quo</strong></span> <span class='ocrx_word' id='word_1_663' title='bbox 3549 4469 3790 4524; x_wconf 83' lang='lat' dir='ltr'><strong>catechu-</strong></span> 
     </span>
    </p>
   </div>
   <div class='ocr_carea' id='block_1_90' title="bbox 517 4561 2103 4633">
    <p class='ocr_par' dir='ltr' id='par_1_90' title="bbox 517 4561 2103 4633">
     <span class='ocr_line' id='line_1_90' title="bbox 517 4561 2103 4633; baseline 0 -17"><span class='ocrx_word' id='word_1_664' title='bbox 517 4561 598 4633; x_wconf 84' lang='lat' dir='ltr'><strong>git</strong></span> <span class='ocrx_word' id='word_1_665' title='bbox 648 4577 771 4616; x_wconf 91' lang='lat' dir='ltr'><strong>cum</strong></span> <span class='ocrx_word' id='word_1_666' title='bbox 821 4561 1097 4617; x_wconf 81' lang='lat' dir='ltr'><strong>Abraham</strong></span> <span class='ocrx_word' id='word_1_667' title='bbox 1127 4571 1185 4616; x_wconf 91' lang='lat' dir='ltr'><strong>et</strong></span> <span class='ocrx_word' id='word_1_668' title='bbox 1213 4561 1363 4620; x_wconf 87' lang='lat' dir='ltr'><strong>Isaae</strong></span> <span class='ocrx_word' id='word_1_669' title='bbox 1406 4571 1462 4620; x_wconf 92' lang='lat' dir='ltr'><strong>et</strong></span> <span class='ocrx_word' id='word_1_670' title='bbox 1509 4565 1696 4621; x_wconf 86' lang='lat' dir='ltr'><strong>Jacob.</strong></span> <span class='ocrx_word' id='word_1_671' title='bbox 1754 4565 1822 4628; x_wconf 84' lang='lat' dir='ltr'><strong>Et</strong></span> <span class='ocrx_word' id='word_1_672' title='bbox 1867 4563 2103 4617; x_wconf 82' lang='lat' dir='ltr'><strong>ollicium</strong></span> 
     </span>
    </p>
   </div>
   <div class='ocr_carea' id='block_1_91' title="bbox 517 4653 2102 4728">
    <p class='ocr_par' dir='ltr' id='par_1_91' title="bbox 517 4653 2102 4728">
     <span class='ocr_line' id='line_1_91' title="bbox 517 4653 2102 4728; baseline -0.001 -19"><span class='ocrx_word' id='word_1_673' title='bbox 517 4663 726 4724; x_wconf 66' lang='lat' dir='ltr'><strong>quarta:</strong></span> <span class='ocrx_word' id='word_1_674' title='bbox 773 4653 955 4721; x_wconf 73' lang='lat' dir='ltr'><strong>ferire,</strong></span> <span class='ocrx_word' id='word_1_675' title='bbox 985 4656 1131 4724; x_wconf 86' lang='lat' dir='ltr'><strong>quod</strong></span> <span class='ocrx_word' id='word_1_676' title='bbox 1173 4663 1259 4711; x_wconf 86' lang='lat' dir='ltr'><strong>est</strong></span> <span class='ocrx_word' id='word_1_677' title='bbox 1305 4665 1468 4727; x_wconf 88' lang='lat' dir='ltr'><strong>caput</strong></span> <span class='ocrx_word' id='word_1_678' title='bbox 1511 4656 1705 4728; x_wconf 83' lang='lat' dir='ltr'><strong>jejunii</strong></span> <span class='ocrx_word' id='word_1_679' title='bbox 1739 4655 1815 4710; x_wconf 92' lang='lat' dir='ltr'><strong>illi</strong></span> <span class='ocrx_word' id='word_1_680' title='bbox 1853 4654 2102 4724; x_wconf 85' lang='lat' dir='ltr'><strong>tempori,</strong></span> 
     </span>
    </p>
   </div>
   <div class='ocr_carea' id='block_1_92' title="bbox 517 4747 2107 4821">
    <p class='ocr_par' dir='ltr' id='par_1_92' title="bbox 517 4747 2107 4821">
     <span class='ocr_line' id='line_1_92' title="bbox 517 4747 2107 4821; baseline 0 -20"><span class='ocrx_word' id='word_1_681' title='bbox 517 4747 736 4817; x_wconf 87' lang='lat' dir='ltr'><strong>quando</strong></span> <span class='ocrx_word' id='word_1_682' title='bbox 757 4748 894 4803; x_wconf 77' lang='lat' dir='ltr'><strong>dixit</strong></span> <span class='ocrx_word' id='word_1_683' title='bbox 923 4748 1183 4804; x_wconf 82' lang='lat' dir='ltr'><strong>Dominus</strong></span> <span class='ocrx_word' id='word_1_684' title='bbox 1211 4749 1280 4804; x_wconf 87' lang='lat' dir='ltr'><strong>ad</strong></span> <span class='ocrx_word' id='word_1_685' title='bbox 1305 4748 1526 4821; x_wconf 83' lang='lat' dir='ltr'><strong>Moysen</strong></span> <span class='ocrx_word' id='word_1_686' title='bbox 1557 4767 1570 4802; x_wconf 92' lang='lat'><strong>:</strong></span> <span class='ocrx_word' id='word_1_687' title='bbox 1597 4747 1752 4804; x_wconf 80' lang='lat' dir='ltr'><strong>Solve</strong></span> <span class='ocrx_word' id='word_1_688' title='bbox 1787 4747 2107 4802; x_wconf 79' lang='lat' dir='ltr'><strong>calciamen-</strong></span> 
     </span>
    </p>
   </div>
   <div class='ocr_carea' id='block_1_93' title="bbox 519 4837 2104 4910">
    <p class='ocr_par' dir='ltr' id='par_1_93' title="bbox 519 4837 2104 4910">
     <span class='ocr_line' id='line_1_93' title="bbox 519 4837 2104 4910; baseline 0.003 -22"><span class='ocrx_word' id='word_1_689' title='bbox 519 4845 628 4890; x_wconf 88' lang='lat' dir='ltr'><strong>tum</strong></span> <span class='ocrx_word' id='word_1_690' title='bbox 673 4837 740 4890; x_wconf 79' lang='lat' dir='ltr'><strong>de</strong></span> <span class='ocrx_word' id='word_1_691' title='bbox 779 4838 996 4908; x_wconf 81' lang='lat' dir='ltr'><strong>pedibus</strong></span> <span class='ocrx_word' id='word_1_692' title='bbox 1037 4839 1160 4893; x_wconf 85' lang='lat' dir='ltr'><strong>tuis.</strong></span> <span class='ocrx_word' id='word_1_693' title='bbox 1211 4839 1448 4910; x_wconf 76' lang='lat' dir='ltr'><strong>Epistula</strong></span> <span class='ocrx_word' id='word_1_694' title='bbox 1487 4853 1638 4904; x_wconf 87' lang='lat' dir='ltr'><strong>vero,</strong></span> <span class='ocrx_word' id='word_1_695' title='bbox 1667 4853 1787 4908; x_wconf 77' lang='lat' dir='ltr'><strong>quae</strong></span> <span class='ocrx_word' id='word_1_696' title='bbox 1825 4837 1878 4891; x_wconf 90' lang='lat' dir='ltr'><strong>in</strong></span> <span class='ocrx_word' id='word_1_697' title='bbox 1915 4839 2104 4894; x_wconf 86' lang='lat' dir='ltr'><strong>eodem</strong></span> 
     </span>
    </p>
   </div>
   <div class='ocr_carea' id='block_1_94' title="bbox 468 4926 2106 5003">
    <p class='ocr_par' dir='ltr' id='par_1_94' title="bbox 468 4926 2106 5003">
     <span class='ocr_line' id='line_1_94' title="bbox 468 4926 2106 5003; baseline 0.002 -23"><span class='ocrx_word' id='word_1_698' title='bbox 468 4991 480 5003; x_wconf 41' lang='lat'>.</span> <span class='ocrx_word' id='word_1_699' title='bbox 519 4926 608 4980; x_wconf 88' lang='lat' dir='ltr'><strong>die</strong></span> <span class='ocrx_word' id='word_1_700' title='bbox 631 4926 851 4996; x_wconf 79' lang='lat' dir='ltr'><strong>legitur,</strong></span> <span class='ocrx_word' id='word_1_701' title='bbox 879 4929 1215 4984; x_wconf 85' lang='lat' dir='ltr'><strong>demonstrat</strong></span> <span class='ocrx_word' id='word_1_702' title='bbox 1258 4931 1416 4986; x_wconf 89' lang='lat' dir='ltr'><strong>nobis</strong></span> <span class='ocrx_word' id='word_1_703' title='bbox 1461 4929 1592 5000; x_wconf 91' lang='lat' dir='ltr'><strong>quid</strong></span> <span class='ocrx_word' id='word_1_704' title='bbox 1633 4931 1707 4984; x_wconf 90' lang='lat' dir='ltr'><strong>sit</strong></span> <span class='ocrx_word' id='word_1_705' title='bbox 1744 4929 1955 4986; x_wconf 89' lang='lat' dir='ltr'><strong>solvere</strong></span> <span class='ocrx_word' id='word_1_706' title='bbox 1996 4930 2106 4985; x_wconf 89' lang='lat' dir='ltr'><strong>cal-</strong></span> 
     </span>
    </p>
   </div>
   <div class='ocr_carea' id='block_1_95' title="bbox 519 5020 2101 5090">
    <p class='ocr_par' dir='ltr' id='par_1_95' title="bbox 519 5020 2101 5090">
     <span class='ocr_line' id='line_1_95' title="bbox 519 5020 2101 5090; baseline 0.001 -17"><span class='ocrx_word' id='word_1_707' title='bbox 519 5025 863 5074; x_wconf 88' lang='lat' dir='ltr'><strong>ceamentum</strong></span> <span class='ocrx_word' id='word_1_708' title='bbox 891 5020 960 5075; x_wconf 90' lang='lat' dir='ltr'><strong>de</strong></span> <span class='ocrx_word' id='word_1_709' title='bbox 985 5021 1213 5090; x_wconf 89' lang='lat' dir='ltr'><strong>pedibus</strong></span> <span class='ocrx_word' id='word_1_710' title='bbox 1231 5063 1246 5086; x_wconf 91' lang='lat'><strong>,</strong></span> <span class='ocrx_word' id='word_1_711' title='bbox 1275 5029 1337 5076; x_wconf 91' lang='lat' dir='ltr'><strong>ut</strong></span> <span class='ocrx_word' id='word_1_712' title='bbox 1365 5037 1433 5078; x_wconf 75' lang='lat' dir='ltr'><strong>ex</strong></span> <span class='ocrx_word' id='word_1_713' title='bbox 1461 5021 1648 5078; x_wconf 89' lang='lat' dir='ltr'><strong>multis</strong></span> <span class='ocrx_word' id='word_1_714' title='bbox 1678 5037 1845 5076; x_wconf 89' lang='lat' dir='ltr'><strong>unum</strong></span> <span class='ocrx_word' id='word_1_715' title='bbox 1887 5021 2064 5077; x_wconf 89' lang='lat' dir='ltr'><strong>dicam</strong></span> <span class='ocrx_word' id='word_1_716' title='bbox 2089 5040 2101 5074; x_wconf 89' lang='lat'>:</span> 
     </span>
    </p>
   </div>
   <div class='ocr_carea' id='block_1_96' title="bbox 521 5106 2109 5182">
    <p class='ocr_par' dir='ltr' id='par_1_96' title="bbox 521 5106 2109 5182">
     <span class='ocr_line' id='line_1_96' title="bbox 521 5106 2109 5182; baseline 0.001 -20"><span class='ocrx_word' id='word_1_717' title='bbox 521 5106 837 5176; x_wconf 81' lang='lat' dir='ltr'><strong>Egredietur</strong></span> <span class='ocrx_word' id='word_1_718' title='bbox 865 5127 1086 5180; x_wconf 83' lang='lat' dir='ltr'><strong>sponsus</strong></span> <span class='ocrx_word' id='word_1_719' title='bbox 1123 5111 1190 5166; x_wconf 85' lang='lat' dir='ltr'><strong>de</strong></span> <span class='ocrx_word' id='word_1_720' title='bbox 1236 5111 1396 5166; x_wconf 79' lang='lat' dir='ltr'><strong>cubili</strong></span> <span class='ocrx_word' id='word_1_721' title='bbox 1434 5127 1564 5178; x_wconf 80' lang='lat' dir='ltr'><strong>suo,</strong></span> <span class='ocrx_word' id='word_1_722' title='bbox 1597 5121 1648 5166; x_wconf 84' lang='lat' dir='ltr'><strong>et</strong></span> <span class='ocrx_word' id='word_1_723' title='bbox 1686 5127 1877 5182; x_wconf 76' lang='lat' dir='ltr'><strong>sponsa</strong></span> <span class='ocrx_word' id='word_1_724' title='bbox 1903 5110 1966 5164; x_wconf 74' lang='lat' dir='ltr'><strong>de</strong></span> <span class='ocrx_word' id='word_1_725' title='bbox 1991 5111 2109 5163; x_wconf 77' lang='lat' dir='ltr'><strong>tha—</strong></span> 
     </span>
    </p>
   </div>
   <div class='ocr_carea' id='block_1_97' title="bbox 521 5195 2104 5276">
    <p class='ocr_par' dir='ltr' id='par_1_97' title="bbox 521 5195 2104 5276">
     <span class='ocr_line' id='line_1_97' title="bbox 521 5195 2104 5276; baseline 0.002 -25"><span class='ocrx_word' id='word_1_726' title='bbox 521 5195 805 5276; x_wconf 66' lang='lat' dir='ltr'><strong>lamosuo.</strong></span> <span class='ocrx_word' id='word_1_727' title='bbox 845 5199 1292 5257; x_wconf 90' lang='lat' dir='ltr'><strong>Calceamentum</strong></span> <span class='ocrx_word' id='word_1_728' title='bbox 1321 5217 1352 5257; x_wconf 84' lang='lat' dir='ltr'><strong>a</strong></span> <span class='ocrx_word' id='word_1_729' title='bbox 1375 5203 1578 5259; x_wconf 83' lang='lat' dir='ltr'><strong>nostris</strong></span> <span class='ocrx_word' id='word_1_730' title='bbox 1601 5203 1830 5274; x_wconf 87' lang='lat' dir='ltr'><strong>pedibus</strong></span> <span class='ocrx_word' id='word_1_731' title='bbox 1857 5201 2104 5267; x_wconf 87' lang='lat' dir='ltr'><strong>solvitur,</strong></span> 
     </span>
    </p>
   </div>
   <div class='ocr_carea' id='block_1_98' title="bbox 519 5287 2107 5360">
    <p class='ocr_par' dir='ltr' id='par_1_98' title="bbox 519 5287 2107 5360">
     <span class='ocr_line' id='line_1_98' title="bbox 519 5287 2107 5360; baseline 0.003 -19"><span class='ocrx_word' id='word_1_732' title='bbox 519 5287 738 5358; x_wconf 81' lang='lat' dir='ltr'><strong>quando</strong></span> <span class='ocrx_word' id='word_1_733' title='bbox 763 5301 899 5359; x_wconf 89' lang='lat' dir='ltr'><strong>opus</strong></span> <span class='ocrx_word' id='word_1_734' title='bbox 933 5293 1077 5359; x_wconf 88' lang='lat' dir='ltr'><strong>quod</strong></span> <span class='ocrx_word' id='word_1_735' title='bbox 1101 5307 1168 5347; x_wconf 78' lang='lat' dir='ltr'><strong>ex</strong></span> <span class='ocrx_word' id='word_1_736' title='bbox 1205 5293 1696 5350; x_wconf 85' lang='lat' dir='ltr'><strong>necessitudinibus</strong></span> <span class='ocrx_word' id='word_1_737' title='bbox 1721 5291 2107 5360; x_wconf 74' lang='lat' dir='ltr'><strong>mncupiscen-</strong></span> 
     </span>
    </p>
   </div>
   <div class='ocr_carea' id='block_1_99' title="bbox 521 5377 2104 5454">
    <p class='ocr_par' dir='ltr' id='par_1_99' title="bbox 521 5377 2104 5454">
     <span class='ocr_line' id='line_1_99' title="bbox 521 5377 2104 5454; baseline 0.003 -22"><span class='ocrx_word' id='word_1_738' title='bbox 521 5377 613 5433; x_wconf 64' lang='lat' dir='ltr'><strong>tiae</strong></span> <span class='ocrx_word' id='word_1_739' title='bbox 651 5381 890 5436; x_wconf 85' lang='lat' dir='ltr'><strong>carnalis</strong></span> <span class='ocrx_word' id='word_1_740' title='bbox 927 5385 1290 5454; x_wconf 84' lang='lat' dir='ltr'><strong>percepimus,</strong></span> <span class='ocrx_word' id='word_1_741' title='bbox 1323 5385 1718 5440; x_wconf 88' lang='lat' dir='ltr'><strong>intermittitur.</strong></span> <span class='ocrx_word' id='word_1_742' title='bbox 1765 5385 1834 5438; x_wconf 88' lang='lat' dir='ltr'><strong>Et</strong></span> <span class='ocrx_word' id='word_1_743' title='bbox 1871 5381 2104 5438; x_wconf 81' lang='lat' dir='ltr'><strong>oliicium</strong></span> 
     </span>
    </p>
   </div>
   <div class='ocr_carea' id='block_1_100' title="bbox 519 5467 2112 5545">
    <p class='ocr_par' dir='ltr' id='par_1_100' title="bbox 519 5467 2112 5545">
     <span class='ocr_line' id='line_1_100' title="bbox 519 5467 2112 5545; baseline 0.003 -23"><span class='ocrx_word' id='word_1_744' title='bbox 519 5467 958 5540; x_wconf 83' lang='lat' dir='ltr'><strong>Quadragesimae</strong></span> <span class='ocrx_word' id='word_1_745' title='bbox 981 5471 1058 5528; x_wconf 92' lang='lat' dir='ltr'><strong>illi</strong></span> <span class='ocrx_word' id='word_1_746' title='bbox 1089 5475 1338 5545; x_wconf 88' lang='lat' dir='ltr'><strong>tempori,</strong></span> <span class='ocrx_word' id='word_1_747' title='bbox 1363 5475 1581 5545; x_wconf 88' lang='lat' dir='ltr'><strong>quando</strong></span> <span class='ocrx_word' id='word_1_748' title='bbox 1604 5473 1943 5544; x_wconf 82' lang='lat' dir='ltr'><strong>amigebatur</strong></span> <span class='ocrx_word' id='word_1_749' title='bbox 1969 5473 2112 5528; x_wconf 85' lang='lat' dir='ltr'><strong>Pha-</strong></span> 
     </span>
    </p>
   </div>
   <div class='ocr_carea' id='block_1_101' title="bbox 523 5561 2107 5638">
    <p class='ocr_par' dir='ltr' id='par_1_101' title="bbox 523 5561 2107 5638">
     <span class='ocr_line' id='line_1_101' title="bbox 523 5561 2107 5638; baseline 0.007 -27"><span class='ocrx_word' id='word_1_750' title='bbox 523 5573 642 5622; x_wconf 86' lang='lat' dir='ltr'><strong>rao,</strong></span> <span class='ocrx_word' id='word_1_751' title='bbox 669 5567 732 5613; x_wconf 88' lang='lat' dir='ltr'><strong>ut</strong></span> <span class='ocrx_word' id='word_1_752' title='bbox 778 5561 1106 5620; x_wconf 86' lang='lat' dir='ltr'><strong>liberaretur</strong></span> <span class='ocrx_word' id='word_1_753' title='bbox 1149 5567 1378 5638; x_wconf 88' lang='lat' dir='ltr'><strong>populus</strong></span> <span class='ocrx_word' id='word_1_754' title='bbox 1427 5567 1522 5622; x_wconf 88' lang='lat' dir='ltr'><strong>Dei</strong></span> <span class='ocrx_word' id='word_1_755' title='bbox 1551 5575 1644 5622; x_wconf 87' lang='lat' dir='ltr'><strong>:ct</strong></span> <span class='ocrx_word' id='word_1_756' title='bbox 1681 5575 1870 5636; x_wconf 89' lang='lat' dir='ltr'><strong>postea</strong></span> <span class='ocrx_word' id='word_1_757' title='bbox 1915 5579 2107 5638; x_wconf 86' lang='lat' dir='ltr'><strong>perve-</strong></span> 
     </span>
    </p>
   </div>
   <div class='ocr_carea' id='block_1_102' title="bbox 523 5647 2102 5729">
    <p class='ocr_par' dir='ltr' id='par_1_102' title="bbox 523 5647 2102 5729">
     <span class='ocr_line' id='line_1_102' title="bbox 523 5647 2102 5729; baseline 0.008 -29"><span class='ocrx_word' id='word_1_758' title='bbox 523 5647 780 5706; x_wconf 82' lang='lat' dir='ltr'><strong>niendum</strong></span> <span class='ocrx_word' id='word_1_759' title='bbox 803 5663 888 5710; x_wconf 89' lang='lat' dir='ltr'><strong>est</strong></span> <span class='ocrx_word' id='word_1_760' title='bbox 913 5657 980 5711; x_wconf 89' lang='lat' dir='ltr'><strong>ad</strong></span> <span class='ocrx_word' id='word_1_761' title='bbox 1009 5673 1160 5714; x_wconf 87' lang='lat' dir='ltr'><strong>mare</strong></span> <span class='ocrx_word' id='word_1_762' title='bbox 1183 5659 1444 5720; x_wconf 78' lang='lat' dir='ltr'><strong>Rubrum,</strong></span> <span class='ocrx_word' id='word_1_763' title='bbox 1475 5659 1528 5713; x_wconf 88' lang='lat' dir='ltr'><strong>id</strong></span> <span class='ocrx_word' id='word_1_764' title='bbox 1549 5667 1632 5714; x_wconf 88' lang='lat' dir='ltr'><strong>est</strong></span> <span class='ocrx_word' id='word_1_765' title='bbox 1653 5659 1719 5713; x_wconf 91' lang='lat' dir='ltr'><strong>ad</strong></span> <span class='ocrx_word' id='word_1_766' title='bbox 1741 5659 2066 5729; x_wconf 89' lang='lat' dir='ltr'><strong>baptismum</strong></span> <span class='ocrx_word' id='word_1_767' title='bbox 2091 5677 2102 5712; x_wconf 93' lang='lat'><strong>:</strong></span> 
     </span>
    </p>
   </div>
   <div class='ocr_carea' id='block_1_103' title="bbox 523 5739 2105 5822">
    <p class='ocr_par' dir='ltr' id='par_1_103' title="bbox 523 5739 2105 5822">
     <span class='ocr_line' id='line_1_103' title="bbox 523 5739 2105 5822; baseline 0.008 -32"><span class='ocrx_word' id='word_1_768' title='bbox 523 5749 587 5792; x_wconf 82' lang='lat' dir='ltr'><strong>ac</strong></span> <span class='ocrx_word' id='word_1_769' title='bbox 615 5739 808 5798; x_wconf 83' lang='lat' dir='ltr'><strong>deinde</strong></span> <span class='ocrx_word' id='word_1_770' title='bbox 851 5751 1238 5804; x_wconf 84' lang='lat' dir='ltr'><strong>transeundum</strong></span> <span class='ocrx_word' id='word_1_771' title='bbox 1279 5765 1378 5822; x_wconf 86' lang='lat' dir='ltr'><strong>per</strong></span> <span class='ocrx_word' id='word_1_772' title='bbox 1421 5751 1698 5806; x_wconf 86' lang='lat' dir='ltr'><strong>desertum</strong></span> <span class='ocrx_word' id='word_1_773' title='bbox 1741 5747 1842 5804; x_wconf 89' lang='lat' dir='ltr'><strong>sub</strong></span> <span class='ocrx_word' id='word_1_774' title='bbox 1879 5747 2105 5804; x_wconf 83' lang='lat' dir='ltr'><strong>ducibus</strong></span> 
     </span>
    </p>
   </div>
   <div class='ocr_carea' id='block_1_104' title="bbox 2208 4561 3790 4638">
    <p class='ocr_par' dir='ltr' id='par_1_104' title="bbox 2208 4561 3790 4638">
     <span class='ocr_line' id='line_1_104' title="bbox 2208 4561 3790 4638; baseline -0.006 -14"><span class='ocrx_word' id='word_1_775' title='bbox 2208 4567 2354 4626; x_wconf 87' lang='lat' dir='ltr'><strong>meni</strong></span> <span class='ocrx_word' id='word_1_776' title='bbox 2387 4569 2602 4624; x_wconf 87' lang='lat' dir='ltr'><strong>accensi</strong></span> <span class='ocrx_word' id='word_1_777' title='bbox 2635 4584 2734 4638; x_wconf 89' lang='lat' dir='ltr'><strong>per</strong></span> <span class='ocrx_word' id='word_1_778' title='bbox 2773 4567 2937 4621; x_wconf 85' lang='lat' dir='ltr'><strong>verba</strong></span> <span class='ocrx_word' id='word_1_779' title='bbox 2977 4565 3209 4628; x_wconf 86' lang='lat' dir='ltr'><strong>cantici,</strong></span> <span class='ocrx_word' id='word_1_780' title='bbox 3245 4565 3388 4619; x_wconf 88' lang='lat' dir='ltr'><strong>sicut</strong></span> <span class='ocrx_word' id='word_1_781' title='bbox 3413 4565 3560 4618; x_wconf 90' lang='lat' dir='ltr'><strong>cervi</strong></span> <span class='ocrx_word' id='word_1_782' title='bbox 3591 4561 3790 4617; x_wconf 83' lang='lat' dir='ltr'><strong>deside-</strong></span> 
     </span>
    </p>
   </div>
   <div class='ocr_carea' id='block_1_105' title="bbox 2210 4650 3792 4730">
    <p class='ocr_par' dir='ltr' id='par_1_105' title="bbox 2210 4650 3792 4730">
     <span class='ocr_line' id='line_1_105' title="bbox 2210 4650 3792 4730; baseline -0.008 -16"><span class='ocrx_word' id='word_1_783' title='bbox 2210 4661 2406 4716; x_wconf 88' lang='lat' dir='ltr'><strong>rabant</strong></span> <span class='ocrx_word' id='word_1_784' title='bbox 2434 4674 2696 4730; x_wconf 87' lang='lat' dir='ltr'><strong>apparere</strong></span> <span class='ocrx_word' id='word_1_785' title='bbox 2724 4665 2849 4712; x_wconf 87' lang='lat' dir='ltr'><strong>ante</strong></span> <span class='ocrx_word' id='word_1_786' title='bbox 2881 4657 3072 4711; x_wconf 74' lang='lat' dir='ltr'><strong>faciem</strong></span> <span class='ocrx_word' id='word_1_787' title='bbox 3101 4653 3226 4718; x_wconf 86' lang='lat' dir='ltr'><strong>Dei;</strong></span> <span class='ocrx_word' id='word_1_788' title='bbox 3257 4653 3402 4722; x_wconf 89' lang='lat' dir='ltr'><strong>quod</strong></span> <span class='ocrx_word' id='word_1_789' title='bbox 3433 4668 3575 4706; x_wconf 82' lang='lat' dir='ltr'><strong>nunc</strong></span> <span class='ocrx_word' id='word_1_790' title='bbox 3599 4650 3792 4704; x_wconf 78' lang='lat' dir='ltr'><strong>habent</strong></span> 
     </span>
    </p>
   </div>
   <div class='ocr_carea' id='block_1_106' title="bbox 2209 4741 3790 4816">
    <p class='ocr_par' dir='ltr' id='par_1_106' title="bbox 2209 4741 3790 4816">
     <span class='ocr_line' id='line_1_106' title="bbox 2209 4741 3790 4816; baseline -0.011 -6"><span class='ocrx_word' id='word_1_791' title='bbox 2209 4756 2264 4810; x_wconf 88' lang='lat' dir='ltr'><strong>in</strong></span> <span class='ocrx_word' id='word_1_792' title='bbox 2305 4753 2522 4816; x_wconf 73' lang='lat' dir='ltr'><strong>ell‘ectu,</strong></span> <span class='ocrx_word' id='word_1_793' title='bbox 2563 4761 2692 4806; x_wconf 84' lang='lat' dir='ltr'><strong>tunc</strong></span> <span class='ocrx_word' id='word_1_794' title='bbox 2732 4749 3088 4805; x_wconf 85' lang='lat' dir='ltr'><strong>habebantin</strong></span> <span class='ocrx_word' id='word_1_795' title='bbox 3119 4744 3414 4802; x_wconf 87' lang='lat' dir='ltr'><strong>desiderio.</strong></span> <span class='ocrx_word' id='word_1_796' title='bbox 3477 4741 3646 4798; x_wconf 83' lang='lat' dir='ltr'><strong>Nemo</strong></span> <span class='ocrx_word' id='word_1_797' title='bbox 3679 4757 3790 4812; x_wconf 82' lang='lat' dir='ltr'><strong>per-</strong></span> 
     </span>
    </p>
   </div>
   <div class='ocr_carea' id='block_1_107' title="bbox 2209 4834 3788 4916">
    <p class='ocr_par' dir='ltr' id='par_1_107' title="bbox 2209 4834 3788 4916">
     <span class='ocr_line' id='line_1_107' title="bbox 2209 4834 3788 4916; baseline -0.009 -18"><span class='ocrx_word' id='word_1_798' title='bbox 2209 4844 2348 4901; x_wconf 75' lang='lat' dir='ltr'><strong>fecte</strong></span> <span class='ocrx_word' id='word_1_799' title='bbox 2387 4851 2566 4916; x_wconf 87' lang='lat' dir='ltr'><strong>potest</strong></span> <span class='ocrx_word' id='word_1_800' title='bbox 2612 4855 2800 4912; x_wconf 89' lang='lat' dir='ltr'><strong>sapere</strong></span> <span class='ocrx_word' id='word_1_801' title='bbox 2840 4854 2958 4909; x_wconf 73' lang='lat' dir='ltr'><strong>quae</strong></span> <span class='ocrx_word' id='word_1_802' title='bbox 2999 4852 3214 4892; x_wconf 89' lang='lat' dir='ltr'><strong>sursum</strong></span> <span class='ocrx_word' id='word_1_803' title='bbox 3249 4842 3397 4898; x_wconf 88' lang='lat' dir='ltr'><strong>sunt,</strong></span> <span class='ocrx_word' id='word_1_804' title='bbox 3437 4834 3544 4889; x_wconf 88' lang='lat' dir='ltr'><strong>nisi</strong></span> <span class='ocrx_word' id='word_1_805' title='bbox 3583 4834 3788 4888; x_wconf 81' lang='lat' dir='ltr'><strong>interno</strong></span> 
     </span>
    </p>
   </div>
   <div class='ocr_carea' id='block_1_108' title="bbox 2211 4923 3790 5001">
    <p class='ocr_par' dir='ltr' id='par_1_108' title="bbox 2211 4923 3790 5001">
     <span class='ocr_line' id='line_1_108' title="bbox 2211 4923 3790 5001; baseline -0.011 -10"><span class='ocrx_word' id='word_1_806' title='bbox 2211 4937 2410 4991; x_wconf 89' lang='lat' dir='ltr'><strong>mentis</strong></span> <span class='ocrx_word' id='word_1_807' title='bbox 2447 4933 2652 4990; x_wconf 70' lang='lat' dir='ltr'><strong>etulein</strong></span> <span class='ocrx_word' id='word_1_808' title='bbox 2697 4945 2895 5001; x_wconf 89' lang='lat' dir='ltr'><strong>sapore</strong></span> <span class='ocrx_word' id='word_1_809' title='bbox 2937 4929 3090 4999; x_wconf 87' lang='lat' dir='ltr'><strong>prius</strong></span> <span class='ocrx_word' id='word_1_810' title='bbox 3133 4925 3292 4980; x_wconf 77' lang='lat' dir='ltr'><strong>fuerit</strong></span> <span class='ocrx_word' id='word_1_811' title='bbox 3337 4939 3616 4979; x_wconf 87' lang='lat' dir='ltr'><strong>accensus.</strong></span> <span class='ocrx_word' id='word_1_812' title='bbox 3659 4923 3790 4976; x_wconf 83' lang='lat' dir='ltr'><strong>Dicit</strong></span> 
     </span>
    </p>
   </div>
   <div class='ocr_carea' id='block_1_109' title="bbox 2211 5015 3793 5085">
    <p class='ocr_par' dir='ltr' id='par_1_109' title="bbox 2211 5015 3793 5085">
     <span class='ocr_line' id='line_1_109' title="bbox 2211 5015 3793 5085; baseline -0.01 -4"><span class='ocrx_word' id='word_1_813' title='bbox 2211 5025 2278 5080; x_wconf 85' lang='lat' dir='ltr'><strong>ad</strong></span> <span class='ocrx_word' id='word_1_814' title='bbox 2313 5039 2406 5080; x_wconf 86' lang='lat' dir='ltr'><strong>eos</strong></span> <span class='ocrx_word' id='word_1_815' title='bbox 2455 5023 2627 5078; x_wconf 87' lang='lat' dir='ltr'><strong>lector</strong></span> <span class='ocrx_word' id='word_1_816' title='bbox 2659 5041 2686 5085; x_wconf 72' lang='grc' dir='ltr'><strong>ε,</strong></span> <span class='ocrx_word' id='word_1_817' title='bbox 2708 5019 2908 5076; x_wconf 77' lang='lat' dir='ltr'><strong>Hormi</strong></span> <span class='ocrx_word' id='word_1_818' title='bbox 2939 5021 3075 5074; x_wconf 79' lang='lat' dir='ltr'><strong>enim</strong></span> <span class='ocrx_word' id='word_1_819' title='bbox 3116 5018 3240 5072; x_wconf 81' lang='lat' dir='ltr'><strong>estis</strong></span> <span class='ocrx_word' id='word_1_820' title='bbox 3269 5027 3318 5070; x_wconf 83' lang='lat' dir='ltr'><strong>et</strong></span> <span class='ocrx_word' id='word_1_821' title='bbox 3347 5017 3456 5070; x_wconf 76' lang='lat' dir='ltr'><strong>vita</strong></span> <span class='ocrx_word' id='word_1_822' title='bbox 3483 5025 3652 5070; x_wconf 69' lang='lat' dir='ltr'><strong>uestra</strong></span> <span class='ocrx_word' id='word_1_823' title='bbox 3681 5015 3793 5066; x_wconf 61' lang='lat' dir='ltr'><strong>abso</strong></span> 
     </span>
    </p>
   </div>
   <div class='ocr_carea' id='block_1_110' title="bbox 2209 5103 3796 5171">
    <p class='ocr_par' dir='ltr' id='par_1_110' title="bbox 2209 5103 3796 5171">
     <span class='ocr_line' id='line_1_110' title="bbox 2209 5103 3796 5171; baseline -0.011 0"><span class='ocrx_word' id='word_1_824' title='bbox 2209 5115 2422 5171; x_wconf 74' lang='lat' dir='ltr'><strong>condita</strong></span> <span class='ocrx_word' id='word_1_825' title='bbox 2483 5123 2554 5169; x_wconf 87' lang='lat' dir='ltr'><strong>est</strong></span> <span class='ocrx_word' id='word_1_826' title='bbox 2599 5129 2718 5166; x_wconf 86' lang='lat' dir='ltr'><strong>cum</strong></span> <span class='ocrx_word' id='word_1_827' title='bbox 2763 5111 2971 5166; x_wconf 84' lang='lat' dir='ltr'><strong>Christo</strong></span> <span class='ocrx_word' id='word_1_828' title='bbox 3017 5111 3072 5164; x_wconf 85' lang='lat' dir='ltr'><strong>in</strong></span> <span class='ocrx_word' id='word_1_829' title='bbox 3121 5109 3250 5162; x_wconf 83' lang='lat' dir='ltr'><strong>Deo.</strong></span> <span class='ocrx_word' id='word_1_830' title='bbox 3291 5105 3620 5162; x_wconf 87' lang='lat' dir='ltr'><strong>Commortui</strong></span> <span class='ocrx_word' id='word_1_831' title='bbox 3667 5103 3796 5158; x_wconf 81' lang='lat' dir='ltr'><strong>estis</strong></span> 
     </span>
    </p>
   </div>
   <div class='ocr_carea' id='block_1_111' title="bbox 2210 5195 3796 5274">
    <p class='ocr_par' dir='ltr' id='par_1_111' title="bbox 2210 5195 3796 5274">
     <span class='ocr_line' id='line_1_111' title="bbox 2210 5195 3796 5274; baseline -0.01 -14"><span class='ocrx_word' id='word_1_832' title='bbox 2210 5205 2430 5261; x_wconf 87' lang='lat' dir='ltr'><strong>Christo</strong></span> <span class='ocrx_word' id='word_1_833' title='bbox 2459 5219 2558 5274; x_wconf 90' lang='lat' dir='ltr'><strong>per</strong></span> <span class='ocrx_word' id='word_1_834' title='bbox 2587 5203 2937 5272; x_wconf 88' lang='lat' dir='ltr'><strong>baptismum,</strong></span> <span class='ocrx_word' id='word_1_835' title='bbox 2983 5200 3095 5254; x_wconf 83' lang='lat' dir='ltr'><strong>vita</strong></span> <span class='ocrx_word' id='word_1_836' title='bbox 3133 5205 3315 5254; x_wconf 87' lang='lat' dir='ltr'><strong>vestra</strong></span> <span class='ocrx_word' id='word_1_837' title='bbox 3355 5197 3534 5252; x_wconf 82' lang='lat' dir='ltr'><strong>futura</strong></span> <span class='ocrx_word' id='word_1_838' title='bbox 3565 5195 3680 5263; x_wconf 75' lang='lat' dir='ltr'><strong>iam</strong></span> <span class='ocrx_word' id='word_1_839' title='bbox 3713 5203 3796 5248; x_wconf 76' lang='lat' dir='ltr'><strong>est</strong></span> 
     </span>
    </p>
   </div>
   <div class='ocr_carea' id='block_1_112' title="bbox 2211 5285 3794 5364">
    <p class='ocr_par' dir='ltr' id='par_1_112' title="bbox 2211 5285 3794 5364">
     <span class='ocr_line' id='line_1_112' title="bbox 2211 5285 3794 5364; baseline -0.01 -11"><span class='ocrx_word' id='word_1_840' title='bbox 2211 5299 2266 5353; x_wconf 90' lang='lat' dir='ltr'><strong>in</strong></span> <span class='ocrx_word' id='word_1_841' title='bbox 2299 5298 2539 5363; x_wconf 86' lang='lat' dir='ltr'><strong>Christo,</strong></span> <span class='ocrx_word' id='word_1_842' title='bbox 2565 5305 2648 5351; x_wconf 90' lang='lat' dir='ltr'><strong>est</strong></span> <span class='ocrx_word' id='word_1_843' title='bbox 2672 5295 2827 5352; x_wconf 83' lang='lat' dir='ltr'><strong>vobis</strong></span> <span class='ocrx_word' id='word_1_844' title='bbox 2856 5295 2966 5348; x_wconf 82' lang='lat' dir='ltr'><strong>vita</strong></span> <span class='ocrx_word' id='word_1_845' title='bbox 2997 5292 3236 5364; x_wconf 81' lang='lat' dir='ltr'><strong>reposita</strong></span> <span class='ocrx_word' id='word_1_846' title='bbox 3267 5292 3322 5346; x_wconf 88' lang='lat' dir='ltr'><strong>in</strong></span> <span class='ocrx_word' id='word_1_847' title='bbox 3353 5305 3452 5345; x_wconf 86' lang='lat' dir='ltr'><strong>sua</strong></span> <span class='ocrx_word' id='word_1_848' title='bbox 3477 5289 3600 5344; x_wconf 78' lang='lat' dir='ltr'><strong>vita.</strong></span> <span class='ocrx_word' id='word_1_849' title='bbox 3641 5285 3794 5352; x_wconf 80' lang='lat' dir='ltr'><strong>Quod</strong></span> 
     </span>
    </p>
   </div>
   <div class='ocr_carea' id='block_1_113' title="bbox 2208 5375 3796 5444">
    <p class='ocr_par' dir='ltr' id='par_1_113' title="bbox 2208 5375 3796 5444">
     <span class='ocr_line' id='line_1_113' title="bbox 2208 5375 3796 5444; baseline -0.008 -2"><span class='ocrx_word' id='word_1_850' title='bbox 2208 5387 2261 5442; x_wconf 87' lang='lat' dir='ltr'><strong>in</strong></span> <span class='ocrx_word' id='word_1_851' title='bbox 2291 5387 2385 5443; x_wconf 91' lang='lat' dir='ltr'><strong>illo</strong></span> <span class='ocrx_word' id='word_1_852' title='bbox 2409 5387 2562 5442; x_wconf 89' lang='lat' dir='ltr'><strong>scitis</strong></span> <span class='ocrx_word' id='word_1_853' title='bbox 2593 5385 2794 5442; x_wconf 68' lang='lat' dir='ltr'><strong>factum</strong></span> <span class='ocrx_word' id='word_1_854' title='bbox 2836 5399 2902 5439; x_wconf 78' lang='lat' dir='ltr'><strong>ex</strong></span> <span class='ocrx_word' id='word_1_855' title='bbox 2937 5381 3361 5444; x_wconf 89' lang='lat' dir='ltr'><strong>resurrectione,</strong></span> <span class='ocrx_word' id='word_1_856' title='bbox 3408 5379 3464 5434; x_wconf 88' lang='lat' dir='ltr'><strong>in</strong></span> <span class='ocrx_word' id='word_1_857' title='bbox 3499 5375 3644 5432; x_wconf 88' lang='lat' dir='ltr'><strong>vobis</strong></span> <span class='ocrx_word' id='word_1_858' title='bbox 3673 5389 3796 5443; x_wconf 81' lang='lat' dir='ltr'><strong>spe-</strong></span> 
     </span>
    </p>
   </div>
   <div class='ocr_carea' id='block_1_114' title="bbox 2208 5465 3796 5540">
    <p class='ocr_par' dir='ltr' id='par_1_114' title="bbox 2208 5465 3796 5540">
     <span class='ocr_line' id='line_1_114' title="bbox 2208 5465 3796 5540; baseline -0.011 -8"><span class='ocrx_word' id='word_1_859' title='bbox 2208 5485 2326 5532; x_wconf 87' lang='lat' dir='ltr'><strong>rate</strong></span> <span class='ocrx_word' id='word_1_860' title='bbox 2359 5475 2598 5530; x_wconf 89' lang='lat' dir='ltr'><strong>I&#39;uturum</strong></span> <span class='ocrx_word' id='word_1_861' title='bbox 2629 5493 2644 5528; x_wconf 89' lang='lat'><strong>:</strong></span> <span class='ocrx_word' id='word_1_862' title='bbox 2672 5473 2806 5528; x_wconf 84' lang='lat' dir='ltr'><strong>Cum</strong></span> <span class='ocrx_word' id='word_1_863' title='bbox 2835 5475 2972 5528; x_wconf 80' lang='lat' dir='ltr'><strong>enim</strong></span> <span class='ocrx_word' id='word_1_864' title='bbox 2995 5469 3232 5526; x_wconf 81' lang='lat' dir='ltr'><strong>Christus</strong></span> <span class='ocrx_word' id='word_1_865' title='bbox 3259 5469 3564 5540; x_wconf 80' lang='lat' dir='ltr'><strong>apparuerit</strong></span> <span class='ocrx_word' id='word_1_866' title='bbox 3585 5465 3686 5519; x_wconf 76' lang='lat' dir='ltr'><strong>rita</strong></span> <span class='ocrx_word' id='word_1_867' title='bbox 3719 5479 3796 5516; x_wconf 75' lang='lat' dir='ltr'><strong>re-</strong></span> 
     </span>
    </p>
   </div>
   <div class='ocr_carea' id='block_1_115' title="bbox 2206 5551 3790 5629">
    <p class='ocr_par' dir='ltr' id='par_1_115' title="bbox 2206 5551 3790 5629">
     <span class='ocr_line' id='line_1_115' title="bbox 2206 5551 3790 5629; baseline -0.011 -9"><span class='ocrx_word' id='word_1_868' title='bbox 2206 5574 2340 5629; x_wconf 81' lang='lat' dir='ltr'><strong>stra,</strong></span> <span class='ocrx_word' id='word_1_869' title='bbox 2368 5565 2422 5620; x_wconf 89' lang='lat' dir='ltr'><strong>id</strong></span> <span class='ocrx_word' id='word_1_870' title='bbox 2450 5573 2537 5620; x_wconf 88' lang='lat' dir='ltr'><strong>est</strong></span> <span class='ocrx_word' id='word_1_871' title='bbox 2573 5577 2694 5618; x_wconf 88' lang='lat' dir='ltr'><strong>cum</strong></span> <span class='ocrx_word' id='word_1_872' title='bbox 2729 5577 2788 5618; x_wconf 92' lang='lat' dir='ltr'><strong>se</strong></span> <span class='ocrx_word' id='word_1_873' title='bbox 2821 5557 3406 5618; x_wconf 79' lang='lat' dir='ltr'><strong>demonstraverit-ille</strong></span> <span class='ocrx_word' id='word_1_874' title='bbox 3431 5557 3524 5626; x_wconf 86' lang='lat' dir='ltr'><strong>qui</strong></span> <span class='ocrx_word' id='word_1_875' title='bbox 3553 5551 3714 5610; x_wconf 80' lang='lat' dir='ltr'><strong>modo</strong></span> <span class='ocrx_word' id='word_1_876' title='bbox 3737 5551 3790 5604; x_wconf 85' lang='lat' dir='ltr'><strong>in</strong></span> 
     </span>
    </p>
   </div>
   <div class='ocr_carea' id='block_1_116' title="bbox 2209 5647 3788 5728">
    <p class='ocr_par' dir='ltr' id='par_1_116' title="bbox 2209 5647 3788 5728">
     <span class='ocr_line' id='line_1_116' title="bbox 2209 5647 3788 5728; baseline -0.012 -12"><span class='ocrx_word' id='word_1_877' title='bbox 2209 5675 2266 5716; x_wconf 89' lang='lat' dir='ltr'><strong>se</strong></span> <span class='ocrx_word' id='word_1_878' title='bbox 2309 5665 2494 5728; x_wconf 72' lang='lat' dir='ltr'><strong>servat</strong></span> <span class='ocrx_word' id='word_1_879' title='bbox 2531 5657 2698 5714; x_wconf 88' lang='lat' dir='ltr'><strong>vitam</strong></span> <span class='ocrx_word' id='word_1_880' title='bbox 2739 5667 2997 5720; x_wconf 85' lang='lat' dir='ltr'><strong>vestram,</strong></span> <span class='ocrx_word' id='word_1_881' title='bbox 3035 5661 3091 5709; x_wconf 87' lang='lat' dir='ltr'><strong>et</strong></span> <span class='ocrx_word' id='word_1_882' title='bbox 3123 5653 3316 5709; x_wconf 77' lang='lat' dir='ltr'><strong>fecerit</strong></span> <span class='ocrx_word' id='word_1_883' title='bbox 3357 5667 3458 5708; x_wconf 85' lang='lat' dir='ltr'><strong>vos</strong></span> <span class='ocrx_word' id='word_1_884' title='bbox 3483 5663 3618 5714; x_wconf 79' lang='lat' dir='ltr'><strong>esse,</strong></span> <span class='ocrx_word' id='word_1_885' title='bbox 3645 5647 3788 5716; x_wconf 80' lang='lat' dir='ltr'><strong>quoi</strong></span> 
     </span>
    </p>
   </div>
   <div class='ocr_carea' id='block_1_117' title="bbox 2207 5745 3786 5820">
    <p class='ocr_par' dir='ltr' id='par_1_117' title="bbox 2207 5745 3786 5820">
     <span class='ocr_line' id='line_1_117' title="bbox 2207 5745 3786 5820; baseline -0.008 -18"><span class='ocrx_word' id='word_1_886' title='bbox 2207 5748 2322 5820; x_wconf 83' lang='lat' dir='ltr'><strong>ipse</strong></span> <span class='ocrx_word' id='word_1_887' title='bbox 2350 5747 2462 5818; x_wconf 77' lang='lat' dir='ltr'><strong>iam</strong></span> <span class='ocrx_word' id='word_1_888' title='bbox 2507 5757 2588 5803; x_wconf 82' lang='lat' dir='ltr'><strong>est</strong></span> <span class='ocrx_word' id='word_1_889' title='bbox 2625 5763 2724 5819; x_wconf 81' lang='lat' dir='ltr'><strong>per</strong></span> <span class='ocrx_word' id='word_1_890' title='bbox 2753 5745 3238 5810; x_wconf 80' lang='lat' dir='ltr'><strong>immortaiitatem,</strong></span> <span class='ocrx_word' id='word_1_891' title='bbox 3275 5751 3406 5798; x_wconf 86' lang='lat' dir='ltr'><strong>tunc</strong></span> <span class='ocrx_word' id='word_1_892' title='bbox 3433 5747 3488 5796; x_wconf 88' lang='lat' dir='ltr'><strong>et</strong></span> <span class='ocrx_word' id='word_1_893' title='bbox 3511 5753 3604 5796; x_wconf 82' lang='lat' dir='ltr'><strong>vos</strong></span> <span class='ocrx_word' id='word_1_894' title='bbox 3627 5749 3786 5806; x_wconf 71' lang='lat' dir='ltr'><strong>appa-</strong></span> 
     </span>
    </p>
   </div>
  </div>
