3890 6180
122 281 144 333 i
157 279 261 334 057

905 245 1018 334 ὐε
1058 279 1610 336 ECCLESIASTICIS
1648 281 1936 338 amens
1975 283 2154 340 unm
2189 285 2278 341 tv.
2316 318 2385 328 η.
2424 288 2551 343 Lm.
2591 289 2630 343 ι.

3262 300 3396 358 1058

121 390 309 444 rebitis
341 405 466 444 cum
495 389 613 459 ipso
635 390 686 442 in
717 389 1043 460 gloria,qu;e
1072 391 1232 446 modo
1264 391 1700 460 vobisptomitti-
1738 397 1783 454 Α
1813 393 1944 449 feris
1960 396 2238 464 Dominus,
2264 400 2366 456 hoc
2386 405 2760 460 tantummodo
2781 407 3094 463 obtulerunt
3123 409 3398 466 mulieres.

126 489 228 534 tur.
298 480 645 552 Quapropter
685 482 819 536 dicit
858 481 1105 538 ollicialis
1134 502 1146 538 :
1175 483 1356 538 Nolite
1391 502 1503 539 esse
1536 486 1710 548 otiosi.

122 573 303 642 operte
330 571 441 626 Deo
465 572 802 642 sacriﬁcium.
842 575 1176 644 Augustinus
1202 575 1358 630 nobis
1378 576 1716 631 demonstrat

125 664 177 718 in
221 664 434 734 psalmo
479 666 776 729 centesimo
825 676 980 722 sexto
1023 668 1256 733 decimo,
1305 667 1462 736 quale
1508 669 1715 724 sacriﬁ-

122 755 264 809 cium
314 755 550 810 debeant
589 755 806 811 olferre.
855 757 1204 822 Audivimus,
1250 757 1480 823 fratres,
1529 759 1716 814 admo-

125 857 342 902 nentem
381 863 482 903 nos
506 856 669 917 atque
703 851 1016 904 hortantem
1057 849 1320 919 Spiritum
1357 858 1624 914 sanctum,
1657 859 1719 905 ut

126 937 452 993 sacriﬁcium
501 936 860 994 confessionis
917 938 1214 994 oll'eramus
1262 939 1395 994 Deo.
1447 940 1515 992 Et
1559 940 1718 1009 paulo

125 1036 289 1096 post:
324 1026 428 1083 Per
465 1029 712 1099 vosipsos
754 1029 984 1098 potestis
1018 1031 1326 1094 advertere,
1362 1047 1472 1085 non
1507 1040 1715 1084 tantum

127 1119 180 1172 in
222 1119 487 1188 peccatis,
515 1121 611 1174 sed
639 1129 694 1174 et
728 1121 782 1174 in
819 1121 1068 1176 laudibus
1096 1122 1188 1176 Dei
1219 1121 1614 1178 confessionem
1644 1124 1721 1176 di-

125 1207 263 1262 vinis
295 1207 492 1263 litteris
520 1209 696 1264 solere
724 1199 1014 1266 nominari.
1070 1211 1209 1278 Quid
1244 1214 1628 1283 congruentius
1663 1215 1717 1268 in

127 1298 232 1352 hoc
274 1297 486 1367 psalmo
530 1300 748 1368 quando
793 1300 1022 1355 Alleluia
1071 1311 1380 1368 cantamus,
1425 1303 1568 1374 quod
1613 1315 1716 1370 est,

125 1390 345 1447 laudate
382 1392 688 1454 Dominum,
731 1408 830 1450 nos
868 1395 1148 1450 admoneri
1185 1394 1554 1466 intelligimus,
1595 1411 1720 1451 cum

127 1482 381 1536 audimus
403 1481 773 1552 .“Conﬁtemini
814 1484 1040 1539 Domino
1067 1527 1081 1550 ,
1115 1502 1278 1555 quam
1311 1487 1540 1556 idipsum
1574 1489 1722 1543 scili-

130 1581 240 1639 cet,
267 1583 324 1627 ut
345 1573 624 1629 laudemus
644 1575 966 1630 Dominum?
994 1576 1113 1632 Non
1147 1577 1325 1648 potuit
1345 1578 1462 1634 laus
1485 1579 1579 1633 Dei
1597 1580 1722 1634 bre-

131 1667 254 1720 vius
280 1666 562 1734 explicari,
578 1682 741 1736 quam
762 1676 822 1722 ut
843 1668 1134 1735 diceretur,
1161 1670 1410 1740 quoniam
1439 1669 1602 1724 bonus
1619 1680 1715 1723 est.

134 1753 274 1822 Quid
299 1755 371 1810 sit
396 1756 660 1827 grandius
679 1756 782 1811 ista
805 1757 1088 1824 brevitate,
1115 1774 1221 1814 non
1243 1759 1418 1814 video.
1466 1759 1533 1813 Et
1558 1759 1718 1828 paulo
1749 1745 1793 1802 Β

133 1857 286 1918 post:
313 1847 422 1902 Sed
441 1850 697 1918 quoniam
723 1849 918 1920 populo
948 1851 1148 1905 dicitur
1181 1852 1235 1906 in
1263 1853 1720 1921 praenuntiatione

131 1939 438 1995 futurorum
469 1941 698 1996 liberato
727 1942 793 1996 ab
818 1943 964 1997 omni
991 1942 1176 1998 labore
1207 1951 1262 1997 et
1287 1944 1602 2013 captivitate
1633 1960 1724 2014 pe-

130 2032 517 2101 regrinationis
543 2073 559 2098 ,
601 2041 656 2087 et
692 2033 759 2087 ab
791 2034 939 2088 omni
986 2035 1346 2104 permixtione
1394 2037 1722 2106 iniquorum,

124 2124 273 2198 quod
308 2123 360 2176 ei
401 2137 502 2191 per
537 2124 766 2194 gratiam
799 2125 892 2179 Dei
922 2127 1224 2195 priestitum
1272 2135 1375 2192 est,
1415 2142 1522 2182 non
1549 2127 1722 2183 solum

133 2230 238 2270 non
278 2214 636 2269 retribuentis
683 2214 825 2268 mala
869 2230 968 2284 pro
1016 2214 1192 2279 malis,
1237 2216 1333 2270 sed
1371 2218 1536 2271 etiam
1565 2219 1726 2272 retri-

132 2307 347 2360 buentis
376 2306 517 2360 bona
546 2321 644 2376 pro
670 2305 845 2371 malis,
874 2306 1385 2363 convenientissime
1410 2309 1726 2378 adiunctum

132 2407 234 2462 est,
272 2398 527 2468 quoniam
564 2397 620 2450 in
649 2396 898 2451 strculum
927 2399 1288 2452 misericordia
1326 2399 1460 2469 ejus.
1509 2399 1590 2454 Ex
1618 2415 1726 2456 uno

131 2497 405 2558 precepto
432 2488 628 2558 pendet
670 2487 921 2553 Alleluia,
973 2498 1029 2543 et
1070 2497 1276 2545 tractus
1316 2491 1409 2559 qui
1455 2491 1724 2565 sequitur,

131 2579 231 2633 hoc
255 2587 365 2643 est,
405 2586 467 2632 ut
489 2579 743 2649 neophyti
773 2577 1002 2634 offerant
1027 2579 1140 2635 Deo
1169 2579 1495 2635 sacriﬁcium
1527 2581 1722 2636 laudis.

132 2669 368 2724 Tractus
400 2669 552 2734 dicit,
598 2669 649 2722 in
687 2685 851 2724 causa
887 2671 1278 2741 neophytorum
1305 2689 1317 2724 :
1349 2671 1584 2726 Laudato
1611 2672 1725 2726 Do-

131 2762 360 2826 minum,
378 2777 554 2814 omnes
575 2772 769 2830 gentes,
787 2761 1001 2814 laudate
1023 2779 1162 2826 eum,
1189 2779 1364 2816 omnes
1383 2761 1583 2832 pepuli;
1598 2779 1728 2833 quo-

131 2851 273 2903 niam
311 2850 628 2918 conﬁrmata
667 2860 740 2904 est
785 2867 942 2920 super
985 2868 1078 2906 nos
1122 2853 1483 2907 misericordia
1509 2855 1650 2924 ejus,
1679 2864 1728 2908 et

127 2941 322 2994 reritas
353 2939 565 2993 Domini
587 2951 761 2994 manet
794 2942 848 2994 in
880 2951 1152 2997 tctemum.
1197 2943 1270 2997 De
1299 2945 1496 3012 quibus
1517 2945 1729 3000 duabus

129 3029 433 3083 virtutibus
462 3028 602 3083 idem
635 3030 726 3098 qui
761 3046 924 3101 supra
957 3033 1088 3087 dicit
1113 3033 1166 3087 in
1194 3033 1401 3103 psalmo
1426 3050 1557 3089 exn.
1601 3035 1727 3090 Hrec

1814 485 1921 539 illis
1951 486 2164 543 locutus
2187 501 2271 544 est
2292 493 2532 563 angelus,
2563 495 2750 552 dicens
2781 517 2792 550 :
2827 498 3001 552 Nolite
3028 517 3402 571 expavescere;

1814 575 1993 630 Iesum
2015 581 2249 650 qua'ritis
2275 582 2616 638 Nazarenam
2639 589 2950 655 cruciﬁxum
2978 604 2996 642 .'
3021 594 3272 659 surrerit,
3299 609 3404 648 non

1816 677 1890 720 est
1915 669 2020 722 hic.
2059 669 2114 724 ln
2155 674 2507 740 sequentibus
2543 675 2924 732 manifestatur
2961 679 3185 736 allectus
3216 681 3407 736 mulie-

1818 774 1938 812 rum
1962 777 1973 811 :
1999 759 2064 812 At
2093 760 2200 814 illa?
2221 775 2483 827 exeuntes,
2509 765 2752 836 fugerunt
2781 769 2845 822 de
2869 780 3222 825 monumento.
3251 771 3407 827 Inva-

1816 857 1955 901 serat
1979 849 2115 902 enim
2135 867 2222 904 eas
2254 852 2411 906 timor
2432 863 2478 906 et
2500 871 2684 923 pavor,
2722 857 2995 920 ct,nemini
3014 859 3296 928 quidquam
3325 860 3406 912 di-

1817 949 2027 1003 xerunt,
2072 940 2321 994 timebant
2364 944 2520 997 enim.
2572 945 2724 1012 Quod
2766 947 2838 1000 ita
2879 947 3024 1004 Beda
3063 964 3224 1017 super
3267 948 3406 1002 Mar-

1819 1047 1942 1086 cum
1976 1051 1989 1085 :
2023 1033 2419 1089 Meritomovet
2454 1039 2720 1105 quomodo
2753 1023 2967 1095 Marcus
2993 1041 3212 1105 scribat,
3246 1049 3293 1093 et
3324 1056 3409 1093 ne-

1821 1125 1950 1178 mini
1973 1125 2255 1196 quidquam
2284 1127 2550 1193 dixerunt,
2574 1144 2696 1183 cum
2718 1129 3068 1196 dicatLucas,
3087 1142 3133 1186 et
3161 1146 3407 1200 regressa:

1820 1232 1853 1268 a
1883 1228 2240 1282 monumento,
2282 1221 2652 1275 nuntiaverunt
2680 1222 2790 1275 Ita'c
2828 1226 3004 1278 omnia
3032 1225 3138 1280 illis
3165 1229 3404 1286 undecim

1822 1318 1868 1362 et
1900 1312 2102 1364 ueteris
2133 1311 2390 1366 omnibus.
2444 1312 2708 1368 Similiter
2743 1315 3040 1380 Mattheus,
3083 1329 3131 1372 et
3174 1322 3412 1377 exierunt

1821 1401 1886 1454 de
1907 1412 2240 1456 monumento
2271 1420 2389 1456 cum
2427 1405 2612 1458 timore
2637 1417 2685 1460 ct
2709 1409 2904 1476 gaudio
2935 1426 3123 1480 magno
3143 1451 3159 1477 ,
3197 1429 3414 1468 curren-

1821 1502 1900 1544 tes
1947 1492 2190 1545 nuntiare
2237 1492 2510 1562 discipulis
2551 1495 2699 1562 ejus;
2732 1497 2831 1550 nisi
2870 1499 3232 1569 intelligamus
3271 1503 3416 1572 ipso-

1825 1595 1943 1634 rum
1975 1579 2286 1650 angelorum
2330 1581 2533 1636 nemini
2573 1598 2734 1636 ausas
2776 1583 2943 1639 fuisse
2979 1589 3184 1657 aliquid
3211 1591 3414 1657 dicere,

1824 1673 1877 1730 id
1915 1682 2000 1728 est
2037 1674 2366 1742 respondere
2391 1675 2458 1728 ad
2487 1690 2550 1729 ea
2578 1689 2700 1744 qua:
2736 1675 2806 1730 ab
2845 1677 2949 1732 illis
2985 1681 3287 1749 audierant,
3324 1696 3420 1740 aut

1821 1775 1970 1820 certe
1983 1766 2302 1822 custodibus
2321 1782 2456 1836 quos
2470 1768 2718 1837 jacentes
2735 1767 2986 1822 viderunt
3007 1771 3055 1823 ⁸⁸.
3087 1771 3416 1828 lleducendn

1823 1854 1892 1908 ad
1927 1857 2249 1910 memoriam
2269 1856 2538 1911 silentium
2565 1865 2621 1911 et
2645 1857 2969 1913 sacriﬁcium
3005 1861 3289 1918 mulierum
3317 1905 3332 1928 ,
3361 1866 3414 1920 in

1823 1951 2068 2017 tempore
2082 1947 2334 2001 sacriﬁcii
2349 1947 2510 2002 silent
2523 1958 2791 2003 cantores.
2809 1948 2878 2004 Et
2889 1965 3076 2006 earum
3089 1953 3414 2010 sacriﬁcium

1825 2044 2084 2092 erattunc
2099 2039 2242 2107 quod
2269 2037 2516 2093 ferebant
2533 2048 2863 2110 unguentum
2886 2043 2952 2096 ad
2970 2045 3276 2115 ungendum
3296 2063 3418 2103 cor-

1824 2141 1926 2195 pus
1948 2125 2179 2181 Domini.
2221 2125 2469 2194 Sanctus,
2499 2138 2735 2195 sanctus,
2757 2141 2970 2187 sanctus
2996 2142 3249 2202 cantant,
3273 2139 3420 2207 quod

1824 2228 1907 2274 est
1936 2219 2251 2289 angelorum
2277 2230 2470 2275 cantus
2491 2262 2506 2284 ,
2533 2222 2658 2290 quia
2688 2225 2864 2294 angeli
2895 2241 3000 2279 non
3045 2235 3328 2284 tacuerunt
3351 2231 3418 2286 de

1827 2308 1945 2377 ejus
1976 2313 2377 2367 resurrectione
2394 2353 2408 2377 ,
2433 2314 2546 2368 sive
2570 2314 2669 2368 iste
2695 2355 2709 2377 ,
2735 2316 2827 2383 qui
2851 2319 3010 2372 modo
3030 2318 3242 2376 locutus
3261 2329 3344 2375 est
3364 2323 3420 2376 in

1829 2397 2041 2464 Marco;
2071 2400 2186 2454 sive
2210 2401 2285 2454 illi
2308 2416 2445 2469 quos
2472 2400 2706 2458 Joannes
2731 2414 2918 2459 narrat
2945 2406 3219 2473 sedentes,
3249 2425 3415 2466 unum

1829 2489 1898 2544 ad
1931 2499 2093 2559 caput
2126 2498 2182 2544 et
2221 2507 2386 2544 unum
2413 2492 2480 2547 ad
2505 2493 2689 2561 pedes.
2743 2495 2872 2550 Vice
2903 2495 3188 2552 mulierum
3221 2499 3418 2554 iterum

1827 2577 2015 2649 Agnus
2056 2580 2150 2634 Dei
2191 2581 2422 2635 reticent
2459 2591 2730 2649 cantores,
2769 2586 2947 2654 Agnus
2985 2585 3104 2652 Dei,
3145 2587 3288 2653 dico,
3329 2592 3420 2659 qui

1830 2667 1970 2722 tollis
2011 2679 2224 2738 peccata
2263 2671 2467 2734 mundi,
2513 2672 2757 2727 miserere
2798 2674 2965 2728 nobis.
3003 2676 3170 2731 Maria
3202 2679 3422 2734 dicebat

1830 2755 2117 2811 hortulano
2149 2776 2160 2810 :
2195 2757 2451 2824 Domine,
2482 2759 2529 2813 si
2555 2769 2612 2813 tu
2639 2762 2900 2817 sustulisti
2930 2781 3070 2831 eum,
3101 2767 3262 2821 dicito
3295 2770 3422 2823 mihi

1831 2847 1921 2900 ubi
1964 2848 2183 2917 posuisti
2221 2849 2380 2903 eum?
2406 2865 2557 2919 quem
2583 2851 2863 2917 credebat,
2903 2851 3088 2907 furtim
3127 2856 3420 2920 sublatum,

1832 2953 1940 2994 non
1970 2939 2228 2993 credebat
2256 2939 2443 2993 tollere
2471 2950 2693 3010 peccata
2715 2942 2919 3009 mundi,
2941 2957 3005 2995 ac
3022 2953 3304 3013 prepterea
3335 2960 3428 2999 au.

1835 3031 1967 3086 divit
1987 3032 2201 3102 quando
2228 3032 2396 3086 voluit
2421 3030 2706 3087 Dominum
2733 3041 2989 3104 tangere:
3028 3032 3155 3087 Noli
3190 3051 3269 3089 me
3306 3045 3426 3090 tan-

125 3119 262 3184 duo,
297 3119 729 3176 misericordiam
767 3131 824 3176 et
849 3123 1152 3186 veritatem,
1187 3125 1474 3189 advertite,
1507 3127 1562 3180 in
1602 3142 1727 3181 san-

1834 3138 1974 3192 gere,
2006 3123 2238 3176 nondum
2259 3124 2396 3177 enim
2423 3122 2632 3176 asceudi
2659 3123 2727 3176 ad
2754 3120 2966 3177 Patrem
2990 3141 3180 3178 meum.
3229 3124 3416 3180 Sacer.

124 3212 234 3266 etis
274 3210 597 3280 Scripturis,
643 3228 808 3281 quam
845 3229 986 3283 smpe
1012 3215 1133 3272 sibi
1165 3215 1487 3284 junguntur.
1535 3217 1595 3272 ln
1633 3234 1734 3273 sua

123 3305 337 3374 quippe
377 3304 748 3359 misericordia
793 3305 1010 3360 vocavit
1050 3305 1268 3375 impios,
1313 3316 1370 3363 et
1407 3308 1461 3362 in
1505 3309 1734 3364 veritate

115 3397 342 3466 iudicat
375 3412 502 3462 eos,
529 3397 622 3466 qui
655 3398 829 3452 vocati
861 3398 1049 3453 venire
1077 3399 1386 3454 noluerunt.
1429 3399 1736 3456 Praesentes

121 3489 396 3560 neopbyti
424 3490 528 3544 iter
556 3497 802 3558 paratum
831 3489 1034 3546 habent
1063 3490 1298 3546 intrandi
1326 3491 1392 3546 ad
1424 3506 1592 3562 regna
1623 3505 1734 3546 cte-

120 3592 313 3644 |orum
351 3594 364 3629 :
395 3585 549 3646 porta
580 3585 767 3648 aperta
800 3585 884 3634 est
927 3578 1030 3643 eis,
1077 3593 1242 3648 quam
1277 3595 1396 3646 nos,
1429 3580 1522 3649 qui
1557 3580 1736 3650 inqui-

121 3668 252 3724 nati
281 3683 474 3722 sumus
491 3682 589 3737 per
604 3668 936 3723 mundanum
957 3667 1214 3725 allectum
1235 3679 1358 3739 post
1379 3670 1731 3740 baptismum,

123 3760 362 3830 pulsare
389 3757 646 3812 debemus
675 3758 834 3813 bonis
873 3759 1148 3828 operibus.
1185 3759 1392 3815 Idcirco
1428 3769 1640 3816 tantum
1676 3760 1735 3816 in

125 3866 311 3908 causa
343 3857 430 3903 est
458 3865 586 3920 erga
613 3864 707 3905 eos
726 3890 740 3914 ,
766 3858 826 3904 ut
846 3849 1081 3906 oﬁ‘erant
1113 3851 1226 3906 Deo
1263 3851 1588 3908 sacriﬁcium
1619 3851 1736 3906 lau-

122 3941 244 3996 dis.
298 3939 566 3996 Cantator
613 3941 764 4010 prius
811 3939 1063 4007 Alleluia,
1109 3941 1255 4011 quod
1299 3949 1384 3996 est
1427 3942 1734 3996 llebrteum.

127 4031 377 4086 Hebraea
413 4030 559 4085 enim
604 4037 779 4086 mater
823 4038 909 4086 est
948 4043 1269 4086 caeterarum
1311 4031 1635 4103 linguarum,
1677 4043 1738 4086 ut

128 4121 446 4188 credimus,
484 4130 539 4176 et
573 4121 905 4177 nobilissima
945 4132 1156 4178 constat
1194 4131 1415 4193 propter
1445 4124 1738 4179 auctorita-

133 4226 259 4272 tem
275 4213 475 4269 divina:
488 4213 810 4284 Scriptum;
838 4215 1032 4270 Latina
1055 4216 1278 4272 inferior
1297 4216 1451 4286 quasi
1471 4217 1603 4281 ﬁlia,
1622 4217 1740 4272 sive

133 4321 344 4370 nurus,
392 4320 554 4374 quam
595 4307 750 4362 duxit
782 4307 839 4364 in
877 4323 1104 4362 uxorein
1148 4308 1290 4364 ﬁlius
1317 4307 1634 4379 Synagogar,
1672 4323 1738 4362 ac

127 4414 242 4471 per
279 4397 386 4452 hoc
409 4397 637 4452 Alleluia
669 4399 1001 4469 praeponitur
1029 4399 1136 4464 hic,
1168 4400 1312 4469 quod
1336 4414 1441 4454 non
1468 4399 1527 4454 ﬁt
1553 4399 1607 4452 in
1633 4413 1740 4454 ca:—

1837 3214 1934 3267 dos
1963 3211 2201 3266 vicarius
2232 3212 2432 3265 Christi
2464 3212 2647 3282 implet
2675 3213 2907 3267 ollicium
2938 3229 3118 3267 suum.
3166 3215 3426 3274 Dubitan-

1837 3304 1978 3358 tibus
2005 3302 2263 3371 apostolis
2292 3304 2357 3358 de
2385 3318 2481 3357 sua
2507 3304 2928 3368 resurrectione,
2961 3305 3275 3361 timentibus
3299 3322 3422 3361 mu-

1834 3393 2059 3450 lieribus
2085 3400 2140 3448 et
2167 3392 2304 3446 nihil
2324 3393 2630 3448 dicentibus
2651 3393 2964 3462 angelorum
2993 3402 3288 3451 concentus
3313 3396 3426 3450 cla-

1837 3494 1949 3541 mat
1970 3484 2247 3540 Christum
2272 3483 2697 3540 resurrexisse-a
2725 3484 2974 3540 mortuis.
3028 3483 3277 3540 Christus
3313 3486 3428 3554 ipse
3518 3470 3522 3474 ’

1835 3592 1933 3648 per
1955 3591 2108 3633 suam
2138 3576 2430 3648 gloriosam
2460 3575 2853 3645 apparitionem
2885 3575 3230 3632 manifestum
3259 3593 3316 3632 se
3344 3575 3427 3632 fa-

1837 3669 1913 3725 cit
1935 3668 2348 3740 quibuscunque
2371 3666 2504 3721 vult.

2375 3777 2607 3835 CAPUT
2654 3777 2871 3849 χχχιι.

2205 3850 2284 3905 De
2312 3860 2426 3905 octo
2457 3850 2636 3904 diebus
2669 3851 3065 3920 ucophytorum.

1911 3943 2052 3997 Dicit
2082 3942 2412 4013 Augustinus
2453 3940 2524 3995 ad
2548 3938 2867 3996 Ianuarium
2894 3958 2907 3994 :
2935 3939 3063 3996 Hazc
3089 3940 3156 3994 de
3187 3939 3431 4011 Scriptu-

1844 4033 1919 4088 ris
1947 4032 2258 4097 ﬁrmissime
2284 4041 2552 4098 tenentur,
2585 4031 2641 4087 id
2669 4040 2755 4087 est
2777 4030 2987 4094 Pascha
3015 4037 3070 4085 et
3091 4029 3429 4093 Pentecoste,

1844 4132 1900 4178 ut
1953 4119 2310 4196 quadraginta
2348 4124 2462 4179 dies
2508 4123 2586 4176 illi
2633 4132 2759 4178 ante
2797 4121 3006 4176 Pascha
3041 4121 3429 4182 observentur,

1843 4216 2101 4271 Ecclesia:
2143 4215 2428 4269 consensio
2479 4212 2752 4267 roboravit
2780 4225 2796 4264 :
2829 4211 2910 4265 sic
2959 4209 3159 4274 etiam,
3205 4217 3264 4262 ut
3308 4220 3433 4264 octo

1844 4305 1960 4360 dies
1988 4305 2380 4373 necphytorum
2409 4301 2810 4370 distinguantur
2837 4314 2869 4353 a
2897 4298 3132 4363 caeteris,
3157 4299 3213 4353 id
3237 4306 3344 4364 est,
3373 4310 3436 4354 ut

1842 4401 2067 4447 octavus
2090 4390 2264 4458 primo
2291 4387 2580 4441 conveniat
2606 4388 2644 4440 ‘.
2695 4385 2830 4441 Octo
2862 4383 3036 4440 ofﬁcia
3067 4399 3188 4454 qua:
3217 4384 3352 4438 ﬁunt
3375 4385 3431 4439 in

131 4461 284 4546 ieris
327 4485 518 4544 ciliciis
545 4506 559 4542 ;
584 4461 927 4545 tamen-cum
972 4461 1204 4544 venui";
1231 4489 1396 4544 fuerit
1433 4491 1502 4545 ad
1553 4491 1738 4546 dicen.
1763 4461 1818 4520 D
1841 4477 2355 4538 commemoratione
2387 4478 2814 4549 neopbytorum,
2851 4476 3303 4546 distinguuntura
3329 4489 3433 4529 ca:-

130 4584 280 4637 dum
314 4578 385 4634 de
418 4579 598 4648 prima
635 4587 690 4633 et
719 4588 908 4635 octava
949 4580 1038 4634 die
1074 4581 1488 4650 ueophytorum,
1526 4589 1742 4650 oportet

131 4670 415 4742 repedare
441 4669 687 4725 eamdem
715 4678 949 4740 portam,
994 4671 1110 4726 sive
1145 4670 1242 4732 sic,
1285 4684 1382 4724 seu
1413 4669 1519 4724 alio
1555 4671 1738 4726 modo.

131 4763 296 4820 Ecce
333 4758 549 4814 ﬁnitum
589 4769 673 4814 est
713 4759 1041 4816 sacriﬁcium
1071 4760 1486 4830 neopbytorum.
1537 4758 1742 4816 Deinde

132 4848 488 4907 resurrectio
517 4847 732 4904 Domini
759 4850 828 4904 ad
855 4850 1176 4906 memoriam
1218 4849 1523 4914 reducitur,
1553 4855 1611 4904 et
1639 4864 1741 4903 an-

131 4941 400 5013 gelorum
419 4938 673 4994 allocutio
696 4939 764 4995 ad
813 4940 1041 4998 feminas
1068 4951 1124 4998 et
1151 4942 1476 4998 feminarum
1504 4938 1752 4998 allectus.

131 5024 512 5100 Evangelium
543 5039 732 5087 narrat
767 5022 1064 5096 secundum
1099 5032 1338 5089 Marcum
1365 5032 1584 5088 modum
1610 5048 1746 5088 con-

133 5129 352 5178 ventus
394 5119 751 5186 feminarum,
790 5130 846 5176 et
881 5122 1014 5176 dixit
1039 5140 1054 5175 ε
1083 5121 1225 5177 Dum
1261 5125 1534 5178 transisset
1568 5123 1751 5178 sabba-

135 5226 303 5278 tum,
348 5209 526 5266 Maria
566 5211 879 5282 Magdalene
917 5221 966 5267 et
1005 5211 1185 5267 Maria
1222 5211 1408 5267 Jacobi
1446 5222 1495 5266 et
1539 5211 1750 5266 Salome

131 5311 396 5362 emerunt
427 5314 692 5369 aromata,
737 5313 794 5358 ut
844 5303 1100 5359 venientes
1147 5314 1395 5373 ungerent
1433 5303 1637 5357 Iesum.
1682 5303 1750 5358 Ut

133 5399 372 5469 opinor,
411 5406 635 5465 propter
665 5393 952 5450 mulierum
987 5394 1349 5449 imitationem
1383 5393 1512 5449 dicit
1549 5391 1750 5447 Roma-

136 5504 256 5544 nus
289 5484 504 5541 libellus
528 5501 634 5541 non
668 5487 876 5557 portari
914 5487 1016 5544 hac
1054 5494 1213 5544 nocte
1242 5497 1370 5542 ante
1397 5486 1748 5557 Evangelium

139 5579 303 5636 aliud
339 5578 446 5634 nisi
480 5579 802 5649 thymiama,
843 5580 958 5635 sive
997 5578 1125 5650 quia
1161 5578 1373 5633 dubitat
1415 5585 1597 5633 utrum
1633 5575 1747 5646 jam

149 5686 384 5728 tamen)
411 5683 564 5726 suam
587 5671 806 5741 plenam
833 5686 1054 5727 munere
1085 5669 1218 5724 lucis
1244 5670 1539 5725 revexisset
1569 5667 1636 5724 ab
1667 5667 1748 5724 in-

1841 4574 1974 4630 teris
1991 4569 2347 4642 sequentibus
2375 4583 2546 4638 usque
2565 4572 2635 4626 ad
2659 4568 3036 4626 Pentecosten.
3077 4566 3314 4622 Primum
3342 4566 3434 4620 ha-

1841 4665 1932 4721 bet
1979 4667 2114 4720 duas
2151 4661 2362 4727 laudes,
2408 4661 2462 4717 id
2507 4669 2612 4727 est,
2658 4660 2904 4724 Alleluia,
2949 4657 3280 4729 Conﬁtemini
3329 4659 3428 4712 Do-

1845 4759 2008 4821 mino,
2033 4765 2088 4811 et
2113 4763 2364 4818 tractum,
2399 4752 2637 4808 Laudate
2675 4752 2984 4817 Dominum,
3022 4767 3200 4805 omnes
3234 4760 3429 4821 gentes.

1846 4846 2105 4905 Octavum
2134 4848 2294 4903 habet
2320 4848 2476 4913 duas,
2510 4847 2563 4902 id
2591 4855 2695 4911 est,
2731 4846 2838 4900 duo
2863 4844 3117 4910 Alleluia,
3140 4842 3271 4899 Hac
3297 4844 3431 4907 dies,

1849 4950 1904 4997 et
1945 4940 2202 5006 Laudate,
2237 4941 2408 5012 pueri,
2447 4939 2730 4994 Dominum
2751 4953 2770 4991 :
2800 4938 2946 5009 quod
2973 4955 3080 4996 non
3109 4937 3172 4993 ﬁt
3199 4939 3254 4994 in
3288 4939 3438 4994 nullo

1850 5029 2073 5086 sabbato
2111 5029 2217 5084 alio
2255 5043 2432 5099 usque
2471 5029 2526 5084 in
2567 5028 2946 5085 Pentecosten.
2986 5028 3092 5084 Sex
3135 5029 3300 5086 medii
3337 5029 3436 5085 ba-

1849 5121 1982 5177 bent
2016 5120 2419 5190 responsorium
2443 5128 2500 5175 et
2520 5119 2768 5174 Alleluia.
2817 5119 2996 5175 Prima
3036 5133 3166 5191 ergo
3194 5120 3338 5186 vita,
3373 5128 3436 5174 ut

1850 5212 1940 5282 qui
1964 5225 2126 5282 supra
2153 5209 2224 5264 ad
2247 5209 2518 5276 eumdem,
2545 5225 2653 5265 non
2684 5208 2786 5264 fuit
2817 5210 3140 5280 sempiterna
3165 5208 3433 5278 peccanti.

1851 5305 2086 5374 Requies
2114 5312 2300 5358 autem
2328 5302 2518 5358 ultima
2553 5303 2883 5374 sempiterna
2913 5311 3018 5368 est,
3050 5315 3115 5356 ac
3136 5316 3234 5371 per
3256 5300 3359 5354 hoc
3377 5306 3436 5352 et

1849 5404 2074 5451 octavus
2100 5393 2487 5465 sempiternam
2517 5393 2908 5450 beatitudinem
2937 5390 3178 5452 habebit,
3201 5386 3330 5457 quia
3355 5399 3436 5440 re-

1850 5485 2006 5558 quies
2035 5485 2124 5541 illa
2147 5526 2162 5552 ,
2189 5499 2308 5555 qua:
2335 5484 2665 5554 sempiterna
2689 5492 2803 5549 est,
2829 5480 3096 5550 excipitur
3122 5477 3191 5532 ab
3216 5483 3434 5540 octavo.

1851 5591 1961 5631 non
2010 5573 2393 5647 exstinguitur,
2446 5587 2622 5644 neque
2663 5571 2808 5629 enim
2857 5575 3001 5624 esset
3044 5564 3201 5620 aliter
3240 5564 3437 5634 sempi-

1853 5674 2026 5721 terna.
2066 5665 2146 5720 lta
2185 5665 2292 5720 erit
2321 5672 2548 5721 octavus
2579 5662 2670 5736 qui
2706 5661 2935 5733 primus,
2983 5669 3040 5712 ut
3087 5657 3258 5728 prima
3304 5656 3435 5720 vita,
