3890 6180
459 307 599 363 1059

1500 299 1731 354 AMALA
1743 296 1831 352 [ill
1860 296 2295 353 PRESBYTERI
2333 294 2676 353 METENSIS

3588 305 3726 362 iam

448 426 544 482 sed
578 434 800 489 aeterna,
836 422 1107 478 reddatur.
1145 418 1203 474 in
1240 417 1632 472 memoratione
1660 416 1848 486 primae
1883 415 2031 478 vitae,
2063 417 2110 476 Α
2137 415 2359 468 vitalem
2398 429 2571 468 suam.
2632 413 2842 469 Anima:
2889 415 3086 486 quippe
3125 415 3374 471 omnium
3412 427 3731 473 sanctorum

449 536 614 590 quam
649 516 839 572 habuit
860 513 1039 584 primo
1062 509 1258 574 Adam,
1279 507 1520 562 Alleluia
1550 507 1784 570 canitur,
1823 514 1888 560 et
1912 505 2039 575 quia
2075 581 2084 584 _

451 628 560 667 non
595 609 696 663 fuit
729 605 1082 675 sempiterna,
1116 608 1324 656 tractus
1361 599 1624 669 sequitur,
1668 607 1729 652 ut
1769 599 1823 652 in
1862 596 2042 666 lingua

451 702 742 760 humiliore
766 696 1046 753 humilitas
1066 695 1386 767 posterioris
1409 695 1535 750 vitae
1561 693 1898 749 recordetur.
1939 689 2044 745 Ad-

451 793 558 848 huc
586 790 840 861 neophyti
869 789 924 843 in
957 786 1392 858 peregrinatione
1428 791 1588 850 sunt,
1627 784 1683 838 in
1723 799 1828 853 qua
1860 789 2043 836 tamen

450 885 671 939 laudare
701 882 989 937 Dominum
1025 880 1242 943 debent,
1275 877 1402 947 quia
1429 884 1557 931 sunt
1598 875 1884 946 redempti.
1931 873 2044 928 Re-

449 975 605 1045 quies
633 973 842 1038 ultima,
877 985 1001 1042 qua:
1034 969 1279 1024 redditur
1303 968 1359 1021 in
1387 967 1618 1036 septi-ma
1649 966 1758 1030 die,
1787 972 1842 1019 et
1875 963 2040 1034 perli-

451 1069 593 1123 citur
634 1067 689 1120 in
725 1074 936 1126 octava,
988 1063 1104 1134 ipsa
1140 1060 1305 1116 habet
1335 1059 1718 1128 sempiternam
1753 1055 2042 1111 beatitudi-

453 1161 578 1212 n'em
611 1176 622 1210 :
652 1172 715 1210 ac
747 1169 846 1224 per
869 1155 973 1208 hoc
1003 1152 1056 1206 in
1081 1149 1401 1205 memoriam
1440 1148 1736 1218 potissima:
1770 1153 2044 1200 restaura-

451 1255 618 1309 tionis
648 1254 701 1308 in
740 1252 966 1322 septima
995 1249 1083 1302 die
1103 1288 1116 1312 ,
1150 1254 1208 1302 et
1243 1245 1296 1299 in
1332 1253 1528 1300 octavo
1557 1241 1740 1298 ofﬁcio
1770 1241 1879 1296 duo
1905 1239 2045 1294 Alle-

452 1346 561 1400 luia
596 1351 888 1399 cantantur
913 1359 928 1396 :
955 1339 1211 1410 primum,
1249 1336 1377 1406 quia
1405 1336 1516 1390 vita
1543 1334 1816 1399 redditur;
1852 1348 2043 1388 secun-

454 1438 606 1499 dum,
641 1434 766 1504 quia
799 1433 1130 1500 sempiterna
1180 1427 1429 1482 Alleluia.
1469 1424 1769 1480 Gloriosior
1795 1423 2040 1478 omnium

455 1527 758 1596 linguarum
784 1523 960 1592 lingua
995 1520 1218 1574 Hebraea
1241 1524 1345 1571 est.
1395 1514 1572 1584 Atque
1597 1515 1649 1568 in
1673 1515 1780 1568 isto
1799 1512 1922 1568 loco
1947 1526 2040 1566 ea-

454 1619 576 1672 dem
599 1616 806 1670 ratione
832 1625 1117 1683 possumus
1139 1623 1237 1663 nos
1259 1606 1540 1662 absolvere
1563 1621 1595 1660 a
1617 1604 1798 1660 debito
1819 1613 2038 1660 octava-

360 1732 363 1736 π
453 1723 574 1764 rum
621 1707 830 1762 dierum
862 1744 877 1769 ,
930 1703 982 1757 id
1035 1708 1135 1756 est~
1173 1699 1579 1754 Dominicorum
1638 1696 1987 1752 Pentecostes
2017 1735 2032 1761 ,

2141 515 2267 560 ante
2295 505 2747 560 resurrectionem
2772 507 3020 576 corporis
3041 517 3172 562 snt
3187 509 3408 578 quidem
3437 508 3496 565 in
3519 511 3735 580 requie,

2141 598 2236 652 sed
2259 596 2310 651 in
2343 611 2407 651 ea
2433 611 2540 651 non
2574 606 2700 652 sunt
2731 598 2954 655 actione
2983 614 3091 669 qua
3119 614 3348 670 corpore
3383 611 3613 672 recepto
3641 618 3736 659 ve-

2139 697 2412 759 getantur.
2477 688 2661 744 Talem
2711 691 2910 762 quippe
2969 693 3237 748 actionem
3283 694 3564 766 signiﬁcat
3617 697 3738 754 dies

2140 787 2385 845 octavus,
2434 779 2526 848 qui
2564 786 2622 833 et
2659 781 2888 850 primus,
2942 783 3036 852 qui
3083 798 3190 838 non
3233 784 3410 840 aufert
3455 786 3615 842 illam
3655 803 3742 845 re-

2141 870 2342 940 quiem,
2379 871 2472 926 sed
2499 871 2781 943 gloriﬁcat.
2815 872 2893 928 Ex
2933 875 3290 944 inspiratione
3334 880 3512 934 sancti
3549 880 3738 952 Augu-

2141 962 2266 1016 stini
2303 977 2404 1032 per
2441 963 2846 1032 responsorium
2887 964 3237 1036 intelligimus
3284 969 3558 1025 actionem
3615 987 3740 1026 san-

2140 1060 2353 1108 ctorum
2395 1052 2450 1107 in
2485 1068 2730 1122 corpore,
2771 1070 2893 1124 qua:
2931 1058 3035 1111 erit
3066 1073 3190 1112 cum
3231 1061 3377 1114 omni
3420 1061 3639 1128 laetitia,
3684 1074 3738 1118 ut

2140 1145 2522 1214 responsorius
2544 1155 2719 1212 sonat,
2771 1145 2902 1202 Haec
2941 1148 3053 1203 dies
3085 1165 3243 1218 quam
3271 1152 3392 1222 fecit
3433 1153 3738 1221 Dominus;

2139 1233 2455 1289 exsultemus
2481 1244 2531 1289 et
2557 1235 2796 1290 letemur
2813 1238 2868 1292 in
2896 1255 2978 1292 ea.
3001 1238 3140 1306 Quia
3171 1243 3288 1298 hmc
3312 1243 3498 1298 laetitia
3525 1249 3737 1303 exitum

2139 1327 2304 1382 habet
2332 1343 2386 1380 in
2415 1325 2809 1397 glorificatione
2829 1371 2844 1396 ,
2879 1329 3108 1388 Alleluia
3139 1335 3382 1404 sequitur
3406 1351 3420 1401 ;
3459 1345 3518 1392 et
3545 1345 3617 1392 ut
3646 1341 3737 1394 de-

2138 1427 2473 1474 monstretur
2515 1422 2767 1476 eamdem
2804 1424 3075 1479 actionem
3119 1441 3229 1480 non
3272 1443 3392 1483 esse
3433 1429 3586 1486 aliud
3633 1433 3738 1487 nisi

2138 1506 2352 1562 laudem
2379 1507 2495 1574 Dei,
2524 1518 2646 1579 post
2672 1525 2767 1566 sex
2797 1512 2913 1568 dies
2937 1515 3293 1570 continuatim
3323 1518 3554 1574 Alleluia
3584 1525 3740 1578 cani-

2139 1603 2248 1653 tur.
2293 1598 2394 1654 Ubi
2444 1601 2740 1658 notandum
2781 1614 2867 1658 est
2908 1619 3098 1660 versus
3157 1610 3495 1678 responsorii
3541 1627 3739 1668 omnes

2138 1705 2259 1746 esse
2288 1691 2355 1746 de
2393 1692 2601 1761 psalmo
2646 1692 2980 1762 Conﬁlemini
3018 1696 3264 1764 Domino,
3295 1699 3389 1768 qui
3417 1708 3578 1754 sonat
3604 1717 3739 1756 eon-

453 1761 668 1870 quande
703 1797 810 1851 duo
849 1761 1063 1848 alleluia
1109 1791 1542 1861 frequentantur.
1584 1789 1702 1843 Duo
1741 1797 1866 1843 sunt
1894 1788 2039 1843 unde
2061 1761 2114 1826 Β
2139 1782 2432 1839 fessionem
2466 1783 2661 1850 laudis,
2689 1801 2814 1870 quae
2835 1796 3016 1844 tamen
3042 1789 3162 1844 laus
3193 1761 3420 1846 Alleluia
3450 1795 3739 1850 concludi-

454 1890 636 1944 anima
677 1889 731 1942 in
771 1886 998 1956 septima
1039 1884 1164 1948 die,
1188 1883 1242 1936 id
1269 1889 1354 1936 est
1385 1881 1593 1949 requie,
1634 1879 1820 1934 laudat
1854 1877 2038 1933 Domi-

455 1994 584 2036 num
620 1978 766 2033 unde
792 1978 858 2032 de
911 1982 1164 2045 percepta
1207 1972 1428 2037 laetitia,
1471 1972 1698 2027 alterum
1747 1973 1813 2027 de
1857 1971 2033 2041 perci-

451 2073 647 2144 pienda
677 2072 730 2125 in
761 2068 1161 2124 resurrectione
1181 2107 1194 2132 ,
1220 2065 1400 2120 etalio
1429 2065 1589 2119 modo
1614 2083 1627 2117 :
1655 2064 1827 2119 Homo
1866 2065 1920 2118 in
1952 2079 2037 2119 re—

451 2161 790 2216 surrectione
817 2157 1088 2214 constabit
1109 2172 1176 2211 ex
1208 2157 1387 2210 anima
1421 2164 1478 2211 et
1507 2168 1763 2224 corpore,
1793 2155 2054 2224 quamvis

454 2250 740 2320 spirituali.
787 2247 848 2303 In
889 2247 1265 2303 recordatione
1305 2245 1449 2300 illius
1489 2245 1904 2300 resurrectionis
1940 2259 2039 2315 per

452 2341 762 2396 Dominicos
801 2340 919 2395 dies
957 2338 1308 2392 Pentecostes
1346 2337 1454 2412 duo
1494 2335 1712 2389 alleluia
1755 2335 2038 2390 celebran-

451 2441 560 2488 tur.
629 2432 698 2487 Et
753 2431 879 2501 quia
940 2428 1221 2483 Dominica
1270 2426 1599 2481 resurrectio
1647 2426 1926 2494 praecessit
1981 2426 2035 2480 in

448 2525 784 2589 octavodie,
822 2522 965 2592 quod
1005 2519 1244 2574 futurum
1275 2519 1384 2573 erit
1422 2518 1475 2572 in
1509 2518 1904 2573 resurrectione
1940 2532 2036 2572 no-

449 2627 562 2671 stra
590 2657 605 2680 ,
645 2616 749 2671 hoc
794 2613 1004 2685 agimus
1036 2626 1134 2682 per
1168 2610 1478 2665 Dominicos
1514 2609 1627 2664 dies
1665 2608 2032 2674 Pentecostes,

451 2705 505 2760 id
547 2712 662 2767 est,
705 2711 766 2757 ut
799 2711 853 2757 et
888 2714 1042 2756 mens
1076 2708 1131 2754 ct
1163 2714 1360 2768 corpus
1397 2698 1577 2754 laudet
1607 2698 1914 2753 Dominum.
1969 2699 2037 2754 Et

449 2795 574 2865 quia
613 2793 832 2848 interim
865 2792 984 2846 sine
1016 2805 1244 2860 corpore
1261 2787 1448 2843 anima
1476 2790 1528 2844 in
1558 2801 1610 2844 te
1631 2789 1815 2843 laudat
1840 2789 2032 2854 Deum,

449 2899 548 2954 per
587 2883 826 2954 singulos
853 2882 968 2937 dies
1007 2881 1232 2936 Alleluia
1263 2881 1590 2936 celebratur.
1626 2880 1686 2935 In
1723 2880 2033 2938 festivitati-

448 2979 550 3033 bus
574 2986 886 3033 sanctorum
923 2977 1030 3031 duo
1070 2976 1284 3031 alleluia
1323 2985 1467 3043 sunt,
1512 2976 1636 3045 quia
1665 2973 1782 3043 jam
1824 2977 1890 3030 de
1928 2973 2037 3028 Bo-

449 3068 581 3123 mini
621 3077 841 3138 aspectu
882 3067 1059 3137 potius
1097 3066 1378 3132 laetantur,
1421 3082 1584 3136 quam
1623 3067 1710 3121 hze
1750 3079 1870 3135 qua:
1908 3069 2036 3120 sunt
2061 3109 2118 3172 Cp

449 3165 661 3212 tantum
697 3157 751 3210 in
779 3155 966 3228 requie
997 3156 1211 3210 animae.
1270 3154 1470 3222 Unum,
1497 3156 1622 3225 quia
1651 3155 2029 3224 requiescunt;

448 3249 700 3315 alterum,
734 3249 860 3319 quia
885 3248 1072 3303 vident
1100 3247 1406 3303 Dominum.
1454 3247 1711 3314 Quamvis
1738 3255 2032 3302 memorata

449 3341 655 3398 sabbati
685 3341 912 3410 septima
932 3340 1047 3394 dies
1073 3339 1144 3394 sit
1166 3339 1538 3402 hebdomadis,
1575 3346 1754 3392 tamen
1783 3347 2032 3392 octavum

449 3429 688 3486 ofﬁcium
733 3431 785 3485 in
829 3445 893 3485 ea
932 3429 1238 3484 celebratur
1274 3443 1376 3499 pro
1409 3427 1712 3498 neophytis.
1759 3424 1831 3481 At
1869 3426 2035 3483 medii

448 3535 548 3576 sex.
587 3519 989 3590 respons‘orium
1025 3524 1210 3578 tenent
1233 3525 1290 3571 et
1317 3514 1552 3571 alleluia.
1595 3515 1749 3571 Sicut
1784 3525 2035 3586 septena-

451 3610 564 3664 rius
610 3623 870 3665 numerus
919 3608 1160 3679 requiem
1208 3609 1502 3677 signiﬁcat,
1556 3609 1631 3663 ita
1681 3615 1736 3664 et
1787 3607 2036 3663 senarius

446 3714 636 3770 opera.
693 3699 1106 3770 Besponsorius,
1149 3699 1240 3769 qui
1281 3714 1380 3754 nos
1418 3699 1613 3754 inritat
1645 3714 1744 3768 per
1779 3711 1874 3754 sex
1917 3698 2034 3754 dies

448 3796 518 3849 ad
556 3793 758 3848 Christi
796 3792 1269 3866 resurrectionem,
1320 3792 1557 3862 aliquam
1602 3791 1869 3847 actionem
1917 3791 2033 3846 vult

450 3883 605 3938 nobis
644 3882 891 3936 intimare
923 3881 978 3935 in
1010 3881 1410 3936 resurrectione
1439 3895 1746 3950 comorum.
1809 3881 1885 3935 De
1923 3895 2031 3950 qua

445 3973 662 4028 actione
711 3971 842 4025 dicit
888 3970 1050 4035 idem,
1093 3971 1184 4040 qui
1225 3986 1410 4042 supra,
1456 3971 1522 4026 ad
1564 3971 1812 4026 eumdem
1843 3989 1856 4026 :
1885 3971 2034 4028 Inest

448 4070 627 4118 autem
655 4062 708 4116 in
738 4061 828 4116 illa
854 4061 1040 4132 requie
1066 4077 1172 4116 non
1195 4061 1464 4117 desidiosa
1493 4064 1739 4134 segnitia,
1763 4065 1858 4120 sed
1877 4080 2031 4134 qua:-

448 4156 571 4209 dam
618 4145 905 4208 ineﬁ'abilis
955 4151 1315 4222 tranquillitas
1371 4153 1601 4208 actionis
1653 4155 1859 4210 otiosae.
1939 4155 2033 4210 Sic

445 4243 588 4298 extim
615 4245 681 4298 ab
710 4241 1857 4313 bujusvitaaoperibusinﬁnerequiescetur,
1881 4253 1942 4298 ut
1976 4246 2032 4300 in

445 4333 668 4388 alterius
692 4334 817 4388 vita:
840 4333 1053 4388 actione
1080 4333 1396 4404 gaudeatur.
1453 4331 1562 4389 Sed
1589 4335 1716 4404 quia
1741 4333 1863 4388 talis
1887 4333 2032 4389 actio

443 4424 499 4478 in
541 4423 635 4478 Dei
673 4423 828 4479 laude
866 4424 1068 4493 agitur,
1103 4423 1224 4478 sine
1259 4422 1444 4480 labore
1482 4425 1870 4490 membrorum,
1913 4425 2029 4480 sine
2052 4456 2107 4518 Β

443 4530 643 4588 angore
661 4529 936 4582 curarum,
964 4531 1074 4570 non
1102 4515 1170 4570 ad
1198 4529 1320 4570 eam
1349 4516 1428 4571 sic
1458 4518 1720 4572 transitur
1748 4532 1846 4587 per
1872 4517 2025 4586 quie-

443 4616 574 4673 tem,
604 4615 663 4660 ut
681 4607 796 4677 ipsa
818 4607 991 4662 labori
1021 4605 1293 4672 succedat,
1317 4607 1373 4662 id
1398 4615 1482 4662 est
1503 4622 1613 4663 non
1639 4607 1717 4662 sic
1739 4610 1863 4662 esse
1889 4608 2024 4663 inci-

439 4697 554 4768 piat
584 4698 746 4763 actio,
773 4706 834 4752 ut
863 4697 1074 4752 desinat
1104 4698 1277 4766 quies.
1330 4697 1517 4768 Neque
1548 4697 1693 4752 enim
1724 4698 1930 4753 reditur
1955 4699 2025 4753 ad

441 4788 655 4844 labores
690 4798 745 4844 et
781 4805 960 4854 curas,
1001 4789 1098 4845 sed
1133 4800 1484 4860 permanetur
1520 4792 1574 4845 in
1614 4791 1844 4846 actione.
1883 4791 2024 4860 Quia

438 4878 510 4932 ad
534 4879 779 4947 quietem
817 4878 1054 4949 pertinet
1092 4893 1194 4936 nec
1225 4881 1280 4936 in
1316 4897 1480 4952 opere
1516 4881 1784 4947 laborare,
1829 4897 1929 4938 nec
1969 4883 2024 4937 in

439 4969 770 5038 cogitatione
789 4968 1067 5025 ﬂuctuare.
1124 4969 1260 5038 Quia
1280 4986 1410 5042 ergo
1437 4983 1536 5043 per
1557 4973 1801 5043 requiem
1828 4974 1896 5028 ad
1917 4975 2026 5044 pri-

441 5071 588 5112 mam
613 5058 781 5113 vitam
811 5059 1043 5126 reditur,
1069 5063 1213 5117 unde
1237 5062 1416 5116 anima
1452 5062 1598 5133 lapsa
1627 5071 1709 5119 est
1737 5064 1792 5119 in
1825 5080 2022 5136 pecca-

439 5158 578 5216 tum,
610 5157 831 5221 propter
863 5165 929 5206 ea
965 5165 1065 5221 per
1093 5152 1377 5208 sabbatum
1413 5153 1628 5222 requies
1669 5155 2022 5226 signiﬁcatur.

441 5241 532 5296 Illa
559 5249 740 5298 autem
767 5244 944 5314 prima
970 5244 1103 5308 vita,
1136 5258 1256 5314 quae
1281 5259 1311 5297 a
1335 5244 1768 5315 peregrinatione
1797 5247 2026 5302 redeun-

439 5334 608 5401 tibus,
638 5343 694 5390 et
718 5336 954 5405 primam
991 5335 1186 5390 stolam
1225 5336 1615 5406 accipientibus
1656 5341 1902 5395 redditur
1929 5355 2027 5409 per

441 5431 603 5480 unam
626 5426 857 5490 sabbati,
888 5437 1050 5495 quem
1075 5424 1220 5479 diem
1247 5424 1584 5483 Dominicum
1609 5430 1861 5497 dicimus,
1891 5431 2024 5502 ﬁgu-

441 5527 614 5574 ratur.
667 5519 736 5574 Et
767 5519 824 5575 in
859 5519 967 5573 alio
999 5517 1120 5575 loco
1152 5519 1294 5575 idem
1326 5519 1397 5576 ad
1433 5523 1683 5578 eumdem
1715 5542 1729 5577 :
1760 5523 1886 5580 Dies
1921 5525 2024 5580 Do-

441 5609 670 5665 minicus
707 5625 812 5665 non
843 5608 1064 5677 Iudaeis,
1105 5612 1201 5668 s‘cd
1244 5609 1592 5682 Christianis,
1627 5618 2024 5673 resurrectione

445 5699 654 5755 Domini
680 5700 985 5758 declaratus
1014 5711 1112 5769 est,
1146 5714 1200 5759 et
1227 5719 1292 5760 ex
1323 5705 1411 5763 illo
1443 5709 1606 5780 carpit
1644 5707 1845 5765 habere
1875 5706 2024 5764 festi-

2140 1883 2228 1930 tnr
2248 1882 2476 1945 propter
2501 1868 2822 1932 nobiliorem
2850 1878 3106 1950 linguam.
3150 1881 3352 1937 Versus
3387 1893 3550 1938 sunt:
3587 1884 3733 1939 Con-

2135 1967 2356 2036 ﬁtemini
2387 1967 2643 2034 Domino,
2675 1970 2920 2038 quoniam
2959 1975 3143 2036 bonus,
3181 1975 3429 2042 quoniam
3468 1976 3523 2028 in
3563 1994 3736 2030 serru-

2137 2057 2250 2111 lunt
2280 2059 2638 2117 misericordia
2661 2061 2798 2130 ejus.
2848 2060 3021 2115 Item:
3044 2061 3199 2117 Dicat
3225 2080 3364 2118 nunc
3392 2064 3566 2120 Israel
3603 2084 3737 2137 quo.

2138 2149 2280 2203 niam
2307 2150 2491 2204 bonus.
2529 2149 2661 2205 Item
2683 2167 2700 2204 :
2721 2150 2913 2204 Dicant
2941 2169 3079 2207 nunc
3097 2154 3190 2223 qui
3213 2155 3393 2209 timent
3419 2155 3735 2221 Dominum,

2136 2239 2384 2309 quoniam
2403 2240 2752 2294 inswculum.
2804 2237 2912 2295 Seu
2941 2239 3162 2296 :Dicant
3200 2245 3293 2314 qui
3321 2245 3577 2314 redempti
3614 2257 3738 2300 sum

2137 2346 2170 2382 a
2199 2329 2444 2386 Domino.
2509 2331 2780 2402 Utrosque
2822 2333 2931 2389 vidi
2980 2336 3214 2406 scriptos
3255 2337 3309 2390 in
3353 2337 3444 2392 illo
3486 2337 3633 2405 loco,
3683 2350 3735 2393 et

2141 2427 2394 2490 utrosque
2449 2422 2630 2478 audivi
2679 2425 2908 2479 cantari.
2967 2426 3098 2481 Item
3144 2445 3158 2482 :
3202 2427 3424 2483 Dextera
3489 2429 3734 2485 Domini.

2135 2506 2268 2563 Item
2288 2525 2300 2562 :
2318 2507 2571 2580 Lapidem
2588 2527 2743 2581 quem
2766 2513 3186 2582 reprobanerunt.
3225 2515 3356 2570 Item
3381 2516 3738 2572 :Benedicus

2135 2599 2227 2670 qui
2267 2602 2423 2654 venit.
2467 2600 2529 2654 In
2553 2600 2662 2656 line
2695 2602 2843 2656 enim
2877 2617 3131 2658 versuum
3180 2614 3544 2675 praeposterus
3595 2609 3738 2664 ordo

2135 2698 2240 2757 est,
2267 2691 2580 2746 Benedictus
2617 2693 2708 2763 qui
2740 2693 2878 2748 venit
2909 2695 2964 2748 in
2999 2697 3206 2750 nomine
3235 2697 3468 2760 Domini,
3514 2714 3738 2769 prapo-

2137 2780 2287 2834 nitur
2308 2777 2365 2836 in
2396 2782 2583 2850 quinta
2611 2781 2748 2837 feria
2778 2784 2977 2849 versui,
3007 2783 3259 2856 Lapidem
3293 2803 3445 2857 quem
3482 2791 3741 2857 reproba-

2136 2881 2339 2938 νει-ωδε,
2370 2872 2464 2943 qui
2499 2881 2578 2928 est
2621 2874 2678 2928 in
2709 2875 2902 2930 ordine
2933 2876 3128 2946 psalmi
3164 2878 3333 2947 prior,
3366 2886 3420 2933 et
3443 2880 3592 2949 quod
3626 2897 3736 2936 non

2135 2970 2221 3017 est
2267 2963 2385 3018 sine
2429 2963 2658 3028 ratione,
2701 2973 2855 3020 sexta
2889 2964 3026 3020 feria
3062 2975 3334 3021 cantatur.
3389 2968 3533 3024 Idem
3585 2971 3741 3026 inter

2137 3061 2364 3108 caeteros
2401 3053 2673 3123 praecipue
2714 3063 2873 3110 sonat
2918 3055 2986 3110 de
3021 3057 3272 3126 passione
3314 3057 3561 3124 Domini,
3613 3075 3739 3128 qua

2137 3145 2284 3202 facta
2330 3154 2415 3201 est
2455 3155 2607 3202 sexta
2651 3146 2786 3202 feria
2816 3166 2829 3202 :
2859 3148 2914 3203 in
2954 3149 3048 3204 illa
3087 3153 3516 3220 reprobaverunt
3554 3151 3737 3210 Judaei

2136 3236 2424 3292 Dominum
2447 3239 2798 3305 aediﬁcantes,
2826 3240 2881 3294 in
2909 3241 2998 3295 illa
3027 3241 3202 3298 factus
3230 3252 3313 3299 est
3333 3254 3497 3314 caput
3523 3248 3737 3317 angeli,

2135 3332 2468 3403 coniungens
2524 3331 2665 3387 duos
2712 3333 2951 3402 parietes
3007 3333 3170 3388 simul
3219 3349 3287 3390 ex
3343 3336 3582 3392 adverso
3647 3352 3740 3393 ve-

2135 3423 2369 3480 nientes.

2669 3514 2899 3572 CAPUT
2940 3515 3179 3572 XXXIII.

2561 3606 2639 3662 De
2680 3608 2876 3661 eisdem
2923 3617 3042 3662 octo
3087 3609 3290 3664 diebus.

2203 3698 2338 3755 Octo
2381 3699 2497 3754 dies
2543 3701 2939 3769 neophvtorum
3008 3715 3226 3756 cursum
3270 3702 3559 3770 prtesentis
3602 3704 3733 3758 vita:

2133 3793 2456 3844 monstrant.
2492 3789 2647 3846 Sicut
2670 3792 2816 3845 enim
2837 3791 2942 3846 iter
2959 3790 3196 3847 ﬁliorum
3223 3792 3408 3856 Israel,
3439 3803 3732 3864 postquam

2133 3880 2467 3935 transierunt
2499 3893 2652 3936 mare
2687 3881 2932 3936 Rubrum
2978 3897 3151 3952 usque
3186 3884 3255 3937 ad
3291 3892 3496 3938 terram
3533 3899 3730 3954 repro-

2132 3970 2425 4034 missionis,
2464 3971 2734 4040 signiﬁcat
2760 3985 2979 4027 omnem
3009 3985 3228 4028 cursum
3264 3975 3551 4043 praesentis
3581 3977 3727 4036 Vitr,

2132 4062 2210 4116 ita
2231 4072 2286 4117 et
2311 4063 2652 4118 conversatio
2677 4063 3070 4133 ueophytorum
3100 4079 3317 4119 omnem
3341 4077 3565 4119 cursum
3589 4081 3733 4136 pne-

2131 4154 2300 4209 sentis
2337 4154 2480 4218 vitaz,
2524 4154 2577 4208 in
2615 4169 2722 4222 quo
2757 4170 2859 4211 nos
2890 4163 3104 4226 oportet
3146 4157 3444 4211 secundum
3479 4171 3734 4211 resurre-

2131 4245 2365 4300 ctionem
2393 4243 2594 4299 Christi
2631 4245 2832 4301 vivere.
2871 4245 2947 4301 De
2975 4262 3084 4316 quo
3107 4261 3271 4303 cursu
3300 4248 3433 4303 dicit
3462 4247 3732 4318 Augusti-

2131 4349 2233 4389 nus
2267 4334 2322 4388 in
2355 4333 2492 4390 libro
2527 4343 2718 4390 contra
2761 4335 3019 4391 Faustum
3057 4336 3418 4393 duodecimo:
3443 4337 3632 4393 Bubet
3673 4341 3734 4395 in

2131 4425 2269 4479 mari
2291 4425 2476 4480 Rubro
2497 4426 2795 4497 baptismus
2812 4467 2826 4493 ,
2857 4429 3047 4498 utique
3069 4427 3274 4484 Christi
3301 4430 3568 4497 sanguine
3597 4445 3734 4485 eon-

2129 4525 2375 4571 seeratus
2405 4535 2418 4571 :
2445 4517 2635 4573 hostes
2671 4526 2962 4588 sequentes
2983 4534 3017 4572 a
3045 4527 3200 4590 tergo
3228 4520 3565 4585 moriuntur,
3607 4536 3736 4590 pee-

2127 4615 2248 4662 cata
2279 4608 2572 4677 praeterita.
2633 4609 2858 4664 Ducitur
2887 4607 3119 4678 populus
3147 4623 3247 4680 per
3269 4607 3548 4664 desertum
3579 4612 3735 4666 z-h-

2128 4699 2314 4769 ptizati
2339 4713 2528 4755 omnes
2550 4701 2786 4756 nondum
2816 4700 3166 4772 perfruentur.
3197 4702 3467 4771 promissa
3503 4703 3722 4772 patria;

2129 4791 2226 4847 sed
2262 4791 2408 4860 quod
2453 4799 2559 4846 non
2599 4792 2804 4856 vident;
2853 4793 3123 4862 sperando
3161 4803 3216 4847 et
3258 4807 3362 4863 per
3402 4794 3730 4864 patientiam

2129 4886 2512 4955 exspectando,
2543 4895 2796 4956 tanquam
2827 4886 2880 4941 in
2910 4888 3125 4943 deserto
3151 4894 3278 4942 sunt
3307 4905 3319 4940 :
3347 4897 3404 4942 et
3437 4887 3548 4942 illic
3567 4888 3728 4943 labo-

2128 4977 2288 5031 riosae
2315 4987 2368 5032 et
2390 4976 2706 5046 periculosa:
2729 4977 3074 5044 tentatioues,
3101 4993 3168 5032 ne
3187 4983 3537 5032 revertantur
3553 4979 3730 5034 corde

2129 5066 2182 5119 in
2209 5063 2504 5136 Egyptum
2536 5085 2550 5120 :
2577 5078 2678 5122 nec
2711 5067 2787 5122 ibi
2824 5073 3007 5123 tamen
3040 5066 3290 5122 Christus
3325 5068 3551 5131 deserit,
3587 5084 3725 5122 nam

2127 5165 2183 5212 et
2209 5157 2296 5212 illa
2326 5159 2576 5213 columna
2617 5175 2724 5215 non
2761 5161 2982 5216 recedit.
3023 5160 3330 5216 Secundum
3373 5163 3490 5216 ba-c
3527 5162 3725 5226 verba,

2128 5249 2386 5322 baptizati
2443 5250 2616 5304 nostri
2670 5251 2944 5305 ducuntur
2996 5251 3238 5321 quotidie
3281 5253 3349 5306 ad
3398 5252 3723 5315 Ecclesiam,

2125 5340 2375 5395 columna
2406 5341 2548 5396 cerei
2591 5341 2891 5395 illuminata
2924 5343 3237 5411 prmeedens
3270 5356 3386 5408 eos,
3417 5342 3726 5396 illuminat:

2122 5439 2205 5487 est
2224 5431 2359 5500 jam,
2398 5432 2524 5501 quia
2558 5433 2614 5487 in
2654 5447 2850 5502 corpus
2885 5432 3088 5487 Christi
3128 5432 3343 5502 traiecti
3378 5443 3504 5488 sunt
3541 5433 3729 5500 bapti-

2123 5523 2229 5578 zati
2257 5541 2270 5576 :
2299 5523 2521 5593 spiritus
2552 5523 2756 5578 Christi
2794 5523 3065 5578 illuminat
3099 5525 3346 5577 membra
3373 5521 3592 5578 Christi.
3635 5521 3726 5575 Ex

2122 5614 2474 5686 sequentibus
2501 5622 2679 5684 potest
2717 5614 2960 5685 dignosci
3001 5613 3274 5683 quomodo
3315 5612 3391 5667 illi
3435 5618 3556 5667 octo
3600 5611 3728 5664 dies

2124 5679 2440 5779 coaptentinr
2471 5709 2650 5763 cursui
2687 5715 2863 5763 status
2902 5706 3069 5762 nostri
3101 5723 3114 5760 :
3150 5706 3325 5776 prima
3358 5705 3472 5759 dies
3498 5701 3726 5774 quando
