3890 6180
247 252 379 311 1061

1046 257 1129 311 DE
1168 254 1719 319 ECCLESIASTICIS
1758 253 2043 311 OFFlCllS
2070 255 2260 335 μΒιιι
2298 257 2387 319 ιν.
2429 289 2494 301 -
2535 259 2664 317 LIB.
2706 262 2745 317 Ι.

3369 272 3508 331 1062

238 368 552 439 baptizatus
578 366 856 422 descendit
881 370 947 423 de
981 383 1139 438 aqua,
1167 384 1288 438 quae
1314 377 1398 423 est
1423 368 1728 434 sabbatum,
1769 367 1822 422 id
1849 369 1899 431 Α
1926 369 2121 434 ιηίεεω,
2141 348 2679 447 meaeparvitatiluec
2692 374 2979 440 sufﬁciant,
2997 389 3416 451 quaepropterea
3440 394 3511 441 te.

235 467 325 511 est
368 455 603 527 requies,
641 461 844 510 statum
884 455 1014 511 Adae
1051 457 1204 513 nobis
1249 456 1505 513 informat
1533 465 1824 529 antequam

233 553 509 616 peccaret.
550 545 668 600 Non
701 544 871 601 Adam
898 546 973 601 ita
1007 545 1108 601 fuit
1131 547 1324 613 factus,
1348 555 1409 602 ut
1431 546 1616 602 labore
1644 547 1825 619 aliquo

234 634 547 706 acquireret
575 634 678 692 sibi
702 635 937 691 fructum
963 636 1198 702 vivendi,
1228 637 1273 692 si
1299 652 1404 693 non
1431 646 1704 709 peccaret,
1730 637 1826 693 sed

233 734 421 781 tamen
465 725 663 796 legitur
706 726 949 795 posuisse
987 742 1115 781 eum
1155 727 1210 783 in
1247 726 1501 797 paradiso
1541 724 1715 781 Deum
1764 732 1825 780 ut

233 822 591 884 operaretun
623 814 881 870 Eamdem
909 815 1147 885 requiem
1167 857 1181 881 ,
1211 830 1372 885 quam
1400 816 1655 888 praestitit
1682 816 1826 872 Deus

232 907 388 972 Adae,
420 915 709 977 antequam
738 916 1011 979 peccaret,
1041 909 1136 965 dat
1167 910 1453 980 baptizatis
1481 912 1536 966 in
1562 911 1820 967 sabbato:

234 1001 312 1055 ita
341 1009 520 1057 tamen
547 1010 609 1057 ut
629 998 883 1073 deinceps
913 1005 1363 1074 Operentur'bona
1389 1020 1562 1074 usque
1590 1006 1659 1059 ad
1687 1004 1823 1061 alte-

235 1107 358 1146 ram
390 1092 600 1148 'sabbati
630 1110 643 1147 :
670 1092 810 1149 sicut
837 1103 892 1149 et
927 1094 1099 1149 Adam
1127 1096 1278 1167 operi
1314 1097 1526 1151 deditus
1560 1095 1660 1152 fuit
1696 1098 1823 1153 abs-

233 1194 343 1250 que
393 1180 503 1235 ullo
557 1179 760 1236 labore.
825 1179 946 1252 Ipsa
992 1184 1208 1252 requies
1248 1190 1333 1238 est
1372 1183 1632 1240 innocens
1675 1184 1821 1251 vita,

234 1287 403 1341 quam
429 1273 617 1328 habuit
638 1274 809 1329 Adam
834 1275 891 1330 in
928 1276 1156 1346 septima
1186 1277 1274 1332 die
1308 1278 1524 1351 quando
1560 1280 1825 1349 requievit

233 1364 382 1419 Deus
418 1364 484 1420 ab
513 1364 764 1420 omnibus
800 1366 1056 1441 operibus
1092 1367 1243 1423 suis:
1272 1369 1518 1424 eamdem
1555 1371 1825 1439 recipiunt

234 1457 398 1511 modo
429 1454 687 1526 boptirati
724 1457 779 1511 in
820 1457 1064 1513 sabbato.
1115 1455 1196 1512 Ac
1231 1457 1355 1513 dein
1386 1458 1513 1527 quia
1540 1458 1627 1514 via
1655 1465 1826 1514 restat

232 1544 523 1614 baptizatis
546 1560 644 1615 per
677 1545 967 1611 desertum,
1005 1545 1158 1616 quasi
1189 1551 1313 1617 post
1345 1544 1593 1613 Alleluia,
1629 1548 1824 1607 anima:

233 1641 460 1713 tractus,
502 1633 556 1688 id
592 1642 694 1699 est,
733 1634 1015 1707 patientia,
1056 1650 1155 1704 per
1187 1648 1349 1705 quam
1381 1642 1698 1705 exspectare
1728 1634 1823 1690 de-

1918 457 2047 556 ,tigi,
2064 466 2125 512 ut
2146 474 2252 513 non
2274 459 2406 514 mihi
2420 461 2633 515 viderer
2662 478 2690 515 a
2708 470 2856 517 tanta
2873 464 3078 531 laetitia,
3097 481 3353 537 quantam
3368 488 3510 542 pra!—

1927 548 2054 604 luens
2082 550 2325 605 continet
2344 548 2479 617 dies,
2503 560 2685 607 mente
2711 553 2919 611 alienus
2940 553 3075 611 fore.
3095 556 3321 629 insuper
3341 562 3509 618 etiam

1926 638 2060 694 libet
2085 639 2431 709 interponere
2458 641 2601 710 quod
2628 640 2691 697 S.
2721 642 3056 714 Augustinus
3082 648 3150 703 de
3169 651 3508 711 orationibus

1926 729 2107 784 missa:
2133 729 2264 784 dicit
2288 732 2342 784 in
2368 730 2507 787 libro
2535 731 2903 799 Quasstionum
2934 736 2988 790 in
3015 740 3408 805 quaestionibus
3438 743 3510 798 ad

1925 814 2211 876 Paulinmn
2230 819 2497 875 Nolanum
2524 822 2835 894 episcopum
2862 842 2875 878 :
2905 824 3069 880 Multa
3095 828 3223 885 hinc
3251 830 3355 885 dici
3380 847 3509 903 pos-

1926 920 2053 966 sunt
2098 927 2220 981 qua:
2263 911 2617 983 improbanda
2660 929 2764 969 non
2808 926 2971 983 sunt,
3021 921 3114 975 sed
3155 919 3295 993 eligo
3330 924 3386 977 in
3420 925 3511 980 his

1924 1000 2103 1057 verbis
2134 1002 2238 1057 hoc
2285 1002 2584 1075 intelligere
2628 1006 2772 1073 quod
2813 1008 2992 1063 omnis
3024 1008 3108 1064 vel
3150 1024 3292 1080 pene
3329 1014 3507 1069 omnis

1925 1089 2239 1161 frequentat
2279 1092 2520 1148 Ecclesia
2541 1134 2556 1159 ,
2589 1103 2648 1148 ut
2685 1097 3028 1165 precationes
3065 1100 3397 1168 accipiamus
3428 1102 3510 1158 di—

1926 1189 2064 1247 ctas,
2095 1198 2231 1254 quas
2262 1183 2491 1240 facimus
2522 1186 2575 1240 in
2605 1187 2971 1244 celebratione
3002 1200 3504 1258 sacramentorum,

1926 1279 2215 1342 antequam
2244 1273 2374 1328 illud
2404 1275 2550 1345 quod
2588 1283 2673 1331 est
2716 1276 2774 1330 in
2816 1292 3004 1333 mensa
3036 1278 3250 1334 Domini
3286 1276 3509 1352 incipiat

1924 1364 2191 1418 benedici.
2220 1363 2542 1432 Orationes,
2575 1382 2699 1423 cum
2724 1367 3066 1423 benedieitur
3104 1378 3161 1424 et
3198 1371 3510 1427 sanctiﬁca-

1928 1460 2037 1515 tur,
2065 1459 2120 1505 et
2146 1455 2216 1508 ad
2243 1454 2675 1510 distribuendum
2705 1456 3113 1522 comminuitur,
3144 1472 3307 1527 quam
3339 1467 3508 1514 totam

1925 1544 2238 1614 petitionem
2286 1545 2401 1599 fere
2445 1546 2627 1601 omnis
2658 1547 2901 1603 Ecclesia
2944 1549 3222 1606 Dominica
3262 1551 3509 1607 oratione

1926 1633 2236 1690 concludit:
2268 1635 2767 1707 interpellationes,
2812 1638 2927 1693 sive
2963 1637 3047 1710 (ut
3080 1640 3254 1696 nostri
3297 1641 3513 1697 codices

234 1723 366 1780 bent
400 1710 603 1807 terram
638 1704 1100 1797 reprobiissionis,
1134 1704 1436 1796 sequuntur
1460 1704 1555 1783 set
1583 1727 1699 1811 dies
1730 1725 1823 1799 qui
1853 1704 1899 1763 Β
1926 1723 2151 1797 habent)
2178 1704 2570 1797 postulationes
2606 1728 2742 1784 liunt
2760 1769 2776 1794 ,
2805 1742 2927 1784 eum
2955 1704 3188 1800 populus
3236 1731 3512 1787 benedici-

231 1816 507 1887 pertinent
536 1815 619 1872 ad
630 1820 786 1889 opus
816 1817 1038 1881 bonum,
1082 1824 1437 1888 sanctumque
1463 1826 1519 1874 et
1544 1818 1715 1889 pium,
1757 1834 1827 1874 ne

233 1922 406 1962 vacua
442 1906 632 1962 domus
660 1900 971 1963 invadatur.
1021 1906 1152 1963 Post
1176 1907 1296 1964 illos
1322 1923 1416 1964 sex
1440 1907 1557 1965 dies
1582 1909 1829 1979 sequitur

228 1995 630 2063 sabbatismus,
664 1997 757 2067 qui
780 1988 785 1993 ’
812 2011 907 2052 eos
932 1997 1236 2055 introducit
1274 1999 1340 2054 a‘d
1371 1999 1604 2070 patriam
1637 2012 1828 2069 repro-

228 2090 531 2158 miouis,
556 2084 649 2146 ubi
673 2092 767 2147 est
784 2088 1001 2167 requies
1022 2086 1378 2164 sempiterna,
1414 2107 1523 2148 non
1549 2100 1827 2148 revertens

226 2172 814 2261 “malabmem
833 2224 848 2249 ,
876 2182 972 2238 sed
1000 2181 1067 2238 de
1095 2181 1282 2238 laetitia
1310 2182 1494 2256 εισι-ἰὼ
1524 2183 1826 2238 animarum

226 2260 788 2345 M‘ﬂ‘ﬁﬁtiam
825 2270 1250 2344 incorruptibilis
1289 2275 1537 2345 corporis
1570 2289 1671 2331 :ac
1705 2272 1827 2331 ideo

226 2350 740 2433 nun’sitbsliquiiur
779 2361 1034 2429 Alleluia,
1082 2362 1212 2433 Haec
1257 2362 1403 2431 dies,
1452 2371 1662 2420 tractus
1689 2383 1705 2419 :
1732 2365 1827 2420 sed

227 2438 497 2517 Alleluia,
530 2451 791 2519 Laudato.
836 2453 1007 2524 pueri,
1044 2452 1362 2508 Dominum.
1416 2452 1525 2510 Sex
1568 2455 1685 2511 dies
1731 2456 1825 2527 qui

229 2544 379 2598 inter
408 2543 517 2599 duo
547 2543 773 2599 sabbata
813 2551 940 2599 sunt
974 2550 1265 2613 utrumque
1302 2542 1463 2600 nobis
1504 2552 1720 2614 tempus
1757 2544 1827 2600 ad

227 2628 883 2702 metuoﬁam'reducunt,
915 2634 1126 2690 scilicet
1156 2634 1318 2699 Adae,
1358 2632 1452 2705 qui
1484 2632 1586 2690 Iuit
1612 2635 1827 2691 deditus

229 2720 739 2780 Mrantissimo
761 2724 917 2795 operi
950 2718 1006 2778 in
1032 2724 1316 2795 paradiso;
1345 2734 1400 2780 et
1428 2723 1561 2780 illud
1589 2739 1698 2795 quo
1720 2722 1824 2779 lilii

231 2817 403 2874 Israel
420 2820 751 2874 transierunt
778 2834 882 2889 per
910 2818 1183 2873 desertum
1213 2815 1313 2874 sub
1348 2817 1592 2883 ducibus,
1624 2819 1679 2872 in
1715 2831 1823 2888 quo

232 2920 479 2980 tempore
514 2926 622 2967 non
655 2919 782 2967 sunt
806 2902 991 2965 attrita
1015 2911 1349 2966 vestimenta
1375 2908 1590 2991 illorum
1614 2951 1630 2977 ,
1656 2900 1716 2966 'et
1746 2906 1827 2965 sic

232 3003 454 3059 tandem
483 3012 848 3074 pervenerunt
870 3003 945 3058 ad
967 3002 1274 3059 libertatem
1293 3001 1349 3057 in
1375 3011 1518 3057 terra
1540 3002 1829 3073 repromis-

230 3094 442 3160 sionis,
489 3110 608 3165 qua:
655 3094 924 3163 signiﬁcat
970 3093 1200 3164 patriam
1244 3093 1299 3146 in
1338 3108 1444 3163 qua
1491 3092 1839 3165 recipiuntur-

229 3194 439 3242 sauctze
462 3187 655 3240 animze
677 3194 801 3255 post
825 3183 1079 3241 saeculum
1113 3191 1467 3239 transacmm.

454 3362 455 3365 η
512 3290 521 3293 γ
684 3292 727 3367 μ’
769 3290 997 3367 CAPUT
1030 3292 1317 3367 XXXIV.

376 3368 401 3381 ”
486 3366 499 3373 “
532 3380 537 3387 “
590 3388 591 3391 η
648 3382 651 3385 ‘
678 3362 757 3420 De
789 3366 1093 3423 diesaucto
1122 3362 1374 3420 “Parente.

296 3458 411 3515 Die
445 3455 892 3512 sanctoPaschae
923 3454 980 3509 in
1020 3453 1243 3510 introitu
1277 3466 1379 3522 per
1412 3465 1507 3508 ora
1538 3448 1831 3522 propheta-

229 3562 361 3604 rum
399 3554 689 3620 prxsentat
723 3560 784 3601 se
823 3544 1074 3602 Christus
1121 3559 1189 3600 ex
1237 3544 1634 3599 resurrectione
1677 3542 1827 3599 Patri

231 3660 338 3707 suo
366 3685 381 3708 ,
424 3644 477 3697 in
525 3640 765 3697 Ecclesia
804 3654 903 3694 sua
946 3639 1132 3694 dicens
1172 3654 1185 3692 :
1222 3635 1520 3720 Resurrexi
1557 3644 1614 3691 et
1652 3636 1827 3692 adhuc

233 3744 419 3790 tecum
462 3747 601 3787 sum.
640 3732 844 3787 'Oratio
878 3730 1054 3801 prima
1092 3728 1429 3785 demonstrat
1463 3728 1670 3782 aditum
1706 3740 1826 3783 esse

232 3812 489 3899 apertum
526 3833 726 3880 sanctae
763 3823 1019 3879 Ecclesia:
1060 3821 1212 3895 regni
1242 3820 1482 3876 ctelestis
1510 3832 1608 3890 per
1632 3817 1826 3890 capitis

231 3919 321 3974 sui
350 3915 828 3971 resurrectionem.
876 3912 1114 3984 Epistula
1154 3912 1409 3968 admonet
1447 3924 1546 3966 nos
1577 3916 1637 3964 ut
1671 3912 1827 3978 sepa-

230 4008 346 4065 rati
377 4007 547 4062 simus
578 4021 609 4060 a
632 4006 803 4073 vitiis’,
836 4005 889 4059 in
918 4019 1025 4075 quo
1055 4005 1383 4061 certavimus
1400 4007 1507 4073 ‘per
1543 4000 1658 4057 dies
1689 4014 1825 4072 qua-

231 4100 652 4172 dragesimales,
693 4108 750 4155 et
790 4098 1045 4171 necphyti
1080 4098 1394 4169 abiecerunt
1433 4097 1489 4152 in
1536 4094 1821 4167 baptismo.

231 4193 537 4249 Corinthiis
559 4194 710 4249 misit
735 4193 879 4248 illam
900 4192 1123 4259 Paulus,
1156 4202 1218 4253 ut
1246 4200 1576 4264 separarent
1604 4207 1661 4247 se
1693 4190 1827 4262 justi

233 4283 310 4339 ab
347 4277 435 4339 bis
476 4282 570 4355 qui
609 4284 718 4339 tale
754 4290 1035 4354 peceatum
1071 4283 1346 4348 fecerunt,
1376 4282 1535 4353 quale
1559 4297 1659 4338 nec
1685 4282 1829 4337 inter

1928 1823 2037 1871 tur.
2082 1818 2236 1874 Tunc
2278 1819 2428 1874 enim
2476 1821 2750 1876 antistites
2804 1821 2889 1877 vel
2938 1822 3182 1877 advocati
3230 1832 3511 1893 susceptos

1928 1923 2056 1964 suos
2117 1922 2219 1979 per
2273 1918 2468 1966 manus
2531 1911 2933 1981 immitionem
2986 1911 3510 1968 misericordissima

1927 1996 2162 2053 oll‘erunt
2208 2000 2484 2069 potestati.
2542 2000 2752 2067 Quibus
2802 2002 3072 2070 peractis,
3103 2010 3158 2056 et
3189 2001 3514 2073 participato

1928 2096 2080 2144 tanto
2110 2089 2409 2156 sacriﬁcio,
2454 2092 2753 2161 gratiarum
2787 2092 2930 2147 actio
2968 2099 3165 2148 cuncta
3204 2091 3474 2148 concluat
3493 2132 3510 2158 ,

1926 2196 2090 2252 quam
2126 2182 2187 2236 in
2212 2182 2297 2237 bis
2326 2182 2491 2238 etiam
2532 2183 2715 2239 verbis
2755 2184 3004 2239 ultimam
3034 2182 3323 2256 Apostolus
3357 2200 3511 2241 com-

1927 2273 2222 2329 mendavit.
2252 2273 2379 2329 Haec
2410 2286 2594 2330 autem
2623 2274 2728 2330 fuit
2751 2276 3023 2347 praecipue
3064 2291 3228 2332 causa
3278 2278 3380 2333 ista
3420 2277 3508 2333 di-

1927 2369 2121 2434 cendi,
2145 2377 2206 2423 ut
2236 2368 2322 2424 his
2364 2369 2611 2425 breviter
2657 2370 2995 2441 pﬁescriptis
3033 2379 3198 2441 atque
3237 2370 3511 2442 signiﬁca-

1926 2460 1997 2514 tis
2025 2474 2133 2514 non
2167 2464 2457 2529 putaretur
2480 2458 2865 2529 negligentiam
2895 2474 3017 2515 esse
3060 2460 3204 2530 quod
3242 2460 3509 2529 sequitur,

1929 2550 2041 2605 Pro
2068 2551 2310 2606 omnibus
2337 2551 2659 2615 hominibus,
2686 2564 2783 2621 pro
2805 2551 3014 2621 regibus
3040 2559 3090 2604 et
3115 2550 3197 2605 his
3226 2556 3320 2621 qut
3336 2550 3392 2604 in
3422 2566 3512 2604 su-

1928 2640 2181 2695 blimitate
2201 2650 2342 2705 sunt,
2370 2650 2426 2694 ut
2455 2641 2686 2711 quietam
2723 2648 2772 2693 et
2802 2638 3146 2710 tranquillam
3184 2639 3347 2695 vitam
3378 2655 3511 2709 aga-

1926 2748 2044 2787 mus
2065 2733 2124 2786 in
2151 2732 2301 2787 omni“
2318 2733 2509 2802 pietate
2534 2742 2583 2786 et
2613 2731 2901 2797 charitate,
2924 2744 2993 2785 ne
3027 2731 3342 2801 quisquam,
3371 2732 3516 2786 sicut

1927 2838 1989 2881 se
2016 2822 2182 2880 habet
2209 2825 2462 2880 humanas
2488 2823 2835 2892 cogitationis
2874 2821 3188 2888 inﬁrmitas,
3216 2822 3517 2877 aestimaret

1926 2926 2036 2970 non
2065 2928 2187 2971 esse
2215 2914 2320 2969 ista
2348 2912 2596 2970 facienda
2621 2928 2722 2984 pro
2750 2914 2838 2969 his
2878 2928 2909 2968 a
2940 2914 3137 2984 quibus
3178 2910 3516 2984 persecutio«

1930 3018 2059 3062 nem
2094 3006 2405 3077 patiebatur
2432 3004 2708 3070 Ecclesia,
2757 3019 2882 3061 cum
2931 3002 3179 3058 membra
3216 3002 3420 3058 Christi
3445 3016 3514 3057 ex

1928 3098 2075 3155 omni
2105 3105 2289 3155 essent
2327 3092 2612 3154 hominum
2642 3110 2842 3170 genere
2883 3095 3205 3167 colligenda.
3230 3093 3393 3150 {inde
3419 3095 3514 3148 ad-

1832 3250 1839 3255 ,
1918 3188 2097 3259 jungit
2111 3197 2168 3244 et
2187 3189 2347 3244 dicit:
2367 3186 2482 3242 Hoc
2503 3189 2642 3242 enini
2671 3187 2861 3242 bonum
2886 3195 3024 3240 estet
3042 3193 3309 3255 acceptum
3332 3194 3511 3236 eorum

1926 3274 2203 3331 Saluatore
2224 3285 2404 3330 nostra
2438 3276 2547 3330 Deo
2565 3315 2580 3340 ,
2619 3277 2710 3347 qui
2746 3291 2924 3329 omnes
2951 3273 3185 3328 homines
3209 3271 3318 3328 vult
3341 3272 3532 3327 salvos

1925 3365 2043 3436 fieri
2062 3374 2113 3420 at
2132 3364 2202 3422 ad
2229 3366 2553 3435 agnitionem
2575 3365 2810 3422 veritatis
2835 3365 3031 3419 uenire.
3048 3364 3116 3418 Et
3137 3378 3204 3418 ne
3224 3363 3513 3434 quisquam

1926 3456 2138 3512 diceret
2165 3468 2328 3526 posse
2373 3466 2496 3511 esse
2536 3454 2731 3511 salutis
2776 3455 2918 3509 viam
2959 3455 3015 3509 in
3043 3455 3186 3510 bona
3225 3462 3513 3509 conversa-

1927 3545 2076 3601 tione
2096 3554 2152 3602 et
2186 3545 2348 3601 unius
2377 3544 2764 3617 omnipotentis
2796 3545 2894 3601 Dei
2930 3544 3109 3625 cultu,
3137 3543 3255 3599 sine
3293 3543 3519 3615 partici-

1925 3636 2143 3707 patione
2183 3635 2434 3708 corporis
2476 3643 2534 3690 et
2579 3635 2860 3706 sanguinis
2908 3632 3147 3698 Christi,
3188 3648 3329 3686 unus
3373 3633 3515 3686 enim

1925 3726 2092 3792 Deus,
2116 3726 2314 3796 inquit,
2342 3735 2393 3781 et
2413 3743 2550 3785 unus
2577 3726 2841 3781 mediator
2862 3724 2963 3779 Dei
2989 3732 3038 3778 et
3062 3722 3331 3779 hominum
3355 3720 3515 3776 homo

1927 3817 2170 3873 Christus
2189 3817 2382 3884 Iesus;
2407 3824 2469 3876 ut
2498 3816 2637 3873 illud
2658 3817 2802 3887 quod
2824 3817 3083 3881 dixerat,
3107 3818 3300 3870 omnes
3337 3813 3513 3869 homi-

1926 3922 2027 3962 nes
2058 3907 2178 3962 vult
2222 3905 2345 3963 ﬁeri
2389 3907 2590 3974 salvos,
2639 3905 2790 3963 nullo
2838 3906 2948 3962 alio
2985 3906 3148 3962 modo
3176 3903 3516 3973 intelligatur

1925 3996 2175 4072 praestari
2192 3999 2313 4056 nisi
2326 4012 2429 4071 per
2448 3999 2831 4079 mediatorum,
2857 4002 2969 4054 nea
2990 3997 3180 4062 Deum,
3198 3996 3347 4067 quod
3369 4010 3514 4051 sem-

1926 4096 2181 4163 per'crat
2220 4089 2457 4155 Veritum
2484 4133 2498 4157 ,
2530 4091 2629 4148 sed
2657 4090 2934 4147 hominem
2979 4088 3255 4145 Christum
3302 4086 3511 4152 Iesum,

1928 4196 2052 4237 cum
2091 4180 2471 4236 Verbum-caro
2491 4180 2693 4250 factum
2717 4188 2822 4243 est,
2855 4188 2905 4233 et
2931 4176 3178 4231 habitauit
3197 4176 3254 4228 in
3280 4174 3428 4229 nobis
3446 4176 3508 4244 1'.

1929 4268 2219 4326 Orationes
2248 4277 2487 4341 quatuor
2506 4280 2641 4338 quas
2661 4275 2930 4322 memorat
2957 4263 3016 4319 Β.
3040 4262 3406 4343 Augustinum,
3432 4262 3511 4317 ita

232 4380 431 4446 gentes
460 4354 775 4430 audiebatur
804 4391 817 4428 :
845 4380 899 4428 et
922 4372 1419 4444 perpteni'tentiam
1450 4389 1557 4429 non
1589 4380 1827 4428 reverte-

1932 4360 2177 4417 nominat
2199 4369 2385 4415 nostra
2414 4356 3199 4421 translaticiasaacratieues,
3225 4354 3508 4417 orationes,

230 4465 439 4521 lentu
474 4464 543 4519 ad
579 4471 782 4519 eretum
812 4470 1149 4518 sanctorum.
1196 4461 1304 4531 ipsi
1343 4470 1500 4517 erant
1522 4470 1688 4518 vetus
1720 4458 1829 4516 fer-

233 4564 507 4621 mentum,
530 4561 587 4609 et
612 4552 691 4608 illi
721 4552 893 4625 ιιγωί
918 4550 1141 4622 propter
1160 4551 1455 4606 novitatem
1472 4551 1621 4606 vitae.
1670 4550 1749 4606 ita
1773 4559 1831 4607 et

231 4663 343 4704 nos
384 4646 740 4702 admonemur
772 4645 901 4711 illa,
946 4653 1008 4700 ut
1049 4644 1167 4700 sine
1212 4644 1599 4701 retractatione
1646 4647 1701 4702 in
1741 4646 1828 4703 die

233 4743 434 4791 sancto
456 4733 681 4790 Pascha:
702 4733 863 4790 alieni
890 4734 1063 4790 simus
1090 4748 1122 4787 a
1145 4732 1316 4788 vitiis.
1348 4732 1453 4788 Det
1482 4732 1627 4789 Deus
1661 4744 1721 4789 ut
1748 4736 1827 4790 si-

230 4834 333 4881 cut
362 4824 531 4881 Filius
552 4825 669 4896 ejus
692 4825 952 4896 Domipns
976 4828 1183 4890 noster,
1213 4824 1313 4894 qui
1344 4822 1605 4879 hodierna
1634 4824 1722 4880 die
1753 4824 1830 4879 ita

232 4915 543 4970 resurrexit
575 4928 605 4968 a
642 4914 895 4979 mortuis,
935 4919 993 4969 ut
1026 4929 1177 4970 mors
1215 4914 1358 4969 ultra
1397 4914 1685 4984 repetitum
1721 4929 1827 4970 non

234 5004 445 5061 habeat
471 5004 535 5059 in
556 5004 669 5069 illo,
696 5004 770 5059 ita
798 5018 899 5060 nec
923 5002 979 5059 in
1005 5004 1264 5060 membris
1294 5005 1407 5060 suis
1426 5004 1664 5060 habeant
1690 5018 1832 5076 prte-

234 5093 408 5149 ιρι-ειη
421 5094 551 5149 vitia
563 5108 740 5164 neque
751 5094 1110 5150 imminentia.
1146 5095 1546 5166 Responsorius
1564 5103 1830 5151 monstrat

216 5191 506 5255 quantum
543 5183 716 5239 uetari
742 5191 1109 5255 oporteateos
1136 5185 1228 5255 qui
1254 5194 1557 5257 purgantur
1581 5201 1612 5240 a
1636 5186 1827 5253 vitiis;

232 5275 301 5329 in
331 5271 559 5328 Alleluia
584 5281 921 5330 monstratur
940 5275 999 5328 in
1014 5288 1127 5345 quo
1144 5275 1216 5330 sit
1232 5282 1398 5330 tanta
1421 5275 1622 5330 laetitiae
1641 5290 1827 5343 causa,

233 5365 300 5424 id
326 5375 432 5431 est,
463 5367 589 5437 quia
621 5364 832 5421 Pascha
864 5376 1099 5422 nostrum
1127 5366 1428 5422 itnmolatus
1453 5375 1531 5422 est
1554 5365 1830 5433 Christus:

233 5460 422 5529 itaque
430 5457 725 5527 epulamur,
744 5465 802 5512 et
818 5465 1032 5513 castora.
1048 5457 1401 5528 Evangelia!!!
1414 5458 1633 5528 exponit
1650 5456 1837 5528 perte-

232 5549 390 5606 clins
404 5564 627 5606 causam
650 5550 825 5606 totius
836 5548 1208 5617 lmiitim.‘Qula
1220 5562 1321 5606 suo
1340 5550 1393 5605 in
1415 5549 1553 5615 loco,
1580 5550 1627 5605 si
1649 5547 1833 5604 Domi-

236 5654 351 5695 nus
370 5638 599 5711 dederit.
632 5641 826 5697 dicturi
849 5655 1038 5696 sumus
1056 5640 1391 5697 enucleatius
1416 5641 1484 5696 de
1506 5648 1624 5695 toto
1648 5638 1833 5694 uilicio

1931 4449 2327 4522 postulationes,
2352 4449 2647 4519 gratiarum
2684 4446 2936 4501 actiones.
2972 4443 3079 4500 {ibi
3122 4444 3284 4499 etiam
3320 4451 3512 4497 notau-

1932 4543 2060 4598 dum
2088 4547 2174 4596 est
2197 4539 2342 4611 quod
2374 4539 2553 4594 oratio
2573 4537 2666 4592 illa
2692 4551 2815 4607 quas
2838 4537 2926 4591 sic
2968 4535 3295 4590 inchoatur:
3323 4532 3511 4587 Libera

1932 4646 2026 4690 nos
2051 4639 2375 4704 quantum,
2402 4629 2645 4693 Domine,
2668 4628 2733 4683 ab
2761 4627 3001 4683 omnibus
3024 4624 3201 4690 malis,
3233 4623 3527 4680 conclusio’

1932 4725 2006 4781 sit
2030 4730 2244 4781 tantum
2285 4721 2550 4777 orationis
2580 4718 2901 4783 Dominicis,
2933 4728 3059 4772 cum
3086 4711 3149 4769 Β.
3177 4714 3531 4785 Augustinus

1932 4814 2097 4880 dicat,
2129 4832 2149 4867 ι
2183 4824 2347 4884 want
2376 4818 2544 4866 totam
2575 4808 2894 4880 petitionem
2916 4805 3033 4864 tere
3054 4807 3234 4862 omnis
3267 4804 3512 4861 Ecclesia

1930 4902 2214 4959 Dominica
2261 4900 2515 4956 oratione
2563 4897 2866 4964 concludit;
2896 4917 2920 4951 ν
2960 4895 3233 4968 simulque
3270 4896 3376 4950 hoc
3416 4892 3523 4949 no;

1932 4995 2154 5051 tandum
2183 4993 2330 5065 quod
2368 4992 2675 5048 orationem
2725 4990 2875 5045 illam
2912 5000 3077 5060 quam
3394 4986 3513 5041 sive

1932 5085 2181 5141 advocati
2233 5085 2415 5140 solent
2455 5082 2637 5138 facere
2680 5092 2849 5152 super
2894 5079 3154 5151 populum
3190 5092 3317 5134 cum
3355 5077 3541 5146 signo-

1933 5182 2135 5231 sanetae
2184 5173 2365 5230 crucis
2387 5212 2403 5237 ,
2436 5172 2530 5228 ille
2566 5169 2780 5227 solebat
2817 5169 3001 5226 facere
3038 5182 3193 5235 eam,
3218 5174 3511 5238 postquam

1932 5263 2586 5333 cominiuuobatweorpus
2636 5260 2850 5317 Donuni
2902 5260 2974 5317 ad
2992 5256 3506 5339 satagimus:

1931 5369 2094 5426 quam
2117 5353 2421 5411 statim
2443 5358 2602 5408 vocat
2619 5350 3029 5421 postulationes.
3048 5347 3193 5403 Dein
3209 5344 3514 5415 emuntur

1933 5439 2233 5519 gratiarum
2277 5443 2556 5509 actiones,
2597 5441 2835 5512 quando
2864 5446 2991 5510 post
3034 5436 3279 5492 auditam
3317 5445 3533 5488 vocem,

1933 5534 2170 5601 diaconi,
2195 5532 2496 5604 quordicit,
2521 5530 2625 5597 Ite,
2652 5531 2814 5587 missa
2839 5537 2937 5596 est,
2955 5528 3100 5591 sive,
3124 5523 3525 5604 Benedieamus"

1934 5625 2179 5690 Domino,
2203 5622 2432 5690 populus
2452 5622 2763 5681 respondet.
2790 5618 2905 5673 Deo
2927 5616 3146 5677 arctius.
3310 5622 3329 5633 ‘
3530 5628 3531 5631 ‘
