3890 6180
335 249 476 306 1063

877 347 1104 406 CAPUT
1143 345 1364 402 XXXV.

331 455 719 512 Demonstratio
746 449 888 522 quod
923 447 1322 522 informeatsex
1343 445 1456 522 dies
1489 441 1764 522 paschales
1808 451 1958 522 etp-II

406 537 544 583 teras
586 524 696 576 dies
735 513 1034 572 Dominicos
1074 525 1129 584 et
1161 515 1338 584 justas
1383 513 1615 584 honiines
1652 527 1670 564 :
1707 521 1754 584 et
1806 513 1916 564 dies

399 582 778 671 quinquaginta
805 607 836 642 α
851 587 1074 671 sabbato
1095 582 1344 671 fasciae,
1363 595 1526 671 Itaque
1547 583 1614 671 ad

399 652 704 724 datadari»:
727 660 1080 720 Pentecostes,
1099 655 1334 724 futuram
1357 652 1538 716 uitam,
1559 663 1608 724 et
1623 652 1918 724 quotidiani

399 722 512 792 dies
540 735 644 788 sive
673 722 1400 798 Septuagesimte'Dominici,
1435 741 1526 780 seu
1557 722 1922 792 ‘Quatlragesi-

401 806 584 866 males,
615 801 940 872 paenitentes.
1685 867 1688 870 Ι

401 919 480 973 llli
519 931 614 972 sex
657 915 772 970 dies
802 911 1118 982 paschales,
1170 912 1225 965 in
1272 910 1470 980 quibus
1515 907 1920 978 reSponsorium

331 1019 614 1072 cantamus
636 1014 692 1060 et
721 1003 950 1058 Alleluia
969 1001 1284 1064 informant
1315 1009 1544 1056 caeteros
1583 999 1704 1054 dies
1739 997 1930 1052 Domi-

331 1103 482 1158 nicos
509 1101 622 1154 sive
645 1099 810 1152 festos
833 1136 848 1160 ,
891 1109 1028 1164 quos
1065 1092 1410 1148 celebramus
1437 1093 1506 1145 ab
1533 1090 1750 1146 octavis
1783 1087 1926 1142 Pen-

331 1201 568 1252 tecostes
607 1203 778 1259 usque
815 1189 870 1240 in
901 1184 1395 1255 Septuagesimum.
1441 1181 1840 1252 Responsorius
1865 1189 1926 1236 et

333 1284 562 1339 Alleluia
599 1289 781 1338 actum
821 1295 1012 1334 eorum
1041 1287 1096 1332 et
1125 1277 1370 1332 laetitiam
1401 1277 1519 1332 sive
1557 1273 1774 1330 laudem
1811 1273 1926 1326 sive

333 1376 632 1444 gratiarum
679 1372 960 1435 actiones,
1007 1371 1098 1437 qui
1133 1375 1490 1438 perseverant
1533 1366 1589 1422 in
1635 1363 1928 1420 sanctitate

333 1480 498 1534 quam
529 1469 858 1532 acceperunt
881 1459 935 1514 in
957 1459 1258 1526 baptismo,
1287 1457 1560 1514 recolunt.
1587 1457 1666 1509 lta
1695 1455 1840 1510 enim
1871 1456 1926 1510 in

335 1570 432 1624 spe
457 1555 662 1608 habent
687 1566 914 1621 regnum
945 1550 1208 1615 futurum,
1233 1558 1294 1604 ut
1321 1551 1484 1604 etiam
1514 1550 1604 1604 bic
1635 1550 1776 1604 bene
1797 1563 1932 1618 0pc-

335 1645 504 1700 rando
552 1643 622 1696 ad
663 1640 1058 1696 beatitudinem
1113 1640 1458 1710 perveniant.
1512 1639 1672 1704 Sive,
1717 1645 1780 1694 ut
1819 1638 1928 1694 alio

1365 233 1700 292 AMALARII
1741 195 2194 316 possemut
2219 225 2559 283 METENSIS

1949 349 2000 409 Α
2025 341 2144 396 sine
2171 337 2370 409 quibus
2395 337 2511 392 bace
2553 337 2664 392 vita
2705 351 2812 391 non
2855 335 3055 408 agitur,
3091 351 3197 390 non
3237 335 3616 406 quotidianam

3473 225 3613 280 “NH

2019 431 2284 486 medelam
2320 439 2545 498 poneret
2580 429 2635 482 in
2671 429 2920 482 oratione
2945 443 3110 498 quam
3139 427 3347 493 docuit,
3377 435 3438 482 ut
3471 427 3624 484 dica-

2019 535 2140 584 mus
2166 540 2179 576 :
2213 519 2429 576 Dimitte
2461 519 2611 574 nobis
2639 519 2812 574 debita
2845 530 3046 588 nostra,
3077 521 3214 574 sicut
3235 530 3282 574 et
3315 537 3414 575 nos
3443 523 3628 594 dimit-

2020 615 2178 668 timus
2201 611 2520 665 debitoribus
2543 613 2738 666 nostris
2759 611 2819 682 ’ξπ
2843 609 3158 679 Quotidiani
3181 609 3298 666 dies
3323 609 3636 668 informant

2021 717 2144 770 eos,
2175 702 2306 772 quia
2345 699 2525 756 solent
2573 701 2894 773 presbytero
2945 699 3195 758 confiteri
3245 687 3514 774 peCcata,
3571 715 3634 779 ut

2023 793 2393 862 corripiantur
2433 792 2502 848 ab
2531 793 2679 863 ipso,
2712 800 2768 847 et
2798 793 3090 848 consilium
3130 794 3404 866 accipiant
3447 796 3634 864 panti-

2023 885 2192 940 tendi.
2221 883 2328 954 Ipsi
2355 883 2474 939 dies
2501 885 2620 940 sine
2655 883 2886 938 Alleluia
2921 885 3324 958 transiguntur,
3351 887 3482 958 quia
3517 903 3632 940 non

2023 983 2108 1030 est
2131 975 2357 1044 pulchra
2389 975 2511 1032 laus
2539 975 2594 1029 in
2630 990 2728 1030 ore
2774 975 3101 1045 peccatoris.
3131 975 3391 1044 Quamvis
3423 977 3634 1032 citatus

2024 1069 2096 1122 sit
2126 1068 2270 1124 Deus
2297 1067 2364 1122 ad
2391 1069 2750 1138 parcendum,
2787 1077 2966 1123 tamen
2999 1085 3106 1123 non
3137 1070 3250 1124 cito
3291 1079 3478 1140 potest
3505 1087 3638 1124 cru—

2023 1153 2304 1215 bescentia
2339 1168 2682 1230 peccatorum
2721 1161 2957 1218 transire
2989 1179 3020 1215 a
3045 1163 3208 1232 corde
3233 1163 3390 1232 justi.
3417 1163 3636 1218 Memo-

2027 1261 2205 1308 ratum
2235 1239 2458 1308 modum
2505 1251 2766 1310 informat
2799 1269 2993 1308 versus
3037 1254 3130 1324 qui
3172 1254 3309 1308 dicit
3343 1272 3356 1308 :
3395 1252 3525 1308 Non
3559 1267 3638 1308 est

2025 1347 2227 1400 sanitas
2255 1346 2310 1400 in
2335 1363 2492 1400 carne
2517 1362 2632 1400 mea
2661 1363 2691 1400 a
2711 1346 2852 1416 facie
2882 1347 2976 1400 irte
2999 1353 3106 1400 tum
3129 1362 3146 1399 :
3181 1363 3284 1400 non
3305 1356 3384 1400 est
3403 1363 3516 1416 pas:
3545 1364 3642 1400 os-

2026 1437 2170 1490 sibus
2211 1437 2340 1490 meis
2381 1453 2415 1488 a
2463 1437 2601 1506 facie
2645 1445 2980 1512 peccatorum
3020 1452 3275 1490 meorum.
3311 1436 3641 1510 informant

2026 1527 2190 1582 etiam
2225 1527 2386 1580 verba
2415 1525 2628 1582 Domini
2649 1565 2676 1591 ,,
2695 1526 2766 1580 ad
2797 1523 3016 1596 Moysen
3047 1525 3279 1580 dicentis
3307 1525 3376 1582 de
3411 1525 3594 1580 Maria
3625 1547 3640 1580 :

2029 1617 2086 1672 Si
2115 1623 2270 1687 pater
2291 1615 2410 1685 ejus
2437 1615 2676 1684 spuisset
2703 1613 2759 1668 in
2787 1611 2982 1668 faciem
3027 1613 3145 1684 ejus
3163 1654 3180 1678 ,
3213 1628 3392 1668 nonne
3421 1615 3646 1668 deinre-

337 1737 498 1791 modo
526 1736 794 1798 dicamus,
820 1748 918 1802 per
949 1733 1356 1802 responsat-ium
1389 1732 1624 1788 activam
1655 1732 1820 1786 vitam
1847 1731 1928 1786 in-
1953 1713 2000 1770 B
2029 1716 2116 1764 rat
2143 1706 2336 1762 sane”
2373 1705 2816 1802 δέυωωδίθνυω
2856 1703 3056 1762 "more
3085 1701 3358 1759 smmum?
3393 1703 3644 1802 Separe'

335 1828 660 1898 telligiuius,
693 1839 791 1896 per
833 1823 1050 1878 alleluia
1089 1823 1584 1893 contemplativam.
1613 1823 1784 1878 Actus
1825 1839 1922 1878 ne-

334 1933 489 1972 cesse
517 1927 602 1974 est
641 1917 730 1970 hic
759 1915 1093 1980 celebretur,
1140 1923 1200 1968 ut
1227 1915 1370 1983 quo]
1411 1929 1695 1984 speramus
1743 1922 1798 1968 et
1827 1929 1926 1984 per

333 2008 652 2078 patientiam
679 2013 1060 2074 exspectamus
1089 2005 1318 2075 adipisci
1351 2005 1632 2060 valeamus
1653 2020 1749 2074 per
1783 2006 1924 2060 bona

333 2116 517 2170 opera.
553 2099 904 2168 Responsorii
935 2098 1010 2152 illi
1045 2113 1182 2166 quos
1211 2113 1308 2168 per
1333 2113 1430 2152 sex
1451 2097 1571 2152 dies
1603 2105 1924 2162 cantamus,

339 2190 454 2246 sive
482 2203 578 2268 per
614 2196 844 2242 caeteros
891 2187 1202 2246 Dominicos
1247 2187 1400 2250 dies,
1431 2186 1518 2240 vel
1556 2185 1782 2242 festivos
1809 2187 1928 2242 dies

337 2287 673 2344 sanctorum,
705 2280 906 2350 quibus
934 2278 1288 2348 subsequitur
1317 2277 1546 2334 Alleluia
1565 2319 1580 2344 ,
1617 2279 1753 2336 tales
1773 2289 1928 2334 actus

337 2370 646 2442 signiﬁcant
674 2371 850 2440 qualis
879 2379 962 2430 est
991 2371 1328 2441 praedicatio,
1353 2370 1536 2436 lectio,
1559 2371 1926 2443 eleemosyna,

339 2463 580 2520 visitatio
611 2464 920 2530 vitiatarum,
953 2463 1284 2536 pupillorum
1311 2473 1364 2520 et
1395 2463 1760 2522 infirmorum.
1800 2463 1938 2518 Haec:

337 2555 392 2609 in
421 2556 676 2624 praesenti
705 2555 904 2612 saeculo
929 2555 1079 2616 omni
1113 2555 1204 2610 die
1233 2555 1518 2612 Dominico
1543 2571 1706 2626 agere
1737 2571 1929 2626 possu-

339 2661 460 2712 mus
483 2648 608 2702 sine
637 2647 1042 2704 retractatione.
1071 2646 1281 2713 Quibus
1309 2648 1361 2702 id
1387 2656 1472 2703 est
1501 2647 1816 2704 memoratis
1845 2663 1930 2702 re—

337 2737 656 2807 sponsoriis,
685 2737 914 2792 Alleluia
937 2739 1214 2808 sequitur,
1245 2739 1378 2808 quia
1401 2749 1530 2810 post.
1561 2739 1722 2794 talem
1753 2739 1926 2796 actio-

343 2841 470 2884 nem
497 2827 552 2880 in
581 2825 796 2880 laudem
819 2825 914 2882 Dei
947 2827 1274 2882 transfertur
1295 2829 1476 2884 animo
1501 2829 1836 2884 sanctificata
1857 2828 1930 2886 ab

340 2918 490 2982 omni
517 2927 762 2987 peccato.
787 2919 866 2972 llli
893 2919 1012 2974 dies
1039 2921 1428 2992 quinquaginta
1449 2921 1540 2990 qui
1565 2934 1869 2990 sequamur
1893 2937 1930 2978 a

343 3006 578 3064 sabbato.
595 3008 842 3062 Paschali
865 3024 1035 3078 usque
1057 3009 1126 3063 ad
1147 3019 1369 3066 octavas
1395 3010 1764 3078 Pentecostes,
1797 3010 1930 3070 allo-

2029 1811 2120 1856 tur
2147 1809 2356 1870 septem
2387 1799 2578 1854 diebus
2605 1807 2763 1854 extra
2785 1809 2990 1864 castra,
3015 1805 3070 1852 et
3101 1806 3292 1867 postea
3335 1799 3638 1854 revocabi-

2031 1901 2136 1946 tur.
2161 1893 2260 1968 (Ζιξί
2287 1885 2432 1956 enim
2461 1890 2677 1960 spuitur
2711 1891 2766 1944 in
2797 1889 3032 1956 faciem,
3063 1889 3352 1960 despectus
3399 1891 3640 1944 adhibe-

2031 1991 2139 2038 tur.
2172 1981 2400 2049 Quando
2433 1995 2534 2035 nos
2567 1979 2712 2036 Deus
2748 1979 2977 2050 despicit
3009 1989 3238 2051 propter
3263 1991 3494 2050 peccata
3535 1997 3640 2037 no-

2029 2081 2166 2140 stra,
2196 2055 2400 2128 rubore.
2415 2069 2673 2128 debemus
2709 2067 2958 2140 perfundi
3002 2085 3174 2140 usque
3211 2071 3280 2124 ad
3309 2073 3646 2142 completiu-

2031 2181 2156 2220 ncm
2171 2172 2378 2236 septem
2403 2161 2636 2226 dierum,
2662 2161 2716 2216 id
2744 2168 2850 2226 est,
2871 2177 3044 2232 usque
3069 2162 3136 2216 ad
3163 2161 3644 2240 satisfactionem.

2029 2257 2133 2312 Per
2163 2253 2550 2312 abstinentiam
2573 2251 2806 2312 Alleluia
2853 2251 2910 2306 in
2955 2252 3288 2324 quotidianis
3331 2253 3534 2310 diebus
3587 2255 3648 2310 in

2028 2349 2204 2406 ull-icio
2235 2347 2416 2404 missa:
2441 2345 2610 2412 rubor
2635 2345 2894 2402 Ecclesia:
2931 2323 3290 2436 monstratust,
3323 2361 3494 2416 quem
3525 2348 3646 2402 ba-

2028 2440 2123 2496 bet
2145 2439 2210 2494 de
2235 2439 2348 2494 suis
2375 2437 2696 2503 vulneratis,
2723 2446 2779 2494 et
2809 2438 3050 2496 nondum
3079 2439 3306 2500 satiatis.
3327 2439 3402 2496 At
3439 2440 3652 2495 Domi-

2031 2531 2139 2594 nici
2155 2531 2271 2587 dies
2294 2547 2326 2586 a
2349 2529 2762 2600 Septuagesima
2786 2545 2957 2600 usque
2979 2531 3034 2585 in
3059 2530 3268 2588 Pascha
3295 2533 3516 2588 Dentini
3541 2547 3652 2590 eos

2033 2621 2330 2698 informant
2393 2622 2488 2692 qui
2547 2621 2636 2676 bis
2689 2622 3080 2684 tentationibus
3133 2623 3452 2686 tenduntur,
3507 2625 3648 2680 sine

2032 2715 2228 2784 quibus
2259 2714 2372 2770 vita
2403 2728 2648 2784 praesens
2685 2727 2792 2772 non
2817 2722 3002 2784 potest
3033 2715 3282 2788 transigi.
3311 2715 3648 2786 Responnso-

2033 2805 2130 2862 riis
2149 2805 2364 2862 dierum
2387 2805 2604 2864 illorum
2629 2819 2736 2862 non
2763 2805 3208 2862 subministratur
3239 2806 3467 2862 Alleluia
3487 2849 3506 2874 ,
3541 2811 3652 2866 sed

2037 2905 2266 2963 tractus,
2291 2896 2382 2966 qui
2409 2895 2659 2966 quamvis
2683 2895 2950 2968 pertineat
2995 2897 3064 2952 ad
3110 2896 3650 2968 contemplationem

2033 2999 2262 3062 propter
2287 3003 2444 3060 suam
2497 2987 2836 3044 dulcedinem
2871 2997 2929 3044 et
2971 2990 3256 3054 unionem,
3289 2999 3472 3046 tamen
3525 3008 3652 3048 non

345 3112 466 3152 ram
507 3097 676 3154 vim
719 3065 1036 3165 ini-omnin“
1079 3114 1244 3170 quam
1284 3065 1528 3156 nondum?
1553 3065 1930 3174 νενωρξηξυέ.
1953 3065 2006 3129 .C
2037 3079 2196 3174 estin
2221 3087 2380 3174 tanta
2399 3077 2608 3174 [tt-titia,
2637 3079 2692 3174 in
2719 3087 2922 3174 quanta
2951 3089 3036 3134 est
3067 3079 3154 3134 illa
3181 3081 3388 3174 dequo
3407 3079 3658 3174 dicebat

345 3189 438 3244 ubi
467 3205 576 3246 non
597 3189 706 3244 erit
731 3190 1110 3260 responsorius
1129 3231 1144 3258 ,
1171 3192 1298 3261 quia
1335 3190 1540 3247 nemini
1568 3191 1642 3250 ibi
1671 3194 1934 3264 praedica-

343 3279 492 3334 bitur
518 3296 532 3332 :
563 3281 662 3336 sed
689 3289 854 3338 erunt
881 3295 1072 3336 omnes
1095 3281 1356 3340 docibiles
1379 3282 1508 3349 Dei;
1533 3297 1710 3354 neque
1729 3285 1934 3356 aliquis

341 3368 652 3424 visitabitur
680 3371 808 3441 quia
831 3385 994 3426 neuio
1019 3371 1094 3426 ibi
1117 3372 1302 3438 vidua,
1333 3388 1508 3444 neque
1541 3375 1798 3446 pupillus,
1831 3393 1932 3434 ne-

344 3475 450 3530 que
471 3459 742 3516 infirmus.
773 3462 1128 3534 Eleemosyna
1156 3479 1263 3518 non
1295 3451 1404 3520 erit
1427 3467 1768 3532 necessaria,
1803 3468 1932 3538 quia

347 3564 507 3606 iietno
529 3552 602 3608 ibi
629 3552 900 3625 indigens,
925 3553 1026 3610 sed
1047 3563 1266 3610 tantum.
1279 3554 1508 3610 Alleluia
1539 3557 1614 3613 ibi
1633 3558 1936 3616 celebrabi-

347 3650 458 3706 tur,
489 3643 542 3698 id
563 3652 652 3700 est
681 3643 870 3700 laetitia
893 3646 1204 3702 animarum
1239 3648 1306 3702 de
1349 3655 1604 3718 percepta
1646 3649 1932 3706 intorta-

348 3729 504 3786 litate
535 3739 600 3786 et
645 3734 956 3802 receptione
997 3749 1316 3806 corporum,
1351 3745 1412 3792 ut
1451 3738 1754 3807 gratiarum
1794 3740 1942 3796 actio

349 3819 460 3876 Deo
489 3835 660 3890 usque
691 3822 748 3876 in
777 3823 1194 3893 sempiternum.
1215 3825 1494 3882 .Eamdem
1537 3826 1780 3884 laetitiam
1829 3845 1936 3885 nu-

351 3923 440 3964 me
449 3925 538 3964 rus
559 3910 1062 3982 quinquagenarius
1083 3913 1374 3983 signiﬁcat,
1399 3915 1494 3985 qui
1515 3916 1662 3986 apud
1677 3915 1938 3976 Hebraeos

343 3997 595 4068 jubilzeus
621 4001 942 4071 appellatur,
969 4003 1029 4062 id
1067 4013 1184 4069 est,
1209 4005 1534 4076 jubilatione
1551 4007 1778 4076 plenus.
1797 4007 1942 4077 Quid

348 4092 530 4148 ceteri
557 4091 672 4150 dies
699 4091 1016 4160 informem,
1041 4109 1110 4150 ex
1137 4095 1276 4152 libro
1307 4095 1364 4152 S.
1387 4097 1682 4169 Augustini
1711 4102 1786 4156 de
1808 4101 1940 4158 Fide

349 4189 406 4236 et
449 4181 720 4251 Operibus
765 4184 1134 4251 considerare,
1187 4196 1246 4240 ut
1287 4185 1500 4256 opinor,
1547 4187 1827 4244 valemus:
1857 4190 1938 4245 sie

349 4272 494 4326 enim
525 4273 656 4328 dicit
685 4290 697 4326 :
731 4271 846 4328 Non
869 4275 998 4343 quia
1023 4278 1312 4346 quisquam
1337 4277 1424 4332 ita‘.
1435 4278 1598 4336 debet
1629 4279 1848 4344 extolli,
1880 4288 1942 4338 ut

351 4375 460 4416 non
487 4361 686 4428 dicam,
709 4364 852 4433 apud
871 4363 1010 4420 alios
1029 4363 1262 4432 jactare,
1289 4367 1385 4422 sed
1409 4369 1554 4438 apud
1575 4368 1812 4438 scipsum
1839 4384 1938 4438 pu-

349 4459 466 4507 tare
493 4453 722 4520 audeat,
751 4453 850 4510 sed
881 4454 936 4510 in
967 4455 1072 4510 hac
1104 4457 1214 4512 vita
1249 4471 1374 4512 esse
1409 4458 1530 4514 sine
1555 4469 1800 4529 peccato.
1832 4459 1940 4514 Sed

348 4542 454 4596 nisi
483 4551 665 4600 essent
687 4545 938 4613 quaedam
965 4545 1040 4600 ita
1077 4547 1262 4617 gravia
1281 4588 1298 4614 ,
1327 4549 1582 4604 utetiam
1617 4564 1938 4604 excommu-

347 4633 620 4706 nicationi:
665 4633 948 4705 plectentia
995 4637 1140 4703 sint,
1189 4653 1304 4694 non
1349 4639 1558 4696 diceret
1603 4639 1895 4712 Apostolus
1921 4681 1938 4707 ,

349 4720 684 4792 Cougregatis
724 4723 870 4780 vobis
909 4735 960 4780 et
1001 4743 1118 4782 meo
1161 4728 1354 4798 spiritu
1391 4729 1598 4788 tradere
1637 4729 1942 4799 hujusmodi

351 4806 918 4868 Sataneiniateritum
947 4817 1144 4882 carnis,
1169 4817 1462 4887 utspiritus
1485 4815 1663 4872 saluus
1685 4821 1832 4874 sitia
1857 4822 1943 4876 die

351 4899 564 4954 Domini
585 4902 734 4956 ὄθεν.
783 4904 934 4962 Unde
969 4909 1136 4962 etiam
1173 4908 1308 4964 dicit
1329 4927 1348 4962 ξ
1379 4905 1462 4964 Ne
1507 4909 1714 4980 lugeam
1743 4912 1938 4968 stultos

345 5005 414 5044 ea:
433 4989 518 5043 liis
537 4990 628 5059 qui
653 5001 778 5046 ante.
803 5005 1164 5063 peccauerunt,
1199 5007 1250 5052 et
1283 5015 1390 5055 non
1429 5010 1644 5071 egerunt
1689 5004 1934 5070 paenitea-

345 5080 477 5136 tiam
499 5097 656 5152 super
673 5083 1008 5140 immuuditia
1027 5097 1078 5142 et
1103 5087 1450 5158 fornicatione
1468 5109 1627 5164 quam
1647 5108 1936 5166 gesserunt.

347 5171 480 5230 Item
509 5174 616 5230 nisi
643 5184 844 5234 essent
871 5178 1120 5247 quadam
1165 5195 1273 5236 non
1317 5195 1386 5238 ea
1433 5183 1742 5240 humilitate
1765 5187 1940 5256 puerti-

351 5267 534 5322 tentite
557 5269 823 5335 sananda,
851 5272 1028 5341 qualis
1053 5274 1110 5328 in
1141 5275 1386 5334 Ecclesia
1405 5279 1568 5336 datur
1577 5282 1668 5336 eis
1687 5282 1778 5350 qui
1801 5297 1930 5352 pro-

347 5358 466 5426 prie
487 5361 816 5428 petulantes
843 5373 1130 5432 vocantur,
1155 5367 1248 5422 sed
1277 5369 1602 5438 quibusdam
1635 5373 1936 5444 correptio-

353 5461 484 5504 num
509 5449 939 5519 medicamentis,
965 5469 1088 5514 non
1109 5455 1318 5514 diceret
1353 5459 1466 5527 ipse
1489 5459 1782 5527 Dominus,
1807 5462 1938 5517 Cor-

353 5536 466 5604 ripe
489 5551 608 5590 eum
633 5539 771 5594 inter
793 5549 842 5596 te
866 5551 912 5598 et
937 5543 1110 5612 ipsum
1139 5545 1332 5612 solum,
1357 5551 1474 5602 etsi
1499 5558 1548 5602 te
1573 5550 1824 5618 attdierit,
1849 5551 1934 5606 lu-

351 5631 526 5676 cratus
547 5641 600 5678 es
621 5627 834 5694 fratrem
857 5640 1024 5688 tuam.
1039 5633 1336 5702 Postremo,
1363 5638 1462 5692 nisi
1488 5649 1668 5694 essent
1689 5641 1932 5710 quadam

2033 3169 2307 3226 Jacobus:
2341 3167 2446 3234 Qui
2474 3178 2649 3224 autem
2675 3170 2732 3222 in
2756 3169 2908 3224 verbo
2944 3185 3048 3224 non
3083 3171 3304 3224 ostendit
3332 3170 3422 3224 hic
3455 3172 3656 3241 perfe-

2035 3271 2150 3316 ctus
2171 3271 2246 3316 est
2267 3261 2368 3316 vir.
2389 3259 2448 3316 In
2469 3261 2662 3318 diebus
2691 3260 3252 3332 quadragesimalibus
3273 3269 3398 3318 ante
3421 3266 3658 3332 pascha

2036 3351 2296 3416 informat
2315 3367 2412 3410 eos
2433 3360 2622 3410 sancta
2649 3351 2918 3418 Ecclesia,
2943 3354 3038 3422 qui
3059 3355 3276 3426 pr0prie
3295 3355 3658 3426 praenitentes

2035 3453 2326 3509 vocantur,
2351 3451 2580 3514 excepto
2607 3443 2753 3514 quod
2781 3459 2889 3500 non
2915 3447 3446 3512 excommunicatnr,
3473 3457 3546 3501 et
3573 3450 3654 3504 ad

2036 3550 2250 3591 manus.
2274 3533 2745 3608 reconciliationis
2783 3537 3164 3608 episcoporum
3213 3551 3320 3592 non
3375 3537 3530 3593 redit
3591 3541 3654 3596 in

2037 3627 2201 3684 linem
2251 3625 2722 3699 Quadragesimai;
2776 3627 3040 3686 informat
3083 3643 3182 3686 eos
3211 3629 3265 3684 in
3305 3627 3558 3700 jejunio,
3587 3631 3660 3688 in

2037 3717 2372 3776 abstinentia
2399 3719 2720 3776 deliciarum
2739 3761 2756 3787 ,
2779 3720 2842 3776 in
2862 3720 3052 3784 habitu
3071 3759 3088 3786 ,
3115 3719 3170 3774 in
3201 3717 3514 3792 dejectione
3535 3762 3556 3784 ,
3595 3724 3656 3778 in

2037 3809 2208 3878 luctu,
2247 3809 2302 3866 in
2329 3809 2558 3880 vigiliis,
2587 3812 2644 3868 in
2668 3811 3020 3882 quietudine,
3045 3813 3102 3874 in
3129 3811 3344 3868 silentio
3363 3851 3382 3876 ,
3407 3811 3468 3876 in
3501 3813 3652 3868 ohe-

2039 3901 2246 3958 dientia
2265 3915 2489 3974 operum
2508 3943 2522 3968 ,
2555 3911 2616 3958 et
2639 3903 2856 3960 caeteris
2887 3903 3046 3962 bonis
3075 3903 3268 3974 quibus
3307 3903 3658 3960 recentius-

2041 4009 2166 4050 mur
2189 3993 2300 4050 Deo
2329 3994 2495 4054 simul
2523 4009 2650 4052 cum
2668 3996 3016 4065 pernitentia.
3109 4037 3116 4044 .

2582 4108 2812 4172 CAP-UT
2849 4107 3092 4166 XXXVI.
3107 4149 3120 4162 ν
3193 4123 3196 4126 ·

2496 4179 2575 4234 De
2599 4179 2783 4235 diebus
2813 4180 3174 4240 Pentecostes.

2115 4269 2350 4340 Tempus
2375 4271 2728 4328 Pentecostes
2755 4270 3044 4326 inchoatur
3069 4287 3100 4324 a
3131 4269 3303 4342 prima
3327 4269 3419 4324 die
3447 4283 3664 4326 resur-

2039 4363 2326 4430 rectionis,
2356 4370 2412 4417 et
2437 4362 2620 4424 currit,
2635 4377 2808 4433 usque
2841 4363 2912 4418 ad
2939 4363 3084 4420 diem
3123 4363 3662 4436 quinquagesiman

2041 4463 2164 4524 post
2193 4453 2422 4510 Pascha.
2463 4451 2544 4510 De
2585 4469 2698 4526 quo
2742 4461 2987 4524 tempore
3031 4455 3165 4510 dicit
3203 4455 3556 4525 Augustinus
3599 4459 3664 4514 in

2041 4545 2180 4602 libro
2202 4544 2269 4598 ad
2285 4541 2606 4600 Januarium
2629 4560 2642 4596 :
2668 4543 3146 4614 Quadragcnarius
3171 4551 3355 4598 autem
3381 4545 3664 4622 partibus

2041 4636 2154 4691 suis
2181 4641 2550 4704 .computatus
2599 4633 2749 4690 addit
2803 4633 2984 4704 ipsum
3035 4633 3353 4700 denarium;
3395 4641 3456 4690 et
3499 4634 3660 4692 ﬁunt

2043 4725 2456 4798 quinquaginta,
2485 4735 2985 4798 tanquammerces
3029 4726 3213 4795 operis
3251 4735 3306 4780 et
3343 4715 3660 4784 continen—

2045 4821 2150 4876 tite.
2187 4818 2374 4890 Neque
2409 4819 2558 4880 enim
2597 4815 2805 4874 frustra
2833 4819 2952 4888 ipse
2983 4817 3243 4874 Dominus
3273 4818 3656 4889 quadraginta

2042 4912 2160 4968 dies
2185 4921 2310 4984 post
2341 4910 2798 4970 resurrectionem
2827 4909 2882 4966 in
2909 4909 3012 4966 hac
3049 4917 3198 4964 terra
3225 4918 3284 4964 et
3309 4910 3364 4964 in
3393 4909 3498 4966 bac
3531 4913 3656 4966 vita

2041 5020 2166 5060 cum
2225 5004 2508 5076 discipulis
2565 5013 2921 5060 conversatus
2975 5013 3058 5060 est
3103 5023 3116 5058 :
3165 5013 3222 5058 et
3271 5013 3660 5075 posteaquam

2041 5093 2362 5150 ascenditin
2391 5094 2614 5160 emittm,
2643 5093 2834 5152 decem
2859 5093 3052 5150 diebus
3096 5093 3468 5162 interpositis,
3493 5112 3648 5166 ρω-

2039 5185 2266 5242 missum
2291 5185 2558 5256 Spiritum
2583 5193 2836 5242 sanctum
2867 5186 3018 5240 misit
3051 5185 3323 5255 completo
3359 5187 3450 5242 die
3495 5185 3656 5244 Pen-

2039 5287 2290 5336 tecostcs.
2319 5279 2424 5346 Qui
2470 5279 2588 5336 dies
2631 5278 3132 5349 quinquagenarius
3179 5281 3346 5336 habet
3399 5281 3650 5340 alterum

2037 5379 2460 5434 sacramentum,
2487 5370 2634 5440 qitod
2667 5371 2868 5440 septies
2895 5379 3106 5441 septem
3137 5371 3500 5444 quadraginta
3525 5391 3646 5430 no-

2037 5475 2162 5528 vem
2205 5460 2454 5526 ﬁunt,et
2485 5476 2612 5520 cum
2659 5461 2870 5518 reditur
2923 5460 2994 5516 ad
3043 5462 3302 5528 initium,
3353 5461 3496 5532 quod
3547 5473 3650 5520 at

2035 5561 2280 5618 octavus,
2303 5553 2398 5622 qui
2421 5561 2480 5608 et
2500 5554 2710 5624 primus
2737 5553 2854 5610 dies
2873 5571 2894 5608 :
2923 5553 3316 5624 quinquaginta
3347 5555 3648 5626 complai-

2036 5650 2152 5708 tur,
2198 5642 2290 5713 qui
2341 5643 2686 5699 celebrantur
2731 5651 2854 5714 post
2901 5644 3360 5700 resurrectionem
3411 5645 3640 5702 Domini
