3890 6180
205 258 343 313 1063

989 255 1074 309 DE
1104 249 1659 311 ECCI.ESIASTICIS
1696 248 1782 304 OF
1789 246 1984 303 FlCllS
2022 246 2201 300 LlBRl
2232 244 2319 300 IV.
2361 277 2428 286 —
2469 246 2594 300 LIB.
2632 246 2677 301 I.

3320 248 3452 299 ιυδπ

193 389 310 459 iam
357 388 411 442 in
458 386 627 457 ﬁgura
665 400 771 439 non
812 383 1044 446 laboris,
1097 384 1192 439 sed
1233 383 1432 453 quietis
1457 391 1513 437 et
1546 381 1770 435 lcetitite.
1803 375 2087 442 Adierum
2138 374 2468 446 implendum
2524 391 2695 446 usque
2752 378 2820 432 ad
2871 376 3220 434 festivitatem
3283 385 3457 437 sancti

199 479 433 547 Propter
460 473 564 530 hoc
594 472 799 545 jejunia
838 472 1164 536 relaxantur,
1191 481 1246 528 et
1275 481 1482 527 stantes
1522 486 1776 533 oramus,

196 571 348 642 quod
382 575 466 623 est
498 566 711 637 signum
741 565 1174 619 resurrectionis.
1220 564 1368 619 Unde
1394 563 1560 618 etiam
1589 563 1780 617 diebus

197 661 469 718 Dominus
504 657 755 714 omnibus
790 657 856 710 ad
903 655 1072 711 altare
1107 658 1447 721 observatur,
1478 663 1534 710 et
1564 651 1781 707 alleluia

193 753 443 816 canitur,
468 749 611 820 quod
653 746 924 818 significat
963 748 1231 803 actionem
1266 757 1507 803 nostram
1532 761 1635 800 non
1662 760 1781 799 esse

190 847 311 901 nisi
340 844 556 900 laudem
578 841 692 905 Dei,
725 841 863 896 sicut
897 841 1157 912 scriptum
1191 851 1294 897 est.
1324 841 1474 895 Beati
1512 842 1601 913 qui
1634 840 1783 894 habi-

194 948 320 992 tant
347 936 403 989 in
432 935 586 988 domo
614 943 727 996 tua,
752 932 806 985 in
830 931 1026 986 arcula
1053 931 1367 986 srrculorum
1394 931 1685 985 laudabunt
1711 941 1780 985 te.

194 1028 280 1083 De
311 1016 647 1082 relaxatione
664 1022 857 1093 jejunii
887 1024 1206 1079 Ambrosius
1234 1024 1365 1079 dicit
1387 1024 1439 1078 in
1464 1031 1695 1078 tractatu
1717 1023 1784 1077 ad

201 1118 585 1189 Romanos-jx
620 1115 755 1170 Nam
806 1125 930 1171 sunt
982 1116 1202 1187 quidam
1256 1116 1349 1186 qui
1409 1114 1543 1169 feria
1590 1122 1783 1183 quarta

198 1226 429 1267 cantem
451 1224 562 1263 non
588 1207 853 1263 edendam
879 1214 1216 1261 statuerunt:
1242 1215 1368 1262 sunt
1389 1207 1480 1276 qui
1511 1206 1781 1269 sabbatis;

204 1311 337 1356 sunt
378 1301 571 1356 iterum
621 1299 714 1369 qui
764 1314 795 1352 a
840 1298 1049 1353 Pascha
1098 1313 1268 1367 usque
1320 1297 1389 1352 ad
1431 1297 1785 1352 Pcutecosten

200 1392 398 1448 edunt.
428 1391 493 1445 Et
522 1390 881 1461 Hieronymus
927 1389 993 1443 ad
1044 1387 1351 1445 Marcellam
1382 1388 1446 1443 de
1472 1387 1574 1442 fide
1604 1395 1787 1442 nostra

201 1492 263 1538 et
288 1484 537 1554 dogmate
563 1481 817 1536 haeretico
851 1489 1039 1536 contra
1064 1479 1304 1536 Montani
1336 1489 1662 1535 sectatores.
1682 1478 1788 1533 Nos

207 1592 375 1630 unam
429 1573 899 1645 quadragesimum
948 1572 1245 1627 secundum
1286 1572 1628 1627 traditionem
1664 1586 1791 1642 apo-

1879 463 2121 530 Joannis,
2147 465 2249 519 hoc
2272 473 2375 531 est,
2399 466 2619 535 quando
2647 465 2762 521 dies
2781 465 3095 524 Dominicus
3117 468 3338 526 Pascha:
3365 487 3457 529 0c-

1880 558 2113 613 currerit
2163 558 2216 612 in
2264 558 2551 614 undecimo
2597 558 2961 614 Kalendarum
2990 558 3278 631 Aprilium,
3317 573 3375 618 et
3403 566 3455 619 in

1879 651 2091 706 decimo
2133 653 2624 721 suprascriptarum
2670 659 2725 705 et
2777 651 2831 704 in
2877 666 3022 706 nono
3058 661 3114 707 et
3150 654 3202 707 in
3241 664 3454 710 octavo.

1881 741 2106 807 Quando
2131 741 2187 795 in
2214 743 2535 797 memoratis
2562 742 2769 797 octavis
2790 741 2911 797 Kal.
2936 741 3138 814 Aprilis
3159 750 3459 801 occurrerit

1881 831 1996 886 dies
2013 831 2322 887 Dominicus
2341 833 2582 899 Paschre,
2603 842 2730 889 tunc
2747 835 3027 892 habendus
3039 846 3125 891 est
3137 837 3251 892 dies
3266 836 3461 894 Pente-

1881 930 2061 977 costcs
2096 923 2150 976 in
2182 939 2222 977 ιι
2244 922 2426 979 Idibus
2458 924 2600 979 Maii.
2633 923 2716 980 Ah
2745 924 2837 981 illo
2863 926 2949 981 die
2972 942 3143 998 usque
3166 928 3222 984 in
3253 927 3462 984 festivi-

1883 1025 2049 1071 tatem
2072 1017 2247 1071 sancti
2270 1015 2492 1074 Joannis
2517 1020 2774 1090 Baptista:
2795 1019 3146 1077 hebdomadas
3186 1037 3282 1077 sex
3311 1033 3458 1078 sunt.

1884 1105 1950 1161 Et
1984 1107 2029 1162 si
2057 1109 2181 1177 quis
2209 1109 2444 1164 voluerit
2471 1111 2831 1184 quadraginta
2871 1116 3242 1171 tantummodo
3270 1116 3462 1171 diebus

1886 1198 2191 1265 intendere,
2219 1201 2469 1256 intendat
2494 1202 2712 1271 quando
2739 1202 3053 1259 Dominicus
3088 1205 3206 1261 dies
3245 1207 3463 1264 Pasch-.e

1884 1294 2186 1349 occurrerit
2224 1294 2280 1349 in
2316 1295 2547 1365 septimo
2587 1294 2705 1351 Kal.
2751 1296 2944 1367 April.,
2970 1298 3084 1352 sive
3119 1306 3274 1353 sexto
3301 1314 3463 1369 supra

1886 1385 2238 1455 scriptarum,
2266 1396 2321 1442 et
2345 1386 2427 1441 sic
2452 1387 2655 1457 poterit
2675 1387 2975 1459 adimplere
2999 1404 3282 1445 numerum
3304 1405 3461 1444 suum

1887 1476 2030 1531 inter
2048 1475 2408 1533 Peutecosten
2433 1486 2491 1533 et
2513 1477 2872 1536 festivitatem
2887 1480 2949 1536 S.
2962 1478 3205 1537 Joannis.
3231 1480 3302 1538 Ut
3322 1496 3462 1546 reor,

1887 1579 2110 1639 propter
2147 1579 2479 1626 memoratos
2518 1572 2666 1638 dies,
2707 1574 2797 1641 qui
2841 1588 2939 1642 per
2972 1574 3267 1645 disjunctos
3295 1589 3469 1630 annos

207 1668 472 1726 stolorum
505 1675 744 1739 tempore
766 1665 919 1720 nobis
941 1679 1183 1735 congruo
1200 1664 1510 1736 jejunamus
1537 1681 1550 1717 :
1578 1661 1652 1716 illi
1678 1672 1787 1716 tres
1817 1733 1858 1739 _
1888 1662 2278 1719 convenientes
2295 1672 2422 1718 sunt
2444 1664 2675 1719 termino
2699 1665 2791 1734 qui
2813 1665 2874 1719 ﬁt
2896 1666 2948 1720 in
2972 1664 3268 1722 festivitate
3290 1670 3465 1723 sancti

207 1760 263 1814 in
290 1774 436 1814 anno
454 1733 661 1812 faciunt
680 1733 1151 1827 Quadragcsimas,
1181 1733 1334 1825 quasi
1363 1764 1474 1809 tres
1498 1754 1645 1824 passi
1665 1760 1791 1808 sunt
1817 1733 1865 1793 Β
1891 1748 2118 1807 Joannis
2138 1792 2153 1817 ,
2183 1754 2549 1821 praetermissa
2578 1762 2663 1810 est
2700 1733 2976 1826 diligentia
3004 1756 3348 1813 Pentecostes
3368 1798 3383 1818 .
3414 1770 3470 1816 et

205 1850 544 1914 salvatores;
569 1864 678 1903 non
699 1847 847 1918 quod
877 1856 932 1901 et
970 1862 1067 1917 per
1098 1853 1269 1900 totum
1298 1860 1531 1909 annum,
1563 1853 1790 1913 excepto

200 1938 589 2003 Pentecosten,
606 1935 852 2005 jejunare
873 1950 983 1990 non
1008 1934 1198 2000 liceat;
1240 1935 1336 1990 sed
1367 1934 1511 2004 quod
1549 1933 1692 1987 aliud
1721 1932 1792 1987 sit

196 2031 555 2095 necessitate,
600 2028 745 2083 aliud
787 2029 1060 2084 voluntate
1096 2045 1295 2084 munus
1334 2027 1552 2083 oﬂ‘erre.
1587 2028 1656 2083 Et
1698 2028 1793 2083 ite-

202 2139 334 2178 rum
358 2123 425 2177 ad
449 2120 709 2177 Lucinum
734 2120 995 2177 Bmticum
1020 2139 1033 2175 :
1059 2120 1235 2192 Atque
1258 2119 1464 2173 utinam
1486 2119 1634 2174 omni
1658 2128 1792 2174 tem-

201 2232 346 2287 pore
364 2212 610 2285 jejunare
633 2214 924 2284 possimus,
949 2214 1094 2284 quod
1118 2214 1170 2268 in
1186 2212 1411 2268 Actibus
1426 2211 1792 2283 apostolorum

206 2307 405 2362 diebus
431 2305 781 2360 Pentecostes
808 2312 864 2359 et
891 2304 978 2359 die
1003 2303 1289 2359 Dominico
1322 2302 1549 2358 Paulum
1578 2310 1793 2373 aposto-

201 2394 348 2458 lum,
376 2402 573 2448 etcum
605 2401 670 2448 eo
697 2391 982 2448 credentes
1010 2393 1205 2449 fecisse
1233 2392 1478 2465 legimus.
1504 2392 1571 2447 Et
1597 2392 1792 2447 iterant

209 2488 268 2542 in
305 2487 497 2542 eadem
526 2486 681 2542 :Non
706 2486 810 2542 hoc
841 2486 960 2542 dico
985 2486 1128 2557 quod
1154 2485 1308 2541 festis
1335 2485 1524 2541 diebus
1550 2483 1794 2556 jejunan-

205 2575 346 2631 dum
368 2585 573 2646 putem,
596 2585 651 2631 et
679 2584 967 2632 contextas
991 2576 1181 2632 diebus
1207 2575 1595 2647 quinquaginta
1629 2574 1792 2629 ferias

209 2667 461 2723 auferam
490 2683 505 2722 ε
537 2668 633 2724 sed
661 2683 999 2739 unaquaeque
1025 2667 1307 2739 provincia
1336 2668 1572 2722 abundet
1600 2667 1656 2721 in
1694 2682 1792 2722 suo

208 2775 407 2825 sensu,
431 2770 487 2814 et
503 2768 776 2832 praecepta
801 2759 1065 2831 majorum
1105 2759 1249 2830 leges
1283 2758 1607 2830 apostolicas
1642 2758 1790 2813 arbi-

214 2861 415 2906 tretur.
460 2851 527 2907 Et
573 2851 768 2906 iterum
812 2849 1057 2921 ejusdem
1095 2850 1149 2906 in
1189 2849 1593 2907 Commentario
1630 2866 1793 2921 super

210 2941 530 2997 Matthamm
554 2959 567 2996 :
593 2941 818 3010 Quando
839 2957 968 2997 vero
994 2941 1327 2997 transierunt
1351 2941 1574 3012 nuptiae,
1594 2950 1651 2996 et
1668 2955 1795 3011 pas-

208 3032 393 3088 sionis
421 3048 485 3087 ac
514 3031 922 3087 resurrectionis
951 3039 1160 3101 tempus
1186 3030 1433 3097 advenit,
1458 3038 1585 3086 tunc
1604 3032 1793 3103 sponsi

214 3122 321 3180 ﬁlii
348 3122 690 3193 jejunabunt.
735 3121 989 3177 Nonnulli
1031 3130 1227 3193 putant
1269 3122 1474 3179 idcirco
1516 3133 1641 3196 post
1679 3123 1795 3180 dies

210 3215 578 3290 quadraginta
628 3216 897 3289 passionis
935 3215 1140 3287 jejunia
1185 3217 1383 3274 debere
1415 3219 1629 3283 omitti,
1669 3218 1798 3275 licet

206 3308 407 3364 statim
451 3308 567 3363 dies
604 3307 952 3363 Pentecostes
992 3316 1049 3365 et
1092 3305 1333 3378 Spiritus
1370 3315 1590 3363 sanctus
1636 3306 1798 3362 adve-

210 3401 382 3458 niens
420 3399 623 3454 indicet
668 3399 825 3454 nobis
865 3398 1243 3464 festivitatem,
1270 3405 1326 3453 et
1364 3413 1429 3454 ex
1458 3397 1618 3468 hujus
1640 3412 1797 3453 occa-

213 3493 379 3548 sione
393 3490 710 3557 testimonii,
729 3489 1035 3557 Montanus,
1048 3489 1233 3545 Prisca
1257 3488 1613 3544 etMaximilla
1633 3489 1796 3544 etiam

211 3596 347 3659 post
390 3585 744 3641 Pentecosten
792 3581 999 3638 faciunt
1058 3580 1541 3653 Quadragesimam
1570 3621 1586 3644 ,
1654 3580 1797 3650 quod

216 3679 408 3734 ablato
436 3692 652 3748 sponso,
681 3675 782 3730 ﬁlii
811 3675 994 3745 sponsi
1021 3675 1251 3731 debeant
1290 3673 1570 3745 jejunare;
1613 3673 1798 3728 Eccle-

212 3772 319 3826 siae
364 3776 542 3823 autem
589 3767 924 3823 consuetudo
950 3767 1015 3822 ad
1044 3767 1351 3837 passionem
1380 3765 1592 3821 Domini
1630 3774 1685 3819 et
1714 3781 1798 3820 rc-

212 3860 614 3917 surrectionem
648 3873 744 3930 per
772 3858 1132 3913 humilitatem
1166 3857 1347 3913 carnis
1385 3857 1564 3923 venit,
1597 3865 1656 3911 ut
1690 3857 1799 3927 spi-

215 3951 411 4007 rituali
448 3951 649 4021 sagina:
683 3948 891 4021 jejunio
923 3948 1167 4020 corporis
1211 3963 1599 4019 przeparemur.
1635 3947 1799 4003 Juxta

180 4100 190 4107 ,
216 4043 373 4112 leges
391 4048 571 4094 autem
598 4037 906 4109 tropologia:
927 4037 1205 4092 sciendum
1222 4036 1364 4106 quod
1384 4036 1622 4106 quandiu
1642 4050 1800 4105 spon-

219 4146 319 4187 sus
350 4128 630 4185 nobiscum
660 4136 764 4194 est,
793 4136 848 4183 et
875 4127 927 4182 in
958 4126 1143 4190 laetitia
1173 4142 1379 4192 sumus,
1422 4143 1522 4182 nec
1551 4125 1800 4194 jejunare

219 4236 534 4296 possumus,
563 4235 665 4276 uec
685 4217 903 4291 lugere;
933 4233 1055 4272 cum
1085 4226 1262 4272 autem
1296 4216 1387 4271 ille
1425 4227 1650 4288 prOptcr
1674 4231 1799 4287 pec-

220 4326 353 4371 cata
382 4322 562 4368 nostra
587 4328 617 4367 a
651 4311 805 4367 nobis
829 4310 1135 4374 recesserit,
1176 4319 1231 4365 et
1266 4309 1527 4375 avularit,
1560 4318 1687 4364 tunc
1720 4309 1802 4363 iu-

221 4404 517 4460 diccndum
560 4400 825 4473 jejunium
873 4409 987 4466 est,
1036 4408 1167 4454 tunc
1215 4398 1392 4454 luctus
1439 4399 1797 4469 recipiendus.
1829 4424 1880 4483 Β

220 4496 376 4552 Duas
404 4494 692 4549 varietates
719 4493 980 4548 habemus
1006 4490 1060 4545 in
1095 4489 1337 4569 Ecclesia
1367 4498 1549 4543 nostra
1580 4490 1646 4543 de
1664 4487 1803 4556 jeju-

220 4586 321 4641 nio
346 4582 491 4653 quod
520 4581 579 4636 tit
603 4589 724 4653 post
746 4579 1200 4636 resurrectionem
1226 4577 1456 4631 Domini.
1494 4577 1674 4648 Aliqui
1712 4594 1799 4632 sc—

219 4674 467 4732 cundum
496 4682 736 4727 nostrum
761 4670 1035 4742 vulgarem
1062 4685 1216 4723 usum
1244 4676 1484 4723 statuunt
1514 4669 1802 4722 terminum

217 4761 709 4838 quadragesimalis
732 4759 922 4831 jejunii
953 4759 1004 4814 in
1033 4759 1324 4814 festivitate
1343 4757 1515 4812 sancti
1539 4755 1799 4823 Joannis;

218 4855 308 4911 illi
338 4853 431 4924 qui
461 4853 560 4907 hoc
589 4851 793 4906 faciunt
820 4865 927 4904 non
963 4858 1191 4919 possunt
1219 4864 1434 4920 semper
1459 4849 1576 4904 dies
1600 4847 1801 4905 Pente-

220 4951 416 5000 costes
438 4940 725 4996 excludere
759 4955 792 4992 a
822 4938 1047 5010 jejunio.
1074 4936 1254 5009 Aliqui
1282 4940 1471 4995 volunt
1511 4941 1806 4996 secundum

153 5101 163 5109 .
222 5030 557 5091 traditiones
581 5039 893 5087 sanctorum
917 5030 1137 5085 Patrum
1159 5071 1174 5096 ,
1196 5046 1334 5102 quos
1356 5032 1692 5102 praatulimus
1710 5074 1724 5099 ,
1755 5042 1810 5087 ct

222 5127 287 5182 in
321 5123 669 5194 sequentibus
702 5122 966 5178 habemus
992 5136 1222 5192 ponere,
1248 5137 1438 5178 omnes
1474 5124 1588 5180 dies
1618 5124 1813 5180 Pente-

224 5226 420 5275 costes
450 5217 652 5273 habere
680 5216 736 5270 in
765 5214 983 5281 laetitia;
1014 5213 1107 5282 qui
1146 5213 1251 5267 hoc
1280 5211 1487 5268 faciunt
1534 5230 1640 5269 non
1686 5232 1813 5286 pos-

221 5317 365 5368 sunt
391 5324 605 5381 semper
633 5309 929 5364 terminum
975 5307 1135 5377 hujus
1170 5306 1599 5377 quadragesima:
1629 5308 1808 5366 facere

224 5402 294 5460 in
328 5399 622 5457 festivitate
649 5402 819 5458 sancti
847 5399 1090 5455 Joannis.
1126 5397 1193 5453 Et
1228 5398 1318 5452 ubi
1354 5400 1617 5455 terminus
1643 5418 1811 5472 pona-

227 5505 332 5554 tur
380 5510 488 5551 non
534 5504 618 5552 est
664 5496 829 5551 ﬁxum
874 5510 941 5550 ex
979 5491 1278 5563 Scripturis
1304 5492 1504 5559 sacris,
1537 5509 1710 5564 neque
1743 5512 1810 5550 ex

230 5591 625 5651 traditionibus
635 5591 875 5647 Patrum.
895 5587 1043 5645 Solet
1061 5588 1351 5659 aliquoties
1370 5590 1589 5646 evenire
1613 5600 1672 5646 ut
1691 5599 1815 5662 post

232 5681 597 5739 Pentecosten
626 5682 741 5739 dies
762 5681 1032 5737 abundent
1058 5679 1127 5734 ad
1147 5695 1432 5737 numerum
1454 5683 1811 5754 quadraginta

685 5778 959 5838 PiruoL.
1013 5772 1142 5851 (Ν.

1892 1841 2087 1897 inclusi
2118 1852 2245 1898 sunt
2279 1843 2382 1914 ipsi
2417 1844 2536 1900 dies
2559 1844 2614 1900 in
2644 1845 2812 1912 luctu,
2836 1846 2928 1916 qui
2952 1846 3209 1902 deberent
3234 1863 3353 1904 esse
3383 1848 3473 1903 hr-

1893 1930 2038 1996 titia,
2060 1947 2125 1988 ex
2153 1934 2478 1989 auctoritate
2498 1935 2797 1991 Dominica:
2816 1936 3270 2006 praesentationis,
3300 1947 3359 1992 ut
3380 1953 3462 1992 so-

1893 2019 2022 2076 litus
2052 2024 2321 2078 terminus
2348 2032 2619 2081 teneatur.
2660 2023 2719 2080 Si
2752 2026 2931 2081 vi‘sum
2959 2025 3122 2081 fuerit
3153 2028 3430 2099 magistris
3449 2071 3462 2092 ,

1892 2120 1954 2166 ut
1978 2112 2082 2169 hoc
2107 2114 2376 2170 diﬂiniant
2398 2157 2414 2182 ,
2461 2117 2678 2186 quando
2700 2124 2916 2188 tempus
2952 2115 3142 2187 jejunii
3181 2128 3471 2191 peragatur

1891 2216 2081 2258 eorum
2108 2205 2199 2274 qui
2226 2214 2417 2276 sponte
2441 2215 2665 2277 propter
2691 2216 2918 2278 peccata
2949 2223 3046 2263 sua
3068 2209 3317 2279 jejunant
3350 2220 3471 2278 post

1894 2298 2349 2354 resurrectionem
2378 2299 2615 2367 Domini,
2648 2301 2862 2358 videtur
2886 2303 3042 2358 nobis
3071 2304 3350 2360 variabilis
3382 2322 3469 2361 res

1893 2389 2095 2445 auferri
2134 2392 2201 2448 de
2241 2404 2429 2449 nostra
2458 2394 2722 2451 Ecclesia.
2754 2395 2864 2451 Cur
2897 2396 3067 2453 hetari
3098 2399 3390 2456 debeamus
3417 2402 3470 2456 in

1894 2479 2084 2536 diebus
2124 2483 2506 2550 Pentecostes,
2542 2485 2818 2542 abundant
2862 2488 3111 2559 exempla
3156 2498 3469 2546 sanctorum

1893 2571 2149 2641 Patrum;
2178 2590 2276 2630 cur
2308 2573 2557 2645 jejunare
2598 2592 2822 2632 necesse
2875 2578 2949 2633 sit
2991 2578 3361 2650 unusquisque
3402 2597 3470 2636 ex

1894 2663 2059 2719 corde
2100 2680 2200 2720 suo
2237 2667 2535 2736 cognoscit.
2571 2665 2742 2736 Major
2791 2668 2935 2723 enim
2972 2666 3241 2724 festivitas
3267 2679 3353 2725 est
3379 2671 3473 2725 ad-

1893 2764 2088 2813 ventus
2109 2756 2346 2829 Spiritus
2373 2760 2549 2816 sancti
2571 2774 2733 2830 quam
2764 2749 3034 2815 festivitas
3071 2759 3216 2815 beati
3247 2758 3471 2816 Joannis

1893 2847 2166 2920 Baptistae.
2193 2849 2251 2906 Si
2274 2850 2597 2907 includenda
2623 2858 2706 2907 est
2730 2850 2996 2907 festivitas
3022 2851 3161 2909 infra
3182 2850 3470 2921 jejunium,

1892 2937 2122 3009 amplius
2147 2939 2466 2997 includenda
2487 2951 2570 2998 est
2589 2941 2852 2998 festivitas
2873 2943 3044 2998 sancti
3063 2940 3285 3000 Joannis
3306 2960 3469 3013 quam

1896 3030 2160 3087 adventus
2194 3031 2428 3103 Spiritus
2471 3034 2675 3100 sancti;
2705 3042 2761 3089 et
2791 3034 2835 3089 si
2864 3034 2971 3091 hoc
2995 3034 3187 3090 statuit
3214 3034 3469 3107 jejunans

1897 3121 2013 3177 sive
2046 3122 2291 3178 indicens
2308 3121 2597 3195 jejunium,
2626 3134 2689 3179 ut
2717 3124 2772 3180 in
2800 3122 3095 3181 festivitate
3122 3128 3295 3181 sancti
3314 3125 3475 3181 Joan-

1900 3213 2004 3279 nis,
2027 3213 2110 3267 vel
2134 3215 2305 3269 sancti
2328 3214 2474 3271 Petri
2502 3223 2557 3271 et
2583 3214 2735 3270 Pauli
2769 3214 3083 3271 absolvatur
3098 3214 3387 3286 jejunium,
3418 3229 3472 3271 et

1896 3312 2080 3372 postea
2117 3313 2427 3376 peragatur,
2459 3304 2666 3360 nullum
2699 3306 3087 3363 detrimentum
3115 3306 3246 3363 facit
3279 3308 3474 3364 anima:

1897 3408 2028 3448 suae.
2053 3392 2168 3448 Non
2194 3395 2473 3464 sequimur
2506 3410 2607 3450 nos
2646 3396 2701 3450 in
2731 3398 2984 3466 [ιι-ωεξηιί
3018 3395 3228 3466 jejunio
3270 3399 3476 3454 Monta-

1897 3500 2027 3539 num
2071 3493 2127 3541 et
2153 3501 2280 3542 suos
2317 3495 2657 3554 sectatores,
2687 3488 2782 3544 sed
2812 3488 3220 3546 consideramus
3253 3500 3472 3561 peccata

1896 3586 2080 3630 nostra
2099 3616 2114 3641 ,
2136 3585 2195 3632 et
2222 3592 2321 3648 pro
2355 3576 2436 3633 eis
2461 3586 2737 3634 certamus
2767 3578 2975 3635 fructus
3014 3580 3210 3651 dignos
3249 3582 3476 3636 reddere

1894 3669 2250 3739 poenitentiae.
2276 3671 2356 3726 Ex
2386 3670 2714 3743 Hieronymo
2736 3684 3036 3728 memorato
3072 3689 3359 3744 possumus
3380 3676 3471 3728 ad-

1899 3762 2109 3817 discere
2129 3778 2160 3817 a
2183 3763 2379 3832 quibus
2406 3763 2495 3819 illa
2512 3763 2719 3835 jejunia
2745 3775 3005 3835 usurpata
3024 3766 3135 3822 sint
3157 3766 3473 3836 aliquando,

1898 3855 2042 3926 quod
2067 3870 2175 3910 non
2208 3871 2275 3911 ex
2305 3858 2636 3914 necessitate
2671 3859 2956 3915 indicenda
2981 3859 3092 3914 sint
3109 3857 3317 3927 jejunia
3338 3858 3477 3913 Pen-

1900 3956 2133 4007 tecostes
2187 3950 2461 4005 communi
2515 3950 2805 4017 Ecclesiae,
2856 3951 2950 4007 sed
2996 3950 3270 4006 voluntate
3314 3953 3478 4008 licere

1900 4041 2189 4112 unicuique
2219 4040 2466 4109 jejunare
2507 4043 2577 4097 ob
2610 4042 2949 4098 devotionem
2988 4058 3100 4098 sua:
3137 4042 3353 4097 mentis.
3391 4044 3477 4097 Ab

1901 4132 2006 4188 ista
2035 4133 2249 4189 licentia
2290 4142 2347 4189 et
2390 4134 2459 4189 ab
2499 4134 2601 4188 ista
2635 4135 2885 4189 libertate
2930 4133 3311 4199 excluduntur,
3356 4147 3481 4203 quae

1899 4226 2117 4295 proprie
2135 4226 2463 4297 pmnitentes
2490 4226 2544 4285 in
2574 4225 2816 4281 Ecclesia
2841 4225 3142 4280 nominaut.

2434 4360 2661 4416 CAPUT
2684 4360 2946 4415 XXXVII.

2407 4469 2484 4524 De
2531 4469 2716 4525 (itania
2761 4470 2979 4541 majore.

1982 4587 2239 4658 Sequitur
2259 4600 2364 4641 una
2391 4584 2630 4640 varietas
2655 4584 2800 4639 inter
2821 4593 3044 4640 octavas
3066 4583 3291 4641 Pascha:
3319 4594 3375 4642 et
3396 4588 3477 4643 vi-

1909 4679 2069 4752 gilias
2093 4678 2463 4741 Pentecostes,
2484 4676 2588 4732 hoc
2620 4683 2734 4741 est,
2759 4674 3026 4747 jejunium
3070 4675 3384 4733 triduatmm
3423 4678 3479 4733 in

1909 4773 2095 4843 vigilia
2119 4771 2469 4828 Aseensionis
2494 4769 2728 4826 Domini.
2753 4769 2920 4824 Miror
2954 4770 3224 4840 quomodo
3263 4769 3483 4826 inolevit

1911 4863 2246 4920 consuetudo
2265 4861 2545 4935 praesentis
2567 4859 2762 4931 jejunii
2786 4861 2843 4916 in
2867 4870 3053 4917 nostra
3073 4861 3335 4927 Ecclesia,
3363 4876 3484 4933 quae

1910 4961 2090 5010 tamen
2116 4970 2222 5010 non
2247 4963 2465 5011 tenetur
2487 4971 2588 5027 per
2611 4971 2803 5011 omnes
2841 4955 3146 5012 Orientales
3181 4957 3483 5020 Eeelesias,

1911 5059 2035 5101 cum
2060 5044 2236 5100 sancti
2263 5043 2456 5100 Patres
2482 5060 2621 5117 quos
2650 5047 3074 5103 memoravimus
3090 5086 3106 5113 ,
3130 5045 3448 5103 Ambrosius
3465 5088 3483 5113 ,

1912 5138 2263 5209 Augustinus,
2293 5136 2686 5207 Hieronymus,
2719 5137 2904 5193 dicant
2952 5137 3245 5193 relaxanda
3279 5138 3480 5208 jejunia

1911 5241 2156 5301 tempore
2208 5229 2587 5296 Pentecostes,
2637 5247 2738 5287 nec
2789 5244 2896 5287 non
2942 5233 3111 5288 etiam
3155 5231 3484 5287 venerabilis

1913 5321 2204 5392 presbyter
2232 5319 2380 5376 Beda
2414 5320 2483 5376 de
2521 5321 2710 5377 eodem
2739 5330 2982 5393 tempore
3007 5322 3141 5378 dicit
3170 5321 3222 5374 in
3247 5318 3489 5374 homiliis

1915 5412 2064 5467 suis:
2099 5409 2290 5466 Merito
2318 5424 2448 5482 ergo
2478 5413 2839 5468 sacrosanctis
2875 5413 3066 5468 diebus
3103 5410 3184 5465 his
3214 5424 3316 5463 nos
3351 5424 3487 5477 quo-

1915 5518 2022 5571 que
2046 5500 2338 5572 majoribus
2371 5503 2542 5573 epulis
2568 5511 2729 5574 atque
2753 5503 2967 5574 hymnis
2993 5500 3304 5558 caelestibus
3327 5512 3487 5552 vaca-

1919 5608 2074 5658 mus,
2107 5591 2178 5648 ob
2220 5593 2579 5648 reverentiam
2620 5594 2875 5649 nimirum
2916 5591 3208 5648 Dominicae
3245 5604 3487 5646 resurre-

1917 5683 2132 5749 ctionis,
2158 5683 2227 5738 ob
2253 5683 2566 5739 memoriam
2590 5682 2857 5739 Dominici
2882 5682 3161 5738 convictus
3185 5696 3305 5736 cum
3332 5681 3498 5738 disci-

3016 5775 3089 5834 S't
