3938 6178
470 199 598 257 inii?
1495 189 1823 248 AMALABII
1864 184 2060 245 PRESI

2160 187 2302 242 l‘ERl
2340 180 2676 242 METENSIS
3562 168 3696 235 1083

460 317 622 392 pulis,
640 313 799 373 simul
820 321 876 370 et
893 312 963 367 ob
990 326 1138 382 spem
1159 310 1352 366 futura:
1382 317 1580 364 nostra:
1604 308 1801 379 quietis
1821 321 1885 360 ac
1906 305 2030 358 vitae
2057 304 2105 363 Α
2131 300 2390 365 telligere,
2422 307 2477 354 et
2511 299 2615 352 tria
2645 294 2964 367 spiritualia.
2985 277 3095 349 Per
3119 308 3319 363 panem
3361 290 3536 349 omnia
3562 292 3707 349 bona

465 385 805 465 immortalis.
828 403 894 459 Et
924 402 1086 473 paulo
1118 409 1278 471 past:
1307 398 1475 455 Recte
1503 398 1667 453 etiam
1706 402 2035 466 qninquage—
2133 407 2254 462 qua:
2282 394 2348 447 de
2373 391 2535 446 terris
2555 394 2889 451 nascuntur;
2913 402 3010 457 per
3024 385 3250 456 piscem,
3282 400 3403 455 qua:
3431 385 3495 440 de
3521 386 3713 456 aquis;

469 501 624 560 nario
657 499 865 554 dierum
893 509 1119 549 numero
1165 500 1368 547 statum
1406 490 1601 545 futura:
1636 498 1833 544 nostra:
1865 485 2036 541 beati-
2134 498 2231 553 per
2258 497 2440 546 ovum,
2474 478 2725 534 animalia
2778 492 2900 547 quae
2939 484 3133 531 coeunt
3183 474 3363 531 simul.
3396 473 3521 529 Haec
3566 476 3719 530 enim

2134 580 2437 629 memorato
2464 580 2706 640 tempore
2727 570 2782 623 in
2808 567 2987 638 aliquo
3008 564 3252 636 profectu
3279 573 3408 619 sunt
3435 583 3447 617 :
3472 565 3724 637 germina

2135 664 2330 719 messis
2358 662 2645 734 pullulant,
2669 661 2923 715 arborum
2947 657 3155 712 fructus
3174 672 3238 711 ex
3264 656 3395 711 ﬂore
3424 656 3724 727 prodeunt.

2135 756 2307 811 vinem
2338 765 2498 825 atque
2526 752 2632 809 olei
2658 753 2839 822 liquor
2886 751 2999 806 suis
3026 751 3091 805 ab
3118 749 3405 805 arboribus
3449 764 3512 804 se
3542 764 3728 804 eram-

2136 847 2233 917 pit,
2266 844 2530 916 pullorum
2579 836 2877 898 animantia
2906 856 3127 910 campos
3171 840 3416 895 tondent.
3450 838 3725 905 Quoniam

2139 936 2255 991 haec
2285 934 2588 989 necessaria
2618 940 2744 987 sunt
2769 932 2971 987 nostris
3020 931 3229 996 usibus,
3270 930 3508 1000 petenda
3538 938 3672 985 sunt
3697 947 3725 983 a

2139 1027 2368 1082 Domino
2394 1035 2453 1081 ut
2477 1032 2882 1081 conserventur.
2915 1023 2987 1079 At
3011 1023 3335 1094 spiritualia,
3360 1023 3436 1077 ita
3462 1038 3477 1075 :
3506 1039 3614 1093 per
3638 1039 3730 1094 pa-

2140 1134 2285 1183 nem,
2334 1118 2686 1182 charitatem;
2734 1131 2837 1187 per
2887 1116 3111 1186 piscem,
3152 1114 3345 1177 ﬁdem;
3395 1129 3496 1185 per
3542 1124 3729 1177 ovum,

2141 1225 2290 1280 spem
2324 1231 2336 1263 :
2363 1209 2561 1279 quibus
2588 1208 2765 1262 tribus
2797 1206 2991 1262 colitur
3020 1223 3051 1261 a
3083 1206 3238 1261 nobis
3281 1205 3577 1259 Divinitas.
3610 1205 3732 1258 [lare

2142 1302 2233 1357 illo
2257 1302 2311 1356 in
2360 1310 2602 1369 tempore
2641 1299 2911 1370 praecipue
2951 1297 3182 1367 petenda
3228 1305 3352 1351 sunt
3399 1312 3431 1351 a
3475 1296 3729 1357 Domino,

2144 1391 2360 1461 quando
2405 1387 2733 1444 resurrectio
2782 1386 2982 1442 ChriSti
3027 1396 3081 1441 et
3112 1384 3364 1440 Ecclesia:
3395 1384 3732 1445 celebratur,

475 1501 663 1564 rimos,
687 1509 788 1568 per
811 1504 981 1550 totum
1007 1507 1205 1548 annum
1227 1493 1329 1546 hec
1355 1490 1645 1545 faciebant.
1671 1487 1808 1543 Nam
1830 1489 2047 1542 venien-
2120 1491 2203 1543 ,ut
2231 1483 2315 1537 his
2361 1481 2620 1546 roborati,
2672 1479 2727 1533 in
2759 1478 3148 1550 justiﬁcatione
3180 1478 3573 1548 persistamns.
3606 1475 3735 1532 Olli-

476 1601 530 1645 te
576 1588 917 1645 solemnitate
959 1583 1136 1639 sancti
1164 1582 1417 1646 Paschte,
1447 1587 1669 1635 sanctus
1713 1578 2040 1642 Mamertus,
2146 1575 2290 1629 cium
2314 1573 2617 1629 Romanum
2643 1580 2928 1627 cantamus
2976 1579 3033 1625 et
3076 1578 3288 1639 tempus
3320 1571 3441 1640 ejus
3470 1570 3739 1639 pradica-

477 1682 569 1751 qui
600 1682 742 1735 inea
773 1678 906 1731 urbe
945 1682 1064 1729 erat
1101 1674 1416 1743 episcopus,
1459 1672 1588 1727 dum
1628 1673 1916 1727 missarum
1955 1684 2045 1724 so-
2074 1661 2117 1721 B
2146 1664 2309 1719 tionis
2345 1661 2825 1733 praetermittimus.
2880 1660 3133 1723 Interest,
3189 1659 3493 1714 secundum
3547 1658 3737 1713 Hiero-

480 1772 675 1827 lemnia
733 1770 849 1840 ipsa
899 1765 1085 1837 vigilia
1142 1763 1485 1828 celebraret,
1531 1761 1787 1834 palatium
1835 1775 2047 1832 quoque
2147 1771 2385 1827 nymnm,
2418 1754 2634 1824 quando
2669 1769 2734 1807 ex
2773 1753 3052 1808 voluntate
3080 1768 3273 1807 munus
3319 1750 3563 1807 oﬂ'ertur
3607 1751 3731 1814 Deo,

483 1861 661 1933 regale
697 1858 840 1930 quod
867 1858 920 1911 in
943 1872 1005 1911 ea
1032 1856 1250 1911 civitate
1276 1862 1424 1920 erat,
1456 1852 1639 1907 divino
1675 1852 1796 1922 igne
1832 1866 2050 1908 snecen-
2148 1858 2204 1903 et
2247 1848 2462 1916 quando
2489 1861 2556 1903 cx
2593 1845 2937 1901 necessitate.
2968 1844 3256 1900 V'olnntate
3291 1843 3445 1898 omni
3487 1849 3731 1913 tempore

479 1968 597 2007 sum
628 1940 747 2006 est.
803 1948 1045 2017 Cumque
1092 1947 1211 2001 haec
1255 1953 1540 2015 agerentur
1592 1943 2051 2014 appropinquante
2151 1953 2346 1995 munus
2390 1952 2677 2009 possumus
2722 1937 2778 1991 in
2827 1935 3153 1991 abstinentia
3209 1949 3393 1988 rerum
3429 1934 3730 2004 percipien-

479 2045 809 2100 Ascensione
865 2041 1117 2106 Domini,
1181 2038 1374 2094 indixit
1442 2037 1704 2107 jejunium
1767 2040 1850 2093 vir
1924 2054 2049 2094 san-
2152 2028 2565 2089 darnmoll‘erre
2594 2032 2725 2098 Deo,
2748 2031 2842 2086 sed
2869 2045 2931 2086 ex
2961 2028 3282 2084 necessitate
3308 2044 3419 2084 non
3458 2040 3699 2100 oportet.

479 2147 602 2194 ctus
635 2136 733 2193 Dei
765 2135 1068 2189 triduanum
1109 2133 1163 2187 in
1194 2131 1392 2202 populo
1442 2145 1563 2186 cum
1592 2130 1789 2202 gemitu
1830 2134 1885 2186 et
1921 2145 2052 2185 con-
2661 2140 2890 2198 CAPUT
2944 2137 3227 2196 XXXVII],

484 2228 727 2287 tritione.
803 2225 870 2281 Et
939 2222 1100 2294 paulo
1168 2230 1352 2293 post:
1411 2220 1561 2275 Tunc
1634 2221 1869 2275 cessavit
1938 2221 2055 2291 ipsa
2602 2213 2678 2268 De
2722 2211 2899 2283 vigilia
2943 2204 3294 2265 Pentecostcs.

486 2316 762 2374 tribulatio
816 2324 874 2370 et
928 2314 1228 2369 subversio.
1280 2312 1543 2382 Deinceps
1588 2326 1775 2367 omnes
1803 2311 2057 2367 Ecclesia:
2227 2306 2561 2363 V'eniendum
2588 2312 2673 2359 est
2728 2304 2889 2358 modo
2915 2302 2982 2357 ad
3012 2301 3221 2373 vigilias
3258 2300 3639 2381 Pentecostes.
3684 2299 3743 2355 In

470 592 671 648 tudinis
703 589 757 643 in
786 586 1019 658 imagine
1054 599 1397 648 veneramur,
1440 579 1644 651 jejunia
1679 578 1928 633 videlicet
1953 588 2037 628 re-

465 680 730 745 laxando,
759 686 814 734 et
846 675 1074 732 Alleluia
1100 673 1372 740 canendo,
1414 681 1619 728 stantes
1657 669 1891 734 orando,
1921 682 2039 737 qua:

441 772 597 833 ‘sunt
637 773 916 846 aptissima
958 776 1234 841 perpetua:
1262 765 1490 838 quietis,
1532 760 1947 820 resurrectionis
1983 768 2040 815 et

469 868 641 924 laudis
666 865 945 937 praesagia.
973 862 1016 916 A
1047 876 1155 932 quo
1183 860 1357 931 primo
1385 859 1598 914 initium
1639 872 1881 928 praesens
1899 853 2039 925 jeju-

471 961 619 1014 nium
647 955 898 1026 sumpsit,
929 951 1220 1023 Gregorius
1246 948 1581 1005 Turonensis
1611 944 1954 1009 manifestat,
1984 945 2038 998 in

470 1048 638 1120 gestis
658 1046 989 1102 Francorum
1019 1043 1094 1097 ita
1123 1043 1308 1098 dicens
1332 1060 1345 1095 :
1374 1040 1431 1095 in
1457 1039 1543 1094 his
1571 1037 1903 1107 temporibus
1939 1034 2041 1092 fuit

468 1140 529 1194 in
572 1137 779 1193 Vienna
822 1135 958 1189 urbe
988 1142 1146 1188 terra:
1176 1139 1355 1186 motus
1402 1129 1671 1185 maximus
1719 1127 1811 1182 ubi
1860 1126 2042 1181 multa:

462 1226 713 1283 ecclesiae
752 1232 808 1280 et
846 1224 1036 1279 domus
1078 1220 1374 1275 multorum
1414 1231 1691 1273 concussa:
1738 1215 1956 1270 fuerunt
1989 1221 2044 1269 et

465 1320 743 1376 subversae
768 1333 785 1369 ς
815 1315 909 1369 ubi
942 1312 1131 1368 bestia:
1160 1310 1342 1365 multa:
1375 1310 1693 1365 aberrantes
1712 1347 1727 1373 ,
1753 1306 1898 1376 lupi,
1930 1305 2043 1359 ursi

468 1408 652 1463 acerbi
679 1404 906 1475 ingressi
925 1417 1026 1473 per
1052 1409 1263 1473 portam
1288 1400 1523 1455 civitatis
1542 1440 1557 1464 ,
1582 1397 1907 1454 devorantes
1926 1396 2044 1468 plu-

480 2408 580 2465 Dei
612 2416 671 2463 et
706 2406 1018 2462 sacerdotes
1054 2406 1158 2460 hoc
1204 2403 1508 2475 exemplum
1556 2404 1832 2458 imitantes
1886 2418 2058 2473 usque

480 2500 551 2556 ad
571 2512 829 2570 presens,
855 2497 1000 2567 ipsas
1042 2495 1320 2550 triduanas
1356 2494 1573 2550 litanias
1612 2493 1809 2575 ubique
1835 2492 2061 2549 celebri-

484 2603 570 2648 ter
592 2590 795 2646 colunt.
827 2588 929 2645 Ubi
959 2586 1113 2653 dicit,
1145 2602 1325 2641 omnes
1354 2585 1606 2641 Ecclesia:
1631 2584 1749 2651 Dei,
1781 2600 1889 2640 non
1906 2593 2060 2640 extra

485 2681 687 2737 Gallias
708 2693 997 2750 possumus
1029 2692 1124 2732 eas
1164 2676 1483 2748 intelligere.
1510 2675 1613 2732 Ubi
1658 2685 1814 2733 erant
1842 2677 1907 2732 de
1943 2674 2063 2746 qui-

485 2776 588 2830 bus
625 2771 943 2828 Ambrosius
979 2770 1137 2836 dixit,
1166 2770 1257 2838 qui
1299 2770 1536 2840 quotidie
1569 2770 1886 2826 statuissent
1936 2782 2060 2824 car-

489 2880 613 2919 nem
635 2861 897 2919 edendam
942 2875 1114 2930 usque
1138 2861 1193 2915 in
1222 2859 1600 2927 Pentecosten,
1647 2860 1721 2915 ibi
1753 2875 1861 2915 non
1901 2858 2065 2914 ﬁebat

489 2956 755 3027 jejunium
772 2955 927 3025 juxta
954 2968 1157 3009 morem
1192 2960 1460 3018 nostrum,
1486 2967 1662 3021 neque
1683 2950 1771 3006 ubi
1801 2950 2063 3021 Hierony-
2091 2970 2107 3027 ἐ

490 3063 635 3113 mus,
661 3059 836 3116 neque
857 3045 949 3100 ubi
972 3044 1302 3115 Augustinus
1324 3051 1462 3098 erat.
1494 3042 1645 3109 Quod
1681 3043 1726 3097 si
1759 3041 1930 3107 fleret,
1953 3056 2061 3097 non

2157 2398 2238 2455 eis
2265 2397 2519 2468 leguntur
2547 2394 2811 2450 lecttones
2834 2400 3087 2463 quatuor,
3129 2399 3183 2446 et
3206 2399 3479 2446 canuntur
3504 2402 3747 2462 quatuor

2160 2491 2370 2546 cantica
2396 2497 2523 2543 ante
2548 2488 2807 2558 baptismi
2835 2487 3323 2550 consecrationem,
3351 2485 3494 2539 sicut
3516 2484 3576 2538 in
3609 2485 3748 2555 vigi-

2160 2581 2246 2636 liis
2276 2579 2517 2635 Paschaa.
2541 2577 2619 2633 lbi
2664 2578 2930 2649 legimus:
2958 2575 3027 2630 In
3068 2576 3323 2647 principio
3353 2575 3551 2629 crearit
3602 2573 3747 2627 Deus

2161 2671 2344 2725 calum
2396 2680 2444 2724 et
2489 2680 2706 2723 terram.
2752 2666 2811 2722 ιη
2865 2667 3065 2738 vigiliis
3092 2666 3463 2731 Pentecostes,
3492 2665 3746 2720 Tentarit

2159 2761 2304 2816 Deus
2332 2761 2617 2815 Abraham.
2640 2759 2697 2814 In
2724 2759 2813 2814 illa
2846 2772 2953 2813 non
2974 2758 3218 2827 sequitur
3237 2758 3530 2821 canticum,
3555 2757 3615 2811 in
3640 2759 3749 2812 ista

2162 2856 2425 2925 sequitur.
2481 2853 2769 2909 Lectiones
2817 2853 2885 2907 ad
2914 2850 3231 2906 memoriam
3261 2850 3417 2907 nobis
3461 2850 3753 2905 adducunt

2166 2948 2299 3004 duos
2324 2955 2509 3018 patres
2535 2965 2547 3000 :
2579 2961 2747 3000 unum
2777 2943 3070 3001 secundum
3113 2958 3352 3008 carnem,
3392 2942 3634 2997 alterum
3658 2958 3752 2997 se-

2166 3037 2400 3093 cundum
2433 3036 2702 3106 spiritum.
2734 3035 2924 3100 Adam,
2960 3035 3050 3106 qui
3079 3035 3132 3090 in
3160 3035 3340 3105 priore
3359 3035 3601 3091 lectione
3634 3051 3755 3091 me—

491 3150 602 3193 tam
648 3145 834 3207 aperte
861 3135 1221 3207 praedicarent
1266 3132 1653 3189 relaxationem
1695 3129 1887 3200 jejunii
1925 3130 2065 3186 infra
2098 3166 2103 3177 ς
2162 3139 2428 3195 moratur,
2459 3128 2695 3184 carnalis
2722 3136 2807 3184 est
2832 3136 3008 3200 pater,
3043 3145 3073 3185 a
3103 3145 3210 3199 quo
3250 3129 3508 3197 originem
3544 3143 3756 3183 omnes

493 3226 881 3299 quinquaginta
901 3225 1038 3280 dies.
1063 3225 1307 3279 Romana
1344 3222 1678 3278 consuetudo
1702 3237 1863 3275 unum
1898 3221 2062 3286 diem,
2162 3220 2431 3287 ducimus,
2459 3221 2550 3290 qni
2571 3220 2817 3290 peccavit
2837 3234 2943 3274 non
2982 3220 3282 3275 obediendo
3308 3227 3589 3295 prmeepto
3618 3218 3753 3279 Dei.

491 3318 549 3377 id
574 3329 681 3383 est,
711 3317 944 3389 septimo
974 3314 1241 3370 Kalendas
1272 3313 1413 3375 Maii,
1442 3312 1761 3382 interponit,
1782 3326 1939 3381 quem
1968 3327 2065 3367 vo-
2163 3311 2249 3365 cui
2282 3326 2388 3365 non
2419 3309 2667 3365 subditur
2691 3309 2960 3365 canticum
2981 3309 3239 3364 victoriae.
3267 3306 3568 3372 Abraham,
3586 3319 3759 3379 pater

491 3420 581 3467 cat
600 3411 657 3466 in
682 3409 868 3464 (itania
893 3407 1116 3479 majore,
1147 3421 1255 3463 non
1285 3406 1340 3460 in
1371 3403 1583 3476 jejunio
1612 3423 1625 3459 :
1651 3404 1835 3458 litania
1863 3411 2064 3470 autem,
2164 3398 2482 3471 spiritualis,
2513 3401 2639 3470 quia
2662 3400 2780 3470 ejus
2805 3399 2962 3455 lldem
2991 3399 3253 3455 imitando
3298 3399 3387 3453 lilii
3422 3398 3542 3468 ejus
3565 3399 3753 3454 efﬁcio

493 3511 555 3557 nt
580 3500 940 3573 praediximus,
968 3497 1273 3569 deprecatio
1297 3505 1383 3552 est
1402 3495 1543 3566 apud
1563 3510 1684 3550 nos.
1710 3493 1896 3549 Potest
1919 3494 2064 3549 enim
2164 3508 2290 3547 mur
2313 3501 2369 3547 et
2392 3490 2623 3562 populus
2645 3489 2741 3546 Dei
2759 3505 3031 3547 vocamur.
3046 3489 3155 3546 iste
3180 3492 3412 3547 restituit
3431 3492 3755 3549 obediendo

492 3608 685 3650 serena
712 3608 864 3648 mens
905 3598 961 3646 et
987 3590 1160 3645 aliena
1203 3605 1234 3643 a
1272 3589 1548 3645 voluntate
1584 3588 1757 3656 mala,
1788 3587 2068 3658 deprecari

499 3687 689 3752 Deum,
718 3685 965 3756 quamvis
985 3683 1273 3738 manducet
1297 3682 1478 3738 sobrie
1498 3695 1715 3737 carnem
1745 3681 1991 3746 meridie,
2014 3688 2068 3735 et

495 3777 707 3830 laetetur
741 3775 810 3828 de
849 3772 1247 3833 resurrectione
1289 3769 1544 3834 Domini;
1588 3777 1766 3823 tamen
1806 3768 2066 3838 majorum

497 3864 742 3927 Patrum,
768 3862 824 3916 id
866 3868 951 3917 est
985 3858 1423 3930 apostolicorum,
1461 3874 1591 3913 usus
1617 3857 1921 3928 sequendus
1961 3865 2064 3913 est.

498 3954 746 4013 Forsitan
786 3968 851 4007 es
892 3953 1009 4022 ipso
1045 3950 1224 4006 ollicio
1253 3950 1550 4019 poterimus
1596 3949 1894 4020 intelligere
1939 3949 2069 4018 quid

496 4043 891 4116 deprecandum
921 4042 993 4097 sit
1021 4040 1112 4095 tali
1140 4047 1399 4109 tempore.
1428 4038 1606 4093 Prima
1635 4040 1811 4094 oratio
1839 4038 1905 4093 ad
1939 4038 2070 4093 mis-

500 4153 614 4195 sam
665 4136 794 4193 dicit
821 4150 836 4190 :
868 4134 1090 4195 Privata,
1125 4148 1443 4200 qutrsumus,
1477 4132 1796 4201 omnipotens
1823 4128 1985 4195 Deus,
2014 4139 2070 4183 ut

493 4231 585 4303 qui
613 4230 668 4285 in
708 4227 981 4300 aﬂlictione
1026 4234 1205 4279 nostra
1245 4223 1310 4278 de
1356 4232 1448 4278 tua
1484 4222 1673 4293 pietate
1722 4222 2067 4291 confidimus,

497 4329 679 4375 contra
718 4318 936 4373 adversa
991 4316 1167 4373 omnia
1219 4324 1310 4370 tua
1356 4330 1557 4386 semper
1601 4315 1916 4386 protectione
1958 4331 2070 4368 mu-

2166 3585 2222 3640 in
2262 3584 2629 3640 immolatione
2683 3584 2782 3639 lilii
2829 3586 2931 3652 sui,
2980 3586 3120 3656 quod
3149 3588 3352 3657 primus
3375 3585 3610 3641 oll'endit
3642 3603 3754 3644 non

2164 3675 2482 3733 obediendo.
2512 3672 2612 3731 Cui
2635 3678 2830 3732 merito
2860 3676 3107 3732 subditur
3134 3678 3399 3733 canticum
3445 3678 3752 3734 victoriae:

2164 3768 2367 3825 occidit
2391 3768 2536 3823 enim
2569 3768 2760 3822 vitium
2788 3766 3180 3823 inobedientite.
3228 3768 3397 3840 lpsum
3424 3777 3597 3823 sonat
3618 3784 3754 3824 ora-

2168 3861 2245 3915 tio
2265 3859 2562 3915 sacerdotis
2584 3876 2595 3911 :
2619 3858 2781 3923 Deus,
2808 3858 2899 3929 qui
2920 3859 2974 3912 in
2998 3858 3222 3917 Abram:
3241 3856 3427 3928 [amuli
3449 3859 3526 3910 tui
3559 3876 3752 3930 open,

2167 3947 2401 4003 humano
2426 3948 2600 4020 generi
2634 3947 2940 4003 obedientitc
2971 3946 3204 4019 exempla
3249 3947 3539 4019 prabuisti,
3581 3963 3647 4004 et
3675 3967 3755 4006 re-

2170 4040 2337 4111 liqua.
2366 4039 2493 4096 llaec
2521 4039 2680 4096 lectio
2708 4037 2775 4094 ad
2802 4040 3082 4099 historiam
3112 4042 3344 4111 pertinet
3375 4058 3387 4092 :
3416 4048 3477 4093 ut
3511 4039 3753 4111 legitur,

2170 4131 2242 4185 ita
2276 4131 2473 4185 factum
2505 4139 2605 4186 est.
2636 4128 2893 4203 Sequitur
2928 4130 3031 4185 alia
3055 4130 3214 4186 lectio
3241 4145 3258 4185 :
3284 4130 3500 4199 Scripsit
3523 4130 3757 4204 Moyses

2170 4221 2455 4275 canticum.
2480 4219 2557 4275 De
2600 4236 2709 4290 quo
2736 4222 2945 4277 cantico
2970 4221 3133 4286 dicat,
3158 4231 3347 4275 cantor
3379 4220 3486 4275 illic
3511 4219 3760 4278 demon-

2173 4319 2331 4376 strat,
2380 4312 2606 4378 scilicet,
2654 4312 2877 4367 Attende
2901 4312 3103 4367 etclam.
3138 4313 3217 4368 De
3242 4329 3347 4384 quo
3382 4313 3523 4368 Beda
3579 4331 3762 4387 super

498 4364 679 4375 --ηυ-
719 4364 934 4373 "-m—
1219 4364 1307 4370 -ηη
1357 4364 1541 4386 --ν-γ--
2318 4364 2331 4376 .
3142 4364 3211 4368 ν-
3246 4364 3341 4384 Ἰ--
3382 4364 3523 4368 ,νη
3580 4364 3654 4370 π
3704 4364 3753 4373 --

498 4411 726 4465 niamur.
773 4405 909 4462 Huic
952 4403 1245 4460 concordat
1284 4403 1649 4470 oll'ertorium,
1699 4403 1883 4459 dicens
1923 4364 2147 4458 :Ad-D
2173 4401 2416 4456 Lucam:
2446 4402 2528 4458 Ad
2573 4404 2892 4459 memoriam
2936 4404 3129 4473 prisca:
3171 4404 3443 4477 religionis
3459 4364 3761 4464 canat-lum

490 4504 623 4575 jura
646 4517 750 4567 me,
780 4498 999 4554 Domine
1020 4497 1160 4551 Deus
1205 4513 1373 4563 meus,
1400 4496 1602 4551 salvum
1628 4514 1709 4551 me
1739 4496 1823 4566 {ac
1863 4506 2071 4569 propter
2172 4492 2596 4560 Deuteronomii,
2618 4496 2671 4550 in
2687 4511 2795 4567 quo
2808 4497 3094 4552 universus
3118 4497 3317 4552 veteris
3337 4497 3515 4567 pepuli
3537 4507 3761 4565 status,

500 4590 911 4648 misericordiam
961 4598 1126 4642 tuam.
1160 4588 1226 4642 Et
1271 4589 1466 4643 iterum
1500 4606 1514 4641 :
1548 4586 1652 4653 Qui
1700 4580 1984 4658 insurgunt
2014 4588 2069 4641 in
2172 4589 2299 4658 quid
2330 4588 2575 4644 videlicet
2599 4586 2823 4652 oll'enso,
2859 4587 2988 4660 quid
3031 4588 3263 4659 propitio
3305 4588 3411 4642 Deo
3454 4590 3759 4656 meruerit,

498 4700 579 4739 me
605 4682 1016 4753 confundantur.
1064 4680 1142 4735 Eo
1171 4689 1435 4750 tempore,
1472 4679 1526 4733 id
1563 4686 1664 4743 est,
1705 4678 1933 4747 septimo
1964 4678 2068 4733 Ka-

498 4774 778 4831 lendarum
809 4773 956 4835 Maii,
999 4781 1224 4843 possunt
1252 4772 1455 4827 inimici
1481 4785 1825 4827 commovere
1871 4772 2066 4827 bellum

501 4863 762 4919 adversus
802 4862 982 4919 vicina
1013 4877 1198 4933 regna,
1230 4872 1290 4916 nt
1329 4877 1473 4925 reor,
1503 4870 1663 4916 caute
1684 4863 1924 4932 providit
1948 4879 2072 4919 san-

500 4960 587 5007 cta
613 4951 854 5009 Ecclesia
884 4952 1167 5007 Dominum
1199 4968 1391 5023 rogare
1432 4961 1491 5011 ut
1519 4953 1611 5022 qui
1650 4954 1917 5009 destruxit
1942 4954 2070 5011 olim

501 5039 785 5095 consilium
812 5039 1148 5110 Acbitopbel,
1181 5058 1324 5096 nunc
1348 5041 1591 5097 destruat
1613 5043 1839 5098 consilia
1881 5061 2070 5101 eorum

500 5130 592 5200 qui
619 5128 804 5185 volunt
834 5130 1042 5184 irruere
1066 5146 1228 5200 super
1251 5147 1439 5201 pacem
1459 5131 1595 5201 ejus.
1623 5133 1856 5189 lntendit
1880 5137 1946 5190 ad
1966 5138 2070 5192 hoc

500 5222 643 5292 quod
681 5221 815 5277 dicit
857 5220 1097 5290 Epistola
1123 5240 1136 5275 :
1163 5221 1390 5277 Multum
1427 5226 1563 5278 enim
1594 5226 1730 5280 ualet
1771 5228 2065 5297 deprecatio

493 5314 626 5383 justi
651 5312 887 5367 assidua.
930 5310 1277 5381 Evangelium
1314 5312 1540 5369 alteram
1569 5317 1881 5385 petitionem
1912 5321 2057 5380 sonat

499 5404 686 5460 dicens
717 5423 730 5458 :
761 5403 892 5470 Quis
924 5414 1097 5458 autent
1117 5420 1183 5458 ea:
1215 5403 1354 5458 vobis
1378 5415 1576 5474 patrem
1603 5408 1728 5476 petit
1765 5424 1951 5477 panem
1972 5422 1992 5458 :
2013 5416 2069 5462 et

503 5498 730 5563 iterum,
761 5508 851 5550 aut
876 5497 1109 5565 piscem?
1138 5505 1194 5551 et
1225 5497 1440 5561 iterum,
1462 5507 1552 5550 aut
1585 5497 1631 5550 si
1656 5498 1858 5567 petierit
1884 5514 2067 5566 ovum;

507 5588 559 5647 iu
588 5587 707 5642 istis
743 5588 913 5643 tribus
940 5586 1042 5641 tria
1080 5585 1390 5656 temporalia
1418 5585 1645 5654 petenda
1674 5601 1959 5655 possumus
1987 5588 2068 5642 in-

2172 4680 2497 4746 continetur,
2529 4678 2799 4734 nonnullis
2824 4678 2877 4733 in
2916 4678 3048 4733 locis
3097 4676 3320 4733 sabbato
3375 4677 3554 4732 dicere
3620 4694 3763 4733 coa-

2173 4773 2367 4831 snevit.
2412 4769 2667 4842 Alioquin
2724 4780 2868 4826 esset
2918 4780 3305 4840 praeposterum
3357 4777 3414 4825 ut
3467 4771 3761 4838 prioribus

2175 4867 2489 4936 septimanze
2538 4864 2730 4919 diebus
2772 4863 3158 4933 prophetarum
3202 4862 3359 4917 dictis
3403 4861 3761 4918 carminibus

2174 4955 2370 5025 Moysis
2396 4954 2644 5009 ultimum
2671 4953 2944 5008 diceretur
2968 4953 3026 5007 +.
3071 4952 3148 5007 Ac
3176 4966 3273 5022 per
3298 4951 3418 5015 hoc,
3450 4951 3581 5021 quia
3613 4968 3761 5022 pm

2174 5053 2455 5101 cesserunt
2503 5044 2631 5099 boni
2662 5056 2842 5099 mores
2887 5044 2941 5098 in
2972 5042 3095 5098 ﬁliis
3149 5043 3402 5107 Abrahae,
3448 5051 3759 5113 antequam

2172 5133 2639 5206 apprehenderent
2670 5141 2876 5204 septem
2908 5134 3159 5189 mulieres
3187 5134 3363 5188 virum
3391 5149 3581 5197 unum.
3618 5150 3757 5205 pro-

2170 5226 2389 5297 ponitur
2435 5224 2615 5289 lectio,
2674 5223 2895 5295 Scripsit
2951 5224 3157 5293 Moyses
3207 5223 3492 5277 canticum.
3524 5226 3762 5280 Attende

2172 5317 2377 5382 (telum,
2409 5317 2499 5371 ubi
2527 5315 2699 5370 Adam
2724 5315 2792 5370 ad
2823 5315 3139 5379 memoriam
3191 5315 3490 5379 reducitur,
3519 5315 3616 5384 qui
3669 5329 3761 5373 est

2172 5414 2351 5479 imago
2384 5408 2549 5462 totius
2569 5407 2792 5461 humani
2815 5407 3047 5479 generis,
3079 5408 3131 5461 in
3155 5422 3264 5477 quo
3285 5406 3459 5478 major
3483 5422 3614 5477 pars
3633 5417 3763 5463 erat

2173 5498 2404 5555 inﬁdelis
2426 5507 2552 5553 ante
2576 5495 2776 5551 Christi
2807 5499 3118 5552 adventum.
3142 5496 3309 5551 Vinea
3339 5496 3479 5551 facta
3505 5505 3615 5559 est,
3637 5499 3761 5552 sci-

2173 5589 2297 5644 licet
2323 5596 2721 5643 sacramentum
2749 5587 2951 5643 Christi
2970 5598 3024 5643 et
3046 5586 3305 5644 Ecclesite
3326 5588 3489 5661 (quod
3513 5605 3601 5660 per
3618 5592 3761 5646 tinet
