3938 6178
300 248 323 303 1
342 244 445 301 069

1086 238 1177 296 DE
1212 234 1763 295 ECCLESIASTICIS
1800 232 2087 291 OFFICIIS
2122 231 2304 287 LIBRI
2341 232 2427 288 IV.
2451 264 2524 274 -——
2560 233 2687 288 LIB.
2726 234 2768 289 I.
3008 266 3070 327 .

3409 236 3430 289 ι
3443 237 3544 290 0ῖο

293 361 364 415 ad
397 355 733 430 allegoriam)
762 354 1036 426 praecedit,
1068 353 1190 423 quia
1241 352 1345 406 nisi
1389 351 1437 406 is
1464 348 1716 409 venisset,
1748 347 1872 402 boni
1903 349 1947 407 Α
1978 359 2100 399 nem
2147 356 2314 413 prope
2351 358 2448 413 per
2492 343 2906 430 iuobodientiam
2931 342 3079 406 Adae,
3108 344 3249 400 sicut
3275 353 3400 403 tunc
3425 361 3543 404 om

288 468 478 508 mores
528 451 595 504 ad
650 449 959 503 universum
1012 446 1199 501 orbem
1249 458 1355 498 non
1409 442 1749 497 transissent.
1796 439 1873 493 De

292 548 456 602 tertia
488 545 721 599 lectione
740 542 851 612 jam
882 543 1082 597 dictum
1104 549 1209 605 est,
1238 540 1290 593 in
1340 554 1446 608 qua
1488 543 1697 608 septem
1734 534 1871 589 dona

291 639 536 711 Spiritus
563 637 738 692 sancti
759 635 825 690 de
852 634 1225 689 obedientihus
1252 630 1459 685 faciunt
1485 645 1650 683 unum
1677 628 1872 690 virum,

290 730 364 785 de
388 742 498 798 quo
524 728 742 783 dicebat
767 724 988 787 Paulus,
1022 723 1198 776 Donec
1245 735 1582 776 occurramus
1618 733 1799 771 omnes
1822 717 1874 771 in

289 820 465 874 virum
483 818 795 889 perfectum,
819 824 874 870 et
900 814 1130 884 reliqua.
1176 812 1378 879 Quarta
1428 810 1589 865 lectio
1617 812 1702 864 est
1725 806 1878 862 iere-

291 911 420 965 mia:
446 909 741 980 prophetae,
772 923 893 976 quae
917 906 1049 960 dicit
1079 906 1220 959 inter
1247 912 1440 959 caetera
1468 917 1482 955 :
1521 900 1675 954 Disce
1701 898 1877 952 ubisit

288 997 575 1069 sapientia,
614 998 702 1051 ubi
744 996 932 1060 virtus,
970 995 1056 1047 ubi
1106 994 1413 1064 prudentia,
1461 1000 1517 1044 ιιι
1548 990 1686 1044 scias
1720 990 1878 1042 simul

288 1092 471 1146 ubisit
501 1090 804 1161 longiturna
832 1088 936 1142 vita
967 1097 1013 1140 ct
1050 1088 1234 1152 rictus,
1268 1085 1356 1139 ubi
1379 1085 1449 1138 sit
1497 1082 1675 1136 lumen
1700 1082 1878 1135 ocu’ot-

292 1200 417 1237 rum
467 1192 517 1236 et
553 1199 683 1253 pax.
731 1179 1098 1235 Prmsentihus
1147 1177 1328 1232 verbis
1359 1177 1425 1230 ad
1465 1175 1609 1229 sitim
1640 1174 1875 1243 aliquam

290 1282 456 1328 vocat
506 1273 811 1335 audientes,
859 1269 1090 1333 scilicet,
1144 1265 1442 1337 sapientiae,
1480 1263 1721 1329 virtutis,
1748 1279 1877 1332 pru-

291 1368 516 1422 dentite.
541 1366 718 1433 Quare
748 1363 888 1418 hoc?
915 1368 973 1415 ut
1004 1361 1142 1416 sciat
1199 1360 1446 1439 audiens,
1490 1358 1580 1412 ubi
1621 1358 1687 1411 sit
1711 1355 1879 1426 longi-

293 1468 457 1509 turno
500 1456 628 1519 vita,
672 1453 846 1507 lumen
887 1450 1164 1505 oculorum
1201 1458 1397 1520 etpaat.
1434 1447 1587 1514 Quod
1629 1446 1876 1517 prmcipit

293 1542 530 1605 discere,
561 1543 633 1597 ad
663 1539 997 1595 desiderium
1032 1537 1273 1609 pertinet
1321 1536 1508 1601 fontis,
1553 1535 1707 1605 juxta
1733 1533 1876 1602 quod

294 1631 593 1703 respondet
620 1631 847 1685 audiens
874 1643 890 1683 :
920 1629 1069 1684 Sicut
1093 1642 1271 1681 cervus
1308 1625 1572 1680 desiderat
1601 1624 1671 1678 ad
1707 1624 1875 1693 fontes

293 1698 577 1796 aquarum,
614 1732 720 1779 etc.
767 1722 871 1778 Ubi
926 1722 1193 1775 rationem
1245 1718 1379 1773 dicit
1404 1733 1573 1789 quare
1602 1716 1875 1772 desiderat
1903 1698 1949 1757 Β

291 1814 523 1877 fontem,
559 1814 631 1868 ibi
661 1813 998 1884 superiorem
1041 1811 1208 1866 vitam
1257 1810 1469 1864 intimat
1508 1808 1758 1870 dicendo,
1783 1807 1875 1862 ubi

289 1907 371 1961 sit
394 1906 703 1976 longiturna
731 1905 865 1969 vita,
896 1911 950 1959 et
976 1903 1156 1957 lumen
1199 1902 1497 1966 oculorum,
1528 1909 1583 1955 et
1606 1916 1730 1970 pax,
1756 1917 1876 1972 qum

287 1996 531 2067 pertinet
554 1996 621 2051 ad
645 2010 945 2066 anagogen.
979 1994 1045 2048 Et
1080 1993 1334 2048 sacerdos
1362 1992 1436 2045 ita
1485 2008 1498 2043 :
1536 1990 1875 2060 Omnipotens

282 2088 602 2157 sempiternae
648 2085 810 2151 Deus,
866 2085 955 2154 qui
991 2084 1126 2137 lianc
1179 2082 1565 2136 solemnitatem
1622 2081 1875 2135 adventus

288 2177 530 2250 Spiritus
555 2179 721 2233 sancti
766 2176 1101 2241 consecrasti,
1154 2175 1223 2228 da
1268 2171 1415 2227 inibis
1459 2188 1786 2243 nutriamus,
1812 2184 1869 2226 ut

288 2271 587 2327 cwlestibus
642 2270 916 2325 desideriis
959 2270 1165 2324 accensi
1202 2268 1397 2339 fontem
1450 2266 1566 2321 vita:
1608 2266 1871 2321 sitiemus.

294 2361 408 2419 Ubi
430 2362 582 2425 dicit,
611 2359 901 2414 celestibus
943 2359 1218 2414 desideriis
1260 2358 1486 2420 accensi,
1522 2357 1873 2428 anagogicum

290 2464 482 2511 sonat.
513 2453 589 2507 Dc
617 2454 806 2509 litania
843 2453 989 2508 circa
1033 2452 1380 2521 baptismum,
1431 2458 1486 2505 et
1538 2448 1775 2514 alleluia,
1820 2459 1877 2503 et

286 2554 496 2609 tractu,
519 2546 722 2601 dictum
744 2552 846 2599 est.
874 2543 1072 2597 Parum
1114 2542 1245 2597 libet
1270 2542 1335 2599 de
1381 2540 1595 2595 alleluia
1621 2549 1674 2595 et
1702 2549 1874 2594 tracta

288 2636 496 2707 iterum
543 2634 838 2689 recordari.
889 2632 1117 2687 Alleluia
1160 2633 1218 2687 in
1263 2631 1652 2688 memoratione
1685 2632 1874 2700 prim

286 2727 423 2780 vitae
456 2725 773 2780 innocentis
814 2723 944 2779 Adae
989 2732 1271 2789 cantatur;
1307 2723 1404 2778 sed
1427 2723 1555 2793 quia
1607 2732 1715 2777 non
1772 2722 1875 2778 fuit

282 2822 483 2875 eadem
516 2819 821 2875 innocentia
878 2820 1228 2890 sempiterna,
1261 2818 1315 2873 in
1357 2828 1581 2873 tractum
1605 2819 1874 2874 convertiL

284 2920 403 2965 tur.
440 2910 599 2967 Verbi
629 2912 801 2982 gratia
841 2925 856 2965 :
902 2910 999 2964 Fui
1027 2911 1448 2966 catechumenos
1489 2908 1874 2965 Constantino-

284 3001 402 3070 poli
429 3011 618 3071 captus
647 3019 660 3055 :
686 3002 935 3071 quaesivit
964 3017 1050 3056 me
1077 3001 1328 3056 dominus
1369 3015 1521 3056 meus
1561 3002 1871 3059 misericors

284 3200 389 3239 me
425 3186 605 3254 rapuit
624 3193 849 3255 propter
872 3200 1046 3239 meam
1076 3183 1360 3250 incuriam,
1411 3192 1465 3238 et
1508 3199 1594 3240 me
1640 3184 1870 3241 reddidit

281 3275 559 3339 libertati,
606 3283 667 3329 ut
716 3283 1021 3331 reverterer
1067 3276 1135 3330 ad
1184 3274 1416 3346 patriam
1452 3291 1661 3330 meam.
1696 3277 1867 3344 Quam

285 3367 490 3436 ingens
516 3366 686 3436 gloria
715 3366 854 3438 apud
882 3381 987 3430 me,
1018 3367 1145 3437 quia
1173 3374 1362 3421 erutus
1386 3382 1505 3423 sum
1532 3382 1562 3421 a
1590 3368 1865 3439 servitute,

282 3469 347 3515 et
375 3459 614 3514 redditus
639 3459 916 3517 libertati?
937 3459 1147 3515 Tamen:
1172 3460 1299 3529 quia
1326 3459 1483 3530 longa
1529 3459 1615 3513 via
1642 3466 1697 3513 et
1722 3458 1871 3513 labo-

282 3550 441 3605 riosa
461 3560 516 3606 et
529 3549 831 3621 periculosa
855 3558 1025 3605 restat
1044 3550 1316 3605 redeundo
1336 3550 1409 3605 ad
1425 3550 1656 3620 patriam
1668 3564 1866 3612 meam,

281 3649 418 3710 post
442 3654 688 3709 magnam
740 3639 980 3694 laetitiam
1028 3639 1209 3710 aliquo
1258 3639 1415 3695 taedio
1462 3638 1687 3694 affectus
1725 3655 1865 3702 sum,

283 3729 540 3785 nesciens
568 3739 750 3784 utrum
770 3729 1192 3800 perveniendum
1238 3729 1309 3785 sit
1338 3729 1406 3784 ad
1431 3731 1682 3801 patriam,
1714 3730 1869 3799 quasi

283 3823 361 3878 de
387 3822 567 3888 aliquo
595 3821 762 3891 gradu
785 3820 1117 3875 descendens
1149 3835 1179 3874 a
1208 3821 1413 3891 majore
1439 3820 1649 3886 lzntitia,
1681 3820 1733 3874 id
1764 3829 1867 3883 est,

280 3913 362 3967 ab
392 3909 634 3975 Alleluia,
656 3910 710 3964 in
733 3910 1018 3975 minorem,
1048 3910 1201 3978 quasi
1238 3910 1291 3964 in
1321 3920 1567 3965 tractum.
1598 3910 1872 3964 Patienter

284 4013 479 4057 tamen
507 4001 644 4067 fero,
669 4001 936 4057 laudando
965 4008 1292 4070 ereptorem,
1344 4001 1449 4055 iter
1503 4000 1800 4069 injunctum
1825 4001 1869 4053 si

289 4099 483 4168 aliquo
531 4096 692 4152 modo
719 4096 1008 4165 aliquando
1047 4095 1247 4150 reverti
1288 4104 1475 4165 potero
1522 4095 1589 4149 ad
1614 4095 1867 4165 patriam.

286 4191 519 4258 Insuper
539 4188 701 4242 etiam
715 4194 931 4257 ereptor
948 4201 1102 4240 meus
1123 4184 1288 4239 mittit
1310 4199 1517 4239 mecum
1534 4182 1869 4250 defensores,

286 4280 387 4351 qui
416 4293 504 4334 me
532 4277 825 4333 defendant
844 4276 909 4330 de
930 4274 1214 4331 barbarica
1255 4273 1423 4338 rabie,
1469 4289 1592 4343 qum
1636 4273 1872 4343 undique

287 4367 601 4425 circumdat
626 4368 732 4423 iter
755 4382 953 4421 meum.
971 4366 1079 4434 Ipsi
1098 4365 1410 4420 defensores
1434 4373 1559 4419 sunt
1577 4364 1871 4435 baptisma-
1897 4397 1951 4457 Β

288 4460 364 4513 lia
396 4467 751 4520 sacramenta,
775 4464 827 4510 et
852 4470 1061 4518 cereus,
1119 4464 1284 4525 atque
1317 4464 1605 4525 patronus,

288 4567 420 4607 cum
451 4557 737 4604 versantur
777 4563 948 4616 usque
995 4547 1063 4601 ad
1110 4547 1394 4616 septimum
1426 4547 1567 4601 diem
1593 4547 1874 4602 levationis

288 4644 563 4699 albarum.
621 4641 859 4712 Septima
904 4640 1042 4705 dies,
1089 4647 1149 4697 ut
1196 4654 1337 4709 saepe
1363 4639 1568 4693 dictum
1595 4648 1698 4703 est,
1726 4641 1871 4695 illam

289 4734 538 4805 requiem
570 4734 813 4804 designat
842 4747 1001 4803 quam
1033 4740 1292 4787 exeuntes
1320 4731 1386 4785 de
1412 4732 1610 4786 mundo
1644 4734 1871 4802 suscipi-

289 4843 444 4892 mus,
474 4835 593 4897 quae
622 4828 738 4882 sine
762 4827 871 4881 ullo
897 4825 1138 4895 periculo
1165 4825 1422 4879 manebit.
1456 4824 1535 4878 Ad
1570 4824 1789 4878 distinct
1810 4840 1870 4877 o-

289 4934 425 4976 nem
478 4917 691 4972 alleluia
735 4925 794 4972 et
841 4927 1063 4981 tractus,
1111 4932 1272 4986 quam
1322 4915 1569 4970 volumus
1628 4916 1714 4969 hic
1771 4914 1866 4969 de-

292 5016 609 5067 monstrare
634 5008 751 5062 bare
774 5022 938 5077 parva
968 5007 1098 5061 mihi
1125 5005 1395 5062 sutiiciunt
1426 5025 1438 5059 :
1467 5006 1684 5076 insuper
1705 5006 1867 5059 etiam

289 5101 476 5171 placet
500 5099 587 5154 hic
606 5099 877 5163 intimare,
908 5112 1028 5167 qum
1050 5096 1309 5152 distantia
1356 5098 1429 5152 sit
1450 5100 1594 5154 inter
1614 5095 1871 5152 lectiones

292 5208 421 5265 qua:
443 5193 692 5264 leguntur
713 5191 768 5246 in
787 5188 987 5261 vigiliis
1029 5189 1253 5244 Pascha
1274 5196 1330 5244 et
1352 5203 1445 5243 eas
1469 5202 1590 5257 quae
1621 5187 1871 5258 leguntur

293 5289 354 5342 in
387 5285 580 5355 vigiliis
603 5284 967 5340 Pentecostes.
1000 5281 1153 5348 Quod
1182 5281 1327 5335 enim
1351 5281 1516 5336 distat
1539 5281 1681 5334 inter
1696 5279 1870 5334 Adam

295 5390 356 5435 et
382 5376 675 5439 Abraham,
708 5376 813 5431 hoc
844 5382 1063 5446 oportet
1113 5371 1329 5429 differre
1377 5373 1518 5427 inter
1570 5370 1873 5426 doctrinam

298 5468 688 5538 magistrorum
740 5466 811 5521 ad
853 5465 1270 5521 catechumenos
1316 5463 1408 5532 qui
1453 5462 1798 5532 baptizantur
1818 5462 1874 5517 in

298 5559 513 5614 Pascha
538 5557 748 5613 Domini
770 5564 826 5612 et
849 5556 906 5611 in
929 5555 1264 5611 Pentecoste.
1297 5554 1526 5609 Deberet
1554 5554 1633 5608 eis
1653 5567 1875 5607 narrare

297 5650 755 5721 pcriclitationem
780 5647 1001 5701 humani
1032 5644 1246 5715 generis
1268 5658 1435 5715 usque
1462 5643 1525 5697 ad
1550 5642 1874 5701 internecio—

1976 434 2191 503 quando
2232 431 2410 486 nullus
2458 431 2739 487 hominum
2783 429 2950 487 Deum
2998 431 3228 497 colebat,
3257 435 3360 489 nisi
3402 436 3548 491 solus

1975 522 2285 587 Abraham;
2333 522 2449 590 ipsa
2507 520 2807 575 internecio
2858 522 3154 591 permansit
3199 523 3253 577 in
3297 525 3548 581 universo

1976 628 2173 685 genere
2194 613 2454 676 humano,
2478 612 2720 681 exceptis
2733 612 2818 667 bis
2839 611 3109 682 aliquibus
3125 614 3218 683 qui
3238 615 3304 671 de
3320 615 3551 679 Abrahu:

1976 705 2148 775 stirpe
2188 704 2539 773 prodierant:
2569 704 2625 761 in
2655 702 2745 760 illo
2773 704 2937 774 enim,
2984 702 3037 757 id
3089 715 3172 759 est
3209 705 3403 773 Adam,
3453 725 3548 778 per

1977 797 2265 851 adventum
2286 794 2487 850 Christi
2509 794 2685 865 primo
2712 794 2924 851 occisus
2949 802 3033 849 cst
3060 794 3339 853 diabolus?
3366 809 3550 867 postea

1976 902 2076 956 per
2100 886 2445 943 dilectionem
2483 896 2690 955 squam
2735 885 3022 943 mulierum
3063 887 3413 958 conjunctum
3466 901 3554 946 est

1976 978 2194 1043 Christo
2222 993 2392 1049 genus
2416 977 2734 1033 humanum.
2770 976 2972 1037 Deinde
3001 978 3068 1039 ad
3093 979 3236 1041 bona
3279 994 3443 1051 opera
3474 983 3554 1038 die

1977 1079 2184 1124 rectum
2206 1077 2313 1125 est.
2340 1069 2449 1124 Iste
2489 1069 2623 1125 ordo
2670 1077 2918 1124 servatur
2964 1069 3017 1123 in
3066 1068 3264 1142 vigiliis
3308 1070 3549 1131 Pasclne.

1978 1160 2132 1215 Alter
2157 1168 2241 1215 est
2285 1161 2340 1214 in
2386 1159 2584 1228 vigiliis
2626 1158 2994 1215 Pentecostes.
3040 1158 3098 1214 In
3150 1161 3254 1216 isto
3297 1162 3554 1218 recolitur

1978 1250 2246 1321 quomodo
2271 1250 2544 1305 Abraham
2571 1250 2683 1305 Deo
2722 1248 2927 1318 placuit
2960 1263 3060 1318 per
3087 1248 3470 1316 obedientiam,
3488 1260 3554 1313 ,et

1977 1357 2074 1397 sua
2123 1342 2409 1412 progenies
2458 1341 2510 1397 in
2540 1341 2698 1396 bonis
2744 1340 2984 1399 moribus
3014 1340 3277 1397 delectata
3321 1343 3411 1407 sit,
3465 1344 3551 1398 cui

1977 1439 2161 1487 tamen
2186 1445 2409 1486 necesse
2447 1430 2609 1486 estin
2635 1430 2786 1485 Novo
2811 1429 3179 1497 Testamento,
3217 1443 3278 1486 ut
3300 1431 3555 1502 adjunga-

1978 1529 2069 1576 tur
2088 1535 2190 1590 per
2210 1521 2536 1593 baptismum
2552 1519 2791 1585 Christo,
2804 1530 2862 1575 et
2881 1521 2962 1575 sic
2984 1521 3039 1576 in
3059 1536 3126 1578 eo
3154 1532 3367 1579 maneat
3386 1539 3554 1595 usque

1979 1612 2106 1667 dum
2136 1612 2463 1683 perducatur
2491 1610 2558 1664 ad
2583 1609 2805 1667 caeleste
2830 1625 3077 1680 regnum.

2497 1722 2726 1778 CAPUT
2790 1722 3030 1778 XXXIX.

2118 1813 2195 1867 De
2226 1814 2555 1886 sequentibus
2587 1824 2777 1884 septem
2825 1814 3007 1869 diebus
3035 1815 3387 1873 Pentecostes.

2048 1925 2317 1981 Inchoauc
2339 1927 2390 1980 in
2420 1927 2772 1996 sequentibus
2813 1926 3001 1983 diebus
3043 1930 3323 1997 prmsentis
3351 1931 3553 1986 hebdo-

1975 2021 2148 2075 madzc
2176 2021 2304 2092 quid
2331 2036 2490 2093 agere
2539 2022 2849 2084 debeamus,
2904 2023 3153 2080 dominus
3196 2025 3339 2080 Beda
3383 2029 3553 2081 mani-

1978 2109 2143 2167 festat
2189 2112 2243 2166 in
2294 2111 2514 2166 humilia
2572 2127 2667 2167 sua
2713 2112 2937 2167 dicens:
2970 2111 3167 2169 Verum
3213 2116 3316 2171 hoc
3340 2132 3553 2187 quoque

1975 2206 2119 2275 quod
2147 2222 2252 2260 non
2280 2206 2467 2260 statim
2498 2214 2715 2277 peracta
2740 2207 2823 2261 die
2850 2207 3294 2279 quinquagesima
3318 2224 3456 2280 genu
3481 2210 3548 2262 ad

1974 2296 2236 2351 orandum
2259 2312 2566 2362 curramus,
2591 2297 2683 2351 sed
2701 2295 2859 2351 ctilla
2883 2297 3057 2351 adhuc
3079 2296 3379 2367 septimana
3404 2305 3549 2352 stan-

1977 2397 2057 2443 tes
2087 2388 2313 2443 Domino
2336 2389 2718 2459 supplicamus,
2748 2398 2804 2443 ct
2850 2388 3095 2459 quamvis
3124 2390 3430 2445 intermissa
3464 2406 3549 2446 rc-

1974 2490 2217 2552 petentcs
2232 2478 2452 2550 jcjunia,
2482 2490 2660 2537 tamen
2678 2480 2904 2537 Alleluia
2924 2483 3164 2554 quotidie
3175 2499 3547 2553 personamus,

1975 2585 2134 2625 nemo
2173 2571 2381 2641 absque
2424 2571 2749 2626 discretione
2804 2581 2927 2642 apta
2971 2581 3026 2626 et
3073 2574 3296 2646 congrui
3342 2576 3551 2631 ratione

1974 2664 2213 2735 mysterii
2264 2663 2677 2733 putctactitari.
2710 2662 2846 2731 Quia
2897 2664 3041 2718 enim
3095 2664 3330 2735 Spiritus
3370 2668 3543 2723 sancti

1974 2755 2305 2824 scptit‘ormis
2329 2763 2412 2809 est
2437 2754 2607 2826 gratia
2654 2752 2775 2823 jure
2802 2754 3116 2810 solemnitas
3146 2757 3407 2812 adventus
3434 2757 3550 2826 cjus

1974 2861 2071 2918 per
2098 2854 2300 2919 septem
2325 2848 2440 2903 dies
2486 2847 2644 2905 laude
2689 2847 3013 2919 hymnorum
3062 2847 3261 2914 debita,
3305 2849 3549 2904 simulet

1976 2937 2264 2994 missarum
2287 2937 2651 2994 celebratione
2677 2937 2891 2992 colitur.
2937 2935 3070 3004 Quia
3095 2946 3336 3007 tempore
3360 2938 3556 2994 Pente-

1369 3026 1871 3110 f"'f'_‘f.‘"{"f”"wr‘_’
1898 3047 1942 3110 ρ
1976 3036 2154 3083 costes
2175 3026 2417 3087 Ecclesia
2442 3037 2553 3084 toto
2577 3028 2707 3083 orbe
2741 3043 2907 3082 novos
2954 3043 3167 3099 semper
3191 3028 3301 3085 Deo
3330 3032 3554 3101 populos

285 3103 347 3147 et
369 3092 660 3163 piissimus,
687 3093 892 3148 invenit
922 3108 1009 3148 me
1031 3092 1337 3162 captivum;
1365 3092 1564 3147 occidit
1604 3092 1749 3148 illum
1773 3095 1865 3164 qui
1900 3092 1908 3112 ³

1974 3134 2073 3190 per
2104 3134 2298 3189 aquam
2324 3119 2750 3189 regenerationis
2780 3133 3074 3197 aggregare
3106 3122 3414 3187 consuevit,
3442 3137 3555 3176 me-

1974 3212 2079 3267 rito
2114 3212 2274 3268 saluti
2315 3228 2503 3267 eorum
2547 3212 2946 3282 congaudentes
3001 3227 3281 3283 quousque
3311 3212 3444 3268 albis
3475 3214 3555 3267 in-

1975 3302 2211 3357 duuntur
2240 3301 2411 3367 stolis,
2443 3311 2496 3355 et
2522 3301 2749 3356 nitorem
2797 3299 3095 3369 puriﬁcatio
3124 3302 3344 3367 mentis,
3373 3301 3544 3372 splen-

1975 3392 2104 3446 dore
2130 3393 2344 3447 halitus
2366 3393 2721 3456 demonstrat,
2764 3391 3022 3461 hymnum
3070 3388 3180 3447 Deo
3204 3390 3412 3447 devotae
3441 3393 3549 3446 laus

1974 3481 2057 3534 dis
2082 3481 2356 3536 otl'crimus
2378 3480 2533 3551 juxta
2555 3487 2884 3551 praeceptum
2924 3479 3092 3549 ipsius
3120 3481 3349 3550 piissimi
3370 3492 3549 3552 pasto-

1974 3571 2049 3627 ris
2090 3588 2154 3626 ac
2208 3572 2567 3641 redemptoris
2597 3571 2792 3636 nostri,
2826 3571 2917 3642 qui
2945 3571 3019 3624 ait
3055 3590 3067 3624 :
3101 3569 3552 3643 Congrum/nmini

1973 3666 2124 3731 mihi,
2152 3667 2275 3738 quia
2308 3664 2479 3719 inveni
2518 3680 2661 3718 ovem
2699 3680 2887 3725 meam,
2918 3679 3034 3735 qua:
3062 3664 3307 3733 perierat.
3361 3664 3554 3720 Merito

1974 3759 2135 3814 etiam
2169 3766 2297 3813 tunc
2323 3766 2529 3812 stantes
2553 3771 2789 3817 oramus,
2823 3755 2892 3811 ob
2926 3754 3370 3827 signiﬁcationem
3401 3758 3551 3813 vide-

1976 3848 2103 3903 licet
2127 3847 2463 3902 liberationis
2484 3844 2820 3910 eorumdcm,
2848 3845 2936 3913 qui
2967 3859 3064 3915 per
3094 3845 3290 3901 dondm
3322 3845 3555 3918 Spiritus

1974 3941 2145 3996 sancti
2196 3938 2264 3994 de
2310 3947 2483 3994 morte
2515 3938 2709 3993 animus
2759 3937 2826 3991 ad
2858 3938 3021 3992 vitam
3049 3938 3360 3994 resuscitari
3391 3951 3553 4010 atque

1974 4046 2258 4103 re-.urgcre
2308 4038 2637 4086 meruerunt.
2686 4028 2851 4100 Cujus
2899 4029 3130 4084 donante
3159 4031 3352 4101 gratia,
3382 4033 3548 4087 etiam

1974 4126 2155 4181 carnis
2177 4123 2583 4180 immortalitate
2606 4138 2706 4177 nos
2738 4123 2790 4175 in
2817 4122 3103 4176 novissima
3132 4122 3216 4176 die
3246 4126 3552 4179 νθειίθιῑιιιτε

1975 4224 2137 4287 atque
2169 4216 2233 4270 ad
2267 4215 2461 4287 gaudia
2510 4214 2682 4268 beata:
2737 4212 3148 4267 resurrectionis
3185 4214 3551 4282 perducendos

1974 4326 2095 4365 esse
2116 4320 2413 4380 speramus.

2572 4396 2798 4452 CAPUT
2836 4396 2946 4451 XL.

1633 4471 1874 4558 quam?
1978 4490 2188 4555 Quanto
2213 4498 2440 4558 tempore
2474 4487 2690 4543 debeant
2714 4506 2823 4541 esse
2865 4488 2959 4542 sub
2990 4488 3264 4558 disciplina
3293 4489 3547 4544 chrisma-

2046 4558 2111 4613 tis
2132 4560 2221 4630 qui
2237 4576 2338 4612 non
2356 4568 2740 4631 consequuntur
2759 4575 2946 4631 manus
2962 4560 3340 4628 impositiouem
3357 4560 3549 4631 cpisto-

1998 4653 2002 4659 -
2044 4628 2228 4699 parum
2257 4638 2483 4699 tempore
2507 4628 2814 4699 baptisterii,
2852 4629 2941 4683 sed
2967 4639 3100 4701 post.

2047 4720 2195 4775 Solet
2243 4718 2412 4788 quazri
2464 4718 2607 4773 inter
2651 4717 2902 4789 vulgares
2948 4726 3150 4788 quanto
3185 4728 3427 4790 tempore
3461 4721 3543 4776 de-

1975 4812 2139 4865 beant
2162 4809 2469 4865 unctionem
2501 4808 2812 4863 chrismatis
2840 4810 3133 4864 observare
3177 4809 3230 4865 in
3268 4811 3446 4881 capite
3488 4821 3546 4865 ut

1976 4919 2081 4957 non
2139 4903 2386 4956 laventur
2429 4901 2521 4970 qui
2571 4900 2843 4969 accipiunt
2899 4916 3093 4957 manus
3145 4901 3543 4972 impositionem

1975 4994 2182 5065 absque
2231 5003 2470 5063 tempore
2517 4992 2839 5061 baptisterii.
2879 4992 3086 5059 Quibus
3110 5000 3291 5064 potest
3324 5008 3545 5065 πρανους

1975 5084 2108 5147 deri,
2136 5092 2340 5153 querito
2366 5090 2608 5152 tempore
2654 5083 2978 5153 generaliter
3019 5084 3089 5140 ab
3131 5084 3371 5143 Ecclesia
3405 5086 3548 5140 cclc-

1974 5177 2165 5232 bratur
2208 5177 2476 5231 adventus
2531 5175 2767 5246 Spiritus
2812 5178 2982 5233 sancti
3033 5193 3197 5249 super
3248 5178 3540 5249 apostolos.

1975 5278 2126 5325 tanto
2178 5276 2423 5339 tempore
2447 5268 2755 5325 celebretur
2789 5272 2933 5342 apud
2974 5288 3413 5342 unumquemque
3454 5272 3545 5340 qui

1973 5376 2096 5415 eum
2120 5359 2349 5428 accepit,
2398 5360 2502 5415 hoc
2536 5369 2641 5426 est,
2670 5370 2876 5431 septem
2902 5361 3113 5419 diebus.
3139 5363 3206 5417 Et
3230 5377 3335 5417 non
3357 5362 3547 5421 imme-

1977 5454 2081 5508 rito
2105 5471 2116 5505 :
2148 5452 2274 5522 quia
2301 5454 2445 5509 enim
2475 5451 2708 5523 Spiritus
2731 5463 2949 5513 sanctus
2994 5454 3048 5508 in
3073 5460 3278 5533 septem
3306 5453 3547 5510 mulieri—

1975 5547 2076 5600 bus
2102 5545 2248 5600 venit
2276 5545 2341 5599 ad
2364 5545 2578 5615 hospite
2600 5562 2631 5600 n
2658 5562 2836 5612 suum,
2870 5546 2952 5600 fas
2992 5554 3077 5601 est
3113 5544 3403 5614 unicuique
3428 5562 3545 5600 mu-

1976 5641 2091 5696 lieri
2114 5638 2417 5695 convivium
2445 5654 2599 5694 suum
2631 5647 2849 5708 paretur
2894 5652 2989 5706 per
3036 5635 3277 5705 singulos
3314 5636 3452 5702 dies,
3481 5641 3549 5695 :Te
