3938 6178
435 225 567 282 lOil

1461 211 1792 269 AMALARI!
1824 209 2266 266 PRESBYTER!
2307 207 2645 264 METENSIS

3541 217 3566 268 1
3578 215 3689 269 O72

432 330 968 412 quibusmulleribus
1007 319 1326 384 dicitlsaias
1351 345 1366 382 :
1399 325 1793 398 Appreltendent
1807 333 2003 395 septem
2034 331 2082 385 Α
2109 328 2356 412 ιιιιηιηει
2379 318 2507 412 facit
2530 335 2593 374 ea
2616 335 2782 412 unum
2803 335 2898 374 cor
2932 335 3052 376 esse
3077 323 3160 376 ad
3183 322 3547 380 imizationem
3573 343 3692 382 sum

430 427 677 484 mulieres
704 425 874 479 virum
902 437 1085 475 unum.
1119 419 1436 474 Convivium
1476 417 1691 472 illarum
1719 415 2004 470 mulierum

2106 410 2338 482 propriae
2366 410 2702 473 substantiaz,
2732 411 2833 464 hoe
2873 422 2974 473 est,
3025 421 3082 466 ut
3108 429 3277 468 unum
3326 415 3510 480 velint,
3547 417 3694 474 sicut

430 529 538 584 cst,
564 517 780 590 quando
808 516 934 586 ipsae
961 513 1028 568 de
1053 527 1112 568 se
1138 512 1336 567 satiant
1363 510 1628 580 hospitem
1659 524 1835 563 suum.
1857 507 2007 562 Talia
2049 507 2087 546 ³
2111 509 2294 554 \ancta
2315 499 2555 555 Trinitas
2581 517 2746 555 unum
2777 501 2906 555 vult.
2925 501 3039 556 lloc
3059 503 3294 572 primum
3319 515 3532 575 oportet
3551 523 3692 563 eoo-

431 611 675 669 convivia
695 605 985 664 exercebat
999 604 1250 659 Christus
1270 601 1411 672 apud
1425 601 1682 656 convivas
1703 613 1850 664 suos,
1875 596 2005 650 talia

413 712 487 759 let
515 701 750 772 Spiritus
782 705 1002 753 sanctus
1037 702 1277 750 exercet.
1333 692 1543 763 Hospes
1566 690 1800 762 Spiritus
1830 687 2006 744 sancti

415 805 584 847 aneos
611 797 695 845 est
735 786 990 846 hominis.
1044 785 1193 840 Mens
1240 792 1392 837 tanto
1439 781 1672 852 amplius
1718 779 1947 834 satiatur
1973 793 2006 831 a

411 880 882 954 'sagina'Spiritus
909 877 1106 943 sancti,
1159 884 1366 947 quanto
1414 874 1594 929 minus
1633 872 1800 928 fuerit
1823 871 2004 926 dedita

409 974 740 1033 carnalibus
762 969 1062 1028 desideriis.
1090 967 1171 1023 ιω
1201 967 1473 1038 accipiens
1511 965 1763 1020 observet
1793 971 2004 1032 tempus

423 1061 1162 1133 adventusSpiritussaneti,
1186 1067 1246 1112 ut
1267 1057 1403 1112 solet
1427 1056 1622 1111 chartis
1640 1053 1846 1108 amicus
1859 1051 2004 1106 circa

411 1157 658 1211 charum
680 1154 917 1209 amicum
949 1152 1264 1206 observare.
1303 1147 1547 1214 Quando
1586 1147 1782 1200 eharus
1808 1144 2004 1214 aliquis

411 1247 496 1301 ad
516 1247 751 1300 amicum
778 1244 1006 1298 charum
1022 1242 1191 1305 venit,
1216 1241 1269 1293 in
1283 1239 1445 1294 inullo
1467 1237 1581 1293 vult
1605 1236 1692 1290 ille
1706 1235 1798 1304 qui
1822 1248 2004 1288 susce-

417 1341 502 1409 pit
529 1339 678 1393 illum
698 1335 994 1399 offendere,
1028 1334 1122 1388 sed
1170 1330 1433 1402 quidquid
1478 1330 1629 1384 novit
1672 1328 1723 1382 ei
1744 1326 2000 1396 placitum

425 1429 702 1494 esse,»hoe
716 1441 787 1482 ex
817 1427 982 1481 corde
1009 1424 1240 1494 benigno
1278 1422 1328 1477 ei
1353 1421 1599 1485 adhibet;
1643 1420 1716 1473 ita
1742 1416 2002 1488 quidquid

422 1521 744 1593 cognoverit
767 1517 1069 1586 suscipiens
1091 1515 1352 1587 Spiritum
1390 1521 1639 1568 sanctum
1669 1510 1926 1581 placitum
1952 1508 2001 1562 ei

421 1631 564 1681 esse,
598 1615 703 1669 hoc
747 1612 821 1667 illi
859 1611 1133 1674 exhibeat,
1159 1607 1398 1679 quandiu
1422 1621 1542 1661 eum
1569 1604 1784 1658 illoest.
1811 1601 1868 1656 Si
1898 1601 2001 1657 hoc

2105 606 2324 645 servare
2365 591 2513 646 illum
2562 592 2654 661 qui
2689 593 2902 663 accepit
2929 592 3190 663 Spiritum
3233 606 3484 650 sanciunt
3527 609 3591 652 ut
3636 600 3694 653 in

2104 680 2250 738 nullo
2295 682 2624 738 discordiam
2677 682 2877 737 habeat
2927 684 2995 738 ab
3035 685 3241 739 unitate
3280 686 3560 742 Ecclesiaa.
3593 689 3696 744 De-

2103 782 2439 830 monstratur
2461 773 2624 828 etiam
2643 790 2752 844 .per
2780 775 3004 828 alteram
3031 777 3419 846 apparitionem
3450 779 3696 849 Spiritus

2092 865 2278 919 sancti
2304 864 2360 919 iu
2379 863 2641 919 columbae
2667 865 2868 934 specie,
2899 866 3068 922 altero
3107 869 3267 923 modo
3295 871 3485 925 eadem
3516 874 3695 928 virtus

2103 957 2408 1022 charitatis,
2450 955 2564 1010 hoc
2613 965 2695 1010 est
2741 973 2846 1026 per
2874 959 3296 1029 simplicitatem.
3335 963 3583 1034 Simplex
3609 977 3696 1021 est

2103 1047 2246 1102 enim
2284 1046 2482 1101 animal
2508 1047 2777 1114 columba,
2803 1058 2909 1104 eta
2932 1051 3137 1106 malitia
3170 1052 3308 1109 fellis
3331 1056 3598 1124 alienum,
3628 1075 3694 1113 ac

2103 1140 2226 1194 ideo
2251 1154 2360 1208 .per
2387 1153 2514 1194 eam
2553 1141 2721 1194 voluit
2771 1156 2830 1196 se
2876 1153 3294 1213 monstrare,-ut
3322 1149 3697 1206 innotesceret

2103 1232 2406 1302 hospitibus
2425 1233 2538 1286 suis
2566 1233 2840 1302 simplices
2864 1250 2984 1290 esse
3007 1237 3225 1293 debere.
3245 1239 3536 1306 Quomodo
3561 1245 3698 1298 sim-

2102 1326 2315 1394 plicitas
2348 1325 2544 1380 debeat
2587 1327 2891 1393 observari,
2944 1329 3237 1399 Apostolus
3263 1334 3443 1399 docet,
3474 1335 3694 1400 dicens,

2101 1421 2398 1492 prudentes
2421 1421 2484 1474 in
2519 1421 2682 1487 bono,
2727 1422 2999 1493 simplices
3026 1425 3078 1478 in
3102 1425 3267 1479 malo.
3284 1425 3397 1482 Hoc
3417 1437 3527 1493 est,
3552 1430 3696 1484 sciat

2103 1512 2205 1567 sibi
2253 1511 2353 1581 ipsi
2396 1512 2568 1567 homo
2608 1513 2874 1581 prodesse
2926 1523 2981 1568 et
3030 1517 3242 1571 caeteris
3284 1517 3587 1583 fratribus,
3630 1530 3697 1574 et

2104 1602 2310 1656 nesciat
2353 1601 2454 1656 sibi
2501 1600 2715 1656 allicere
2756 1611 2810 1656 et
2837 1602 2977 1658 aliis.
3037 1604 3129 1658 ille
3151 1606 3253 1660 sibi
3289 1605 3477 1671 ollieit,
3507 1610 3693 1676 quiin

421 1710 629 1773 fecerit,
655 1706 838 1761 forsan
880 1705 1041 1760 citius
1059 1702 1262 1774 poterit
1307 1700 1357 1756 ei
1387 1697 1746 1761 reconciliari,
1779 1693 1997 1765 quando
2025 1688 2071 1746 B
2103 1702 2347 1763 tempore
2397 1694 2657 1748 adventus
2708 1696 2944 1764 Spiritus
3007 1698 3177 1752 sancti
3223 1700 3434 1754 carnali
3483 1717 3692 1756 conm-

421 1805 599 1873 aliqua
621 1799 825 1856 offensa
856 1794 1150 1852 recesserit
1188 1793 1258 1850 ab
1299 1808 1384 1848 eo.
1415 1790 1644 1858 Quando
1671 1787 2000 1843 ehrismatus

425 1893 740 1949 recordatur
761 1889 1074 1944 unctionem
1121 1883 1434 1941 chrismatis
1473 1880 1577 1936 sibi
1615 1879 1836 1942 adesse,
1870 1886 2000 1930 tunc

419 1982 761 2052 potissimum
800 1977 992 2033 recolit
1040 1972 1241 2030 debere
1297 1988 1356 2028 se
1409 1985 1532 2026 esse
1583 1967 1684 2024 sub
1715 1965 1998 2036 disciplina

422 2076 658 2146 Spiritus
686 2063 882 2128 sancti.
901 2062 1108 2126 lUnctio
1135 2067 1225 2122 illa
1255 2067 1378 2122 ideo
1407 2064 1468 2119 fit
1493 2071 1552 2118 ut
1579 2063 1812 2118 sciamus
1869 2057 2000 2129 quid

402 2159 760 2221 invisibiliter
818 2168 1072 2231 operetur
1123 2157 1360 2228 Spiritus
1424 2163 1648 2212 sanctus
1705 2154 1759 2207 in
1817 2150 1994 2206 nobis.

419 2258 606 2312 Oleum
634 2247 774 2310 solet
796 2252 1065 2308 fessorum
1101 2249 1344 2304 membra
1377 2245 1580 2309 fovere,
1612 2235 1884 2300 balsamus
1912 2255 1999 2296 so-

420 2349 494 2404 let
540 2345 807 2402 redolere.
857 2342 1022 2397 Fessa
1068 2351 1193 2397 sunt
1240 2338 1481 2393 membra
1533 2337 1726 2390 animae
1772 2340 1996 2397 nostrai,

419 2438 636 2512 quando
669 2435 903 2507 poenitet
946 2447 1006 2488 se
1045 2432 1220 2503 egisse
1247 2429 1390 2501 quod
1431 2435 1619 2484 contra
1665 2426 1997 2510 voluntatem

421 2527 516 2584 Dei
543 2536 646 2582 est.
670 2525 753 2580 Ad
778 2539 940 2594 quam
967 2522 1104 2578 solet
1121 2522 1307 2576 venire
1355 2519 1590 2590 Spiritus
1631 2524 1852 2572 sanctus
1873 2522 1928 2569 et
1945 2513 1996 2568 ei

418 2626 725 2674 monstrare
748 2615 968 2670 dimissa
983 2619 1214 2684 peccata
1241 2611 1354 2665 sive
1394 2606 1730 2664 dimittenda.
1765 2603 1918 2661 Unde
1942 2610 1998 2658 et

420 2709 534 2778 ipse
564 2697 800 2776 Spiritus
837 2711 1060 2759 sanctus
1102 2699 1412 2756 consolator
1446 2698 1667 2754 dicitur.
1690 2695 1777 2750 'De
1800 2708 1996 2764 quare

421 2798 635 2854 dicebat
676 2795 846 2852 David
898 2814 912 2848 :
960 2793 1259 2849 Secundum
1300 2789 1704 2844 'multitudinem
1752 2787 1993 2841 dolorum

419 2903 654 2942 meorum
677 2887 732 2940 in
781 2884 936 2939 tarde
977 2898 1116 2947 meo,
1153 2878 1535 2936 consolationes
1575 2886 1678 2931 tua:
1702 2875 1998 2945 la'tiftcare-

417 2990 540 3034 runt
578 2979 810 3032 animam
847 2991 1036 3030 meam.
1071 2973 1226 3027 Hunc
1270 2971 1530 3042 Spiritum
1560 2976 1807 3023 sanctum
1841 2979 1994 3022 acce-

417 3077 615 3140 perunt
633 3066 863 3137 apostoli
902 3066 956 3120 in
988 3073 1155 3126 terra,
1183 3038 1400 3131 quando
1424 3060 1672 3115 Christus
1705 3055 1996 3113 insulllavit
2021 3038 2066 3102 (ἶ

413 3159 576 3215 eisin
611 3157 826 3220 faciem,
850 3165 906 3210 et
938 3154 1074 3209 dixit
1102 3167 1116 3206 :
1154 3151 1384 3222 Accipite
1417 3149 1674 3221 Spiritum
1701 3160 1938 3202 sanctum
1973 3162 1991 3200 :

413 3259 636 3324 quorum
659 3246 959 3302 remiseritis
983 3254 1195 3317 peccata
1210 3244 1548 3297 remittuntur
1568 3243 1662 3296 eis.
1684 3241 1798 3296 Non
1821 3241 1993 3297 solum

415 3341 521 3396 hoc
551 3347 812 3409 operatur
839 3335 1072 3406 Spiritus
1097 3343 1340 3400 sanctus,
1367 3333 1418 3388 id
1448 3342 1532 3388 est
1551 3341 1609 3387 ut
1652 3333 1996 3388 remittantur

414 3439 662 3504 peccata,
709 3429 805 3484 sed
853 3429 1020 3483 etiam
1067 3433 1290 3497 praestat
1337 3423 1477 3478 bona
1527 3438 1711 3493 opera,
1746 3439 1864 3492 qua:
1899 3439 1996 3493 per

414 3521 726 3592 Opinionem
759 3520 954 3573 bonam
980 3517 1034 3570 in
1060 3509 1195 3570 alios
1220 3515 1420 3569 bonum
1445 3515 1665 3569 odorem
1695 3514 1989 3582 inspirant:

425 3614 500 3669 ibi
543 3621 629 3668 est
665 3611 960 3667 balsamus.
1015 3607 1170 3663 Hunc
1226 3607 1370 3661 enim
1419 3607 1635 3661 ntodum
1675 3612 1997 3675 acceperunt

417 3698 644 3775 apostoli
667 3703 754 3757 die
771 3698 1152 3763 Pentecostcs,
1180 3699 1281 3753 hoc
1313 3699 1411 3760 est,
1446 3707 1505 3751 ut
1526 3697 1798 3751 virtutum
1825 3694 1994 3766 signis

416 3796 639 3852 odorem
668 3792 873 3846 notitiae
919 3807 1030 3846 suae
1061 3789 1404 3862 porrigerent
1428 3787 1639 3857 populo.
1681 3786 1774 3840 Est
1831 3787 1993 3840 etiam

415 3885 518 3939 alia
544 3891 735 3938 natura
759 3881 888 3945 olei,
919 3880 1104 3941 idest,
1129 3886 1189 3932 ut
1238 3878 1417 3931 lumen
1438 3884 1676 3946 praestet.
1709 3873 1992 3930 [loc-enim

417 3975 650 4045 Spiritus
687 3981 908 4027 sanctus
936 3978 1194 4040 operatur
1222 3970 1274 4022 in
1306 3967 1544 4032 homine,
1590 3974 1648 4020 ut
1679 3965 1861 4021 lumen
1891 3966 1990 4020 ha-

417 4069 542 4122 beat
594 4062 994 4134 intelligenliaa;
1046 4067 1304 4130 operatur
1350 4057 1511 4113 simul
1557 4064 1611 4110 et
1668 4055 1990 4121 balsamum,

415 4156 629 4230 quando
656 4170 753 4226 per
775 4169 872 4209 ora
899 4150 1234 4221 loquentium
1264 4149 1476 4212 lumen,
1503 4146 1718 4217 quando
1741 4147 1995 4200 intrinse-

415 4267 512 4307 cus
567 4249 740 4314 dedit,
784 4242 862 4302 ad
915 4255 1235 4302 cacterorum
1281 4242 1529 4299 notitiam
1577 4241 1824 4312 perducit
1869 4255 1989 4295 cum

416 4341 699 4396 dulcedine
727 4338 950 4409 eloquii.
977 4336 1093 4391 Non
1110 4337 1254 4390 enim
1283 4337 1483 4391 frustra
1514 4328 1748 4404 Spiritus
1770 4341 1990 4388 sanctus

415 4448 577 4504 super
602 4433 875 4504 apostolos
911 4432 1059 4487 venit
1081 4431 1134 4484 in
1165 4431 1252 4486 die
1292 4429 1640 4485 Pentecostes
1667 4427 1720 4482 in
1752 4434 1914 4482 vento
1937 4436 1990 4481 et
2017 4409 2068 4468 D

417 4527 586 4596 igneis
625 4526 825 4597 linguis
873 4544 888 4580 :
941 4525 1108 4580 voluit
1152 4523 1347 4578 futura:
1401 4521 1656 4577 Ecclesiae
1684 4528 1989 4576 monstrare

415 4619 557 4688 quod
590 4631 914 4690 operaturus
961 4627 1106 4674 esset
1151 4618 1205 4671 in
1251 4615 1506 4687 apostolis
1557 4631 1654 4685 per
1697 4615 1987 4668 adventum

415 4727 605 4780 sutnn;
652 4713 801 4769 venit
847 4713 901 4767 in
947 4721 1108 4767 vento
1134 4710 1458 4771 vehementi,
1488 4707 1890 4762 utostcndcret
1929 4723 1988 4762 se

414 4817 766 4858 exeussurum
799 4819 919 4858 esse
949 4802 1018 4856 ab
1059 4800 1425 4871 apostolorum
1471 4797 1723 4854 cordibus
1772 4812 1986 4851 omnem

417 4891 763 4961 cupiditatem
791 4902 1087 4947 terrenam.
1118 4891 1272 4946 Sicut
1305 4891 1455 4944 enim
1482 4897 1678 4943 ventus
1698 4889 1993 4943 vehemens

416 4982 630 5055 projicit
654 4983 927 5053 pulverem
955 5000 986 5037 a
1014 4982 1153 5038 faeie
1184 4991 1364 5046 teme,
1410 4981 1490 5035 sic
1516 4981 1780 5034 adventus
1801 4977 1990 5049 Spiri-

419 5086 508 5132 tus
547 5075 719 5131 sancti
747 5091 776 5129 a
801 5076 964 5131 corde
989 5076 1225 5130 hominis
1278 5073 1428 5143 ejicit
1473 5088 1690 5128 omnem
1719 5081 1990 5127 terrenam

418 5167 784 5238 cupiditatem.
803 5166 861 5220 In
878 5167 1048 5238 igneis
1071 5167 1268 5237 linguis
1289 5167 1557 5238 apparuit,
1577 5173 1636 5221 ut
1655 5167 1992 5221 demonstra-

417 5271 501 5317 ret
525 5259 711 5332 quales
738 5259 980 5316 facturus
1023 5270 1144 5316 erat
1186 5261 1548 5331 apostolorum
1600 5261 1832 5332 linguas,
1888 5263 1991 5320 hoc

416 5361 520 5418 est,
569 5351 851 5422 loquentes
875 5359 932 5405 et
973 5350 1140 5421 ignita
1164 5351 1330 5407 verba
1361 5351 1702 5408 infundentes
1726 5353 1781 5408 in
1825 5355 1988 5410 corde

419 5444 770 5500 credentium.
801 5443 928 5498 llaec
959 5443 1103 5498 enim
1139 5441 1304 5498 verba
1331 5445 1494 5515 ignita
1517 5455 1837 5500 consumunt
1862 5462 1985 5516 pec-

418 5545 560 5601 cata,
585 5545 641 5590 et
661 5535 961 5591 accendunt
989 5536 1153 5590 corda
1177 5535 1245 5590 ad
1265 5551 1502 5591 amorem
1533 5546 1748 5592 teternae
1772 5538 1981 5607 patrita.

419 5623 533 5693 ipsa
565 5637 646 5682 est
666 5628 903 5683 charitas
926 5643 1044 5698 qua:
1071 5625 1387 5686 diﬁunditur
1408 5630 1460 5684 in
1489 5628 1738 5686 cordibus
1756 5630 1984 5686 creden~

2099 1785 2363 1856 piseentia
2391 1787 2724 1855 inquinatur.
2753 1787 2832 1841 Ac
2850 1803 2960 1857 ,per
2980 1789 3082 1844 hoc
3105 1791 3516 1846 secontineata
3533 1809 3695 1848 com-

2099 1877 2258 1948 plexu
2310 1876 2655 1942 feminarum,
2710 1879 2803 1948 qui
2853 1893 2959 1933 non
3000 1881 3276 1949 perﬁcitur
3316 1882 3441 1937 sine
3481 1887 3691 1939 carnali

2098 1967 2561 2037 concupiscentia;
2595 1969 2865 2024 abstineat
2908 1985 2966 2025 se
2995 1987 3027 2025 a
3047 1971 3276 2042 crapula
3295 1981 3365 2028 et
3392 1975 3688 2039 ebrietate.

2099 2070 2159 2116 ut
2185 2076 2338 2116 mens
2363 2061 2641 2133 saginetur
2665 2061 2891 2131 spiritali
2918 2063 3073 2118 cibo:
3097 2063 3370 2120 abstineat
3396 2082 3512 2122 se-a
3542 2084 3691 2124 men-

2098 2155 2252 2209 dacio
2303 2163 2359 2209 et
2401 2155 2468 2210 ab
2515 2155 2663 2210 omni
2713 2155 3078 2222 simulatione,
3123 2159 3378 2227 quoniam
3436 2159 3685 2230 Spiritus

2098 2261 2259 2315 quem
2291 2246 2531 2316 suscepit
2571 2245 2714 2315 fugit
2739 2247 2944 2301 fictum.
2971 2246 3093 2301 Non
3126 2249 3271 2302 enim
3291 2264 3689 2320 .parvum.pee-

2091 2346 2380 2394 catumest
2405 2339 2781 2404 mendacium;
2814 2340 2862 2394 si
2884 2342 3386 2410 comparaverimus
3409 2342 3687 2398 luxuriam

2095 2441 2152 2487 et
2207 2433 2538 2495 castitatem,
2597 2440 2652 2487 et
2702 2432 3068 2500 mendacium,
3119 2443 3175 2489 et
3218 2435 3529 2501 veritatem,
3575 2453 3686 2491 non

2097 2522 2278 2578 minus
2311 2522 2585 2576 videbitur
2633 2537 2862 2591 peccare
2915 2524 3006 2593 qui
3062 2524 3348 2589 mentitur,
3399 2541 3567 2595 quam
3592 2528 3687 2596 qui

2094 2613 2518 2684 polluitur-luxu.
2550 2612 2665 2668 Non
2693 2623 2778 2669 est
2794 2613 2969 2683 major
2987 2617 3216 2670 castitas
3232 2617 3688 2686 veritate.~lpsam

2095 2705 2192 2761 Dei
2221 2706 2578 2760 substantiam
2628 2705 2861 2761 dicimus
2904 2706 3208 2760 veritatem.
3258 2705 3361 2772 Qui
3390 2708 3687 2769 mentitur,

2093 2795 2380 2850 veritatem
2395 2796 2715 2866 corrumpit,
2741 2805 3001 2866 quantum
3021 2797 3075 2851 in
3097 2813 3156 2851 se
3177 2797 3354 2851 estJn
3373 2812 3440 2852 eo
3458 2797 3695 2853 homine

2095 2885 2185 2939 ubi
2207 2885 2312 2940 duo
2335 2887 2498 2940 corda
2523 2895 2668 2952 sunt,
2694 2903 2800 2941 non
2829 2886 3035 2942 habitat
3068 2887 3156 2941 ille
3177 2887 3402 2958 spiritus
3427 2889 3521 2957 qui
3550 2888 3689 2943 [κί’

2096 2976 2382 3032 unanimes
2413 2977 2467 3030 in
2507 2977 2686 3031 domo.
2723 2977 2872 3032 Multi
2893 2978 3038 3032 enim
3076 2977 3370 3048 loquuntur
3395 2979 3589 3033 verbis
3619 2980 3694 3033 ad

2096 3084 2264 3124 unum
2284 3069 2593 3135 hominem,
2619 3078 2674 3125 et
2698 3072 2765 3124 ad
2788 3070 3015 3125 alterum
3029 3072 3205 3127 oculis
3223 3071 3515 3127 innuendo.
3539 3072 3694 3127 Por-

2096 3162 2222 3234 rigit
2243 3177 2312 3217 ex
2336 3178 2446 3218 uno
2475 3163 2641 3217 corde
2667 3163 3014 3219 dulcedinem
3045 3163 3334 3218 verborum
3361 3165 3450 3218 cui
3489 3164 3694 3234 loqui-

2097 3263 2206 3321 tur,
2252 3270 2318 3310 ex
2349 3255 2522 3311 altero
2547 3256 2712 3311 corde
2761 3256 2918 3310 alteri
2961 3256 3164 3321 dolum,
3193 3273 3290 3326 per
3308 3272 3470 3327 quem
3510 3271 3694 3311 vene-

2096 3361 2225 3401 num
2252 3347 2306 3400 in
2328 3346 2493 3401 corde
2522 3345 2639 3414 ejus
2664 3345 2840 3401 fundit
2868 3346 2957 3401 cui
2997 3345 3254 3415 loquitur.
3279 3345 3378 3413 Qui
3407 3347 3512 3400 hoc
3543 3346 3696 3401 facit

2097 3437 2152 3492 in
2175 3452 2241 3492 eo
2271 3453 2378 3493 non
2409 3446 2493 3491 est
2508 3435 3028 3508 Spiritussanetus.
3053 3437 3275 3508 Estqui
3305 3437 3442 3492 ridet
3471 3454 3597 3501 ore,
3634 3452 3696 3493 et

2096 3533 2262 3588 corde
2284 3533 2632 3588 machinatur
2645 3531 2855 3586 malum
2877 3532 3137 3588 adversus
3175 3547 3298 3586 eum
3321 3531 3411 3601 qui
3443 3533 3694 3602 porrigit

2095 3623 2288 3688 risum,
2343 3632 2398 3676 et
2423 3623 2526 3677 iste
2552 3621 2716 3678 habet
2757 3620 2866 3676 duo
2893 3624 3077 3686 corda,
3115 3634 3439 3693 quapropter
3467 3638 3582 3677 non
3627 3627 3690 3679 in

2094 3727 2160 3767 eo
2179 3712 2390 3767 habitat
2413 3711 2650 3782 Spiritus
2673 3721 2915 3768 sanctus.
2945 3712 3060 3768 lloe
3084 3713 3484 3778 vestimentum,
3509 3715 3570 3768 id
3597 3727 3692 3771 est

2094 3803 2488 3874 simplicitatis,
2507 3804 2743 3873 perdidit
2763 3804 2928 3859 miser
2941 3804 3364 3874 Adam,-quando
3382 3821 3442 3860 se
3465 3807 3692 3862 nudum

2092 3893 2367 3964 cognovit.
2394 3892 2468 3947 De
2496 3907 2602 3962 qua
2633 3907 2692 3947 re
2719 3893 2909 3948 scribit
2954 3895 3290 3963 Augustinus
3316 3895 3368 3949 in
3396 3894 3541 3950 libro
3572 3898 3694 3952 Ge-

2099 3999 2296 4040 neseos
2339 3993 2531 4040 contra
2561 3983 2885 4040 Manichaeos
2923 4003 2937 4036 τ
2967 3984 3121 4052 Quod
3151 3995 3328 4041 autem
3357 3987 3482 4040 nudi
3512 4002 3693 4044 erant

2091 4076 2346 4132 Adam-et
2394 4075 2591 4132 mulier
2620 4075 2754 4145 ejus,
2798 4087 2854 4133 et
2883 4093 3002 4132 non
3031 4076 3516 4142 confundebantur,
3537 4081 3692 4135 sim—

2092 4166 2388 4236 plicitatem
2413 4168 2604 4222 anima:
2656 4168 3073 4237 castitatemque
3113 4168 3400 4238 significat.
3434 4167 3580 4223 Nam
3627 4182 3692 4225 et

2090 4257 2384 4329 Apostolus
2414 4259 2499 4313 ita
2557 4259 2690 4315 dicit
2720 4258 2955 4331 :‘Optavi
2997 4277 3085 4314 cos
3131 4264 3223 4315 uni
3270 4262 3377 4315 viro
3413 4262 3692 4331 virginem

2093 4360 2292 4404 castam
2319 4350 2560 4405 exhibere
2584 4349 2814 4406 Christo.
2866 4351 3045 4406 Timeo
3081 4361 3277 4417 autem,
3307 4369 3368 4406 ne
3393 4353 3528 4405 sicut
3557 4370 3691 4407 scr-

2092 4457 2217 4512 pens
2263 4439 2431 4494 Evam
2461 4440 2646 4512 fefellit
2675 4443 2730 4495 in
2750 4444 2980 4497 versutia
3006 4459 3128 4508 sua,
3149 4445 3224 4497 ita
3261 4458 3694 4515 corrumpantur

2093 4541 2288 4586 mentes
2316 4543 2502 4586 vestra:
2532 4551 2564 4588 a
2599 4535 2930 4604 simplicitate
2974 4545 3021 4589 et
3049 4537 3312 4601 castitate,
3343 4554 3460 4608 qua
3505 4549 3590 4590 est
3627 4543 3693 4595 is

2093 4621 2322 4677 Christo.
2347 4623 2416 4677 Et
2449 4633 2761 4695 postpauca
2784 4641 2798 4679 :
2822 4624 3103 4692 Quomodo
3123 4627 3394 4692 videbant,
3419 4629 3467 4682 si
3494 4629 3690 4688 clausi

2091 4722 2250 4767 erant
2281 4713 2459 4768 oculi?
2482 4713 2587 4769 Sed
2603 4715 2704 4770 hoc
2729 4716 2932 4772 dictum
2963 4725 3046 4772 est
3065 4727 3123 4771 ut
3143 4718 3566 4789 intelligeremus
3594 4726 3690 4780 eis

2093 4806 2280 4862 oculos
2307 4822 2430 4862 esse
2456 4817 2694 4877 apertos,
2723 4817 3005 4879 postquam
3035 4810 3101 4865 de
3129 4810 3303 4866 fructu
3328 4812 3417 4866 illo
3441 4827 3684 4885 accepe-

2096 4906 2245 4962 runt,
2273 4899 2470 4966 quibus
2499 4913 2558 4952 se
2582 4900 2752 4953 nudos
2780 4900 3055 4965 videbant,
3085 4909 3142 4954 et
3162 4901 3514 4970 displicebant
3539 4905 3685 4968 sibi,

2094 4991 2148 5046 id
2179 5000 2282 5058 est,
2329 4992 2518 5046 oculos
2547 4995 2780 5058 astutiae,
2811 4994 3006 5062 quibus
3057 4994 3375 5064 simplicitas
3394 4993 3682 5065 displicet.

2093 5083 2226 5139 Cum
2251 5084 2396 5137 enim
2420 5084 2653 5153 quisque
2672 5085 2929 5140 ceciderit
2975 5083 3042 5140 de
3081 5084 3171 5139 illa
3198 5085 3388 5140 intima
3407 5093 3461 5140 et
3488 5101 3686 5144 scere-

2093 5176 2299 5230 tissima
2325 5175 2445 5231 luce
2470 5177 2736 5241 veritatis,
2795 5177 2930 5232 nihil
2969 5185 3053 5232 est
3086 5177 3227 5234 unde
3273 5178 3402 5233 velit
3448 5179 3683 5250 placere

2092 5267 2368 5337 superbia.
2394 5267 2498 5322 nisi
2519 5265 2877 5339 fraudulentis
2895 5267 3349 5324 simulationibus.
3364 5269 3503 5326 Hinc
3516 5273 3677 5327 enim

2089 5368 2144 5415 et
2171 5360 2474 5431 hypocrisis
2501 5360 2764 5425 nascitur,
2793 5361 2849 5415 in
2877 5376 2981 5430 qua
3011 5362 3240 5417 multum
3281 5361 3384 5418 sibi
3409 5363 3680 5418 videntur

2090 5452 2322 5518 eordati,
2345 5452 2434 5522 qui
2459 5460 2752 5522 potuerunt
2781 5451 2968 5508 fallere
3007 5464 3064 5508 et
3107 5454 3359 5524 decipere
3385 5469 3548 5524 quem
3572 5470 3676 5508 vo-

2088 5540 2321 5597 luerunt.
2373 5543 2510 5611 Quia
2549 5543 2616 5598 de
2667 5545 2919 5599 convivio
2971 5546 3221 5615 superius
3250 5545 3451 5600 fuimus
3477 5545 3671 5611 locuti,

2089 5634 2232 5704 quod
2260 5635 2415 5690 debet
2441 5636 2636 5705 hospes
2659 5651 2851 5706 parare
2873 5635 3096 5705 Spiritui
3114 5646 3302 5692 sancto
3330 5652 3428 5709 per
3453 5650 3666 5706 septem
