3938 6178
235 395 377 448 10ῖὸ

1021 393 1107 450 DE
1145 393 1695 458 ECGLESIASTICIS
1730 395 2014 451 OFFICII‘S
2050 396 2228 458 LIBRI
2267 398 2353 452 IV.
2384 428 2450 436 —
2473 397 2599 455 LIB.
2643 396 2705 451 II.

3346 396 3482 454 i071

231 514 376 576 dies,
405 513 476 565 ita
506 519 691 565 tamen
713 518 788 564 υιι
813 509 880 568 ab
927 511 1116 567 eodem
1171 513 1375 584 Spiritu
1420 521 1610 569 sancto
1663 516 1890 583 petat.A
1914 513 1983 568 do
2008 521 2310 568 convertat.
2337 513 2404 567 In
2430 530 2606 570 amore
2633 522 2805 570 autem
2841 513 3208 582 fraternitatis,
3257 517 3489 571 clrarita-

233 604 382 659 idem
405 602 709 659 convivium
739 610 796 656 et
825 603 1012 657 credat
1033 619 1092 658 se
1126 605 1393 675 accipere,
1424 605 1625 660 bonum
1651 611 1733 658 est
1759 611 1819 657 ut

234 697 678 752 demonstremus
701 693 749 748 ei
783 694 910 764 quid
941 711 1036 764 per
1063 695 1304 766 singulos
1339 695 1455 750 dies
1497 694 1669 765 possit
1713 692 1816 748 mi-

235 790 476 844 nistrare
501 796 752 857 suscepto
777 786 975 855 hospiti
1007 802 1124 840 suo.
1172 786 1296 841 Dies
1322 785 1562 856 singulos
1585 783 1814 839 dicimus

236 881 517 952 profectus
539 879 800 948 quosdam
823 879 1108 934 mentium.
1129 879 1269 934 Dicit
1290 878 1550 932 Petrusin
1575 875 1814 946 Epistula

236 990 382 1028 sua:
428 971 742 1025 Vosvautem
786 988 990 1025 onmem
1044 989 1225 1025 curam
1271 971 1668 1040 subinferentes,
1713 971 1814 1023 mi-

239 1065 462 1118 nistrate
489 1062 542 1115 in
563 1061 668 1131 fide
690 1070 858 1114 vestra
885 1062 1226 1126 virtutem,.in
1247 1062 1433 1115 virtute
1455 1069 1627 1114 autem
1649 1059 1815 1114 scien-

238 1157 393 1219 tiam,
428 1155 482 1206 in
509 1153 730 1207 scientia
760 1161 935 1205 autem
977 1151 1362 1215 abstinentiam,
1409 1152 1466 1206 in
1499 1149 1815 1206 abstinentia

234 1254 422 1302 mitem
462 1243 790 1314 patientiam,
845 1243 898 1296 in
940 1243 1192 1314 patientia
1221 1243 1482 1313 pietatem,
1528 1241 1583 1295 in
1628 1241 1816 1311 pietate

242 1345 422 1391 autem
457 1350 690 1388 amorem
735 1333 1107 1402 fraternitatis,
1148 1333 1216 1388 ira
1253 1349 1444 1389 amare.
1468 1332 1813 1402 fraternitatis

241 1426 574 1482 cltaritatem.
619 1423 863 1491 Qualiter
918 1423 1008 1478 isti
1039 1423 1144 1478 cibi
1195 1422 1441 1493 parandi,
1471 1429 1618 1486 sunt,
1671 1421 1834 1481 Beda.

243 1516 467 1587 exponit
497 1515 550 1569 in
581 1522 815 1569 tractatu
841 1527 1000 1583 super
1029 1522 1236 1584 septem
1287 1512 1555 1584 Epistolas
1593 1515 1813 1568 canoni-

243 1624 358 1672 cas,
390 1607 576 1662 dicens
602 1623 613 1659 :
646 1605 914 1660 Virtutem
941 1605 1044 1659 hoc
1070 1603 1188 1658 loco
1234 1620 1343 1658 non
1373 1620 1472 1675 pro
1499 1605 1815 1660 fortitudine

242 1716 305 1754 ac
324 1697 619 1762 miraculis,
639 1697 732 1752 sed
755 1712 854 1768 pro
875 1696 1284 1752 conversatione
1312 1697 1451 1751 bona
1481 1697 1679 1768 posuit,
1697 1712 1816 1766 quae,

242 1791 367 1846 fidei
401 1799 562 1846 reda:
583 1789 855 1861 iungenda
878 1797 982 1854 est,
1010 1803 1077 1843 ne
1107 1790 1224 1844 sine
1265 1789 1518 1858 operibus
1545 1791 1718 1846 otiosa
1748 1792 1818 1846 sit

241 1891 297 1937 et
348 1891 580 1936 mortua.
613 1881 672 1934 In
716 1895 824 1950 quo
853 1887 998 1934 recte
1024 1895 1238 1935 omnem
1294 1895 1480 1937 curam
1511 1879 1887 1950 subiuferre-B

241 1971 528 2041 ριίεοίρῆν
559 1970 684 2041 quia
725 1970 816 2040 qui
843 1970 1039 2026 mellis.
1057 1977 1119 2024 et.
1141 1969 1432 2026 dissolutus
1458 1979 1550 2026 est
1568 1971 1622 2026 in
1650 1987 1814 2041 opere

237 2078 362 2127 suo,
391 2062 560 2118 frater
583 2073 668 2118 est
693 2079 789 2118 sua
815 2079 978 2134 opera
1002 2064 1353 2122 destruentis.
1391 2062 1459 2117 In
1497 2065 1685 2118 virtute
1712 2081 1812 2116 au-

235 2164 340 2209 tem
369 2154 660 2219 scientiam,
677 2154 832 2225 juxta
857 2154 988 2210 illud
1011 2153 1165 2210 Isaiae
1201 2154 1434 2209 :Discite
1471 2153 1595 2208 bene
1620 2154 1811 2224 facere,

241 2247 462 2318 quierite
491 2246 774 2316 judicium.
801 2245 868 2301 In
897 2247 1115 2301 scientia
1141 2255 1315 2300 autem
1344 2246 1726 2304 abstinentiam.
1756 2255 1815 2300 ut

247 2357 373 2394 cum
404 2341 545 2394 bona
567 2339 746 2394 facere
767 2340 1075 2404 didicerint,
1090 2354 1216 2394 mox
1243 2355 1274 2392 a
1302 2338 1460 2394 malis
1481 2338 1811 2402 abstineant,

237 2447 308 2486 ne
339 2431 395 2485 in
441 2447 672 2486 vacuum
729 2432 956 2486 scientia
999 2431 1298 2486 cmlestium
1340 2431 1518 2496 cedat,
1561 2429 1606 2484 si
1639 2445 1698 2484 se
1745 2429 1814 2484 ab

233 2521 505 2577 illecebris
553 2523 896 2577 terrestribus
925 2523 1048 2592 quis
1077 2522 1358 2577 continere
1395 2521 1709 2593 neglexerit.
1745 2520 1811 2576 In

237 2611 558 2664 abstinentia
603 2621 775 2666 autem
798 2613 1138 2683 patientiam;
1183 2613 1564 2669 abstinentiam
1593 2626 1813 2668 necesse

235 2709 322 2756 est
353 2716 570 2770 semper
597 2703 858 2772 patientia
885 2704 1194 2772 comitetur,
1237 2713 1298 2759 ut
1338 2705 1644 2775 quicunque
1671 2719 1704 2758 a
1726 2720 1814 2758 vo-

236 2791 538 2862 luptatibus
566 2795 749 2849 mundi
777 2810 837 2850 se
867 2796 1148 2852 continere
1194 2797 1402 2862 didicit,
1454 2796 1570 2866 ejus
1599 2810 1812 2865 quoque

236 2884 465 2938 adversa
486 2885 646 2940 corde
668 2885 822 2941 firmo
847 2888 1132 2953 sustineat,
1161 2904 1191 2943 a
1221 2890 1427 2945 dextris
1474 2888 1726 2945 videlicet
1755 2896 1811 2942 ct

237 2991 269 3027 a
298 2975 553 3041 sinistris,
588 2990 685 3046 per
713 2992 863 3032 arma
906 2978 1133 3049 justitiaa
1170 2979 1428 3035 munitus.
1456 2981 1810 3052 lnpatientia

231 3069 502 3138 pietatem,
530 3078 590 3122 ut
619 3084 766 3140 erga.
796 3085 891 3126 eos
917 3087 1054 3142 quos
1091 3073 1366 3142 patienter.
1409 3071 1603 3127 tolerat
1646 3072 1809 3126 etiam

231 3160 361 3232 pius
413 3161 627 3226 existat,
675 3161 831 3231 juxta
883 3164 1010 3219 illud
1052 3163 1293 3234 Apostoli
1330 3163 1526 3218 Pauli:
1561 3162 1820 3231 Charitas

1917 617 2040 660 tem.
2067 605 2397 661 Charitatetu
2428 607 2531 662 hoc
2576 605 2694 660 loco
2750 605 2983 676 appellat
3020 606 3328 675 specialiter
3366 623 3486 663 eam

1917 711 2024 764 qua
2055 695 2400 756 Conditorem
2426 696 2723 768 diligimus,
2746 710 2866 766 quae
2895 696 3301 766 proﬁcientibus
3322 699 3491 752 virtu-

1918 796 2032 844 tum
2060 787 2316 857 gradibus
2345 790 2542 844 merito
2565 790 2737 845 amori
2775 788 3129 846 fraternitatis
3157 792 3487 862 adjungitur,

1916 877 2042 946 quia
2073 893 2175 933 nec
2204 879 2345 934 Deus
2370 880 2486 936 sine
2512 881 2782 951 proximo,
2804 898 2904 936 nec
2929 882 3045 936 sine
3072 883 3184 939 Deo
3212 885 3489 953 proximus

1914 966 2156 1036 perfecte
2183 967 2322 1026 valet
2347 970 2538 1024 amari.
2571 970 2637 1026 Et
2665 970 2881 1040 quidem
2911 971 3006 1025 Dei
3046 988 3200 1028 amor
3224 973 3492 1028 excellen-

1917 1055 2025 1110 tior
2049 1065 2134 1110 est
2172 1073 2358 1114 amore
2382 1059 2774 1128 proximorum,
2805 1061 2928 1129 quia
2981 1061 3100 1116 illos
3129 1062 3270 1117 sicut
3291 1073 3489 1118 semet-

1919 1147 2081 1217 ipsos.
2115 1149 2284 1204 Deum
2309 1165 2439 1205 vero
2460 1158 2576 1205 toto
2609 1151 2794 1216 corde,
2838 1159 2951 1206 tota
2985 1153 3185 1218 anima,
3229 1163 3344 1209 tota
3381 1156 3490 1209 vir-

1919 1247 2031 1295 tute
2052 1238 2278 1311 diligere
2293 1239 2548 1310 iubemur
2586 1257 2603 1296 :
2645 1242 2739 1298 sed
2764 1252 2944 1298 tamen
2971 1246 3360 1300 consuetudine
3388 1263 3488 1300 nos

1917 1334 2119 1388 amoris
2135 1332 2361 1388 fraterni
2387 1345 2604 1404 oportet
2624 1335 2691 1390 ad
2717 1351 2958 1390 amorem
2981 1334 3286 1391 Conditoris
3304 1353 3488 1393 ascen-

1918 1423 2068 1478 dere.
2097 1423 2200 1488 Qui
2221 1424 2357 1478 enim
2401 1441 2507 1478 non
2529 1425 2698 1496 diligit
2724 1426 2943 1496 fratrem
2965 1443 3140 1492 suum,
3169 1444 3320 1498 quem
3352 1429 3485 1482 videt

1919 1514 2178 1583 quotidie,
2209 1514 2404 1579 Deum,
2439 1532 2590 1586 quem
2613 1533 2718 1570 non
2743 1517 2899 1583 videt,
2930 1519 3186 1588 quomodo
3221 1531 3382 1590 potest
3410 1521 3490 1574 di—

1918 1605 2116 1676 ligere?
2142 1605 2268 1660 Ilaec
2299 1606 2441 1660 enim
2478 1606 2660 1661 omnia
2690 1606 2736 1661 si
2763 1608 3041 1662 vobiscum
3065 1608 3241 1664 adsint
3264 1621 3492 1682 etsupe-

1920 1705 2196 1761 rent,,non
2229 1711 2429 1751 vacuos
2459 1696 2653 1754 etsine
2674 1695 2852 1751 fructu
2875 1711 2970 1752 vos
2986 1699 3335 1754 constituent.

2507 1814 2733 1871 CAPUT
2769 1815 2902 1870 XLI.

2376 1885 2452 1939 De
2476 1886 2636 1940 missa
2664 1884 3028 1939 Innocentum.

1983 1975 2258 2046 Cantingit
2277 1991 2440 2030 causa
2470 1983 2534 2030 ut
2557 1991 2620 2031 ea
2649 1975 2826 2045 primo
2851 1976 3146 2030 scriberem
3173 1982 3332 2042 atque
3360 1988 3488 2042 por-

1916 2067 2172 2137 rigerem,
2221 2084 2340 2138 qute
2371 2068 2532 2124 statui
2563 2077 2888 2139 postponere
2919 2067 2973 2122 in
3026 2065 3218 2122 ordine
3243 2063 3487 2136 opusculi

1915 2162 2108 2227 nostri,
2140 2162 2193 2216 in
2223 2177 2329 2232 qua
2360 2162 2661 2232 posteriore
2689 2169 2844 2232 parte
2865 2159 3022 2229 juxta
3047 2159 3291 2215 ordinem
3317 2165 3489 2213 status

1912 2253 2232 2319 ciliciorum,
2261 2254 2417 2310 debui
2447 2254 2792 2323 interponere
2817 2252 2884 2308 de
2913 2253 3078 2307 missa
3106 2252 3486 2306 innocentum:

1912 2345 2008 2399 sed
2053 2345 2178 2414 quia
2213 2343 2411 2399 oblitus
2452 2359 2571 2398 sum
2603 2353 2732 2396 tunc
2766 2341 2894 2396 illud
2929 2340 3293 2406 introducere,
3342 2353 3487 2394 nunc

1911 2434 2120 2489 mstimo
2142 2448 2228 2488 me
2251 2432 2519 2487 invenisse
2551 2446 2850 2503 congruum
2878 2430 3078 2495 locum,
3112 2437 3172 2483 ut
3194 2436 3314 2499 post
3367 2426 3488 2496 Spi-

1912 2526 2074 2579 ritum
2104 2533 2370 2589 sanctum,
2397 2524 2487 2592 qui
2521 2522 2841 2578 lnnoceutes
2862 2520 3012 2586 facit,
3039 2521 3324 2576 veritatem
3353 2517 3486 2573 mis-

1912 2634 1985 2673 sa:
2011 2617 2356 2671 Innocentum
2416 2616 2840 2680 introducerem,
2887 2629 2952 2669 ac
2991 2612 3111 2668 ideo
3147 2611 3238 2667 hic
3286 2610 3486 2666 habeat

1914 2711 2094 2767 locum
2117 2711 2183 2766 de
2229 2711 2394 2765 missa
2425 2710 2776 2766 Innocentum
2806 2727 2818 2762 :
2851 2706 3210 2780 prmtitulatur
3234 2705 3289 2760 in
3333 2703 3489 2759 Anti-

1911 2801 2176 2872 phonario
2214 2802 2292 2856 sic
2324 2819 2336 2854 :
2371 2819 2387 2852 ‹
2434 2799 2619 2855 Gloria
2654 2801 2710 2854 in
2740 2798 2957 2854 excelsis
3009 2797 3117 2852 Deo
3149 2812 3255 2850 non
3301 2803 3486 2850 canta-

1913 2900 2023 2959 tur,
2049 2907 2150 2946 nec
2169 2889 2420 2956 Alleluia,
2447 2891 2539 2946 sed
2564 2889 2719 2960 quasi
2746 2889 2798 2943 in
2823 2887 3046 2943 tristitia
3067 2885 3349 2941 deducitur
3374 2883 3489 2940 dies

1913 2982 2020 3039 ille.
2052 3003 2070 3034 ι
2103 2981 2446 3052 Compositor
2469 2979 2630 3035 cilicii
2653 2979 2938 3052 praesentis
2962 2977 3214 3050 conjungi
3255 2991 3352 3030 nos
3374 2975 3490 3029 vult

1911 3073 2450 3139 animisdevotarum
2505 3072 2830 3130 feminarum
2860 3086 2981 3141 qua:
3027 3069 3082 3124 in
3128 3076 3303 3135 morte
3329 3067 3487 3122 Inno-

1911 3174 2132 3220 centum
2176 3166 2462 3220 doluerunt
2487 3174 2544 3220 et
2575 3161 3112 3234 planxerunt..Sicut
3138 3169 3353 3231 separat
3386 3174 3485 3214 nos

230 3250 448 3319 patiens.
473 3260 586 3314 est,
631 3251 848 3322 benigna
892 3264 986 3307 est.
1031 3252 1098 3307 In
1144 3254 1332 3325 pietate
1372 3262 1546 3306 autem
1571 3269 1805 3307 amorem
1835 3262 1879 3323 ρ
1911 3257 1978 3312 ab
2007 3263 2130 3312 actu
2155 3255 2418 3311 malorum
2444 3254 2751 3316 Iudaeorum
2782 3254 2842 3316 iu
2872 3253 3040 3309 Cinna
3090 3249 3302 3315 Domini
3321 3289 3334 3311 ,
3368 3247 3484 3302 sive

233 3338 608 3407 fraternitatis,
626 3350 681 3397 ut
708 3358 817 3397 non
840 3344 1063 3400 alterius
1089 3345 1166 3399 rei
1189 3344 1382 3398 intuitu
1404 3343 1623 3414 pietatis
1639 3360 1802 3415 opera

231 3430 360 3484 suis
400 3431 626 3502 quisque
682 3433 1009 3489 aduersariis
1058 3435 1349 3504 impendat,
1399 3435 1502 3490 nisi
1551 3435 1802 3490 fraterna:

232 3530 450 3576 tantum
501 3525 824 3592 dilectionis,
851 3528 951 3583 hoc
981 3529 1230 3583 videlicet
1270 3537 1382 3583 tota
1413 3529 1466 3586 in
1507 3528 1803 3584 intentione

229 3626 533 3682 procurans
560 3623 624 3669 ut.
659 3631 792 3686 quos
817 3617 1059 3674 docendo
1104 3618 1275 3673 solum
1297 3618 1401 3674 .vel
1431 3618 1802 3690 redarguendo

229 3702 428 3772 nequit
445 3703 526 3764 ad~
544 3704 792 3763 effectum
821 3709 1058 3779 pietatis,
1085 3710 1288 3765 orando
1315 3710 1401 3765 vel
1421 3710 1574 3775 bene
1596 3709 1798 3771 facien-

235 3864 336 3878 ρ·-

341 3865 598 3874 -———-.———._

603 3869 723 3876 -ι--ν-
730 3869 822 3876 ,Μ
829 3871 843 3876 -
861 3873 872 3876 -
883 3872 1214 3880 ...α-..ηηαμονμαρ-
1221 3873 1238 3879 -

1912 3347 1965 3401 in
1987 3346 2307 3410 Parasceve,
2345 3345 2458 3400 sive
2509 3344 2562 3398 in
2616 3343 2879 3407 Sabbato,
2925 3341 3222 3406 omittendo
3275 3337 3481 3402 osculo,

1908 3437 2022 3490 sive
2066 3444 2261 3490 caetera
2287 3443 2468 3498 sueta;
2521 3431 2904 3503 itaconjungit
2930 3433 2982 3486 in
3007 3429 3254 3502 prasenti
3281 3426 3485 3484 festivi-

1908 3535 2022 3582 tate
2071 3524 2243 3581 dolori
2303 3526 2614 3579 devotarum
2672 3521 3014 3588 feminarum.
3078 3518 3251 3574 Causa
3295 3531 3483 3572 earum

1909 3619 2144 3675 tristitia:
2191 3616 2716 3683 omittimusﬂloria
2749 3613 3058 3678 in,e:rcelsis
3089 3612 3194 3668 Deo
3242 3620 3297 3666 et
3341 3609 3482 3664 Alle-

1907 3709 2034 3764 luia.

1382 3997 1682 4090 LIBER
1755 3997 2306 4077 SECUNDUS.

746 4240 969 4296 CAPUT
1008 4241 1293 4298 PRIMUM.

656 4328 734 4384 De
757 4330 1029 4390 duodecim
1055 4331 1376 4388 lectionibus.

297 4421 411 4478 Sex
440 4420 700 4476 lectiones
721 4421 788 4475 ab
815 4422 1050 4492 antiquis
1079 4422 1337 4477 Romanis
1363 4423 1552 4488 Graece
1587 4433 1642 4482 et
1691 4425 1796 4479 La-

219 4515 342 4569 tine
392 4512 710 4581 legebantur
759 4511 870 4583 (qui
919 4528 1036 4572 mos
1083 4513 1223 4582 apud
1279 4512 1794 4585 Constantinopolim

218 4605 498 4672 hodieque
521 4603 809 4674 servatur),
849 4603 902 4657 ni
937 4601 1114 4666 fallor,
1144 4613 1364 4674 prepter
1389 4605 1523 4660 duas
1549 4620 1743 4670 causas
1778 4623 1790 4658 :

217 4709 414 4758 unam,
455 4693 578 4762 quia
631 4693 874 4754 aderant.
905 4692 1098 4758 Graeci,
1130 4694 1326 4764 quibus
1367 4695 1635 4766 incognita
1677 4704 1796 4749 erat

212 4785 420 4841 Latina
464 4785 662 4856 lingua,
696 4785 1026 4857 aderantque
1066 4787 1274 4852 Latini,
1301 4788 1495 4860 quibus
1525 4787 1794 4857 incognita

211 4884 345 4932 erat
372 4873 594 4942 Graeca;
635 4875 1135 4946 aItcramLproptcr
1162 4878 1564 4940 unanimitatem
1586 4880 1797 4932 utrius-

212 4980 332 5038 que
376 4965 578 5037 p0puli.
617 4966 909 5021 Duodecim
958 4966 1217 5029 lectiones
1244 4978 1480 5039 propter.
1513 4968 1792 5027 duodecim

209 5053 460 5110 lectores
494 5052 764 5118 dicuntur,
823 5071 936 5110 non
957 5067 1176 5127 prepter
1200 5058 1481 5114 duodecim
1504 5060 1797 5124 varietates

209 5148 613 5205 sententiarum
646 5166 659 5201 :
687 5165 782 5203 sex
829 5149 1087 5208 lectiones
1135 5160 1262 5206 sunt
1311 5153 1680 5215 tantummodo
1736 5155 1792 5209 in

204 5240 530 5297 sententiis.
582 5238 766 5310 Neque
789 5240 932 5300 enim
973 5241 1017 5296 si
1047 5241 1342 5297 dixerimus
1377 5260 1551 5308 amen,
1580 5259 1788 5310 verum,

203 5339 508 5404 propterea
534 5331 666 5385 duas
711 5331 999 5393 varietates
1025 5332 1322 5403 intelligere
1361 5333 1641 5399 debemus,
1695 5337 1790 5392 sed

204 5436 419 5486 unam;
451 5421 504 5475 in
559 5420 892 5491 temporibus
933 5422 1146 5495 quando
1173 5423 1381 5494 agimus
1406 5440 1481 5478 xu
1507 5424 1788 5489 lectiones,

200 5513 459 5571 solemus
495 5511 763 5582 jejunare,
817 5512 1034 5571 etiamsi
1082 5513 1426 5584 provenerint
1473 5514 1527 5568 in
1581 5516 1790 5571 octavis

201 5602 591 5665 Pentecostes,
627 5599 844 5670 quando
886 5601 1188 5656 celebratur
1235 5600 1500 5658 festivitas
1537 5604 1790 5673 septifor-

195 5695 318 5749 mis
373 5691 610 5762 Spiritus
656 5699 712 5745 et
751 5693 1156 5762 neophytorum.
1191 5693 1338 5750 Unde
1374 5696 1619 5750 dominus
1649 5695 1785 5751 Beda

195 5789 355 5847 dicit
385 5789 440 5844 iu
469 5787 684 5850 homilia
713 5804 807 5843 sua
839 5806 848 5841 :
881 5787 1031 5853 Quod
1071 5802 1194 5842 vero
1237 5787 1376 5840 inter
1402 5786 1513 5849 hanc
1552 5787 1784 5858 jejuniu-

1822 4657 1873 4717 D

1910 4261 2028 4300 rum
2057 4242 2338 4312 castigatio
2370 4241 2651 4309 repetitur,
2705 4238 2772 4293 de
2820 4239 3057 4307 ipsorum
3108 4237 3472 4308 apostolorum

1907 4332 2154 4402 exemplo
2200 4339 2471 4400 sumptum
2516 4328 2741 4383 credere
2783 4326 3061 4392 debemus,
3110 4328 3200 4397 qui
3251 4337 3474 4398 accepto

1906 4424 2131 4498 Spiritu,
2187 4437 2292 4492 quo
2338 4419 2634 4491 perfectius
2680 4434 2833 4482 ncva_
2865 4419 3166 4481 caelestium
3208 4419 3473 4475 honorum

1904 4514 2169 4586 suavitate
2203 4513 2540 4577 fruebantur,
2578 4525 2644 4565 eo
2675 4510 2836 4566 altius
2873 4518 3111 4571 mentem
3137 4525 3173 4573 la
3210 4511 3471 4573 memoria

1901 4604 2213 4660 deliciarum
2241 4601 2508 4657 abstulere
2535 4601 2893 4663 terrestrium,
2924 4599 3039 4661 iam
3070 4601 3212 4664 enim
3241 4601 3471 4658 advene-

1898 4703 1984 4750 rat
2005 4703 2214 4764 tempus
2246 4691 2374 4748 illud
2403 4693 2468 4746 de
2497 4707 2604 4762 quo.
2629 4691 2913 4752 Dominus.
2936 4690 3182 4766 praedixit
3210 4691 3334 4762 quia
3383 4693 3465 4747 di-

1894 4786 2106 4855 scipuli,
2138 4787 2255 4855 ipso
2284 4799 2470 4845 secum
2515 4792 2902 4850 conversante,
2928 4780 3177 4852 jejunare
3206 4799 3311 4846 non
3341 4799 3470 4854 pos-

1895 4885 2034 4940 sent,
2063 4874 2245 4929 ablato
2278 4884 2456 4936 autem
2487 4889 2551 4929 eo
2577 4871 2908 4944 jejuuarent.
2952 4872 3084 4927 Nam
3133 4890 3256 4928 cum
3303 4874 3468 4930 inter—

1895 4973 2147 5036 rogarent
2167 4980 2290 5021 eum
2306 4964 2549 5034 discipuli
2576 4963 2820 5029 Joannis,
2849 4963 3090 5019 dicentes
3122 4982 3134 5017 :
3162 4963 3342 5030 Quare
3366 4981 3467 5023 nos

1895 5071 1951 5114 et
1975 5058 2235 5114 Pharisaii
2260 5055 2566 5126 jejunamus
2614 5056 2947 5130 frequenter,
2973 5055 3242 5131 discipuli
3280 5065 3458 5112 autem

1895 5149 1973 5204 tui
2022 5163 2124 5202 non
2168 5144 2450 5220 jejunant?
2501 5146 2578 5200 ait
2620 5146 2762 5206 illis:
2794 5145 3058 5216 Nunquid,
3087 5155 3306 5220 possunt
3360 5147 3461 5215 filii

1892 5239 2069 5308 sponsi
2105 5219 2353 5307 jejunare
2380 5235 2612 5308 quandiu
2638 5252 2754 5299 cum
2797 5234 2902 5295 illis
2950 5245 3024 5290 est
3065 5219 3326 5311 sponsus?
3369 5230 3462 5286 I’e-

1895 5330 2031 5383 nient
2067 5338 2246 5386 autem,
2269 5326 2378 5392 dies
2425 5312 2543 5380 eum
2586 5327 2855 5397 auferetur
2897 5327 2962 5381 ab
2981 5327 3063 5380 .eis
3108 5343 3362 5396 sponsus,
3407 5334 3456 5377 et

1892 5431 2013 5475 tunc
2027 5420 2364 5491 jejunabunt.
2383 5421 2516 5486 Quia
2538 5435 2665 5492 ergo
2686 5431 2739 5476 et
2768 5429 2893 5476 ante
2917 5419 3241 5492 passionem,
3258 5428 3310 5472 et
3335 5425 3458 5487 post

1892 5515 2341 5570 resurrectionem
2369 5514 2722 5579 Dominicam,
2764 5523 2984 5586 propter
3018 5512 3187 5582 ipsius
3237 5508 3453 5565 Domini

1890 5605 2226 5679 praesentiam
2261 5605 2443 5677 lugere
2476 5619 2538 5658 ac
2553 5603 2796 5672 jejunare
2825 5602 3198 5671 nequiverant,
3245 5607 3457 5666 constat

1890 5695 2127 5764 profecto
2159 5695 2282 5764 quia
2311 5703 2433 5764 post
2458 5693 2780 5748 ablationcm
2805 5693 2941 5763 ejus,
2991 5688 3310 5760 spontaneis
3330 5704 3450 5754 sese

1892 5789 2239 5854 subdiderunt
2285 5787 2520 5858 jejuuiis.
2575 5787 2813 5855 Namque
2858 5787 2946 5840 ubi
2997 5786 3228 5861 Spirilus
3265 5787 3478 5850 sancti,
