3938 6178
552 412 555 415 ‘
594 395 727 449 l075
915 390 947 408 ””

1614 390 1940 445 AMALARU
1980 388 2200 446 PRESB
2213 392 2415 450 YTEiil
2444 397 2784 454 METENSiS

3610 410 3705 464 illiti

585 516 710 563 sunt
739 501 1045 570 acceptione
1076 500 1325 565 recreati,
1362 500 1500 555 sicut
1539 515 1569 554 a
1617 501 1835 555 exteris
1862 500 2150 555 mundiali-
2172 504 2227 562 Α
2252 506 2463 572 gruenti
2492 522 2590 577 per
2612 509 2818 578 singula
2850 516 3088 579 tempora
3132 525 3247 580 qua:
3281 513 3530 569 convenire
3547 531 3710 585 possunt

587 598 687 651 bus
714 593 1002 656 illecebris,
1033 592 1111 647 sic
1136 600 1192 647 et
1216 593 1284 648 ab
1324 588 1601 661 epularum
1643 591 1885 662 appetitu
1918 599 2151 646 mentem

534 710 539 711 ί
585 700 808 757 prorsus
844 692 1175 750 averterant,
1226 685 1419 739 animte
1466 683 1646 753 potius
1690 699 1853 755 quam
1904 686 2153 755 corporis

584 777 840 832 alimonia
869 776 1183 849 gaudentes,
1205 784 1258 832 et
1277 791 1378 847 pro
1405 777 1665 831 memoria
1678 776 1868 845 patriai
1891 776 2150 841 cmlestis,

582 870 920 925 orationibus
953 885 1017 925 ac
1060 870 1314 942 lacrymis
1335 870 1646 926 insistentes
1673 870 1997 925 salubribus.
2026 873 2043 890 ‘
2077 870 2151 925 De

581 964 772 1019 eodem
799 963 1004 1033 jejunio
1050 963 1240 1018 scribit
1292 970 1515 1017 sanctus
1569 961 1675 1016 Leo
1720 961 2039 1016 bomiliam:
2080 961 2151 1017 Ut

575 1053 842 1123 jejunium
904 1054 1209 1110 celebretur
1250 1054 1308 1108 in
1354 1052 1693 1108 ordinatione
1753 1052 1891 1107 sacri
1923 1051 2149 1117 ordinis,

585 1144 873 1215 primitivse
893 1145 1147 1200 Ecclesia:
1168 1156 1285 1199 mos
1304 1144 1559 1199 obtinuit.
1584 1143 1677 1197 Sic
1716 1142 1861 1196 enim
1890 1142 2147 1211 scriptum

577 1244 664 1292 est
685 1238 738 1291 in
762 1236 986 1291 Actibus
1016 1236 1377 1305 apostolorum
1406 1252 1423 1292 :
1450 1234 1619 1288 Erant
1650 1246 1823 1288 autem
1859 1233 1913 1287 in
1932 1231 2151 1287 ecclesia

580 1349 697 1403 qua!
724 1342 837 1387 erat
872 1331 1161 1386 Antiochia:
1201 1331 1465 1401 prophetat
1501 1339 1548 1384 et
1592 1330 1849 1393 doctores,
1874 1330 1929 1382 in
1962 1328 2150 1400 quibus

584 1420 860 1476 Barnabas
902 1430 949 1475 et
998 1417 1242 1491 Symeon,
1270 1420 1362 1491 qui
1386 1419 1668 1473 vocabatur
1699 1418 1883 1488 Niger.
1932 1419 1999 1473 Et
2028 1428 2149 1489 post

578 1525 789 1579 pauca:
824 1508 1243 1564 Ministrantibus
1272 1518 1445 1564 autem
1495 1508 1602 1563 illis
1652 1508 1882 1563 Domino
1923 1518 1968 1563 et
2005 1509 2150 1579 jeju-

580 1601 843 1665 mmtibus,
879 1601 1011 1655 dixit
1038 1600 1265 1671 Spiritus
1288 1611 1499 1655 sanctus
1524 1614 1544 1652 .'
1577 1600 1829 1672 Separate
1863 1601 1991 1655 mihi
2015 1599 2150 1655 Bar-

579 1694 769 1747 imbam
796 1703 847 1748 et
894 1692 1114 1748 Saulum
1150 1694 1205 1748 in
1250 1709 1378 1764 opus
1420 1710 1521 1764 quo
1569 1695 1828 1765 assumpsi
1861 1709 1968 1747 eos.
2005 1691 2151 1746 Tunc

568 1784 870 1852 jcjunantes
897 1792 946 1838 et
999 1793 1231 1849 orantes,
1266 1786 1686 1854 impatientesque
1715 1784 1788 1838 eis
1818 1800 2024 1850 manus,
2066 1783 2147 1837 di-

2257 594 2546 650 tirtutibus
2567 605 2623 652 et
2641 597 3172 668 interpretationibus
3192 603 3566 671 patriarcharum
3590 608 3707 676 quiin

2255 686 2498 741 articulis
2541 688 2870 758 genealogis:
2912 690 3073 759 positi
3117 700 3257 755 sunt,
3299 696 3584 750 consectatio
3607 697 3707 751 cele-

2252 775 2460 831 bratur.
2488 775 2593 833 Per
2622 788 2736 834 tres
2758 780 3222 844 τεσσαραόἑκαόιας
3248 784 3475 838 annuales
3500 784 3606 840 lium
3622 788 3706 841 hab.

2249 864 2493 924 demadae
2515 869 2868 940 quadraginta
2903 870 3042 926 duae.
3093 871 3194 926 Tot
3215 874 3543 942 generationes
3575 890 3707 929 semu-

2251 960 2381 1014 dum
2409 960 2720 1019 Mattbteum
2765 961 2966 1017 Christi
2996 973 3119 1017 sunt
3170 978 3289 1018 eum
3331 964 3452 1034 ipso.
3493 964 3574 1019 Tot
3594 967 3704 1020 etiam

2250 1050 2600 1109 hebdomadas
2625 1053 2972 1108 inveniuntur
2989 1068 3019 1107 a
3049 1053 3227 1123 primo
3240 1055 3445 1110 sabbato
3464 1055 3591 1125 primi
3607 1069 3707 1109 men-

2250 1143 2327 1197 sis
2350 1157 2519 1212 usque
2543 1142 2612 1198 ad
2640 1152 2892 1215 quartum
2918 1146 3198 1200 sabbatum
3224 1146 3401 1201 decimi
3421 1148 3598 1201 mensis.
3615 1147 3706 1201 Con-

2249 1232 2483 1287 secratio
2509 1233 2687 1302 prima
2723 1233 3033 1289 celebratur
3053 1235 3227 1305 primo
3244 1234 3447 1291 sabbato
3461 1236 3588 1307 primi
3610 1250 3707 1290 men-

2249 1322 2347 1385 sis,
2390 1336 2509 1391 qum
2557 1324 2707 1392 quasi
2761 1324 2816 1378 iu
2852 1321 2972 1379 loco
3005 1324 3237 1381 Abrahae
3278 1335 3475 1395 generat
3493 1324 3705 1380 Christum.

2247 1414 2522 1469 Abraham
2552 1416 2940 1485 interpretatur
2958 1427 3113 1486 pater
3139 1418 3410 1472 multarum
3428 1417 3632 1488 gentium,
3649 1416 3706 1472 cui

2249 1505 2449 1559 dictum
2480 1515 2566 1560 est
2597 1520 2617 1559 τ
2637 1505 2705 1560 In
2739 1508 2934 1562 semine
2961 1517 3050 1560 tuo
3100 1501 3443 1561 benedicentur
3462 1524 3599 1561 omnes
3623 1523 3706 1576 ger-

2249 1605 2345 1649 res.
2375 1592 2433 1650 Si
2477 1597 2601 1664 quis
2646 1606 2996 1652 consecratus
3040 1606 3151 1651 stat
3194 1601 3243 1652 in
3278 1598 3462 1653 semine
3501 1596 3705 1651 multorum

2251 1688 2683 1742 convertentium
2733 1703 2832 1758 per
2859 1702 2954 1743 sua
2999 1689 3244 1758 exempla
3288 1689 3351 1743 ad
3396 1688 3707 1749 Dominumest

2248 1775 2424 1845 primo
2457 1776 2789 1845 patriarcha,
2818 1777 3097 1832 Abraham
3140 1778 3359 1849 genitus,
3386 1786 3459 1832 est
3484 1778 3618 1847 ipsum
3650 1792 3703 1829 sc-

576 1850 826 1930 miserunt
852 1875 993 1942 illos,
1017 1887 1065 1929 et
1218 1850 1428 1946 quidem
1452 1850 1609 1929 missi
1641 1894 1673 1929 α
1703 1874 1905 1945 Spiritu
1939 1885 2144 1943 sancto,
2175 1850 2222 1909 Β
2249 1880 2373 1921 men
2406 1865 2675 1931 (Ἇιτίεῑιιε,
2706 1868 2759 1922 in
2792 1883 2900 1938 quo
2930 1870 3137 1924 semine
3164 1871 3464 1939 promissum
3501 1878 3568 1922 est
3596 1868 3701 1919 Alm-

573 1970 815 2024 abierunt
858 1966 1171 2024 Seleuciam.
1201 1969 1269 2023 Et
1303 1969 1357 2023 in
1379 1968 1486 2023 alio
1521 1968 1641 2024 loco
1671 1987 1687 2022 τ
1722 1968 1793 2023 Et
1813 1986 1930 2024 cum
1954 1970 2146 2024 consti-

574 2060 789 2114 tuissent
812 2059 920 2114 illis
940 2076 1033 2130 per
1044 2059 1281 2130 singulas
1299 2058 1544 2114 ecclesias
1562 2063 1905 2130 presbyteros,
1930 2069 1978 2114 et
1998 2078 2145 2115 oras-

573 2161 686 2205 sent
707 2167 825 2205 cum
845 2152 1092 2222 jejuniis,
1143 2152 1631 2207 cmumendaverunt
1661 2168 1748 2206 eos
1790 2151 2037 2217 Domino,
2088 2154 2147 2206 in

571 2260 724 2313 quem
755 2243 1105 2298 crediderunt.
1134 2242 1392 2311 Quamvis
1412 2252 1468 2300 et
1489 2244 1859 2299 continuatum
1881 2243 2143 2316 jejunium

572 2348 673 2403 per
721 2332 936 2402 aliquod
966 2334 1197 2405 spatium
1242 2334 1415 2404 possit
1438 2334 1661 2406 intelligi
1715 2333 1768 2388 in
1820 2335 2144 2405 supradictis

575 2424 750 2480 verbis
792 2423 1005 2480 Domini
1050 2424 1236 2487 Bedes,
1287 2433 1467 2481 tamen
1505 2442 1611 2481 non
1655 2427 1962 2482 excluditur
2003 2426 2144 2497 jeju-

572 2518 719 2571 nium
747 2532 848 2587 pro
870 2518 1203 2573 ordinaudis.
1247 2519 1310 2573 Et
1343 2520 1469 2588 quia
1500 2520 1702 2575 mentio
1727 2527 1810 2575 est
1836 2520 2141 2576 introducta

571 2610 636 2664 de
659 2608 941 2666 duodecim
993 2610 1334 2675 lectionibus,
1390 2619 1606 2683 oportet
1651 2626 1770 2667 eam
1812 2613 2069 2669 inchoare
2111 2629 2141 2668 a

573 2709 812 2772 tempore
832 2702 992 2773 primi
1016 2704 1239 2758 mensis.
1270 2704 1326 2758 lu
1358 2704 1638 2759 duodecim
1667 2704 1987 2760 lectionibus
2016 2719 2143 2760 ωη-

573 2795 808 2849 secratio
835 2810 1108 2850 sacrorum
1167 2796 1414 2852 ordinum
1459 2798 1783 2852 celebratur.
1836 2796 1955 2868 ipsa
1998 2798 2140 2853 enim

572 2884 977 2939 consecratione
1000 2884 1102 2939 hoc
1129 2886 1306 2956 agitur
1351 2894 1409 2940 ut
1432 2887 1595 2940 homo
1622 2886 1734 2940 Deo
1763 2887 2139 2958 coniungatur,

574 2983 907 3030 monstrante
935 2974 1038 3030 hoc
1057 2987 1248 3032 sancto
1283 2976 1546 3046 Gregorio
1567 2979 1634 3032 ad
1663 2978 2141 3050 interrogationem

572 3064 854 3135 Augustini
876 3065 1170 3137 Anglorum
1213 3069 1470 3139 episcopi,
1523 3070 1761 3140 quando.
1788 3070 2142 3143 interrogavit

570 3156 617 3211 si
639 3155 784 3212 solus
804 3159 1117 3230 episcopum
1144 3159 1399 3216 ordinare
1424 3169 1624 3232 posset,
1654 3162 1744 3219 illo
1756 3164 2134 3234 respondente,

573 3247 616 3301 si
647 3245 928 3305 diliicultas
961 3259 1104 3306 esset
1135 3251 1365 3307 aliorum
1412 3252 1788 3323 episcoporum
1827 3269 2008 3324 posse,
2054 3255 2139 3310 sin

572 3348 774 3406 autem,
812 3350 994 3397 essent
1028 3350 1136 3397 tres
1178 3351 1271 3398 aut
1295 3353 1544 3413 quatuor.
1597 3343 1714 3412 Qua
1762 3344 1829 3400 de
1866 3361 2029 3400 causa
2065 3346 2138 3400 ita

570 3427 787 3500 inquit:
818 3430 952 3487 Nam
1001 3432 1055 3486 in
1093 3433 1222 3503 ipsis
1247 3435 1409 3490 rebus
1436 3434 1787 3504 spiritalibus,
1819 3443 1878 3489 ut
1922 3435 2138 3506 sapiena

572 3528 654 3575 ter
678 3529 733 3575 et
761 3529 973 3576 mature
1000 3521 1376 3593 disponantur,
1401 3525 1704 3596 exemplum
1732 3526 1947 3581 trahere
1976 3543 2004 3581 a
2054 3541 2140 3581 re-

572 3612 674 3668 bus
695 3613 1004 3670 carnalibus
1031 3629 1335 3684 possumus.
1361 3615 1523 3671 Certe
1548 3617 1693 3672 enim
1743 3617 1870 3672 dum
1893 3616 2138 3690 coniugia

570 3702 624 3755 in
656 3702 856 3757 mundo
885 3703 1247 3771 celebrantur,
1296 3705 1564 3777 coniugati
1594 3709 1794 3779 quique
1846 3718 2136 3776 vocantur,

571 3800 631 3845 ut
666 3792 757 3860 qui
782 3792 834 3845 in
857 3793 942 3847 via
965 3791 1079 3862 iam
1110 3795 1342 3867 coniugii
1373 3808 1787 3867 praecesserunt,
1840 3800 1896 3855 in
1947 3802 2136 3858 subse-

569 3882 784 3949 quentis
811 3898 1027 3955 quoque
1055 3887 1258 3956 cOpulze
1284 3888 1479 3958 gaudio
1506 3890 1854 3947 misceantur.
1889 3892 1999 3948 Cur
2031 3910 2138 3952 non

569 3987 698 4043 ergo
718 3980 773 4027 et
806 3973 987 4029 uthac
1017 3974 1245 4045 spiritali
1269 3977 1631 4045 ordinatione,
1657 3994 1762 4051 qua
1804 3999 1904 4053 per
1922 3998 2139 4040 sacrum

571 4061 929 4118 ministerium
979 4065 1141 4121 homo
1188 4065 1297 4122 Deo
1346 4068 1712 4140 coniungitur,
1764 4073 1898 4129 tales
1945 4090 2139 4132 conve-

571 4154 740 4219 niant,
799 4156 891 4226 qui
919 4156 1005 4211 vel
1058 4157 1111 4212 in
1160 4158 1401 4229 profectu
1439 4160 1673 4216 ordinati
1724 4164 1958 4235 episcopi
2002 4181 2136 4236 gau—

571 4244 750 4307 deant,
782 4244 865 4300 vel
888 4260 993 4316 pro
1014 4246 1130 4318 ejus
1156 4250 1398 4304 custodia
1427 4250 1784 4322 omnipotenti
1811 4254 1923 4309 Deo
1947 4270 2139 4324 preces

568 4334 771 4401 pariter
819 4333 1064 4392 fundant.
1092 4335 1261 4393 Primi
1290 4338 1517 4409 apestoli
1545 4357 1759 4414 semper
1810 4344 1862 4399 in
1913 4343 2138 4402 Decem-

571 4422 685 4477 brio
740 4440 941 4488 mense,
980 4426 1036 4480 in
1085 4440 1192 4496 quo
1231 4430 1487 4485 nativitas
1532 4431 1743 4487 Domini
1794 4435 1965 4490 nostri
2011 4432 2137 4491 Jesu

567 4514 766 4569 Christi
793 4515 1114 4582 celebratur,
1142 4519 1578 4575 consecrationes
1604 4521 2004 4587 ministrabant,
2041 4540 2133 4579 us-
2157 4552 2212 4611 Β

568 4620 672 4674 que
691 4605 757 4661 ad
796 4604 1152 4679 Simplicium,
1182 4610 1273 4680 qui
1304 4611 1404 4665 fuit
1432 4626 1462 4666 a
1491 4610 1550 4665 Β.
1584 4611 1741 4667 Petro
1782 4615 2132 4686 quadragesi-

568 4710 686 4750 mus
714 4708 905 4752 nonus.
937 4696 1058 4767 Ipse
1083 4698 1290 4768 primus
1335 4700 1569 4755 sacravit
1620 4701 1673 4755 in
1719 4700 2032 4769 Februario,
2076 4706 2130 4761 ni

569 4793 724 4848 fallor
748 4794 950 4851 nullam
975 4795 1045 4850 ob
1070 4796 1230 4852 aliam
1260 4814 1475 4854 causam
1527 4799 1628 4854 nisi
1661 4800 1959 4858 intimando
2005 4821 2132 4860 con-

560 4886 860 4955 iungendos
901 4885 1252 4958 propinquius
1296 4887 1497 4944 Christi
1523 4892 1757 4961 corpori,
1794 4893 1883 4964 qui
1916 4908 2013 4963 per
2041 4911 2131 4950 sa-

564 4992 718 5030 crum
749 4977 1103 5031 ministerium
1145 4980 1533 5049 provehuntur.
1582 4980 1734 5049 Quod
1776 4984 1922 5038 nullo
1973 4989 2133 5042 modo

565 5067 732 5122 satius
764 5064 877 5122 lieri
906 5074 1081 5136 potest
1122 5083 1283 5137 quam
1313 5070 1359 5124 si
1393 5085 1489 5140 per
1516 5086 1610 5127 eos
1650 5073 2009 5143 patriarchas,
2063 5090 2129 5131 ex

561 5160 759 5229 quibus
779 5157 1027 5216 Christus
1052 5167 1210 5217 natus
1237 5171 1340 5226 est,
1369 5173 1711 5234 generentur.
1743 5165 1895 5234 Quod
1929 5169 2130 5239 impos-

561 5250 719 5307 sibile
743 5259 825 5306 est
869 5249 1161 5306 secundum
1188 5266 1426 5317 carnem,
1463 5256 1755 5311 secundum
1804 5272 1932 5313 vero
1974 5259 2131 5328 spiri-

562 5349 677 5398 tum
702 5342 918 5413 dignum
940 5350 994 5396 et
1015 5341 1190 5398 habile
1214 5343 1316 5399 hoc
1343 5352 1444 5407 est,
1461 5353 1519 5399 ut
1538 5361 1635 5414 per
1658 5347 2130 5416 interpretationes

560 5433 993 5505 patriarcharum
1042 5433 1318 5487 nominum
1341 5445 1631 5490 nascantur
1676 5447 1876 5502 mente,
1926 5439 2017 5509 qui
2044 5455 2134 5510 ge-

565 5529 819 5600 nealogiai
837 5528 1038 5586 Christi
1065 5531 1316 5586 videntur
1337 5530 1655 5587 familiarius
1678 5532 1886 5591 ascisci.
1918 5534 1984 5588 Et
2005 5537 2131 5604 quia

564 5618 915 5702 ipcongruum
944 5628 1028 5677 cst
1053 5622 1192 5677 sicut
1216 5623 1502 5693 unicuique
1523 5625 1857 5695 generationi
1893 5626 2131 5697 singula-

566 5707 640 5760 ris
690 5706 1020 5766 hcbdomada
1068 5711 1390 5783 deputatur,
1442 5714 1513 5768 ita
1563 5732 1659 5785 per
1703 5732 2132 5788 unamquamque

568 5795 953 5856 hebdomadam
990 5806 1448 5861 consecrationem
1480 5807 1762 5874 celebrari,
1792 5825 1950 5864 causa
2005 5825 2133 5864 con-

2247 1956 2330 2011 hze
2356 1958 2600 2013 benedici
2626 1974 2816 2015 omnes
2841 1968 3047 2029 gentes.
3080 1959 3196 2031 ipsa
3217 1960 3518 2015 consecratio
3540 1968 3701 2027 tempore

2245 2062 2413 2102 verno
2439 2047 2762 2116 celebratur,
2800 2051 2944 2121 quod
2984 2055 3196 2123 tempus
3225 2051 3396 2107 habile
3435 2060 3505 2106 est
3531 2065 3705 2121 procrea-

2246 2138 2501 2195 tionibus.
2556 2139 2690 2195 Nam
2732 2148 2787 2195 et
2830 2139 3108 2197 Abraham
3154 2143 3309 2198 tertia
3348 2148 3489 2197 aetate
3512 2137 3705 2204 iniurius

2245 2229 2450 2293 mundi,
2480 2244 2600 2300 qua:
2623 2236 2754 2285 retas
2782 2236 3136 2301 conrparatur
3161 2233 3518 2295 adolescentiae,
3536 2247 3624 2301 qur
3644 2231 3706 2283 ha-

2243 2317 2367 2372 bilis
2394 2327 2479 2375 est
2510 2320 2846 2390 generatioui
2894 2322 3152 2378 ﬁliorum.
3195 2323 3427 2379 Secunda
3464 2320 3705 2378 consecratio

2243 2416 2326 2463 est
2357 2407 2410 2463 in
2457 2418 2652 2478 quarto
2676 2420 2862 2466 mense
2888 2415 3133 2469 secundo
3158 2415 3392 2479 sabbato,
3414 2413 3610 2484 quodest
3641 2409 3706 2463 ini-

2245 2500 2377 2554 tium
2410 2501 2633 2557 secuudi
2658 2503 2889 2574 catalogi
2911 2507 3319 2573 quatuordecim
3332 2505 3702 2563 hebdomadam.

2242 2592 2368 2648 Haec
2388 2594 2680 2663 deputatur
2705 2595 2759 2649 in
2786 2595 2906 2652 loco
2934 2596 3114 2652 David
3153 2598 3397 2654 ﬁliorum.
3425 2596 3560 2651 Darii
3594 2594 3703 2647 inter-

2242 2692 2487 2753 pretatur
2507 2684 2664 2741 fortis
2689 2700 2874 2753 manu,
2897 2687 3011 2758 ipse
3057 2688 3347 2758 prostravit
3368 2686 3559 2749 Goliam,
3580 2684 3617 2737 ῖίΙ
3638 2690 3707 2739 es.

2243 2776 2525 2833 humilitas
2573 2778 2902 2847 superbiam.
2946 2779 3055 2846 Qui
3085 2786 3464 2839 consecrantur,
3503 2783 3704 2846 purpurea

2242 2879 2649 2934 consecrantur,
2680 2878 2740 2923 ut
2769 2868 2938 2925 fortes
2970 2871 3086 2925 sint
3115 2886 3212 2943 per
3238 2870 3567 2927 humilitatem,
3590 2874 3629 2918 et
3647 2879 3705 2916 su-

2241 2959 2485 3029 perbiam
2509 2958 2788 3030 dejiciant.
2820 2960 2938 3030 ipsa
2986 2961 3302 3017 celebratur
3331 2961 3384 3014 in
3408 2957 3543 3013 Juuio
3562 2966 3705 3008 mense.

2241 3048 2457 3119 quando
2482 3048 2668 3105 fervor
2706 3067 2932 3123 magnus
2958 3052 3096 3108 solis
3127 3062 3213 3109 est
3246 3067 3395 3122 super
3421 3060 3599 3106 terram.
3620 3044 3708 3098 0m-

2241 3139 2400 3197 n-ibus
2468 3148 2653 3196 notum
2717 3151 2803 3197 est
2868 3142 3044 3199 David
3112 3143 3412 3200 bellicosum
3463 3139 3631 3194 fuisse.
3674 3140 3710 3183 et

2242 3232 2396 3288 valde
2421 3232 2621 3289 arsisse
2654 3234 2708 3288 in
2732 3232 2921 3289 Marte.
2952 3233 3197 3305 Tempus
3217 3234 3354 3288 Junii
3384 3239 3537 3302 aptum
3555 3232 3620 3281 est
3640 3221 3712 3276 bel-

2241 3322 2327 3378 lis.
2383 3323 2565 3380 Tertia
2596 3325 2936 3380 consecratio
2984 3326 3295 3382 celebratur
3342 3326 3391 3380 in
3442 3314 3712 3392 Septembrim

2243 3417 2403 3471 tertio
2429 3417 2676 3482 sabbato,
2699 3418 2842 3486 quod
2860 3427 2948 3473 est
2975 3418 3197 3475 initium
3226 3420 3363 3475 tertii
3404 3411 3609 3482 catalogi.
3626 3407 3712 3461 llam

2241 3508 2530 3579 deputatur
2547 3509 2882 3580 generationi
2908 3509 3210 3568 Jechoniae.
3249 3506 3712 3570 Jechouiasintet‘prt-
3796 3562 3797 3569 η

2216 3606 2388 3653 -tatur
2408 3600 2731 3670 praeparatio
2755 3602 2988 3657 Domini.
3019 3602 3276 3675 Nullique
3311 3603 3505 3660 dubiant
3526 3598 3709 3654 siomnes

2237 3698 2451 3759 oportet
2462 3692 2751 3762 praeparari
2771 3692 2823 3747 in
2839 3693 3079 3750 adventu
3093 3695 3311 3761 Christi,
3327 3693 3444 3766 quin
3460 3686 3710 3762 potissimum

2239 3792 2334 3833 eos
2380 3778 2472 3849 qui
2492 3792 2901 3850 consecrantur,
2930 3800 3056 3854 qua:
3078 3786 3405 3843 consecratio
3428 3783 3564 3840 habet
3605 3776 3711 3831 ﬁnem

2239 3872 2292 3928 in
2320 3875 2432 3945 ipsa
2462 3877 2744 3933 nativitate
2772 3876 3012 3945 Christi,
3062 3897 3184 3951 qum
3213 3880 3479 3950 aliquando
3524 3876 3567 3928 in
3606 3865 3709 3923 tertia

2238 3966 2573 4031 hebdomada
2606 3968 2794 4024 ﬁnitur
2845 3979 3072 4040 propter
3122 3970 3531 4042 anticipationem
3573 3960 3715 4017 dierum

2235 4042 2534 4115 nativitatis
2564 4059 2797 4126 Domini,
2830 4069 2886 4117 et
2909 4062 3077 4118 habet
3124 4062 3375 4120 tredecim
3403 4050 3711 4115 hebdomadas.

2237 4148 2526 4220 aliquando
2551 4151 2604 4204 in
2622 4161 2815 4222 quarta
2830 4161 3056 4223 propter
3081 4154 3403 4217 tarditatem,
3426 4158 3475 4206 et
3494 4146 3719 4209 habelqm’

2237 4243 2553 4298 tuordecim.
2582 4242 2767 4313 Neque
2791 4246 2894 4300 hoc
2914 4245 3031 4300 sine
3072 4247 3282 4301 ratione
3307 4254 3403 4308 est,
3428 4241 3535 4313 quia
3562 4236 3597 4290 si
3616 4244 3717 4285 com'

2234 4340 2453 4401 putatur
2500 4331 2776 4404 catalogus
2805 4334 3118 4390 novissima!
3166 4328 3637 4392 tesseradecailis,et
3665 4333 3720 4372 δε·

2235 4423 2339 4477 mel
2374 4430 2720 4494 computetur
2741 4423 3057 4492 Jechonias,
3103 4444 3210 4482 non
3256 4425 3470 4497 amplius
3513 4410 3720 4474 inveniun-

2236 4525 2325 4571 tur
2353 4532 2476 4573 cum
2515 4517 2633 4588 ipso
2659 4517 2874 4573 Christo
2899 4534 3062 4588 quam
3113 4517 3369 4576 tredecim
3394 4507 3719 4586 generationes;

2236 4604 2282 4660 si
2310 4605 2422 4676 ipse
2462 4605 2546 4661 bis
2570 4612 2929 4676 computetur,
2984 4606 3391 4677 quatuordecim
3435 4599 3717 4659 inveniuntur-

2858 4718 3089 4775 CAPUT
3127 4720 3192 4775 ll.

2443 4805 2520 4860 De
2538 4807 2745 4878 jejunio
2782 4814 2957 4863 annuo
2989 4807 3237 4874 Quatuor
3267 4809 3565 4879 Tempani!!!-

2304 4895 2547 4952 Diximus
2569 4896 2636 4952 de
2670 4896 2877 4968 jejunio
2907 4899 3047 4969 quod
3078 4900 3139 4953 lit
3166 4900 3220 4955 in
3247 4899 3511 4955 duodecim
3549 4882 3718 4947 lectioni-

2231 4987 2332 5042 bus
2356 5003 2453 5057 pro
2480 4986 2566 5043 bis
2589 4989 2680 5059 qui
2707 4990 2774 5043 ad
2799 4989 3196 5043 ordinationem
3214 4990 3490 5052 accedunt;
3520 4978 3719 5036 desidera-

2231 5096 2351 5135 mus
2379 5079 2422 5133 si
2451 5080 2707 5135 Dominus
2730 5080 2956 5145 dederit,
2994 5079 3149 5148 cujus
3179 5080 3383 5135 muneri
3409 5079 3616 5148 ingratus
3637 5060 3717 5119 nul-

2232 5169 2314 5225 lus
2342 5169 2499 5225 debet
2526 5185 2665 5233 esse,
2715 5183 2816 5224 nec
2869 5171 3036 5233 dives,
3068 5187 3173 5226 nec
3219 5184 3516 5241 pauper,cx
3560 5162 3719 5215 demoﬂ'

2232 5261 2491 5315 stratioue
2539 5261 2707 5315 sancti
2763 5260 3044 5332 Augustini
3096 5270 3393 5317 monstrare
3442 5245 3716 5313 medicamina

2223 5351 2413 5422 ieiunii
2443 5351 2683 5419 Quatuor
2710 5353 3030 5423 Temporum
3064 5371 3077 5406 :
3106 5353 3249 5423 quod
3270 5350 3497 5423 quamvis
3515 5335 3717 5397 ordinatio

2232 5444 2285 5499 in
2310 5443 2619 5500 memoratis
2643 5446 2978 5514 temporibus
3016 5460 3124 5499 non
3166 5444 3477 5504 celebretur,
3519 5437 3629 5491 sicut
3646 5436 3716 5527 ος(

2232 5553 2261 5592 a
2308 5538 2497 5609 primis
2528 5539 2797 5609 episcopis
2824 5539 3090 5594 celebrata
3133 5537 3253 5601 fuit,
3286 5544 3454 5590 tamen
3478 5532 3716 5616 necessatlo

2231 5634 2480 5697 Oportere
2506 5635 2705 5683 nostrae
2734 5628 2976 5699 religioni
3021 5638 3257 5696 quatuor
3277 5623 3467 5697 ieiunia
3502 5617 3713 5673 annuattm

2232 5719 2523 5783 celebrare.
2564 5720 2678 5788 Qua
2706 5722 2769 5777 de
2802 5737 2860 5775 re
2889 5721 3067 5793 cogito
3104 5720 3232 5787 auia
3274 5717 3361 5771 ma
3382 5706 3713 5793 ιιιπθεθδδετψῗ¹⁸

2234 5810 2287 5863 in
2314 5810 2398 5864 his
2424 5811 2703 5866 duodecim
2735 5791 2993 5867 lectiones
3022 5815 3269 5867 statutas
3289 5820 3399 5862 esse
3418 5843 3432 5870 ν
3456 5811 3501 5856 ει
3526 5810 3611 5852 “0"
3631 5791 3723 5859 ΜΨ
