3938 6178
224 357 247 414 Ι
259 357 364 414 077

977 353 1066 409 DE
1105 350 1665 410 ECCLESIASTlClS
1702 350 1989 407 OFFICIIS
2027 351 2215 408 LlBRl‘
2244 352 2334 408 [Υ.
2370 384 2438 393 -
2480 353 2608 408 LIB.
2649 354 2711 410 ll.

3336 357 3357 410 1
3367 355 3470 409 078

143 471 161 489 ⁸
216 476 378 531 nium
401 478 625 543 ιιι-ομιτ
657 471 822 542 ipsas,
850 470 944 525 sed
970 471 1115 541 ipsas
1138 480 1358 541 propter
1374 467 1637 539 jejunium
1665 482 1800 537 pra:-
1825 470 1875 526 Α
1904 472 2024 518 tura
2047 481 2177 521 vero
2200 467 2395 536 partim
2418 476 2501 522 est
2531 467 2814 524 invisibilis
2842 468 2980 525 sicut
3004 472 3248 539 animus;
3275 475 3474 540 partim

215 565 446 622 cedens.
477 562 654 633 Atque
696 561 810 632 ipsa
841 568 1075 631 quatuor
1102 558 1303 631 jejunis
1354 560 1642 629 opinamur
1679 571 1801 612 esse

212 656 445 713 initium
475 651 957 724 quadragesimalis
994 652 1267 722 temporis.
1316 650 1580 706 Denarius
1607 663 1799 705 nume-

216 763 323 802 rus
345 755 515 801 totam
541 744 882 814 disciplinam
911 751 1153 798 nostram
1194 743 1451 798 continet.
1485 740 1677 797 Nostra
1725 739 1804 795 di-

212 839 454 911 sciplina
502 836 629 899 talis
678 844 798 900 est,
853 842 915 898 ut
971 844 1219 889 creatura
1274 833 1477 889 serviat
1532 830 1799 888 Creatori.

214 930 458 986 Creator
482 928 627 985 Deus
672 928 729 982 in
769 926 946 982 tribus
971 926 1220 996 personis
1243 922 1458 983 colitur.
1488 924 1695 980 Colitur
1735 922 1803 979 ab

220 1023 432 1087 animo,
463 1022 555 1092 qui
582 1037 709 1077 eum
737 1020 912 1092 diligit
933 1035 1000 1075 ex
1027 1028 1140 1075 toto
1165 1019 1439 1083 corde,‘ex
1471 1025 1580 1073 tota
1602 1018 1801 1081 anima,

219 1132 297 1172 ex
339 1124 450 1171 tota
486 1116 689 1170 virtute
722 1130 737 1168 :
765 1115 850 1169 cui
882 1112 1165 1181 subiicitur
1198 1126 1394 1182 corpus
1415 1111 1481 1166 ad
1511 1110 1802 1182 regendum

218 1222 294 1263 ex
325 1215 563 1277 quatuor.
581 1206 885 1272 elementis,
916 1205 970 1259 id
991 1213 1092 1270 est,
1125 1203 1319 1272 calido,
1369 1203 1534 1269 sicco,
1586 1202 1803 1273 frigido,

222 1298 472 1353 humido.
509 1296 661 1364 Quod
707 1297 753 1353 si
777 1297 916 1353 bene
963 1296 1167 1351 rexerit
1187 1336 1202 1361 ,
1235 1294 1291 1350 id
1335 1305 1438 1360 est,
1468 1295 1570 1349 tria
1598 1302 1657 1349 et‘
1677 1308 1806 1364 qua-

224 1397 375 1456 tuor,
403 1402 525 1460 quae
552 1390 689 1444 fiunt
741 1399 969 1460 septem,
994 1390 1342 1446 devotis-sime
1367 1390 1618 1450 subditur
1645 1390 1808 1445 homo

228 1479 500 1545 Creatori,
529 1488 589 1536 et
615 1488 743 1535 sunt
769 1480 975 1535 decem.
1005 1479 1248 1547 Quatuor
1276 1480 1610 1551 temporibus
1632 1493 1811 1534 anuus

227 1567 468 1625 volvitur
495 1586 508 1622 :
537 1582 684 1633 vere,
724 1576 937 1634 aestate,
955 1576 1237 1633 autumno,
1266 1564 1464 1623 hieme.
1504 1566 1629 1622 Huic
1675 1581 1809 1637 qua-

230 1670 357 1717 tuor
381 1667 623 1731 tempora
650 1658 831 1715 solent
851 1675 957 1719 nos
987 1674 1086 1730 per
1111 1657 1507 1720 delectamenta
1534 1673 1631 1715 sua
1660 1673 1812 1713 γενος

228 1768 359 1809 care
387 1753 458 1809 ab
487 1767 674 1808 amore
697 1750 992 1817 Creatoris,
1019 1765 1126 1820 qua
1159 1749 1226 1805 de
1261 1766 1323 1805 re
1343 1748 1700 1818 jejunandum
1725 1758 1810 1805 est

1900 554 2149 624 visibilis,
2169 558 2309 614 sicut
2335 574 2549 629 corpus.
2567 560 2911 618 invisibiliter
2928 572 3076 619 terna
3086 566 3195 620 rius
3220 582 3477 625 numerus

1900 646 2174 715 tribuitur,
2188 663 2292 719 qua
2321 648 2390 705 de
2415 664 2475 705 re
2488 650 2709 721 diligere
2726 652 2890 708 Deum
2903 652 3189 724 tripliciter
3202 655 3475 725 iubemur,

1902 754 1967 795 ex
1996 747 2108 796 toto
2122 742 2307 807 corde,
2323 752 2378 797 et
2404 757 2471 796 ex
2488 750 2599 798 tota
2612 744 2811 807 anima,
2828 752 2885 799 et
2907 760 2971 800 ex
2997 753 3104 802 tota
3129 756 3341 802 mente:
3361 764 3479 803 cor-

1901 832 2020 902 peri
2045 834 2447 902 quaternarius,
2485 841 2707 904 propter
2735 836 3197 892 evidentissimam
3227 847 3478 894 naturam

1902 926 2040 995 ejus,
2064 926 2117 980 id
2138 934 2243 991 est,
2266 927 2496 981 calidam
2517 936 2571 982 et
2594 926 2863 1000 frigidam,
2883 930 3158 986 humidam
3178 940 3233 986 et
3251 931 3475 990 siccam.

1908 1014 2186 1071 Universae
2210 1030 2342 1087 ergo
2382 1026 2648 1073 creatura:
2679 1026 2763 1073 est
2811 1020 3150 1089 septenarius
3196 1027 3477 1076 numerus.

1904 1103 2244 1175 Quapropter
2276 1107 2453 1161 omnis
2491 1108 2774 1180 disciplina
2821 1111 3142 1182 dignoscens
3184 1119 3239 1168 et
3275 1113 3482 1169 discer—

1905 1210 2049 1250 nens.
2075 1194 2390 1252 Creatorem
2436 1205 2597 1267 atque
2648 1208 2953 1256 creaturam
2984 1202 3208 1258 denario
3252 1219 3481 1261 numero

1907 1285 2227 1343 insinuatur.
2256 1288 2323 1342 Et
2344 1289 2536 1343 iterum
2561 1290 2614 1344 in
2645 1290 2783 1345 libro
2805 1291 2872 1347 de
2894 1291 3150 1347 Doctrina
3172 1292 3480 1350 Christiana

1908 1379 2143 1433 secundo
2174 1398 2186 1431 :
2221 1379 2581 1447 Quaternario
2603 1396 2838 1453 namque
2866 1397 3091 1440 numero
3119 1392 3174 1439 et
3207 1385 3398 1439 diurna
3428 1394 3485 1440 ει

1906 1487 2081 1526 annua
2131 1472 2398 1527 curricula
2429 1483 2763 1545 peraguntur
2798 1493 2812 1528 :
2854 1475 3068 1540 diurna,
3101 1476 3383 1531 matutinis
3426 1487 3483 1533 et

1907 1560 2242 1627 meridianis,
2278 1564 2601 1631 vespertinis
2645 1565 3030 1634 nocturnisque
3065 1566 3322 1620 horarum
3357 1580 3481 1636 spa-

1908 1651 2031 1718 tiis;
2079 1668 2259 1707 annua
2289 1654 2494 1719 vernis,
2526 1654 2749 1720 mstivis,
2792 1656 3198 1734 autumnalibus
3238 1656 3486 1714 hiemali-

1907 1744 2118 1815 busque
2166 1744 2463 1800 mensibus.
2518 1743 2560 1799 Α
2596 1753 2898 1816 temporum
2944 1756 3124 1803 autem
3172 1748 3482 1818 dilectione,

229 1848 287 1902 in
312 1860 636 1916 unoquoque
658 1852 916 1914 tempore,
960 1818 1397 1913 ut—castigentur
1442 1851 1627 1898 nostra
1674 1857 1809 1913 qua-
1837 1818 1885 1878 Β
1913 1838 2039 1894 dum
2086 1838 2141 1891 in
2169 1837 2500 1908 temporibus
2529 1837 2782 1904 vivimus,
2827 1849 3047 1910 propter
3081 1842 3438 1897 :eternitatem
3464 1884 3479 1906 ,

228 1944 360 1992 tuor
377 1935 669 1999 elementa,
706 1949 772 1989 ne
795 1934 1165 2004 subripiantur
1186 1948 1216 1987 a
1240 1931 1688 1988 delectationibus
1714 1931 1813 2004 [di-

228 2025 487 2098 lectione]
512 2025 848 2096 mundi.lpsa
870 2026 1014 2080 enim
1042 2033 1275 2094 quatuor
1295 2023 1562 2079 elementa
1590 2023 1812 2093 conjun-

230 2119 558 2175 ctasuntin
605 2134 701 2175 sua
736 2126 929 2173 natura
975 2127 1207 2189 quatuor
1256 2117 1588 2188 temporibus
1642 2118 1808 2172 anni:

233 2223 333 2266 ver
358 2217 443 2266 est
465 2210 699 2266 calidum
747 2219 802 2265 et
828 2209 1128 2274 humidum,
1177 2209 1233 2264 in
1271 2222 1337 2264 eo
1371 2206 1600 2263 facimus
1645 2224 1811 2263 unum

227 2301 520 2373 jejunium,
561 2310 621 2357 ut
646 2304 976 2358 elementum
1024 2301 1269 2358 humoris
1319 2301 1372 2355 in
1401 2300 1558 2355 nobis
1587 2300 1813 2373 castige-

230 2404 368 2459 tur,
419 2408 489 2447 ne
537 2393 841 2447 consentiat
892 2390 1042 2446 falsae
1085 2389 1472 2460 pulchritudini
1522 2389 1684 2444 veris.
1734 2388 1813 2447 Ex

235 2486 468 2541 humore
489 2494 547 2540 et
572 2484 753 2539 calore
781 2485 1021 2539 nascitur
1056 2481 1402 2553 pulchritudo
1426 2490 1607 2537 terrae.
1656 2481 1829 2557 IEtas

237 2575 389 2629 sicca
413 2583 496 2629 est
521 2584 579 2628 et
618 2574 814 2640 calida,
849 2574 904 2629 in
947 2589 1053 2643 qua
1100 2573 1326 2628 alterum
1368 2571 1635 2642 jejunium
1684 2571 1816 2627 faci-

240 2682 386 2733 mus,
423 2676 482 2720 ut
528 2666 826 2737 castigetur
856 2666 1183 2722 elementum
1216 2665 1425 2720 caloris
1439 2665 1492 2719 in
1526 2664 1684 2720 nobis
1706 2704 1721 2729 ,
1748 2679 1815 2718 ne

236 2761 550 2815 consentiat
571 2761 820 2814 incendio
842 2759 1069 2815 carnali.
1104 2754 1344 2814 Tertium
1363 2757 1625 2829 jejunium
1676 2755 1816 2811 litin

240 2859 520 2912 autumno,
547 2850 638 2920 qui
660 2860 742 2905 est.
769 2849 1021 2903 humidus
1036 2857 1092 2903 et
1124 2848 1326 2915 siccus,
1372 2862 1440 2902 ne
1486 2848 1666 2918 aliquo
1704 2847 1819 2901 lan-

238 2954 412 3009 guore
432 2940 593 2993 animi
623 2952 936 2994 arcscamus
955 2954 1019 2993 ae
1047 2937 1362 3002 densamus,
1389 2947 1447 2993 et
1478 2938 1818 2993 inveniamur

240 3029 365 3084 sine
384 3028 708 3100 pinguedine
743 3028 874 3083 ole:e
896 3029 948 3083 in
975 3037 1181 3084 :cterno
1213 3028 1579 3087 tabernamlo.
1607 3024 1818 3084 Etenim

240 3120 338 3175 illo
366 3126 604 3189 tempore
649 3134 1040 3194 congregamus
1100 3134 1207 3190 quo
1242 3119 1486 3174 fruamur
1521 3120 1577 3175 in
1618 3119 1817 3179 futuro.

241 3211 505 3278 Quartum
521 3209 781 3280 jejuuituu
800 3211 933 3265 litin
964 3211 1163 3277 hieme,
1191 3224 1310 3281 qua:
1337 3219 1421 3265 est
1446 3208 1637 3282 frigida
1651 3218 1707 3266 et
1728 3209 1823 3265 hu-

245 3303 392 3357 mida
410 3317 426 3356 :
442 3317 511 3357 ne
524 3303 761 3358 membra
778 3312 959 3357 nostra
978 3302 1123 3357 lluxu
1136 3312 1297 3373 atque
1319 3303 1444 3357 luxu
1476 3303 1752 3358 solvantur
1767 3302 1821 3357 in

243 3395 727 3450 comessationibus
744 3403 798 3449 et
814 3383 1201 3465 potationibus,
1218 3411 1282 3451 ac
1298 3410 1393 3467 per
1410 3397 1511 3451 hoc
1527 3395 1824 3467 negligatur

244 3502 402 3542 amor
430 3486 543 3541 Dei.
567 3486 636 3541 At
657 3487 781 3558 quia
808 3496 1042 3556 quatuor
1069 3494 1309 3558 tempora
1323 3502 1586 3542 annorum
1610 3503 1709 3542 nos
1729 3487 1825 3544 im-

243 3575 474 3646 pediunt
497 3576 566 3631 ab
597 3589 781 3631 amore
810 3576 927 3642 Dei,
958 3583 1189 3646 quatuor
1216 3574 1413 3645 iejunia
1452 3576 1700 3643 facimus,
1726 3592 1825 3649 per

242 3662 459 3734 singula
487 3680 699 3734 quoquc
725 3673 963 3735 tempora
993 3679 1149 3720 suum
1172 3662 1460 3736 jejunium,
1486 3662 1825 3735 unumquod-

241 3769 358 3825 que
371 3753 633 3824 jejunium
661 3770 761 3827 pro
783 3770 881 3810 suo
913 3763 1173 3825 tempore.
1208 3754 1382 3810 Simili
1419 3755 1579 3811 modo
1627 3756 1823 3810 diurna

242 3848 516 3904 curricula
531 3844 765 3921 quatuor
779 3866 879 3907 nos
903 3850 1201 3922 impediunt
1218 3851 1285 3908 ab
1305 3866 1487 3906 amore
1500 3852 1823 3918 caelestium,

243 3940 479 4007 scilicet,
511 3943 853 4010 matutinum,
882 3943 1267 4007 meridianum,
1292 3944 1683 4013 vespertinum,
1728 3959 1827 3999 no—

245 4041 535 4097 cturnum;
564 4048 662 4104 per
687 4035 802 4089 haec
824 4035 991 4090 etiam
1020 4036 1258 4106 quotidie
1287 4036 1355 4091 ab
1390 4051 1583 4091 amore
1599 4045 1828 4094 aeterno-

251 4138 374 4177 rum
422 4125 769 4179 retrahimur.
822 4125 877 4180 In
931 4140 1256 4198 unoquoque
1308 4126 1514 4198 jejunio
1548 4137 1662 4184 tres
1711 4129 1829 4184 dies

250 4221 401 4279 sunt,
442 4215 570 4285 quia
611 4216 1030 4286 unumquodque
1072 4226 1284 4286 tempus
1326 4226 1436 4272 tres
1481 4220 1695 4273 menses
1732 4218 1830 4273 ha-

252 4307 372 4369 bet,
399 4322 499 4377 pro
520 4321 842 4379 unoquoque
874 4318 1059 4363 mense
1095 4308 1289 4379 singuli
1332 4309 1447 4364 dies
1469 4307 1677 4380 jejunio
1701 4314 1830 4364 con-

251 4407 558 4454 secrantur.
599 4399 697 4453 Ast
725 4416 854 4455 vero
881 4401 1007 4472 quia
1038 4401 1351 4470 quotidiana
1384 4409 1609 4471 peccata
1635 4414 1829 4471 aggra-

1913 1929 1970 1984 in
1996 1943 2103 1999 qua
2137 1928 2319 1982 vivere
2344 1927 2612 1993 volumus,
2648 1929 3027 1985 abstinendum
3051 1936 3108 1985 et
3130 1929 3485 2001 jejunandum

1911 2026 2016 2085 est,
2047 2018 2296 2088 quamvis
2317 2025 2618 2089 temporum
2644 2019 2894 2075 cursibus
2930 2020 3045 2092 ipsa
3075 2021 3233 2078 nobis
3252 2023 3489 2080 insinue-

1914 2119 2004 2166 tur
2047 2112 2293 2170 doctrina
2323 2113 2840 2168 contemnendorum
2882 2119 3207 2185 temporum,
3243 2122 3299 2171 et
3325 2131 3488 2187 appe-

1913 2204 2196 2262 tendon
2226 2210 2574 2260 aeternorum.
2601 2204 2772 2260 Porro
2795 2213 2979 2261 autem
3010 2207 3267 2263 denarius
3296 2222 3487 2265 nume-

1915 2310 2019 2350 rus
2047 2294 2329 2351 Creatoris.
2363 2302 2527 2367 atque
2576 2292 2843 2352 creatum
2869 2297 3138 2369 signiﬁcat
3181 2299 3485 2355 scientiam.

1913 2385 2050 2441 Nam
2095 2386 2313 2444 trinitas
2337 2386 2619 2442 Creatoris
2646 2394 2752 2449 est,
2782 2389 3120 2457 septenarius
3170 2400 3351 2446 autem
3381 2406 3481 2446 nn-

1912 2490 2096 2532 merus
2122 2486 2431 2532 creaturam
2474 2477 2676 2533 indicat
2715 2487 2938 2549 propter
2977 2480 3141 2535 vitam
3173 2489 3228 2537 et
3257 2496 3486 2552 corpus;

1914 2575 2040 2624 nam
2055 2569 2146 2624 illa
2178 2569 2279 2624 tria
2309 2578 2435 2624 sunt
2461 2586 2474 2623 :
2504 2570 2648 2626 unde
2676 2571 2840 2625 etiam
2870 2578 2985 2626 toto
3012 2572 3194 2634 corde,
3225 2580 3338 2627 tota
3369 2574 3489 2627 aui-

1916 2677 2029 2729 ma,
2059 2670 2173 2717 tota
2202 2671 2387 2717 mente
2415 2660 2717 2733 diligendus
2742 2671 2827 2720 est
2855 2665 2995 2719 Deus
3022 2682 3035 2715 τ
3068 2664 3121 2720 in
3149 2679 3377 2736 corpore
3402 2681 3494 2720 au-

1917 2761 2026 2808 tem
2056 2753 2498 2809 manifestissima
2527 2760 2762 2825 quatuor
2792 2763 3076 2827 apparent,
3129 2756 3326 2827 quibus
3361 2770 3493 2813 cou-

1916 2852 2047 2911 stat,
2087 2845 2375 2901 elementa.
2407 2846 2465 2900 ln
2494 2846 2600 2902 hoc
2626 2862 2758 2919 ergo
2784 2849 3008 2905 denario
3042 2850 3169 2905 dum
3194 2848 3496 2922 temporali—

1919 2943 2002 2991 ter
2022 2936 2181 2992 nobis
2209 2937 2531 3004 insinuatur,
2566 2938 2618 2994 id
2647 2946 2752 3004 est,
2780 2946 2976 3009 quater
3002 2940 3237 3004 ducitur,
3267 2947 3416 2996 caste
3437 2947 3495 2996 et

1918 3026 2262 3082 continenter
2287 3042 2316 3081 a
2347 3035 2648 3099 temporum
2694 3029 2980 3086 dilectione
3016 3030 3220 3096 vivere,
3267 3030 3383 3088 hoc
3412 3040 3496 3087 est

1885 3180 1892 3203 Ξ
1924 3117 2285 3189 quadraginta
2329 3119 2519 3175 diebus
2540 3118 2809 3189 jejunare.
2857 3120 3063 3188 Quibus
3092 3120 3281 3177 diebus
3305 3122 3491 3177 eadem

1918 3208 2124 3282 jejunia
2146 3210 2488 3266 celebrentur
2507 3222 2719 3283 oportet
2741 3214 3054 3277 memorari,
3079 3213 3283 3268 scilicet
3303 3222 3495 3285 quarta

1922 3301 2058 3357 l‘eria
2090 3312 2243 3357 sexta
2271 3311 2329 3358 et
2368 3306 2619 3373 septima.
2655 3298 2880 3372 Quarta,
2925 3306 3052 3375 quia
3083 3306 3134 3360 in
3162 3320 3225 3361 ea
3252 3305 3495 3362 fecerunt

1921 3392 2091 3451 1υάιεὶ
2119 3395 2402 3451 consilium
2431 3404 2491 3449 ut
2517 3397 2828 3451 occiderent
2856 3396 3131 3452 Christum
3149 3438 3164 3461 ,
3197 3394 3351 3452 Sexta
3371 3412 3495 3453 eum

1924 3488 2267 3553 occiderunt;
2319 3487 2584 3557 septima,
2641 3487 3011 3544 Romanorum
3065 3500 3246 3552 more,
3286 3484 3496 3557 jejunio

1924 3578 2265 3635 concluditur
2292 3587 2511 3649 propter
2538 3579 2815 3634 tristitiam
2841 3578 3207 3648 apostolorum
3234 3579 3300 3635 de
3321 3589 3496 3634 morte

1926 3668 2158 3734 Demini,
2186 3676 2248 3724 ut
2271 3668 2621 3725 innocentius
2643 3676 2833 3723 narrat
2862 3669 2913 3722 in
2948 3667 3337 3724 Decretalibus.
3357 3667 3496 3723 Sab-

1925 3758 2071 3830 batn,
2122 3761 2315 3831 inquit,
2357 3758 2709 3829 jejunandum
2751 3774 2872 3815 esse
2912 3759 3050 3814 ratio
3093 3758 3498 3815 evidentissima

1928 3857 2284 3912 demonstrat.
2319 3853 2454 3908 Nam
2481 3854 2527 3909 si
2578 3853 2721 3907 diem
2749 3851 3088 3907 Dominicum
3135 3859 3191 3906 et
3219 3850 3501 3907 venerabi‘

1926 3948 2033 4004 lem
2064 3947 2517 4004 resurrectionem
2552 3946 2763 4002 Domini
2792 3947 2970 4002 nostri
2988 3944 3116 4001 Jesu
3144 3945 3365 4013 Christi,
3388 3961 3495 4000 non

1928 4037 2100 4093 solum
2135 4037 2190 4090 in
2230 4037 2439 4091 Pascha
2469 4036 2826 4100 celebramus,
2854 4048 3047 4090 verum
3065 4028 3231 4089 etiam
3258 4047 3358 4103 per
3385 4033 3500 4088 sin-

1928 4129 2084 4201 gulos
2104 4128 2339 4184 circulos
2364 4126 2829 4182 hebdomadarum
2854 4126 3025 4194 ipsibs
3068 4124 3173 4178 dici
3211 4122 3501 4193 imaginem

1930 4220 2357 4292 frequentamus,
2389 4233 2454 4274 ac
2481 4218 2527 4273 si
2577 4224 2730 4272 sexta
2772 4214 2907 4270 feria
2948 4216 3169 4285 propter
3195 4212 3503 4283 passionem

1930 4313 2142 4370 Domini
2160 4310 2487 4381 jejunamus,
2518 4307 2800 4363 sabbatum
2828 4302 3245 4376 prmtcrmittere
3271 4316 3379 4359 non
3409 4301 3503 4357 de-

1931 4404 2142 4468 bemus,
2172 4403 2265 4472 qui
2291 4403 2436 4456 iuter
2461 4398 2740 4455 tristitiam
2770 4405 2933 4469 atque
2958 4396 3198 4453 laetitiam
3241 4396 3505 4467 temporis

252 4497 406 4553 vant‘,
437 4504 542 4544 non
585 4487 781 4546 sullicit
806 4507 972 4546 unum
995 4490 1269 4562 jejunium
1292 4506 1391 4562 per
1409 4496 1831 4565 unumquodque
1860 4526 1912 4586 ι)
1936 4495 2080 4550 illius
2108 4493 2322 4547 videtur
2354 4490 2616 4546 inclusus.
2657 4489 2698 4561 -ι-
2726 4489 2838 4545 Cur
2880 4489 2936 4543 in
2963 4503 3028 4544 ea
3054 4486 3395 4559 potissimum
3418 4485 3506 4542 die

253 4593 473 4654 tempus
491 4624 505 4648 ,
533 4597 596 4639 ac
625 4598 723 4654 per
754 4585 855 4640 hoc
894 4585 1361 4655 quadragesimale
1400 4594 1634 4655 tempus,
1677 4588 1835 4642 indu-
1864 4574 1904 4586 ”
1937 4583 2277 4642 consecratio
2300 4581 2622 4647 celebretur,
2645 4580 2979 4652 Augustinus
2999 4576 3193 4635 scribit
3218 4577 3285 4633 ad
3308 4574 3508 4632 Janua-

254 4673 468 4740 cimus,
500 4690 607 4744 quo
652 4674 963 4744 quotidiana
1018 4686 1241 4745 peccata
1282 4674 1611 4745 aliiiguntur.
1660 4679 1837 4732 Dena-

256 4763 400 4827 rius,
446 4764 537 4833 qui
564 4765 799 4834 pertinet
832 4765 900 4820 ad
929 4765 1285 4835 -disciplinam
1329 4762 1590 4831 nostram,
1646 4777 1838 4837 quater

256 4853 480 4919 ductim,
515 4854 872 4926 quadraginta
903 4855 1051 4910 facit.
1080 4855 1136 4910 lu
1181 4857 1300 4927 ipso
1321 4857 1545 4913 denario
1585 4859 1841 4928 praesidet

255 4953 452 5001 sancta
504 4947 598 5001 Dei
627 4946 884 5012 Trinitas,
911 4955 966 5002 et
1018 4949 1155 5018 regit
1194 4958 1501 5004 creaturam
1547 4964 1730 5015 suam,
1775 4959 1836 5005 ut

255 5035 437 5091 aliena
464 5035 543 5091 sit
588 5051 620 5091 a
667 5036 982 5107 deceptione
1034 5036 1194 5108 primi
1240 5040 1513 5107 parentis;
1553 5041 1695 5109 quod
1735 5056 1834 5097 nos

258 5126 391 5183 boni
437 5125 684 5193 facimus,
731 5128 845 5199 ipse
888 5127 1018 5183 facit
1064 5128 1117 5182 in
1168 5130 1343 5184 nobis.
1391 5130 1547 5185 Modo
1570 5147 1834 5200 ponamus

258 5216 427 5272 verba
454 5218 624 5272 sancti
661 5218 969 5288 Augustini.
1016 5219 1156 5275 Dicit
1182 5219 1235 5274 in
1267 5220 1405 5276 libro
1430 5220 1830 5288 Quaestionum,

260 5321 386 5378 cap.
428 5306 498 5363 85
525 5326 538 5361 :
578 5306 767 5364 Omnis
794 5309 1062 5379 sapientia
1088 5318 1144 5364 et
1166 5309 1448 5382 disciplina
1476 5321 1580 5378 est,
1608 5326 1727 5383 quat
1765 5317 1846 5370 ad

261 5397 518 5459 Immines
540 5398 866 5457 erudiendos
888 5402 1142 5471 pertinet,
1159 5400 1477 5456 Creatorem
1506 5411 1837 5467 creaturam;

260 5507 373 5562 que
416 5491 755 5564 dignoscere,
787 5503 844 5548 et
865 5493 1022 5548 illum
1045 5492 1223 5549 colere
1254 5494 1648 5557 dominantem,
1676 5496 1847 5551 istam.

262 5581 565 5652 subiectam
599 5582 776 5640 fateri.
823 5584 919 5640 Est
959 5593 1139 5639 autem
1169 5592 1386 5639 creator
1432 5583 1596 5650 Deus,
1627 5599 1695 5639 ex
1730 5598 1838 5654 quo

264 5672 450 5728 omnia
485 5681 541 5728 et
578 5689 677 5743 per
718 5689 879 5744 quem
913 5673 1116 5735 omnia,
1149 5672 1203 5727 in
1246 5687 1355 5743 quo
1384 5672 1561 5726 omnia
1590 5691 1602 5725 :
1631 5680 1683 5727 et
1719 5672 1838 5726 ideo

270 5760 531 5829 'ljrrinitas,
555 5763 735 5832 Pater,
759 5774 812 5820 et
833 5763 1015 5829 Filius,
1044 5772 1099 5819 et
1134 5764 1368 5834 Spiritus
1409 5775 1646 5821 sanctus.
1677 5761 1837 5819 Crea-

1937 4679 2079 4733 rium
2108 4695 2120 4731 :
2153 4674 2451 4731 Sabbatum
2473 4673 2908 4729 commendatum
2930 4678 3015 4727 est
3041 4670 3211 4743 priori
3235 4669 3431 4743 populo
3454 4670 3508 4725 in

1938 4771 2053 4827 otio
2083 4769 2436 4839 corporaliter
2461 4766 2803 4830 celebrando,
2833 4770 2894 4819 ut
2924 4764 3092 4835 ﬁgura
3121 4771 3267 4820 esset
3299 4763 3511 4820 sancti-—

1944 4860 2214 4917 iicationis
2240 4860 2303 4914 in-
2327 4857 2515 4928 requie
2565 4855 2801 4927 Spiritus
2831 4853 3022 4911 sancti.
3057 4853 3342 4924 Nunquam
3366 4854 3511 4909 enim

1942 4953 2170 5023 legimus
2195 4951 2249 5004 in
2283 4948 2479 5005 Genesi
2510 4947 2991 5004 sanctificationem
3016 4961 3117 5018 per
3141 4958 3330 5002 omnes
3368 4947 3513 5017 prin-

1943 5060 2031 5100 res
2062 5042 2201 5107 dies,
2244 5044 2336 5097 sed
2364 5041 2431 5096 de
2458 5041 2574 5096 solo
2615 5041 2843 5096 sabbato
2884 5038 3088 5095 dictum
3115 5046 3239 5095 est:
3265 5037 3514 5107 Βαιιςιῖνῑτ

1941 5134 2073 5189 cauit
2106 5132 2247 5186 Deus
2290 5132 2427 5185 diem
2471 5132 2762 5202 septimum.
2800 5129 2938 5196 Quia
2975 5144 3106 5202 ergo
3146 5131 3377 5184 Charitas
3417 5129 3514 5183 Dei

1942 5224 2137 5293 diffusa
2163 5231 2237 5276 est
2265 5223 2320 5275 in
2347 5222 2589 5276 cordibus
2623 5222 2817 5275 nostris
2843 5237 2935 5291 per
2963 5220 3214 5293 Spiritum
3237 5229 3473 5280 sanctum
3496 5260 3512 5284 ,

1940 5315 2031 5384 qui
2056 5313 2212 5366 datus
2237 5320 2314 5366 est
2341 5311 2507 5378 nobis,
2548 5313 2669 5367 ideo
2712 5311 3066 5367 sanctiﬁcatio
3090 5313 3146 5366 in
3175 5310 3404 5379 septimo
3424 5309 3511 5364 die

1937 5411 2358 5460 commemorata
2386 5411 2487 5469 est,
2514 5403 2606 5458 ubi
2631 5402 2844 5473 requies
2868 5401 3295 5457 commendatur.
3324 5400 3364 5471 ἦ·
3383 5399 3511 5471 Epi-

1938 5493 2089 5564 scopi
2115 5493 2457 5549 consccratio
2496 5493 2690 5548 transit
2733 5492 2801 5547 ad
2831 5490 3168 5547 Dominicum
3197 5488 3357 5544 diem.
3390 5490 3509 5562 Ipse

1939 5594 2025 5640 est
2052 5585 2292 5641 vicarius
2316 5585 2705 5656 apostolorum,
2735 5585 2845 5639 imo
2876 5584 3048 5638 etiam
3068 5581 3292 5637 Christi.
3319 5583 3396 5638 Eo
3428 5582 3517 5640 die

1942 5676 2137 5745 accipit
2165 5676 2363 5729 donum
2394 5676 2629 5745 Spiritus
2668 5675 2864 5738 sancti,
2905 5690 3008 5743 qua
3040 5673 3127 5727 die
3155 5673 3407 5732 distamus
3438 5683 3519 5732 est

1946 5766 2214 5820 illustrare
2242 5766 2401 5821 corda
2434 5763 2816 5834 apostolorum.
