3938 6178
600 403 735 457 ίοῖυ

1209 508 1430 564 CAPUT
1471 509 1552 562 Ill.

693 602 765 656 De
796 616 1008 654 numero
1039 598 1317 652 lectionum
1344 615 1436 668 per
1461 607 1562 652 tres
1589 607 1901 679 memoratos
1933 596 2062 649 dies.

668 695 870 760 Quarta
928 690 1063 746 feria
1107 690 1361 759 leguntur
1409 689 1528 744 duas
1578 688 1855 750 lectiones,
1905 686 2160 756 quoniam

596 784 793 837 debent
823 781 875 836 hi
905 779 996 849 qui
1027 780 1094 834 ad
1124 794 1339 834 sacrum
1368 778 1612 834 ordinem
1643 785 1950 836 transerunt,
1978 779 2160 830 admo-

596 872 734 934 ueri,
784 881 844 925 ut
892 869 1125 924 habeant
1172 869 1419 923 notitiam
1469 868 1602 940 legis
1653 876 1708 923 et
1750 869 2155 937 prophetarum.

593 965 794 1029 Quarta
843 969 1003 1015 aetate
1045 959 1250 1023 mundi,
1286 959 1377 1012 lex
1417 966 1473 1012 et
1523 959 1800 1028 propheta:
1847 958 2155 1027 viguerunt.

591 1051 876 1122 Apostolus
913 1053 1167 1105 admonet
1195 1051 1260 1104 de
1306 1050 1574 1114 doctrina,
1605 1049 1795 1103 dicens
1822 1049 1890 1102 ad
1927 1047 2106 1101 Titum
2142 1066 2154 1100 :

592 1143 990 1214 Amplectentem
1037 1159 1154 1197 eum
1182 1143 1270 1211 qui
1298 1141 1585 1195 secundum
1634 1140 1928 1194 doctrinam
1967 1150 2067 1204 est,
2094 1141 2160 1209 ﬁ-

590 1236 755 1290 delem
784 1251 1106 1298 sermonemr
1126 1244 1184 1286 ut
1211 1242 1395 1304 potens
1419 1234 1489 1286 sit
1518 1231 1788 1286 exhortari
1817 1232 1872 1286 in
1916 1232 2156 1286 doctrina

588 1347 745 1394 sana,
777 1338 825 1382 et
850 1346 935 1382 eos
959 1328 1048 1398 qui
1076 1327 1342 1388 resistunt,
1379 1325 1708 1396 redarguere.
1739 1323 1892 1391 Quod
1922 1324 1996 1378 ita
2035 1323 2157 1378 Hie-

591 1435 846 1490 ronymus
893 1419 944 1472 in
977 1417 1210 1488 Epistula
1239 1417 1307 1470 ad
1338 1416 1517 1469 Titum
1567 1433 1578 1468 :
1617 1415 1860 1469 Obtineat
1905 1431 2025 1468 eum
2067 1415 2161 1484 qui

588 1509 870 1562 secundum
901 1507 1194 1561 doctrinam
1223 1514 1320 1570 est,
1345 1503 1549 1574 ﬁdelem
1579 1521 1891 1566 sermonem,
1931 1513 1988 1557 ut
2015 1520 2151 1573 quo-

591 1601 749 1654 modo
771 1616 941 1653 sermo
969 1599 1065 1652 Dei
1092 1596 1269 1666 ﬁdelis
1284 1607 1332 1650 et
1359 1597 1498 1650 omni
1524 1595 1817 1666 acceptione
1843 1596 2056 1664 dignus,
2079 1595 2155 1650 sic

588 1701 642 1746 rt
674 1690 758 1744 ille
791 1691 948 1744 talem
978 1705 1037 1744 se
1065 1689 1316 1759 przebeat,
1347 1697 1406 1742 ut
1429 1703 1587 1742 omne
1613 1689 1757 1756 quod
1788 1688 2028 1757 loquitur
2051 1687 2154 1743 fide

589 1781 807 1850 dignum
834 1764 1196 1842 existimetur,
1228 1787 1283 1832 et
1304 1778 1466 1832 verba
1497 1778 1667 1848 ipsius
1701 1779 1814 1833 sint
1841 1779 2026 1849 regula
2063 1794 2153 1834 vc-

1620 395 1943 450 AllALARII
1983 391 2413 448 PRESBYTER]
2453 388 2796 447 METENSIS

2193 509 2236 566 Α
2264 519 2384 572 qua:
2411 503 2454 558 si
2484 504 2654 558 secuti
2681 503 2900 565 fuerint.
2935 507 3184 570 poterunt
3209 503 3392 557 habere
3418 512 3586 572 partem
3623 524 3712 566 cum

3614 398 3712 450 7080

2266 593 2348 648 eis
2379 589 2731 649 benedicendi
2763 593 3011 654 Domino,
3043 593 3152 648 sive
3191 594 3326 662 quod
3347 594 3601 652 benedictio
3633 601 3718 657 illo-

2266 699 2384 736 rum
2414 695 2578 752 super
2620 698 2715 738 eos
2747 684 2950 738 veniat.
2991 683 3068 737 Ex
3105 682 3405 739 lectionibus
3440 690 3711 754 prteseatibus

2256 769 2446 839 jejunii
2472 772 2632 841 primi
2663 781 2784 843 post
2805 772 3159 828 Pentecosten
3188 773 3453 834 discamus.
3480 778 3519 831 si
3547 790 3714 849 quatuor

2263 862 2486 918 ordines
2527 863 2811 917 memorati
2855 872 3092 931 quatuor
3139 863 3437 920 lectionibus
3459 871 3710 925 conveniant

2262 953 2444 1010 Prima
2481 955 2644 1011 lectio
2674 955 2804 1010 dicit
2833 973 2847 1009 ε
2881 953 3168 1025 Effundam
3205 957 3428 1026 spiritum
3454 976 3591 1013 meum
3609 979 3715 1032 super

2263 1063 2467 1101 omnem
2490 1064 2718 1112 carnem,
2747 1055 2804 1102 et
2824 1047 3049 1116 reliqua.
3073 1048 3129 1102 In
3157 1049 3240 1104 bis
3252 1050 3416 1104 verbis
3434 1059 3482 1105 et
3499 1051 3541 1104 in
3558 1067 3714 1122 sequen-

2261 1139 2406 1193 tibus
2450 1140 2848 1194 demonstratur
2897 1138 3219 1208 generaliter
3246 1140 3423 1195 domus
3462 1140 3610 1197 Israel.
3647 1143 3713 1198 Se-

2260 1245 2432 1299 quens
2457 1229 2616 1284 lectio
2647 1229 2777 1284 dicit
2802 1248 2814 1282 :
2856 1228 3102 1299 Olferetis
3128 1232 3432 1300 sacri/icium
3466 1250 3615 1286 norum
3646 1234 3715 1287 Do-

2259 1322 2399 1374 mino
2439 1339 2503 1376 ex
2528 1323 2762 1377 omnibus
2788 1323 3101 1378 habitaculis
3133 1326 3332 1390 vestris,
3377 1343 3514 1396 panes
3534 1329 3713 1397 primitiae

2261 1428 2376 1464 rum
2403 1412 2536 1467 duos
2560 1413 2624 1468 de
2645 1414 2851 1468 duabus
2893 1415 3131 1481 decimis,
3176 1434 3299 1488 quos
3335 1416 3522 1472 clarabit
3544 1421 3713 1473 sacerdos

2259 1519 2436 1558 coram
2484 1504 2725 1559 Domino.
2775 1505 3044 1562 Sacerdos
3094 1509 3403 1579 pra-positos
3436 1511 3715 1570 demonstrat.

2259 1595 2400 1662 quod
2429 1605 2513 1651 est
2537 1597 2729 1652 domus
2757 1597 2955 1654 Aaron.
2988 1600 3172 1654 Tertia
3200 1601 3351 1656 lectio
3373 1602 3492 1658 dicit
3512 1622 3523 1656 ε
3544 1603 3718 1657 Accedes

2257 1704 2356 1755 que
2379 1688 2448 1740 ad
2476 1688 2793 1743 sacerdotem
2826 1691 2915 1760 qui
2942 1691 3098 1760 fuerit
3123 1693 3181 1745 in
3215 1692 3385 1747 diebus
3420 1692 3530 1756 illis,
3554 1703 3591 1747 et
3623 1694 3714 1747 dices

2258 1776 2327 1830 ad
2354 1776 2504 1831 illum
2533 1797 2543 1831 :
2575 1776 2839 1848 Proﬁteor
2863 1779 3019 1834 hodie
3046 1799 3222 1836 coram
3251 1782 3456 1836 Domino
3476 1782 3565 1837 Deo
3584 1786 3717 1851 tuenti

591 1872 782 1926 ritatis.
816 1871 1016 1926 Potens
1040 1887 1253 1941 quoque
1292 1871 1362 1927 sit
1395 1887 1488 1926 eos
1515 1872 1607 1941 qui
1637 1872 1817 1926 saeculi
1846 1872 2005 1942 hujus
2041 1880 2156 1927 tur-
2182 1859 2230 1918 Β
2255 1870 2519 1925 exaudivit
2549 1888 2662 1926 nos.
2696 1872 2762 1926 Et
2787 1883 2908 1942 post
2931 1889 3101 1942 pauca
3127 1893 3138 1928 :
3174 1874 3240 1928 Et
3270 1875 3448 1929 idcirco
3474 1892 3586 1928 nunc
3605 1876 3709 1943 olim

587 1963 801 2018 hinibus
830 1964 1176 2034 exagitantur
1203 1964 1508 2029 consolari,
1545 1973 1600 2018 et
1627 1979 1724 2032 per
1751 1980 1909 2019 suam
1949 1966 2153 2021 doctri-

587 2072 710 2111 nam
753 2056 966 2111 inﬁrma
1014 2067 1279 2127 praecepta
1311 2058 1612 2112 destruere.
1671 2057 1812 2111 Sana
1843 2067 2023 2112 autem
2055 2059 2150 2113 do-

583 2152 756 2206 ctrina
799 2151 996 2206 dieitur
1039 2152 1105 2206 ad
1138 2153 1541 2207 distinctionem
1587 2152 1852 2221 languida:
1897 2153 2150 2208 inﬁrma:-

583 2258 687 2310 que
729 2241 1013 2297 doctrinae.
1057 2243 1200 2298 Talis
1230 2258 1444 2312 quoque
1486 2243 1576 2308 sit,
1607 2251 1667 2297 ut
1714 2243 2153 2299 contradicentes

584 2342 776 2403 arguat
809 2334 1116 2399 hazretieos,
1144 2335 1258 2390 sive
1304 2334 1540 2399 Judmos,
1582 2343 1637 2388 et
1669 2335 1848 2390 saeculi
1895 2335 2038 2390 illius
2066 2349 2152 2389 sa-

583 2427 806 2495 pientes.
835 2427 900 2480 Et
927 2428 1202 2496 superiora
1230 2428 1448 2497 quidem
1477 2443 1598 2497 quae
1625 2427 1679 2480 in
1706 2427 1946 2497 episcopi
1978 2427 2150 2482 virtu-

586 2517 726 2569 tibus
752 2517 953 2586 posuit,
979 2518 1046 2572 ad
1072 2517 1234 2572 vitam
1265 2518 1535 2587 pertinent
1565 2537 1577 2572 :
1606 2519 1708 2574 hoc
1736 2533 1866 2574 vero
1886 2520 2029 2588 quod
2052 2519 2149 2584 ait,

584 2617 635 2658 ut
663 2617 843 2674 potens
871 2609 939 2662 sit
969 2609 1236 2664 consolari
1267 2610 1590 2665 indoctrina
1617 2627 1771 2676 sana,
1805 2621 1859 2666 et
1881 2613 2153 2667 contradi-

579 2707 765 2753 centes
792 2713 1040 2768 arguere,
1070 2700 1414 2757 referendum
1443 2710 1527 2757 est
1556 2703 1626 2757 ad
1669 2703 1953 2758 scientiam
1979 2722 1991 2757 :
2023 2705 2148 2774 quia

581 2791 625 2843 si
673 2792 917 2862 episeOpi
970 2801 1176 2847 tantum
1227 2803 1414 2850 saneta
1459 2798 1529 2850 sit
1559 2796 1689 2859 vita,
1744 2797 1846 2852 sibi
1895 2796 2152 2867 prodesse

580 2891 757 2951 potest
786 2883 864 2938 sic
907 2883 1124 2947 vivens;
1159 2900 1320 2955 porro
1350 2887 1394 2940 si
1423 2895 1479 2941 et
1523 2887 1769 2942 doctrina
1817 2895 1874 2942 et
1901 2902 2151 2942 sermone

579 2973 742 3028 luerit
764 2975 1025 3040 eruditus,
1057 2983 1237 3044 potest
1273 2987 1496 3032 emteros
1526 2992 1740 3046 quoque
1772 2977 2062 3044 instruere,
2097 2986 2152 3032 et

579 3080 684 3117 non
718 3064 889 3120 solum
921 3065 1115 3120 docere
1147 3082 1291 3130 suos,
1323 3068 1416 3122 sed
1445 3077 1499 3124 et
1529 3069 1868 3123 adversarius
1900 3083 2152 3139 repercu-

581 3166 716 3221 tere,
757 3157 847 3226 qui
884 3157 987 3211 nisi
1032 3158 1294 3214 confutati
1344 3158 1546 3214 fuerint
1579 3168 1742 3230 atque
1770 3161 2026 3222 convicti,
2070 3161 2150 3215 ia-

578 3248 678 3303 cile
703 3258 906 3318 qucunt
935 3249 1260 3320 simplicium
1289 3251 1449 3305 corda
1491 3261 1820 3320 pervertere.
1854 3252 1949 3306 Hic
1995 3251 2143 3307 locus
2171 3249 2213 3310 C

581 3339 838 3395 adversus
865 3356 958 3396 eos
984 3339 1115 3396 facit
1141 3343 1230 3411 qui
1261 3342 1468 3398 inerti-.e
1498 3358 1556 3398 se
1583 3351 1640 3398 ct
1669 3344 1780 3399 otio
1806 3359 1996 3398 somno
2021 3344 2153 3398 dan-

583 3439 686 3494 tes,
715 3438 906 3500 putant
936 3437 1218 3501 peccatum
1248 3445 1370 3487 esse
1403 3433 1447 3487 si
1480 3432 1790 3502 Scripturas
1816 3432 2066 3504 legerint,
2097 3443 2152 3488 et

578 3536 671 3574 eos
695 3521 785 3590 qui
814 3522 867 3575 iu
890 3521 1006 3591 lege
1032 3521 1238 3576 Domini
1261 3524 1590 3578 meditantur
1612 3525 1699 3579 die
1726 3540 1790 3580 ac
1815 3533 1972 3580 nocte
1995 3524 2150 3594 quasi

577 3613 822 3682 garrulus
845 3613 1165 3684 inutilesque
1183 3622 1556 3678 contemnunt,
1579 3630 1684 3670 non
1707 3616 2150 3671 animadverten-

583 3715 661 3757 tes
689 3704 997 3773 Apostolum
1045 3715 1168 3774 post
1219 3705 1522 3776 catalogqu
1571 3709 1996 3763 conversationis
2035 3709 2149 3779 epi-

580 3795 749 3862 scopi,
779 3796 942 3850 etiam
994 3797 1294 3851 doctrinam
1336 3797 1585 3852 similiter
1617 3799 1962 3869 praecepisse.
2025 3798 2150 3854 Ilaec

579 3893 837 3950 praeterea
887 3887 1181 3955 interposui
1217 3898 1274 3942 ut
1323 3890 1590 3944 intentum
1636 3888 1869 3945 facerem
1895 3890 2150 3946 ordinan-

581 3978 705 4027 dum
740 3977 808 4029 ad
836 3977 1084 4032 notitiam
1115 3979 1271 4050 Legis
1295 3990 1351 4035 et
1380 3983 1782 4052 prophetarum.
1818 3980 1982 4036 Sexta
2016 3981 2149 4036 feria

581 4083 683 4120 una
715 4067 929 4136 legitur.
961 4069 1198 4138 Apparet
1241 4071 1365 4141 quia
1395 4072 1479 4126 lex
1523 4081 1576 4126 et
1615 4073 1893 4142 prephetia
1943 4074 1996 4127 in
2041 4089 2148 4128 uno

577 4159 869 4228 Evangelio
892 4160 1331 4230 recapitulantur.
1350 4163 1493 4232 quod
1517 4163 1712 4232 legitur
1738 4164 1792 4217 in
1816 4174 1966 4217 sexta
1990 4171 2150 4218 astate

579 4251 782 4306 mundi.
811 4249 887 4305 De
915 4253 1271 4322 responsoriis
1299 4269 1405 4309 non
1430 4263 1514 4310 est
1539 4270 1767 4310 necesse
1793 4255 1879 4309 hic
1905 4254 2048 4309 aliud
2070 4254 2148 4308 di-

577 4356 702 4396 cere
729 4357 888 4411 quam
909 4343 1061 4412 quod
1093 4343 1319 4414 singulis
1347 4346 1669 4402 lectionibus
1701 4345 1897 4417 singuli
1930 4361 2149 4416 respon-

576 4433 706 4486 snrii
738 4434 1114 4503 respondeant,
1161 4444 1220 4489 ut
1248 4453 1366 4492 mos
1395 4446 1499 4493 est.
1534 4438 1591 4492 In
1621 4437 1802 4493 futuro
1827 4453 1926 4494 eos
1972 4450 2150 4493 reser-

573 4537 782 4576 vamus.
809 4522 863 4576 lu
884 4521 1110 4578 sabbato
1137 4527 1352 4593 quando
1382 4527 1687 4582 benedictio
1709 4528 1890 4592 datur,
1915 4536 2149 4596 quatuor

578 4614 841 4684 leguntur.
873 4614 1116 4681 Quatuor
1143 4618 1363 4672 ordines
1390 4628 1516 4672 sunt
1556 4618 1992 4674 benedicentium
2037 4618 2145 4673 Do-
2172 4603 2224 4662 Ῑ)
2251 4617 2397 4672 mino
2427 4616 2566 4684 ignis
2611 4629 2714 4668 non
2745 4611 3013 4666 ﬂectimus
3047 4625 3248 4679 genua,
3300 4603 3498 4676 quando

579 4706 803 4770 minum,
837 4721 972 4775 quos
999 4707 1283 4763 Psalmista
1309 4718 1730 4774 commemorat,
1771 4707 1994 4763 dicens:
2040 4710 2148 4764 Do-

580 4813 694 4850 mus
723 4798 912 4863 Israel,
943 4801 1224 4855 benedicite
1253 4801 1508 4866 Domino;
1541 4801 1726 4856 domus
1766 4799 1966 4865 Aaron,
1995 4803 2146 4856 bene-

575 4889 733 4941 dicite
758 4889 983 4944 Domino
1007 4905 1025 4940 :
1054 4892 1239 4946 domus
1279 4893 1421 4955 Levi,
1452 4892 1736 4945 benedicite
1767 4891 1989 4947 Domino
2012 4907 2032 4946 :
2057 4894 2147 4963 qui

575 4979 768 5032 timetis
822 4978 1123 5046 Dominum,
1158 4984 1438 5037 benedicite
1479 4983 1723 5036 Domino.
1765 4982 1886 5036 Illas
1930 4985 2146 5040 benedi—

575 5070 782 5126 ctiones
805 5071 878 5124 ita
904 5072 1160 5142 explanat
1178 5075 1510 5146 Augustinus
1535 5073 1588 5127 in
1617 5073 1754 5128 libro
1770 5073 2105 5130 Psalmorum
2128 5096 2140 5130 :

579 5161 894 5224 Benedicite,
925 5163 1124 5232 populi,
1180 5163 1481 5228 Dominum,
1507 5164 1607 5218 hoc
1636 5172 1736 5228 est,
1763 5165 1957 5221 domus
1984 5167 2144 5221 Israel

577 5253 931 5324 generaliter;
967 5255 1266 5309 benedicite
1315 5256 1612 5324 pt'a‘positi,
1667 5257 1768 5312 hoc
1807 5266 1910 5320 est,
1953 5257 2144 5314 domus

574 5345 785 5406 Aaron;
839 5344 1162 5408 benedicite,
1220 5344 1449 5398 ministri
1501 5344 1620 5410 Dei,
1668 5347 1770 5400 hoc
1797 5357 1914 5411 cst,
1953 5349 2143 5403 domus

575 5437 740 5498 Levi;
775 5436 866 5506 qui
896 5437 961 5492 de
989 5438 1204 5492 cmteris
1230 5438 1539 5492 nationibus
1588 5439 1790 5493 timetis
1834 5439 2140 5502 Dominum,

577 5529 878 5584 benedicite
905 5529 1152 5584 Domino.
1184 5528 1384 5585 Omnes
1411 5544 1542 5597 ergo
1573 5545 1676 5584 una
1722 5544 1854 5583 voce
1884 5529 2146 5591 dicamus.

575 5621 714 5687 quod
727 5637 856 5690 sequ
866 5621 971 5675 itur
987 5639 999 5673 :
1015 5619 1326 5675 Benedictus
1337 5620 1594 5674 Dominus
1608 5638 1672 5676 ea:
1685 5620 1836 5682 Sion,
1851 5619 1939 5689 qui
1953 5618 2152 5672 habita-

575 5710 660 5761 bat
687 5712 741 5763 in
755 5710 1070 5767 Jerusalem.
1093 5712 1150 5766 In
1179 5713 1294 5766 istis
1324 5712 1642 5767 lectionibus
1670 5711 1980 5766 imbuuntur
2000 5710 2144 5764 ordi-

577 5802 736 5852 namli
751 5803 816 5855 ad
830 5805 1069 5874 exempla
1086 5815 1390 5861 sanctorum
1405 5803 1890 5874 quatuorordinum
1908 5802 2146 5870 Patrum,

2256 1962 2515 2030 primitias
2545 1962 2757 2034 frugum
2787 1975 2960 2032 terrm,
3007 1983 3168 2036 quam
3213 1966 3452 2021 Dominus
3477 1967 3593 2020 dedit
3619 1968 3709 2019 miti.

2257 2052 2324 2106 Et
2351 2054 2580 2108 dimittes
2608 2071 2697 2109 eas
2731 2056 2785 2109 in
2825 2066 3102 2126 conspectu
3130 2058 3337 2114 Domini
3363 2057 3451 2111 Dei
3474 2058 3556 2120 tui,
3594 2067 3630 2110 et
3658 2059 3714 2109 ad-

2253 2154 2402 2198 orato
2434 2144 2653 2200 Domino
2687 2145 2795 2201 Deo
2820 2157 2930 2210 tuo,
2959 2147 3252 2218 epulaberis
3285 2151 3337 2203 in
3376 2150 3579 2203 omnibus
3603 2150 3710 2202 loliis.

2255 2233 2355 2288 IIic
2387 2251 2494 2290 non
2543 2232 2778 2292 refertur
2817 2239 2884 2294 de
2935 2239 3210 2295 oblatione
3257 2241 3543 2305 sacerdotis,
3578 2242 3645 2295 sed
3675 2241 3715 2293 de

2254 2327 2504 2382 ministro
2552 2329 2644 2399 qui
2671 2345 2792 2384 eam
2839 2331 3112 2400 portavit,
3162 2347 3319 2402 quem
3353 2333 3560 2387 continet
3595 2331 3717 2384 tertius

2252 2423 2385 2476 ordo
2412 2421 2859 2476 benedicentium.
2897 2421 3104 2489 Quarta
3135 2423 3289 2480 lectio
3316 2424 3467 2478 dicit:
3496 2422 3546 2478 Si
3567 2423 3606 2475 in
3625 2437 3712 2490 prr-

2253 2515 2410 2583 ceptis
2441 2515 2568 2568 meis
2599 2514 3007 2581 ambulaveritis,
3053 2527 3104 2570 et
3138 2513 3381 2570 mandata
3420 2532 3516 2569 mea
3538 2512 3717 2567 custodir-

2253 2605 2388 2668 ritis,
2415 2612 2472 2658 et
2492 2605 2722 2679 reliqua,
2751 2605 2987 2676 nullique
3019 2606 3243 2662 dubium
3273 2607 3395 2676 quin
3424 2605 3568 2674 hirqui
3589 2604 3717 2656 timent

2254 2695 2556 2760 Dominum,
2589 2695 2842 2750 mandata
2869 2697 2984 2767 ejus
3013 2698 3341 2753 custodiant.
3383 2695 3593 2750 Proxima
3615 2691 3718 2747 lectio

2249 2784 2576 2839 ordinationi
2597 2785 2664 2838 de
2685 2786 2896 2840 camino
2919 2786 3063 2856 ignis
3085 2785 3302 2858 legitur.
3326 2785 3430 2840 Non
3453 2791 3594 2854 potest
3610 2781 3716 2834 homo

2251 2875 2354 2930 rite
2381 2876 2641 2931 accedere
2665 2878 2732 2930 ad
2756 2878 3253 2939 consecrationem,
3279 2877 3378 2932 nisi
3403 2876 3532 2947 prius
3557 2878 3719 2926 transeat

2249 2982 2345 3035 per
2371 2965 2648 3023 fornacem
2693 2968 2940 3038 atquein
2985 2966 3212 3024 fornace
3260 2967 3516 3022 benedicat
3547 2960 3718 3016 Domino.

2253 3059 2391 3114 Dicit
2417 3058 2690 3129 Sapientia
2723 3078 2735 3113 :
2778 3057 2916 3114 Vasa
2941 3059 3095 3130 ﬁguli
3127 3059 3309 3130 probat
3336 3059 3521 3128 fornar,
3548 3064 3584 3108 et
3604 3050 3718 3104 honi-

2252 3169 2338 3205 nes
2378 3151 2552 3221 justas
2593 3152 2810 3205 tentatio
2855 3149 3240 3215 tribulationis,
3265 3149 3529 3206 secundum
3561 3141 3718 3197 Paulum

2247 3242 2337 3311 qui
2369 3243 2539 3298 dicit:
2575 3241 2641 3295 Et
2669 3242 2723 3295 lii
2759 3241 3044 3313 probentur
3073 3243 3270 3312 primo,
3313 3250 3358 3294 et
3385 3239 3450 3294 sic
3487 3235 3718 3290 ministrent.

2252 3332 2460 3401 probati
2485 3347 2607 3388 esse
2629 3331 2824 3388 debent
2847 3347 2942 3402 per
2965 3330 3266 3395 fornacem,
3292 3331 3342 3385 id
3365 3338 3454 3390 est,
3492 3341 3570 3396 per
3589 3321 3722 3376 multas

2254 3422 2648 3486 tribulationes,
2677 3420 2767 3492 qui
2794 3422 3071 3477 accessuri
3100 3431 3230 3477 sunt
3267 3421 3331 3475 ad
3353 3414 3649 3474 ministerium
3669 3424 3722 3462 sa-

2249 3531 2421 3570 crum.
2453 3514 2835 3570 Probationem
2878 3522 3210 3582 przesentem
3254 3510 3518 3582 Apostolus
3553 3500 3717 3560 ostendit

2247 3623 2312 3662 ex
2339 3604 2575 3676 Epistola
2603 3607 2668 3660 ad
2694 3605 2934 3668 missam,
2962 3604 3154 3659 dicens
3181 3623 3194 3658 :
3227 3602 3445 3660 Scientes
3466 3596 3580 3670 quod
3607 3591 3719 3645 tribu-

2249 3700 2376 3754 latio
2405 3700 2714 3771 patientiam
2763 3709 3029 3769 operatur,
3059 3697 3318 3768 patientia
3350 3705 3504 3748 autem
3537 3683 3720 3779 probatio-

2248 3810 2386 3856 nem,
2429 3793 2664 3864 probatio
2695 3809 2813 3846 vero
2839 3807 3002 3861 spem,
3032 3808 3154 3860 spes
3198 3799 3367 3844 autem
3395 3802 3486 3839 non
3510 3773 3719 3847 confundit

2249 3893 2303 3939 et
2326 3883 2548 3953 reliqua.
2573 3880 2906 3938 Gravitatem
2935 3896 3105 3950 quam
3139 3879 3301 3935 debet
3331 3881 3548 3932 sacratus
3569 3875 3721 3920 servare

2251 3983 2452 4030 tractus
2477 3973 2809 4029 demonstrat
2837 3991 2849 4026 :
2885 3971 3126 4026 Laudate
3156 3970 3445 4029 Dominum,
3483 3973 3624 4016 omnes
3643 3967 3720 4022 9e»-

2249 4077 2340 4129 tes,
2380 4082 2448 4120 ne
2495 4066 2546 4120 in
2590 4064 2897 4135 superbiam
2925 4063 3124 4119 elatus.
3170 4063 3224 4117 in
3262 4058 3504 4132 judicium
3526 4061 3570 4106 et
3604 4049 3643 4138 in
3671 4044 3719 4138 la"

2248 4172 2444 4226 queum
2479 4155 2678 4210 incidat
2706 4153 2923 4209 diaboli.
2955 4153 3190 4207 Tractus
3227 4160 3458 4218 tempore
3488 4137 3722 4230 humilitatis

2250 4246 2385 4302 solet
2411 4245 2675 4301 celebrari
2705 4252 2760 4298 et
2784 4257 2996 4314 semper
3026 4243 3080 4296 in
3111 4256 3279 4321 causa
3314 4231 3592 4325 humilitatis
3616 4238 3720 4325 ptine

2252 4348 2340 4393 tur
2367 4357 2378 4390 ε
2405 4353 2502 4408 per
2531 4336 2772 4407 singulas
2801 4336 3077 4390 orationes
3104 4314 3161 4387 in
3186 4329 3455 4388 duodecim
3490 4314 3724 4377 lectionibus

2250 4428 2483 4484 solemus
2500 4427 2697 4482 mentis
2721 4425 3078 4481 humilitatem
3102 4439 3200 4493 per
3215 4417 3597 4492 genuﬂexionem
3606 4415 3727 4461 osten'

2250 4527 2398 4590 dere,
2424 4531 2651 4594 excepto
2675 4523 2727 4576 in
2763 4520 2966 4576 octavis
2993 4518 3361 4572 Pentecostes.
3393 4513 3446 4567 In
3473 4508 3568 4564 sola
3588 4503 3638 4557 de

3522 4588 3726 4652 Nabucho-

2250 4708 2484 4763 donosor
2505 4704 2857 4776 compellebat
2887 4700 3141 4772 populum
3175 4709 3233 4754 ut
3260 4699 3527 4752 adorarent
3559 4691 3723 4776 statuant

2247 4815 2408 4870 quam
2441 4798 2585 4862 fecit,
2619 4764 2677 4850 ut
2703 4803 2948 4865 separata
2974 4795 3043 4848 sit
3071 4801 3201 4846 nota
3237 4789 3427 4849 oratio,
3458 4797 3561 4854 qua?
3585 4764 3724 4870 ςθίξίι

2249 4866 2412 4942 unum
2434 4902 2620 4941 verum
2648 4885 2839 4948 Deum,
2867 4885 2933 4937 ab
2956 4898 3142 4937 errore
3164 4879 3454 4952 gentilium.
3476 4875 3524 4927 In
3549 4866 3634 4921 sola
3658 4866 3723 4912 is"

2247 4979 2492 5034 oratione
2511 4994 2616 5047 qua
2641 4977 2994 5047 deprecamur
3017 4975 3152 5044 eripi
3177 4974 3248 5028 ab
3267 4968 3501 5026 incendio
3524 4962 3726 5015 vitiorum.

2250 5072 2392 5126 sicut
2415 5077 2524 5124 tres
2547 5069 2698 5139 pueri
2726 5068 2897 5138 erepti
2928 5075 3053 5121 sunt
3079 5066 3148 5120 de
3174 5063 3385 5118 camino
3407 5055 3549 5128 igais.
3574 5051 3729 5117 ναίετ’

2251 5161 2514 5214 mittimus
2547 5159 2991 5230 genuﬂexionem.

2215 5268 2254 5308 ο
2865 5265 3089 5323 CAPUT
3127 5265 3216 5318 IV.

2320 5361 2397 5415 De
2422 5359 2641 5423 clericis,
2673 5375 2774 5430 quo
2806 5359 3008 5413 nomine
3035 5353 3443 5424 generaliternos
3469 5347 3678 5399 vocanti!-

2323 5413 2461 5502 Dicit
2491 5413 2849 5518 Hieronymus
2875 5445 2940 5500 ad
2971 5413 3324 5513 Nepotianum
3353 5413 3728 5512 presbyterumdf

2253 5539 2372 5592 Vita
2397 5537 2717 5593 clericorum
2741 5536 2824 5591 vel
2855 5533 3244 5590 monachorum
3273 5549 3286 5584 :
3316 5525 3536 5584 Clericus
3557 5520 3639 5571 est.
3662 5518 3727 5576 ‘1'“

2252 5625 2453 5680 Christi
2481 5626 2649 5680 servit
2675 5625 2946 5680 Ecclesiae.
2971 5625 3357 5690 lntcrpretetur
3376 5615 3582 5686 primum
3608 5609 3730 5701 tot:

2252 5716 2434 5769 bulum
2463 5730 2643 5777 suum.
2678 5725 2734 5770 et
2756 5713 2992 5769 nominis
3017 5711 3334 5765 diﬂinitione
3358 5701 3552 5776 praelata
3578 5692 3730 5747 nitatur

2251 5821 2370 5862 esse
2415 5807 2556 5876 quod
2587 5806 2798 5860 dicitur.
2835 5805 2922 5860 Sic
2969 5802 3104 5859 enim
3136 5800 3311 5856 clerus
3355 5809 3463 5851 sors
3487 5786 3728 5844 Latineatr
