3938 6178
371 371 496 427 1081

1101 370 1189 425 DE
1227 368 1772 427 ECCLESIASTICIS
1808 367 2095 426 OFFlCllS
2130 366 2306 422 LIBRI
2346 367 2433 422 Π.
2474 397 2546 406 —-
2580 367 2704 422 LIB.
2748 367 2810 423 ll.

3441 371 3574 426 ιυδί

359 485 622 556 pellatur;
673 491 956 553 propterea
998 492 1258 537 vocantur
1303 483 1510 547 clerici,
1560 483 1644 536 vel
1688 481 1813 552 quia
1860 481 1924 535 de
1953 484 1999 544 Α
2028 494 2168 548 δειερο
2195 479 2457 534 suffocare
2499 481 2719 534 verbum
2760 481 3105 535 seminantes.
3145 480 3299 537 Unde
3323 481 3583 536 Dominus

361 583 509 631 sorte
534 581 662 629 sunt
691 573 921 636 Domini,
951 572 1036 626 vel
1064 573 1189 642 quia
1231 573 1489 629 Dominus
1519 573 1637 642 ipse
1680 587 1819 636 sors,
1871 572 1924 626 id

359 673 462 728 est,
508 678 635 734 pars
663 662 982 717 clericorum
1028 673 1131 717 est.
1165 662 1266 728 Qui
1312 673 1490 718 autem
1526 662 1611 717 vel
1655 663 1768 732 ipse
1799 677 1926 731 pars

359 756 577 812 Domini
623 763 725 815 est,
757 754 840 808 vel
868 754 1152 809 Dominum
1183 765 1388 826 partem
1434 755 1613 818 habet,
1659 753 1820 808 talem
1867 768 1926 808 se

357 845 618 902 exhibere
643 845 820 907 debet,
848 853 906 897 ut
930 844 1202 914 possideat
1231 845 1536 909 Dominum,
1566 853 1621 899 et
1657 844 1771 912 ipse
1807 859 1928 914 pos-

358 937 603 991 sideatur
628 949 659 988 a
687 933 932 987 Domino.
961 933 1062 1001 Qui
1105 934 1392 988 Dominum
1433 935 1694 1005 possidet,
1725 943 1779 988 et
1799 951 1923 990 eum

356 1025 628 1094 Propheta
663 1023 816 1087 dicit,
850 1020 985 1077 Pars
1015 1040 1129 1076 mea
1178 1023 1454 1088 Dominus,
1486 1022 1618 1077 nihil
1642 1031 1792 1076 extra
1821 1023 1924 1078 Do-

357 1125 565 1170 mtnum
594 1114 794 1168 habere
844 1121 1036 1182 potest.
1069 1112 1223 1179 Quod
1251 1113 1294 1166 si
1337 1112 1612 1183 quippiam
1642 1112 1788 1167 aliud
1830 1113 1924 1166 ba-

356 1207 537 1263 buerit
567 1213 762 1275 praeter
791 1203 1096 1266 Dominum,
1142 1218 1269 1272 pars
1305 1203 1422 1272 ejus
1467 1218 1574 1258 non
1605 1203 1709 1256 erit
1749 1204 1927 1258 Domi-

357 1313 489 1362 nus;
521 1295 670 1351 verbi
702 1295 872 1366 gratia
897 1333 913 1358 ,
956 1293 1001 1347 si
1043 1308 1256 1357 aurum,
1303 1293 1347 1348 si
1383 1301 1690 1364 argentum,
1717 1293 1762 1348 si
1799 1309 1924 1363 pos-—

355 1387 642 1448 sessiones,
675 1393 730 1439 et
756 1391 970 1448 cetera,
1008 1383 1121 1438 sive
1148 1392 1414 1448 comatus,
1456 1385 1570 1438 sive
1597 1399 1735 1454 papa
1762 1384 1852 1450 sit,
1880 1385 1925 1438 si

357 1479 607 1533 habuerit
629 1475 828 1546 aliquid
853 1484 1050 1546 praeter
1073 1476 1380 1540 Dominum,
1427 1475 1658 1530 clericus
1687 1492 1792 1531 non
1819 1487 1923 1532 est.

587 1614 611 1634 .
976 1587 1203 1644 CAPUT
1243 1590 1305 1644 γ.

981 1658 1056 1712 De
1092 1669 1327 1712 tonsura.

428 1753 855 1824 Caputnostrum
883 1751 1150 1822 signiﬁcat
1169 1751 1462 1821 principale
1485 1753 1677 1806 mentis
1703 1761 1922 1818 nostrar,

2025 570 2157 624 dicit
2179 570 2232 624 in
2256 571 2544 641 Evangelio
2571 590 2582 624 :
2616 571 2769 636 Quod
2800 582 2979 626 autem
3001 573 3180 626 cecidit
3213 574 3268 626 in
3292 574 3453 643 spinis
3473 613 3488 637 ,
3528 574 3582 626 hi

2023 669 2142 714 sunt
2167 660 2256 729 qui
2284 661 2585 723 audierunt,
2616 671 2662 714 et
2695 679 2724 715 α
2751 660 3189 716 sollicitudinibus
3213 672 3260 716 et
3305 664 3496 717 divitiis
3537 675 3585 716 et

2021 751 2370 822 voluptatibus
2400 753 2517 806 vita:
2545 763 2726 806 euntes
2748 754 3096 823 su/focantur,
3127 763 3173 806 et
3210 770 3311 807 non
3351 754 3582 823 referunt

2023 841 2272 910 fructum.
2322 844 2600 897 Discamus
2634 843 2796 897 etiam
2825 859 2894 898 ex.
2932 844 3112 898 verbis
3141 843 3310 898 sancti
3339 841 3586 914 Gregorii

2023 930 2151 1000 quid
2202 931 2330 985 illud
2359 933 2625 1002 signiﬁcet
2669 935 2812 1002 quod
2841 935 2894 988 in
2935 943 3175 1004 tempore
3216 933 3407 1004 jejunli
3433 945 3590 989 extra

2023 1035 2229 1073 morem
2271 1020 2489 1074 solitum
2533 1021 2757 1091 capillos
2784 1023 3024 1092 occipitii
3050 1024 3162 1077 sive
3209 1023 3432 1077 barbam
3465 1039 3585 1093 per-

2025 1111 2291 1166 mittimus
2321 1127 2586 1167 crescere.
2617 1113 2761 1168 idem
2788 1115 2840 1168 in
2865 1115 3061 1169 eodem
3084 1131 3190 1185 quo
3216 1131 3377 1184 supra
3405 1133 3417 1167 :
3445 1115 3584 1182 Quid

2025 1210 2106 1257 est
2133 1203 2276 1257 enim
2308 1204 2450 1272 quod
2477 1203 2714 1258 Νηληιξὶ
2744 1206 2963 1274 capillos
2989 1210 3254 1272 nutriunt,
3295 1209 3399 1261 nisi
3441 1207 3583 1276 quod

2023 1308 2122 1363 per
2150 1293 2316 1348 vitam
2365 1309 2574 1364 magna:
2603 1297 2950 1350 continentiae
2977 1298 3456 1367 przesumptionum
3498 1314 3586 1352 co-

2025 1383 2312 1454 gitationes
2355 1393 2627 1440 crescunt.
2678 1385 2786 1441 Sed
2837 1387 2965 1456 quid
2995 1396 3078 1442 est
3119 1389 3262 1456 quod
3303 1390 3590 1444 devotione

2023 1475 2310 1544 completa,
2335 1487 2494 1545 caput
2523 1476 2811 1533 Nazaraeus
2833 1479 3022 1533 radere
3039 1480 3368 1550 capillosque
3389 1480 3440 1534 in
3465 1481 3587 1550 igne

2025 1565 2274 1620 sacriﬁcii
2322 1582 2525 1636 ponere
2564 1568 2804 1637 jubetur,
2834 1570 2936 1623 nisi
2961 1571 3102 1639 quod
3149 1580 3274 1626 tunc
3303 1571 3369 1624 ad
3411 1572 3586 1642 perfe-

2025 1654 2222 1709 ctionis
2267 1671 2528 1709 summam
2556 1658 2936 1727 pcrtingimus,
2965 1675 3085 1712 cum
3113 1660 3190 1713 sic
3227 1662 3490 1715 exteriora
3518 1662 3589 1713 vi-

2029 1745 2101 1799 tia
2122 1745 2406 1812 vincimus,
2440 1755 2498 1800 ut
2519 1747 2682 1801 etiam
2705 1749 3058 1819 cogitationes
3082 1751 3379 1818 superﬂuas
3409 1762 3589 1806 mente

355 1847 447 1901 ubi
498 1847 702 1916 agnitio
735 1847 825 1900 Dei
855 1853 957 1901 est.
985 1846 1200 1915 Agnitio
1241 1847 1334 1901 Dei
1363 1855 1446 1901 est
1473 1847 1526 1900 in
1556 1855 1755 1910 mente,
1781 1846 1919 1916 quod

2026 1838 2375 1893 resecemus?
2419 1840 2564 1906 Quas
2608 1842 2862 1896 nimirum
2910 1843 3158 1897 sacriﬁcii
3208 1845 3329 1914 igne
3365 1861 3585 1899 concre—

353 1945 438 1991 est
463 1945 622 2006 caput
650 1945 910 1990 nostrum.
943 1934 1132 2005 Capilli
1165 1936 1218 1990 in
1250 1937 1425 2006 capite
1451 1936 1759 2006 signiﬁcant
1781 1936 1923 2006 cogi-

355 2028 587 2082 tationes
617 2028 668 2080 in
703 2036 902 2081 mente.
929 2025 1054 2081 Duae
1086 2036 1212 2081 sunt
1245 2037 1428 2098 partes
1457 2027 1644 2092 animi,
1675 2027 1925 2097 superior

352 2126 409 2172 et
436 2115 677 2172 inferior.
729 2116 985 2186 Superior
1010 2125 1095 2172 est
1141 2132 1316 2184 mens,
1365 2119 1418 2172 in
1449 2133 1555 2188 qua
1589 2126 1672 2172 est
1720 2117 1921 2188 agnitio

352 2208 484 2272 Dei;
515 2207 660 2261 illam
692 2208 881 2261 radere
912 2207 1167 2262 debemus
1197 2223 1227 2261 a
1268 2206 1551 2277 superfluis
1582 2208 1923 2278 cogitationi-

352 2297 472 2359 bus,
506 2304 565 2349 ut
606 2295 793 2351 oculus
839 2295 1142 2350 intellectus
1184 2297 1352 2351 nostri
1397 2305 1596 2352 aeterna
1646 2297 1812 2367 possit
1842 2298 1923 2350 in-

353 2386 514 2440 tueri.
570 2387 646 2442 De
692 2401 798 2457 qua
855 2402 914 2442 re
960 2387 1090 2441 dicit
1135 2387 1430 2459 Gregorius
1469 2389 1521 2442 in
1573 2389 1861 2444 Moralibus
1905 2406 1917 2442 :

351 2478 491 2545 Quid
519 2493 648 2533 vero
670 2493 767 2548 per
793 2487 969 2548 caput,
1007 2479 1109 2533 nisi
1151 2494 1213 2534 ea
1257 2495 1375 2548 qua:
1401 2480 1696 2550 principale
1738 2481 1924 2537 unius-

351 2567 612 2638 cujusque
625 2568 854 2624 actionis
877 2584 1029 2624 mens
1051 2569 1167 2638 ipsa
1186 2570 1463 2640 signatur?
1481 2571 1548 2625 Et
1567 2580 1687 2642 post
1716 2587 1883 2641 pauca
1904 2591 1917 2626 :

351 2659 528 2728 Caput
575 2673 702 2730 ergo
750 2659 974 2714 tondere
1017 2667 1102 2715 est
1145 2660 1500 2730 cogitationes
1541 2660 1839 2744 superfluas
1889 2679 1920 2717 a

351 2759 535 2805 mente
563 2766 826 2805 resecare.
853 2749 1080 2806 lnferior
1102 2767 1230 2806 vero
1258 2768 1383 2823 pars
1409 2753 1573 2809 habet
1599 2754 1840 2824 capillos,
1869 2753 1919 2809 id

350 2850 474 2908 est,
527 2841 816 2896 multiﬁuas
876 2843 1272 2913 cogitationes,
1333 2844 1386 2898 in
1427 2861 1532 2914 qua
1575 2845 1806 2901 solemus
1855 2847 1922 2901 de

351 2934 737 3004 temporalibus
767 2949 907 3003 saepe
951 2935 1206 3003 cogitare.
1253 2936 1381 3004 Qua:
1405 2953 1546 3008 ,pars
1596 2953 1702 2992 non
1731 2947 1815 2994 est
1855 2939 1921 2993 ad

351 3026 640 3096 imaginem
676 3026 791 3090 Dei,
829 3033 886 3078 ut
936 3026 1269 3096 Augustinus
1315 3027 1368 3082 in
1399 3027 1536 3084 libro
1559 3028 1625 3083 de
1655 3029 1920 3084 Trinitate

347 3115 690 3181 duodecimo,
719 3115 874 3170 titulo
914 3117 1163 3187 septimo.
1205 3115 1308 3171 Sed
1339 3118 1464 3187 quia
1497 3133 1627 3172 sexu
1667 3117 1848 3172 differt
1886 3133 1916 3172 a

348 3213 470 3266 visu
500 3213 766 3282 corporis,
795 3213 921 3281 quin
951 3212 1143 3267 mulier
1169 3213 1273 3267 rite
1302 3215 1480 3283 potuit
1507 3214 1559 3268 in
1587 3212 1704 3282 ejus
1731 3229 1923 3285 corpo-

352 3303 454 3358 rali
490 3303 790 3360 velamento
837 3303 1054 3376 ﬁgurari
1083 3321 1209 3376 pars
1257 3305 1344 3360 illa
1387 3307 1634 3370 rationis,
1683 3322 1804 3377 qua:
1851 3307 1919 3362 ad

353 3395 667 3464 temporalia
698 3396 1043 3466 gubernanda
1088 3395 1413 3475 deﬂectitur,
1449 3406 1510 3452 ut
1556 3413 1663 3452 non
1707 3406 1923 3454 maneat

353 3485 531 3555 imago
561 3485 678 3551 Dei,
707 3485 811 3540 nisi
842 3502 908 3541 ex
938 3502 1040 3556 qua
1070 3497 1225 3556 parte
1253 3503 1406 3542 mens
1443 3488 1677 3542 hominis
1704 3488 1920 3544 aeternis

351 3577 652 3632 rationibus
664 3579 1055 3648 conspiciendis
1077 3579 1157 3634 vel
1171 3579 1515 3635 consulendis
1535 3580 1858 3636 adhzereseit
1875 3587 1916 3636 ‘.

347 3669 466 3724 Non
495 3671 636 3726 enim
663 3673 974 3743 prmeipitur
1007 3672 1316 3728 Christiano
1347 3690 1414 3729 ne
1445 3675 1739 3745 aliquando
1768 3675 1918 3746 cogi-

350 3773 427 3818 tet
467 3764 532 3817 de
559 3766 966 3835 temporalibus,
1000 3766 1116 3821 sine
1158 3767 1354 3836 quibus
1383 3783 1622 3838 praesens
1667 3767 1779 3822 vita
1810 3784 1918 3824 non

353 3853 688 3924 transigitur,
719 3856 810 3910 sed
833 3871 950 3910 esse
980 3855 1174 3912 debere
1200 3864 1406 3926 partem
1429 3859 1622 3912 anima:
1647 3873 1766 3928 qum
1787 3865 1920 3912 tem-

348 3944 552 4013 poralia
583 3947 715 4017 regit
745 3947 1013 4001 subditam
1041 3949 1227 4012 menti,
1257 3950 1398 4003 sicut
1438 3949 1632 4004 mulier
1663 3957 1746 4004 est
1776 3949 1914 4004 viro.

347 4034 688 4105 Quapropter
711 4037 888 4107 capilli
923 4038 973 4092 in
1003 4039 1243 4094 inferiori
1269 4049 1423 4109 parte
1446 4041 1639 4111 capitis
1667 4049 1912 4095 manent.

349 4126 599 4181 Circulos
645 4143 775 4183 vero
805 4129 1122 4198 capillorum
1151 4131 1405 4185 virtutem
1459 4131 1786 4202 :equalitatis
1827 4147 1915 4186 ra-

348 4216 482 4270 tioni
536 4217 766 4286 undique
797 4219 1220 4276 consentientem
1269 4221 1595 4291 signiﬁcat'.
1628 4221 1779 4277 Tunc
1823 4239 1918 4294 gu-

350 4307 645 4360 beruautur
660 4307 795 4362 bene
814 4324 898 4362 res
915 4311 1317 4378 temporarim,si
1338 4312 1530 4365 rationi
1545 4314 1913 4367 convenerint.

352 4395 427 4449 De
452 4412 556 4464 qua
583 4413 641 4451 re
667 4397 889 4468 protulit
909 4399 1050 4453 idem
1079 4399 1168 4468 qui
1191 4416 1370 4470 supra,
1394 4401 1446 4454 in
1464 4400 1601 4455 libro
1623 4401 1685 4455 dc
1705 4402 1917 4471 quanti-

351 4494 463 4539 tate
494 4487 707 4551 animm,
729 4503 941 4542 versum
959 4487 1163 4542 lloratii
1193 4491 1258 4544 de
1287 4491 1551 4560 sapientia
1573 4491 1911 4560 loquentem:

477 4573 658 4631 Fortis.
679 4585 726 4626 et
759 4580 805 4626 in
828 4581 991 4640 seipso
1018 4588 1144 4627 totus
1169 4588 1304 4629 teres
1324 4588 1471 4642 atque
1491 4583 1739 4632 rotundus.

353 4670 611 4738 Sequitur
652 4681 772 4740 post
799 4687 1010 4726 versum
1063 4680 1391 4727 memoratus
1431 4672 1800 4744 Augustinus,
1837 4676 1916 4730 di-

348 4775 521 4814 cens:
566 4759 632 4813 Et
679 4771 866 4815 recte:
909 4778 1029 4816 nam
1080 4777 1251 4832 neque
1286 4762 1338 4816 in
1377 4762 1558 4816 animo
1590 4765 1715 4818 boui
1763 4765 1919 4834 quid-

348 4864 512 4919 quam
544 4849 752 4904 invenis
791 4851 931 4920 quod
974 4852 1145 4923 magis
1171 4853 1271 4906 sibi
1299 4868 1365 4908 ex
1395 4853 1540 4907 omni
1587 4863 1742 4922 parte
1781 4871 1905 4908 cou-

349 4940 570 5004 sentiat,
623 4957 785 5010 quam
837 4943 1112 5006 virtutem,
1164 4962 1339 5015 neque
1382 4945 1433 4999 in
1481 4945 1660 5015 planis
1708 4945 1912 5017 ﬁguris,

347 5049 511 5100 quam
539 5033 822 5088 circulum.
856 5035 1198 5105 Superiorem
1243 5046 1451 5107 partem
1483 5038 1678 5108 capitis
1708 5039 1915 5092 rasorio

348 5138 490 5192 saepe
526 5140 867 5190 renovamus,
901 5143 1020 5180 cum
1052 5126 1176 5181 forti
1221 5129 1587 5184 sollicitudine
1615 5130 1916 5200 superfluas

349 5213 814 5282 temporariasque
875 5214 1232 5282 cogitationes
1293 5216 1359 5270 de
1423 5217 1702 5285 superiore
1760 5227 1914 5288 parte

349 5301 516 5356 animi
547 5317 872 5358 resecamus.
911 5305 965 5358 In
1013 5303 1266 5362 inferiore
1304 5315 1460 5376 parte
1503 5323 1760 5364 coronam
1790 5325 1915 5380 por-

350 5401 546 5455 tamus,
592 5410 712 5448 cum
737 5409 796 5448 ea
830 5409 949 5464 qure
987 5397 1277 5450 secundum
1316 5397 1570 5451 mundum
1607 5400 1914 5456 necessario

346 5482 648 5551 gubernare
674 5484 949 5548 debemus,
978 5486 1318 5540 concorditer
1342 5502 1463 5542 cum
1493 5488 1700 5543 ratione
1737 5505 1914 5559 a-qua-

347 5587 488 5626 ntus.
526 5571 639 5628 Hoc
665 5573 1062 5644 prmvidcndum
1091 5583 1175 5629 est
1205 5584 1264 5630 ut
1306 5591 1372 5630 ne
1399 5577 1497 5646 ipsi
1526 5578 1724 5648 capilli,
1751 5580 1801 5634 id
1833 5589 1918 5636 est

2023 1942 2193 1992 mare,
2243 1937 2326 1982 est
2372 1928 2584 1984 flamma
2633 1945 2727 1984 eas
2764 1931 2931 1986 divini
2974 1934 3174 1988 amoris
3217 1934 3504 1988 incendere
3544 1937 3584 1988 '.

2021 2021 2145 2076 Pias
2196 2023 2549 2092 cogitationes
2615 2040 2734 2093 quae
2763 2024 2937 2080 solent
2983 2041 3295 2082 accrescere
3341 2035 3583 2096 tempore

2019 2110 2403 2177 abstinentiaz,
2461 2112 2638 2168 nullus
2683 2114 2970 2184 prohibere
3029 2114 3232 2179 debet;
3289 2115 3380 2170 sed
3442 2126 3599 2169 ante-

2020 2215 2182 2270 quam
2221 2202 2516 2270 perducant
2566 2213 2803 2258 nostram
2853 2203 3193 2276 fragilitatem
3237 2207 3302 2260 ad
3349 2205 3587 2276 aliquam

2019 2291 2376 2362 periculosam
2405 2295 2898 2364 praesumptionem,
2949 2297 3136 2350 radere
3178 2311 3272 2351 eas
3305 2297 3584 2352 debemus.

2018 2383 2387 2456 interrogatur
2412 2385 2481 2440 ab
2509 2386 2779 2455 aliquibus
2807 2388 2929 2457 quis
2958 2388 3164 2457 primus
3201 2397 3388 2442 tonsus
3417 2389 3488 2442 sit
3529 2389 3584 2442 in

2019 2481 2207 2530 nostro
2242 2491 2412 2530 more.
2446 2475 2573 2546 Legi
2619 2477 2670 2531 in
2718 2477 2943 2546 epistola
2991 2477 3272 2548 cujusdam
3323 2479 3446 2542 viri,
3482 2477 3582 2532 l’e-

2021 2574 2169 2631 trus;
2203 2567 2296 2622 sed
2327 2568 2452 2638 quia
2483 2584 2589 2623 non
2621 2577 2780 2623 tantae
2810 2571 3154 2624 auctoritatis
3179 2580 3284 2634 εει,
3317 2578 3374 2622 ut
3398 2586 3463 2623 ex
3490 2569 3580 2623 illa

2021 2654 2237 2711 ﬁrmare
2286 2657 2560 2712 valeamus
2619 2666 2855 2713 nostram
2920 2661 3265 2724 sententiam,
3319 2659 3586 2714 malumus

2018 2763 2136 2802 eam
2167 2748 2382 2804 silentio
2409 2751 2704 2820 praeterire.
2733 2750 2848 2805 Non
2877 2760 3052 2804 tamen
3080 2751 3148 2806 ab
3177 2766 3234 2804 re
3261 2751 3408 2805 estsi
3434 2751 3587 2805 dixe-

2018 2839 2190 2895 rimus
2233 2840 2380 2894 illum
2430 2849 2523 2895 aut
2571 2841 2805 2912 aliquem
2855 2857 3222 2897 successorem
3263 2843 3379 2913 ejus
3408 2843 3586 2914 primo

2019 2927 2185 2984 fuisse
2211 2940 2424 2986 tonsum
2453 2941 2638 2988 nostro
2665 2949 2833 2999 more,
2863 2934 3116 3004 quoniam
3157 2937 3223 2989 ab
3271 2934 3359 2988 illa
3401 2934 3587 2990 Eccle-

2018 3021 2098 3077 sia
2130 3030 2374 3094 sumptus
2405 3032 2488 3079 est
2516 3025 2640 3080 talis
2669 3041 2796 3080 usus
2822 3025 2876 3080 in
2906 3041 3009 3096 qua
3041 3025 3114 3080 illi
3153 3026 3430 3081 sederunt.
3481 3025 3588 3081 Sed

2018 3115 2150 3186 quid
2179 3118 2247 3172 ad
2286 3132 2408 3183 nos,
2443 3132 2566 3172 eum
2609 3118 2774 3173 multa
2822 3133 3044 3189 agamus
3085 3134 3150 3172 ex
3197 3117 3590 3173 consuetudine

1947 3211 1992 3274 C
2022 3210 2310 3280 praesentis
2341 3211 2619 3277 Ecclesiae,
2648 3228 2880 3282 quorum
2907 3220 3155 3266 auctores
3178 3226 3281 3264 non
3308 3210 3590 3280 proferun-

2024 3310 2112 3355 tur
2140 3302 2473 3371 specialiter,
2503 3303 2641 3358 sicut
2669 3319 2772 3358 nec
2797 3304 3200 3359 observationes
3243 3305 3591 3374 quadragesi-

2022 3392 2179 3448 malis
2206 3395 2465 3464 temporis
2496 3404 2620 3449 ante
2647 3395 2888 3452 Pascha?
2915 3396 3126 3453 Scimus
3155 3407 3356 3462 tamen,
3390 3413 3458 3453 ex
3493 3398 3585 3452 des

2020 3481 2410 3537 monstratione
2447 3482 2615 3537 sancti
2651 3482 2955 3554 Augustini,
2999 3485 3352 3540 consensione
3391 3486 3581 3542 Eccle-

2021 3572 2116 3628 sia:
2139 3586 2258 3626 eam
2279 3588 2396 3629 esse
2421 3574 2747 3629 roboratam.
2765 3575 2854 3631 Sic
2869 3585 2920 3631 et
2937 3592 3034 3632 nos
3053 3578 3280 3632 dicimus
3305 3587 3582 3634 tonsuram

2022 3672 2261 3720 nostram
2287 3681 2350 3721 ex
2379 3667 2701 3722 auctoritate
2720 3677 2777 3723 et
2795 3670 3182 3725 consuetudine
3200 3671 3454 3726 Romana:
3484 3671 3583 3727 Ec-

2020 3755 2198 3811 clesi:e
2235 3772 2354 3812 esse
2402 3759 2728 3814 roboratam.
2782 3761 3036 3816 Dicamus
3082 3763 3223 3830 quod
3290 3762 3586 3833 Gregorius

2020 3846 2149 3901 dicit
2190 3847 2244 3900 in
2268 3847 2558 3904 Moralibus
2581 3849 2647 3905 de
2670 3851 2929 3921 scriptore
2962 3851 3082 3906 libri
3119 3851 3220 3908 Job
3261 3869 3275 3907 :
3324 3853 3429 3909 Sed
3454 3855 3576 3926 quis

2020 3935 2135 3992 haec
2177 3938 2478 4009 scripserit,
2510 3940 2663 3996 valde
2689 3957 3019 4012 supervacue
3047 3946 3328 4014 quaeritur,
3356 3961 3476 4000 cum
3503 3955 3578 4000 ta-

2019 4045 2141 4084 men
2176 4041 2366 4086 auctor
2389 4031 2512 4088 libri
2542 4033 2778 4105 Spiritus
2805 4045 3022 4093 sanctus
3044 4037 3273 4094 ﬁdeliter
3292 4041 3580 4096 credatur:

2021 4123 2100 4178 sic
2139 4131 2195 4178 et
2221 4125 2376 4180 nobis
2402 4141 2509 4180 non
2549 4144 2870 4199 magnopere
2897 4130 3194 4184 curandum
3226 4132 3298 4185 sit
3324 4133 3446 4200 quis
3472 4135 3584 4202 pri-

2021 4227 2141 4268 mus
2168 4214 2386 4269 schema
2413 4219 2713 4272 stemmatis
2739 4219 2896 4287 capiti
2931 4219 3292 4289 imposuisset,
3319 4239 3441 4277 cum
3479 4226 3585 4279 sei-

2018 4319 2138 4358 mus
2168 4305 2426 4375 magistra
2456 4306 2662 4362 ratione
2688 4309 3046 4377 compositum
3073 4324 3213 4364 esse.

2639 4415 2866 4472 CAPUT
2895 4417 2980 4472 Vl.

1942 4539 1996 4598 Ι)
2023 4503 2100 4557 De
2141 4503 2408 4559 ordinibus
2451 4507 2634 4571 sacris,
2679 4526 2806 4598 φίας
2853 4511 3288 4598 nos‘tri‘epismpi
3342 4525 3584 4568 consueto

2553 4594 2693 4632 more
2721 4579 3068 4648 frequentant.

2086 4665 2267 4720 Primo
2293 4667 2584 4720 notandum
2612 4677 2716 4732 est,
2743 4683 2836 4724 eos
2869 4670 3087 4724 ordines
3113 4671 3202 4740 qui
3249 4673 3583 4742 potissimum

2014 4757 2306 4813 necessarii
2343 4767 2471 4812 sunt
2516 4758 2569 4812 in
2596 4759 2854 4826 Ecclesia,
2889 4761 3200 4832 Apostolum
3239 4764 3462 4820 Paulum
3493 4777 3582 4820 ue-

2014 4847 2340 4913 nominasse,
2367 4858 2422 4903 et
2449 4863 2633 4903 eorum
2673 4865 2851 4904 mores
2879 4853 3206 4922 depinxisse,
3235 4855 3352 4910 sine
3393 4857 3588 4925 quibus

2015 4952 2120 4991 non
2140 4947 2318 5007 potest
2344 4939 2445 4993 rite
2485 4939 2781 4996 immolatio
2816 4941 3002 4997 altaris
3041 4943 3326 5009 celebrari,
3376 4947 3583 5002 scilicet

2022 5030 2137 5084 sine
2167 5032 2446 5087 sacerdote
2470 5041 2525 5087 et
2548 5033 2792 5088 diacono.
2845 5035 2914 5091 Ut
2939 5037 3054 5092 sine
3091 5041 3472 5096 retractatione
3500 5056 3586 5095 sa-

2020 5120 2210 5175 cerdos
2247 5121 2429 5192 vigilet
2456 5123 2598 5178 circa
2644 5125 2868 5190 hostias,
2917 5130 3255 5186 necessarius
3293 5141 3377 5187 est
3405 5133 3584 5187 diaco-

2021 5227 2144 5273 nus,
2176 5212 2244 5266 ad
2272 5213 2683 5270 miuistrandum
2726 5233 2814 5282 ea,
2853 5234 2974 5288 qua:
3009 5224 3310 5276 necessaria
3340 5231 3465 5277 sunt
3494 5239 3583 5276 sa-

2018 5306 2221 5362 cerdoti
2247 5325 2260 5361 :
2284 5310 2462 5364 caeteri
2503 5311 2721 5366 ordines
2763 5313 2848 5368 his
2887 5314 3078 5382 adiecti
3123 5324 3267 5369 sunt.
3299 5316 3585 5370 Crescente

2020 5394 2279 5460 Ecclesia,
2327 5399 2498 5454 crevit
2535 5399 2766 5455 oﬁicium
2797 5402 3261 5458 ecclesiasticum:
3304 5410 3361 5455 ut
3406 5401 3581 5455 multi-

2018 5487 2186 5543 tudini
2217 5489 2472 5544 Ecclesia:
2509 5491 2779 5546 subveniri
2827 5501 3028 5562 posset,
3077 5491 3400 5561 adjiciuntur
3444 5492 3580 5546 infe-

2017 5577 2188 5632 riores
2219 5579 2271 5633 in
2301 5580 2568 5650 adjutorio
2614 5583 3040 5652 praepositorum.
3078 5580 3229 5637 Unde
3266 5582 3584 5638 Ambrosius

348 5678 492 5717 cura:
517 5661 675 5732 hujus
699 5665 905 5728 mundi,
937 5663 1200 5734 superﬂue
1225 5676 1495 5730 crescant,
1523 5683 1588 5722 ne
1614 5684 1773 5725 aures
1795 5687 1914 5726 cor—
1954 5697 1978 5725 ι
2016 5671 2068 5725 in
2103 5679 2335 5726 tractatu
2367 5672 2614 5741 Epistolze
2641 5673 2705 5727 ad
2747 5673 3084 5726 Timotheum
3124 5689 3136 5724 :
3169 5671 3300 5727 illud
3348 5689 3476 5728 vero
3501 5673 3581 5727 di-

347 5752 430 5807 dis
483 5755 817 5825 cooperiant,
872 5765 924 5809 et
969 5755 1151 5812 oculos
1210 5757 1523 5828 impediant,
1575 5775 1692 5829 quae
1740 5763 1912 5822 solent

2017 5762 2115 5816 etis
2158 5763 2356 5817 nostris
2399 5761 2554 5833 adjici
2594 5761 2810 5833 dignum
2857 5771 2959 5829 est,
2995 5763 3246 5833 quoniam
3295 5783 3400 5838 non
3432 5781 3575 5824 con-
