3938 6178
399 379 534 434 {(3.85

1404 381 1733 437 amem"
1775 370 2205 445 PRESBYTER]
2247 373 2586 443 METENSIS

3500 404 3629 459 H385

396 494 541 547 venit
563 490 838 555 demirari,
884 489 929 545 si
961 496 1134 559 neque
1173 490 1639 555 subdiaconorum,
1683 504 1855 562 neque
1884 491 1959 547 le-
1987 486 2035 553 Α
2061 498 2209 549 erant
2232 500 2278 548 et
2307 498 2461 565 super
2484 513 2608 551 vasa
2632 499 2923 569 ministerii,
2964 500 3049 558 Ad
3076 520 3349 561 numerum
3385 511 3523 565 enim
3558 516 3631 569 in.

395 590 602 642 ctorum
626 584 949 649 "Solitariam,
971 582 1259 652 Apostolus
1299 582 1492 649 fecisse
1532 584 1816 638 videatur:
1857 583 1963 642 illis

394 679 590 733 etenim
618 672 869 746 gradibus
905 674 1241 728 i'tmctiouum
1272 674 1363 745 qui
1412 674 1465 728 in
1508 674 1745 729 Ecclesia
1776 689 1964 733 access

371 769 537 824 'sario
573 767 838 833 habentur
882 767 969 829 isti
1017 775 1209 837 postea.
1238 768 1408 839 magis
1453 777 1578 822 sunt
1625 767 1801 823 adecti
1845 782 1966 838 pro-

393 864 514 930 pter
537 859 827 914 utilitatem
862 858 1170 922 ministerii,
1214 858 1355 933 quod
1405 867 1625 929 propter
1668 857 1963 913 multitudi-

392 966 514 1005 nem
540 949 874 1006 credentium
902 965 999 1020 per
1036 950 1244 1011 alteros,
1275 958 1460 1019 postea
1509 949 1716 1020 impleri
1762 949 1963 1004 debere

391 1043 683 1099 necessitas
718 1041 994 1114 ﬂagitavit.
1028 1041 1180 1097 Unde
1208 1052 1306 1101 nec
1352 1040 1797 1096 inordinati‘onem
1838 1040 1963 1095 ante

391 1120 559 1189 altare
585 1142 963 1204 assequuntur,
996 1146 1060 1188 eo
1078 1134 1219 1203 quod
1238 1148 1337 1189 nec
1363 1132 1633 1203 mysteriis
1656 1131 1962 1193 ministrare

391 1232 721 1291 statuuntur,
753 1225 846 1281 sed
893 1222 980 1279 alii
1028 1224 1242 1294 quidem
1276 1239 1481 1285 eorum,
1528 1222 1828 1293 lectionum
1849 1221 1963 1276 otii;

391 1321 533 1374 cium
567 1319 814 1390 implent,
862 1318 954 1371 alii
998 1330 1127 1372 vero
1172 1318 1315 1373 intra
1337 1315 1641 1371 diaconium
1688 1313 1779 1369 illa
1824 1330 1961 1384 praes

392 1417 606 1479 parant,
629 1423 747 1478 qua:
771 1408 836 1463 ad
865 1408 1073 1463 diaconi
1098 1406 1369 1477 pertinent
1387 1406 1708 1469 ministeria,
1733 1420 1832 1462 nec
1854 1418 1960 1460 non

390 1501 804 1557 sollicitudinem
851 1498 1074 1571 implent
1098 1498 1526 1555 luminariorum.
1559 1490 1690 1551 Nam
1716 1492 1961 1569 mysterii

396 1590 755 1645 ministerium
790 1589 1090 1661 presbyteri
1134 1587 1230 1643 soli
1265 1588 1488 1658 implent
1517 1595 1572 1643 et
1598 1587 1809 1642 diaconi
1836 1605 1848 1641 :
1871 1584 1962 1642 alii

390 1682 605 1753 quidem
670 1697 857 1736 eorum
912 1679 1241 1739 sacerdotale
1290 1694 1425 1750 opus
1492 1678 1815 1750 implentcs,
1870 1676 1962 1733 alii

391 1789 517 1827 vero
539 1772 709 1827 sacris
736 1771 1125 1826 ministrantes.
1166 1767 1326 1826 Juxta
1368 1771 1535 1825 verba
1577 1763 1850 1825 Ambrosii
1882 1764 1963 1824 in;-

2064 583 2364 652 {e’robantur
2386 603 2534 652 vasa,
2559 597 2609 642 et
2628 589 2993 660 efferebantur.
3017 588 3215 652 lterum
3241 599 3307 663 de
3338 603 3636 662 ministerio

2063 680 2250 729 eorum
2302 677 2356 731 in
2401 678 2674 736 secundo:
2712 679 2992 739 Constituit
3037 703 3240 759 quoque
3282 691 3547 761 j‘anitores
3586 700 3649 757 in.

2062 768 2235 834 partes
2265 767 2449 823 domus
2490 769 2722 839 Domini,
2763 783 2821 827 ut
2853 790 2960 829 non
2997 768 3359 848 ingrederetur
3397 798 3513 839 eam
3543 789 3641 843 im-

2064 856 2290 916 mundus
2312 860 2528 915 inomni
2553 871 2796 934 tempore.
2840 864 2907 921 Et
2945 870 3178 929 iterum:
3224 871 3491 933 Ianitores
3518 894 3655 935 vero.

2061 960 2154 1039 per
2185 960 2363 1019 portas
2390 952 2624 1022 singulas
2654 955 3009 1024 observabant,
3039 960 3114 1014 ita
3148 972 3202 1019 ut
3226 980 3289 1017 ne
3308 976 3499 1036 puncto
3524 972 3643 1039 qui-

2062 1037 2181 1092 dem
2218 1041 2540 1101 discederent
2568 1062 2601 1099 α
2636 1047 2941 1113 ministerio,
2985 1054 3322 1120 quamobrem
3359 1067 3407 1110 et
3447 1037 3641 1127 fratres

2061 1140 2243 1194 eorum
2268 1131 2456 1189 Levita,-
2478 1148 2795 1206 paraverunt
2836 1142 2913 1195 eis
2949 1143 3108 1201 cibos.
3159 1143 3224 1199 lli
3254 1148 3469 1219 quando
3493 1152 3644 1206 ordi-

2062 1227 2632 1297 nantur,'suscipiunt
2675 1230 2854 1286 claves
2904 1233 3145 1290 ecclesiae
3194 1244 3250 1291 et
3297 1240 3523 1301 audiunt
3576 1244 3642 1301 ab

2062 1314 2316 1385 episcopo
2342 1335 2355 1370 :
2382 1317 2457 1371 ita
2485 1319 2644 1390 agite,
2675 1334 2739 1377 ac
2760 1322 2805 1377 si
2832 1325 3096 1381 rationem
3129 1330 3347 1398 possitis
3375 1332 3486 1389 Deo
3510 1335 3641 1389 red-

2061 1403 2193 1458 dere
2221 1421 2320 1476 pro
2345 1408 2506 1464 rebus
2530 1422 2651 1479 quae
2697 1411 2819 1475 istis
2850 1413 3091 1471 clavibus
3135 1418 3485 1477 includuntur
3514 1441 3530 1490 ;
3588 1428 3643 1481 et

2063 1497 2339 1565 accipiunt
2358 1501 2575 1555 ostium.
2605 1500 2712 1559 Nos
2740 1506 2864 1575 quia
2902 1509 3226 1577 generaliter
3258 1528 3440 1571 sumus
3468 1532 3647 1588 genus

2064 1588 2320 1657 electum,
2344 1592 2523 1663 regale
2550 1589 2933 1663 sacerdotium,
2979 1614 3113 1670 gens
3149 1614 3357 1671 sancta,
3401 1611 3642 1665 scrutari

2063 1679 2322 1737 debemus
2371 1684 2517 1753 quali
2565 1687 2722 1742 modo
2770 1689 2975 1745 ostiarii
3022 1690 3260 1747 ofﬁcium
3291 1711 3639 1765 peragamus.

2062 1768 2329 1827 Ostiarius
2370 1776 2543 1844 aperit
2586 1778 2781 1832 ostium
2828 1780 3091 1837 ecclesiae.
3126 1778 3385 1852 Ecclesia,
3431 1787 3640 1844 Christi

392 1864 678 1935 telligimus
720 1860 993 1930 suljectos
1039 1858 1256 1932 ordines
1287 1861 1510 1917 diacono
1550 1870 1607 1915 et
1647 1858 1961 1930 presbytero
1989 1850 2037 1914 Β
2063 1871 2147 1916 est
2167 1861 2412 1933 populus.
2446 1862 2504 1919 Si
2532 1865 2655 1936 quis
2680 1878 2778 1937 per
2819 1867 2977 1925 fidem
3007 1870 3239 1942 aliquem
3278 1850 3645 1933 introduxerit

391 1972 496 2011 non
541 1955 735 2012 debere
787 1953 1182 2013 ordinationem
1229 1954 1473 2024 accipere
1531 1953 1675 2009 circa
1724 1952 1959 2008 altaria?

388 2066 488 2105 nec
513 2050 727 2120 quando
753 2049 1034 2120 episcopus
1075 2049 1439 2118 prosternitur
1480 2056 1605 2103 ante
1642 2047 1834 2113 altare,
1867 2045 1959 2104 de-

392 2139 521 2193 bere
550 2154 731 2196 secum
782 2148 1126 2208 prosternere
1174 2139 1308 2193 alios
1352 2138 1455 2192 nisi
1501 2150 1595 2193 eos
1636 2136 1728 2206 qui
1769 2150 1960 2208 prove;

389 2229 548 2283 bendi
581 2237 708 2285 sunt
736 2229 817 2301 ad
849 2227 1183 2289 sacerdotale
1211 2228 1590 2293 ministerium,
1635 2225 1719 2281 vel
1749 2222 1815 2281 ad
1845 2226 1961 2281 dia-

387 2330 614 2377 conatus
672 2319 931 2389 cilicium.
989 2318 1081 2376 Sic
1131 2327 1255 2375 sunt
1302 2318 1587 2374 inferiores
1640 2318 1858 2372 ordines
1904 2317 1959 2371 in

388 2413 653 2482 adiutorio
679 2409 1049 2487 superiorum,
1072 2420 1139 2482 ut.
1180 2420 1358 2466 tamen
1397 2425 1504 2466 non
1542 2408 1832 2466 excludant
1871 2424 1959 2464 su-

389 2500 725 2574 periores'ab
764 2499 959 2557 ofﬁciis
987 2498 1089 2555 sibi
1133 2499 1456 2555 commissis.
1503 2494 1810 2554 Secundum
1851 2496 1959 2551 Au-

387 2596 659 2667 gustinum
693 2636 707 2661 ,
762 2595 937 2666 ipsum
991 2608 1261 2649 summum
1314 2588 1625 2663 pontiﬁcem
1683 2591 1959 2649 Christum

387 2687 671 2742 ostiarium
696 2700 984 2757 possumus
1006 2686 1251 2755 accipere
1276 2702 1297 2740 :-
1338 2684 1411 2740 ita
1438 2683 1625 2740 scribit
1653 2685 1708 2744 in
1742 2680 1958 2737 bomilia

387 2779 793 2851 quadragesima
819 2779 977 2834 tertia
1012 2788 1172 2848 super
1193 2775 1411 2847 Joannis
1448 2775 1809 2848 Evangelium.
1840 2772 1957 2828 Non

386 2882 516 2943 ergo
540 2870 717 2940 pigeat
749 2880 866 2933 nos,
904 2868 1120 2933 fratres,
1150 2868 1443 2937 secundum
1473 2867 1733 2937 quasdam
1763 2864 1957 2921 simili-

391 2958 603 3013 tudines
646 2958 819 3029 ipsum
851 2955 1102 3020 videlicet
1146 2956 1420 3012 Christum
1449 2956 1695 3025 accipere
1735 2955 1954 3020 ostium,

389 3051 561 3119 ipsum
588 3049 888 3105 ostiarium.
921 3048 1058 3116 Quid
1081 3052 1165 3104 est
1198 3048 1340 3103 enim
1383 3040 1625 3102 ostium?
1650 3045 1766 3114 Quo
1790 3044 1956 3100 intra-

390 3153 526 3193 mus.
557 3138 696 3207 Quid
735 3147 820 3193 est
865 3138 1121 3194 ostiarius
1137 3134 1169 3207 ’ξι
1204 3134 1305 3206 Qui
1347 3134 1537 3206 aperit.
1570 3132 1701 3203 Quis
1730 3140 1860 3205 ergo
1898 3149 1956 3191 se

387 3228 604 3299 aperit?
635 3228 734 3283 nisi
763 3227 854 3298 qui
879 3228 1111 3297 seipsum
1141 3227 1401 3303 exponit?
1426 3225 1675 3291 Christus
1706 3220 1955 3296 dignatus

386 3328 468 3375 est
497 3319 664 3374 lector
687 3332 826 3385 esse,
852 3317 945 3374 ubi
966 3319 1258 3374 secundum
1280 3318 1480 3387 Lucam
1503 3317 1714 3399 aperuit
1734 3316 1953 3382 librum,

385 3418 440 3466 et
472 3411 623 3482 legit.
658 3410 951 3466 Exoreistte
985 3410 1223 3465 ofﬁcium
1256 3411 1329 3465 ad
1371 3408 1669 3468 sacerdOtis
1716 3407 1956 3463 ministev

386 3505 524 3558 rium
556 3503 833 3575 eottjungit
883 3511 1100 3560 sanctus
1127 3501 1418 3575 Gregorius
1464 3501 1556 3557 ubi
1589 3500 1721 3555 dicit
1758 3508 1772 3555 :
1820 3498 1957 3555 Nam

385 3597 692 3653 sacerdotes
714 3612 835 3653 cum
870 3610 970 3667 per
997 3595 1285 3652 exorcismi
1325 3593 1553 3666 gratiam
1584 3602 1798 3651 manum
1841 3606 1956 3647 cre-

386 3688 635 3743 dentibus
667 3688 967 3758 imponunt,
999 3698 1053 3741 et
1080 3686 1306 3756 reliqua.
1350 3684 1556 3756 Acolyti
1595 3683 1957 3739 ministerium

388 3778 687 3832 invenimus
711 3778 893 3831 Aaron
922 3778 1189 3832 summum
1217 3774 1524 3845 pontiﬁcem
1553 3773 1606 3829 in
1657 3773 1772 3844 lege
1807 3772 1956 3828 ‘cele—

387 3874 590 3934 brasse,
618 3872 707 3927 ubi
738 3870 933 3925 dicitur
962 3868 1015 3923 in‘
1057 3868 1241 3924 Exodo
1281 3866 1350 3923 de
1390 3867 1628 3931 lucerna,
1678 3865 1748 3920 Et
1797 3864 1956 3947 collo-7

389 3962 579 4016 cadunt
605 3974 720 4015 eam
747 3958 923 4015 Aaron
950 3968 996 4013 et
1024 3957 1124 4028 ﬁlii
1170 3958 1302 4029 ejus.
1354 3958 1429 4013 De
1479 3958 1599 4013 istis
1634 3965 1717 4013 sat
1766 3962 1851 4013 est
1886 3954 1957 4012 ad

387 4048 863 4105 demonstrandum
903 4060 1338 4117 unumquemque
1377 4046 1709 4102 sacerdotem
1756 4046 1958 4103 habere

388 4141 442 4195 in
470 4153 529 4196 se
548 4138 789 4208 subjecta
823 4138 1122 4194 ministeria
1148 4154 1161 4191 :
1194 4137 1288 4192 sed
1315 4144 1538 4209 propter
1560 4134 1957 4191 multitudinem

387 4232 660 4286 hominum
690 4246 795 4285 non
816 4234 976 4302 posse
1005 4228 1154 4284 illum
1180 4228 1359 4285 omnia
1389 4226 1705 4296 adimplere,
1746 4240 1810 4280 ae
1837 4226 1958 4283 ideo

387 4321 624 4391 adiectos
672 4337 791 4379 esse
839 4321 941 4377 sibi
990 4320 1165 4375 socios
1214 4321 1306 4391 qui
1356 4320 1567 4374 minora
1606 4317 1957 4389 adimpleant.

386 4410 540 4467 Nunc
566 4412 698 4468 ordo
729 4411 989 4483 deposcit,
1018 4418 1280 4480 quantum
1326 4410 1585 4467 Dominus
1627 4410 1854 4478 dederit,
1898 4419 1959 4467 ut

387 4506 454 4562 de
482 4504 705 4576 singulis
731 4502 1009 4559 ordinibus
1039 4502 1279 4558 dicamus
1303 4501 1626 4572 specialiter.

948 4612 1218 4671 CAPUT
1262 4613 1393 4671 VII.

981 4685 1059 4739 De
1099 4686 1349 4739 ostiariis.

457 4776 675 4833 Ostiarii
699 4778 899 4833 habent
935 4776 1218 4830 exordium
1261 4788 1290 4828 a
1342 4774 1523 4831 Veteri
1571 4775 1952 4833 Testamento:

387 4868 476 4923 hic
504 4868 648 4922 enim
671 4868 931 4938 ianitores
957 4866 1306 4920 vocabantur.
1338 4865 1607 4936 Scriptum
1639 4875 1721 4922 est
1744 4868 1798 4923 in
1819 4868 1956 4928 libro

387 4958 833 5026 Paralipomenon
887 4956 1099 5026 primo:
1153 4954 1258 5011 Per
1298 4966 1526 5027 quatuor
1576 4969 1752 5014 ventos
1804 4971 1957 5018 erant

389 5052 614 5115 ostiarii,
637 5049 690 5101 id
716 5057 809 5111 est,
838 5048 907 5101 ad
933 5049 1200 5113 orientem,
1244 5049 1312 5102 ad
1338 5047 1671 5113 occidentem,
1702 5050 1771 5105 ad
1797 5054 1949 5124 aquiv

389 5143 557 5196 Ionem
583 5148 629 5193 et
653 5138 720 5193 ad
749 5147 1027 5192 austrum:
1057 5138 1243 5208 fratres
1279 5149 1449 5193 autem
1485 5150 1662 5193 eorum
1686 5143 1739 5197 in
1775 5143 1950 5197 vincu-

389 5234 454 5290 lis
477 5231 833 5297 morabantur,
864 5239 912 5283 et
935 5230 1201 5283 veniebant
1240 5231 1296 5284 in
1324 5227 1562 5284 Sabbatis
1603 5234 1713 5289 suis,
1736 5232 1800 5288 de
1823 5244 1950 5288 tem-

389 5336 513 5397 pore
556 5336 723 5396 usque
759 5325 829 5377 ad
874 5331 1092 5403 ternpus.
1145 5320 1242 5376 His
1289 5326 1515 5392 quatuor
1558 5322 1730 5381 lenitis
1757 5326 1959 5383 scilicet

393 5415 589 5471 Selium
631 5420 679 5468 et
709 5411 851 5466 Λειιὺ
879 5420 927 5466 et
974 5408 1165 5466 Elmon
1199 5416 1248 5465 et
1285 5412 1575 5479 Achimam,
1620 5416 1846 5471 creditus
1874 5426 1953 5471 est

393 5506 556 5559 omnis
582 5512 828 5558 nunterus
846 5502 1160 5573 ianitorum,
1196 5511 1243 5556 et
1286 5513 1434 5556 erant
1470 5512 1627 5574 super
1660 5507 1878 5562 credrae
1901 5519 1951 5563 et

393 5596 661 5647 Mesauros
687 5594 870 5647 domus
912 5592 1141 5646 Domini.
1188 5589 1292 5646 Per
1317 5608 1499 5663 gyrum
1546 5610 1746 5667 quoque
1775 5598 1950 5668 templi

397 5682 607 5738 Domini
631 5687 966 5739 morabarer
1006 5687 1058 5740 in
1087 5684 1335 5739 custodiis
1360 5676 1488 5751 suis,
1514 5697 1561 5741 et
1595 5696 1710 5742 cum
1752 5700 1949 5761 tempus

399 5774 573 5843 {uiam
600 5783 654 5827 ut
681 5776 778 5842 ipsi
809 5791 959 5830 mane
981 5776 1235 5844 aperirent
1274 5775 1441 5844 fores:
1483 5777 1545 5833 de
1578 5795 1755 5834 eorum
1800 5798 1948 5853 grege

2062 1952 2117 2011 in
2147 1951 2457 2019 ecclesiam,
2490 1953 2605 2027 ipse
2653 1957 2909 2014 ostiarius
2950 1964 3055 2015 est.
3106 1961 3260 2018 Unde
3303 1960 3642 2036 Augustinus

2060 2041 2113 2096 in
2145 2046 2382 2097 tractatu
2408 2057 2573 2114 super
2598 2036 2860 2111 Ioanuem
2905 2044 3313 2122 quadragesimo
3355 2056 3639 2111 secundo:

2057 2131 2171 2204 Ego
2200 2136 2312 2189 ueni
2335 2142 2393 2189 ut
2415 2136 2574 2190 vitam
2611 2137 2853 2203 habeant,
2895 2139 2999 2195 hoc
3047 2124 3135 2197 est
3159 2142 3339 2211 ﬁdem,
3390 2161 3513 2216 qua:
3542 2163 3642 2216 per

2059 2222 2397 2278 dilectionem
2428 2232 2704 2306 operatur,
2750 2240 2851 2298 per
2875 2238 3035 2299 quam
3066 2231 3226 2288 tidem
3273 2233 3331 2288 in
3375 2236 3516 2292 ovile
3559 2238 3639 2292 in-

2058 2315 2376 2388 grediuntur
2400 2328 2461 2374 ut
2487 2320 2692 2388 vivant,
2719 2324 2847 2392 quia
2884 2323 3067 2394 justus
3096 2338 3162 2383 ex
3193 2328 3297 2385 ﬁde
3323 2331 3479 2386 vivit.
3525 2332 3638 2390 lloc

2059 2411 2261 2469 donum
2308 2415 2496 2486 gratim
2539 2415 2772 2486 Spiritus
2813 2421 2983 2476 sancti
3016 2422 3323 2489 dinumerat
3360 2428 3636 2497 aposwlus

2058 2502 2275 2569 Paulus,
2298 2505 2388 2559 ubi
2421 2505 2591 2561 dicit?
2638 2508 2747 2564 Alii
2786 2502 2919 2580 ﬁdes
2959 2514 3013 2569 in
3044 2512 3222 2571 eadem
3244 2499 3465 2588 Spiritu.
3506 2520 3628 2577 Tria

2061 2590 2223 2650 habet
2248 2595 2381 2651 ﬁdes
2405 2615 2429 2665 εγ
2450 2612 2617 2653 unum
2646 2608 2750 2667 est,
2781 2610 2842 2656 ut
2886 2603 2956 2658 Sit
2983 2605 3205 2673 ostium,
3236 2616 3343 2677 quo
3385 2612 3555 2666 utitur
3578 2613 3631 2668 in

2058 2687 2311 2759 przesenti
2357 2689 2633 2756 ostiarius,
2669 2701 2725 2749 et
2770 2692 3020 2762 alterum,
3064 2707 3125 2753 ut
3160 2697 3232 2752 sit
3256 2700 3500 2769 expulsio
3528 2718 3631 2775 quo

2058 2775 2229 2836 utitur
2260 2777 2552 2846 exorcista,
2590 2790 2644 2835 et
2691 2783 2931 2851 tertlu'm,
2960 2793 3018 2840 ut
3067 2786 3141 2842 sit
3188 2791 3482 2859 munimen,
3526 2811 3631 2865 quo

2060 2866 2229 2953 utitur
2250 2868 2536 2940 presbyter
2562 2871 2619 2925 in
2651 2872 2754 2928 olei
2784 2875 3056 2944 unctione,
3107 2878 3248 2949 quod
3279 2881 3331 2935 in
3363 2898 3461 2939 suo
3494 2884 3625 2953 luco,

2059 2942 2285 3018 Domino
2313 2956 2607 3020 miserante
2629 2964 2829 3022 dictum
2864 2976 2966 3024 est.
3042 2942 3048 2944 ⁷
3123 2942 3156 2961 ”

2643 3078 2868 3139 CAPUT
2899 3080 3028 3140 Vill.

2625 3148 2697 3206 De
2750 3151 3045 3211 (coloribus.

1981 3200 2027 3263 δ
2127 3230 2353 3293 Esdram
2378 3237 2631 3297 lectorem
2654 3245 2980 3315 accipiamus
3004 3248 3057 3304 in
3074 3234 3253 3327 Veteri
3267 3252 3626 3323 Testamento,

2057 3326 2147 3383 ille
2194 3343 2295 3385 nos
2340 3331 2553 3388 docebit
2597 3335 2830 3404 qualiter
2876 3338 3058 3412 legere
3105 3342 3433 3412 debeamus,
3492 3349 3625 3403 sicut

2058 3421 2327 3492 scriptum
2366 3432 2451 3480 est
2491 3425 2545 3481 in
2579 3428 2803 3483 eodem:
2850 3429 3304 3508 Congregatusque
3343 3448 3419 3493 est
3464 3442 3629 3494 omnis

2056 3513 2279 3584 populus
2306 3516 2460 3586 quasi
2486 3517 2569 3571 uir
2592 3534 2726 3574 unus
2747 3520 2816 3573 ad
2839 3520 3088 3591 plateam,
3118 3526 3234 3597 qua?
3263 3528 3343 3582 eet
3377 3539 3496 3582 aute
3513 3547 3626 3599 por-

2058 3610 2165 3656 tam
2186 3598 2479 3673 Aquarum,
2523 3614 2579 3659 et
2620 3606 2864 3664 dixerunt
2892 3610 3079 3667 Esdrw
3103 3614 3287 3671 scriba:
3327 3626 3384 3671 ut
3423 3619 3625 3688 aﬂ'erret

2057 3693 2249 3748 librum
2278 3694 2405 3766 legis
2444 3695 2661 3771 Maysis.
2714 3699 2781 3756 Et
2837 3700 2960 3773 post
3006 3718 3215 3775 pauca:
3254 3706 3409 3763 Stetit
3457 3721 3624 3765 autem

2056 3785 2256 3843 Esdras
2278 3788 2449 3843 scriba
2470 3805 2625 3860 super
2648 3792 2869 3862 gradum
2896 3793 3143 3866 ligneum,
3169 3812 3317 3869 quem
3346 3800 3536 3871 fecerat
3561 3800 3623 3854 ad

2056 3879 2392 3952 loquendum,
2420 3890 2467 3935 et
2497 3882 2701 3953 aperuit
2726 3881 2924 3940 Esdras
2953 3885 3141 3941 librum
3164 3894 3339 3947 coram
3382 3893 3523 3945 onirti
3545 3904 3624 3960 po‘
3648 3883 3651 3886 ⁴

2055 3970 2178 4041 p’ula
2206 3987 2361 4042 super
2401 3987 2604 4027 omnem
2641 3976 2828 4047 quippe
2861 3976 3109 4048 populum
3135 3979 3411 4034 eminebat.
3441 3980 3621 4035 Levita

2057 4058 2320 4123 silentium
2361 4061 2621 4133 faciebant
2662 4065 2719 4121 in
2756 4065 2944 4136 populo
2983 4067 3054 4122 ad
3097 4070 3415 4125 audiendam
3446 4071 3617 4142 legem,

2056 4151 2278 4223 populus
2298 4164 2472 4208 autem
2495 4155 2669 4211 stabat
2690 4157 2744 4211 in
2765 4158 2933 4229 gradu
2958 4176 3072 4228 suo,
3097 4170 3144 4216 et
3169 4160 3403 4234 legerunt
3423 4165 3476 4218 in
3498 4164 3617 4217 libro

2058 4244 2184 4314 legis
2216 4244 2313 4299 Dei
2352 4245 2592 4301 distincte
2618 4257 2666 4303 et
2691 4258 2865 4319 aperte
2889 4249 2958 4305 ad
2998 4251 3410 4323 intelligendum.
3462 4253 3616 4322 Hujus

2055 4333 2354 4393 sacerdotis
2383 4341 2438 4389 et
2478 4335 2690 4402 scribae,
2733 4336 2941 4395 scilicet
2982 4339 3166 4395 Esdrze
3198 4354 3359 4412 opera
3406 4342 3614 4413 replicat

2057 4424 2340 4495 episcopus
2385 4424 2437 4479 in
2473 4426 2720 4482 oratione
2750 4438 2844 4482 sna
2889 4428 2955 4481 ad
2996 4427 3273 4495 lectorem,
3314 4431 3517 4495 dicens,
3560 4441 3611 4485 ut

1980 4558 2034 4623 Β
2058 4515 2374 4571 aSsiduitate
2419 4515 2708 4572 lectionum
2744 4516 2816 4573 sit
2856 4526 3015 4589 aptus
3062 4521 3417 4591 pronuntiare
3460 4523 3608 4575 verba

2057 4608 2202 4673 vitae,
2245 4615 2300 4663 et
2327 4607 2524 4664 mentis
2566 4622 2631 4665 ac
2672 4609 2820 4665 vocis
2860 4611 3202 4667 distinctione
3232 4614 3431 4685 populo
3470 4631 3608 4670 mon-

2057 4704 2231 4753 strare
2259 4697 2633 4769 intelligibilia.
2666 4694 2781 4754 Hoc
2823 4700 3183 4755 ministerium
3219 4704 3525 4759 continetur
3561 4704 3607 4757 in

2057 4790 2197 4844 dono
2223 4790 2409 4860 gratia:
2433 4790 2550 4857 Dei,
2581 4791 2646 4846 de
2670 4804 2777 4860 quo
2798 4791 2929 4846 dicit
2955 4788 3242 4862 Apostolus
3263 4808 3283 4847 :
3312 4796 3420 4850 Alii
3453 4812 3609 4851 sermo

2054 4881 2285 4935 scientiis
2310 4880 2595 4935 secundum
2620 4882 2855 4937 eumdem
2874 4884 3133 4954 spiritum.
3164 4884 3274 4941 Nos
3299 4888 3443 4941 enim
3470 4887 3611 4958 spiri-

2055 4968 2273 5025 tualiter
2301 4970 2528 5026 lectores
2555 4985 2740 5028 sumus
2781 4973 2995 5043 quando
3036 4974 3103 5030 de
3133 4976 3372 5032 moribus
3401 4976 3607 5035 instrui-

2052 5064 2170 5119 t'nus
2198 5058 2426 5131 aliquem
2447 5061 2736 5117 intrantem
2765 5063 2819 5118 in
2845 5063 3209 5120 Christianum
3234 5067 3510 5138 populum.

2671 5169 2896 5229 CAPUT
2934 5173 3025 5231 1X.

2641 5242 2714 5299 De
2750 5245 3038 5299 exorcistis.

2123 5328 2262 5387 Dicit
2284 5330 2429 5388 Beda
2459 5334 2512 5390 in
2543 5341 2776 5391 tractatu
2808 5348 2970 5406 super
3010 5336 3177 5396 Actus
3211 5342 3568 5410 apostolorum
3591 5366 3619 5413 εΔ

2054 5420 2241 5485 Refert
2287 5418 2550 5495 Josepbus
2599 5440 2779 5499 regem
2836 5426 3177 5487 Salomonem
3240 5434 3606 5504 excogitasse,

2054 5522 2311 5585 suamque
2339 5520 2547 5587 gentem
2576 5517 2822 5574 docuisse
2850 5521 3038 5576 modos
3076 5521 3387 5589 exorcismi,
3432 5523 3487 5578 id
3507 5531 3603 5583 est.

2053 5602 2457 5673 eonjurationis,
2507 5606 2700 5675 quibus
2732 5608 2991 5664 immundi
3044 5611 3264 5681 Spiritus
3313 5613 3518 5684 expulsi
3541 5612 3604 5665 ab

2055 5694 2537 5759 homine,_ulterius
2559 5696 2756 5752 reverti
2779 5714 2885 5754 non
2911 5709 3035 5754 sunt
3059 5700 3193 5756 ausi.
3224 5700 3451 5768 Quando
3470 5702 3603 5757 idem

2054 5785 2328 5843 ordinatur
2358 5786 2553 5859 accipit
2599 5788 2855 5853 libellum”,
2888 5791 2939 5845 in
2972 5808 3078 5862 quo
3117 5793 3314 5865 scripta
3355 5804 3432 5853 est
3454 5808 3599 5850 exor-
