3938 6178
367 405 501 463 Ili85

1120 399 1208 454 DE
1246 393 1796 459 ECCLESIASTICIS
1829 392 2120 450 OFFICIIS
2154 392 2334 447 LIBRI
2373 391 2461 449 IV.
2502 423 2570 436 -
2607 393 2734 447 LIB.
2776 393 2838 447 II.

3479 393 3610 447 1086

361 520 578 584 cizatio,
605 526 660 572 et
690 515 837 571 audit
874 514 942 569 ab
974 512 1227 583 episc0po
1271 519 1332 565 ut
1374 510 1570 564 habeat
1609 514 1932 579 potestatem
1959 510 2011 569 Α
2034 516 2283 577 patenum
2317 515 2374 562 et
2395 506 2639 561 calicem.
2668 506 2991 562 Subdiacuni
3033 514 3320 574 sequentes
3345 505 3436 573 qui
3464 507 3613 563 acci—

360 623 583 665 manum
610 602 916 676 imponendi
945 618 1108 674 super
1130 614 1572 673 cnergumenum.
1597 599 1709 655 Hoc
1733 599 1934 654 donum

362 700 554 768 gratim
580 697 676 752 Dei
700 696 768 751 ad
798 695 955 750 ﬁdem
991 694 1245 764 pertinet.
1284 692 1389 747 Iste
1413 700 1498 746 est
1526 690 1795 746 secundus
1822 704 1938 746 mo-

363 792 464 845 dus
497 787 623 844 ﬁdei
650 802 748 858 per
777 784 1149 857 expulsionem
1184 780 1401 838 diaboli.
1448 780 1600 836 Unde
1627 779 1759 835 dicit
1800 778 1937 833 Mat-

363 881 570 937 tliceus:
597 881 759 936 Amen
790 876 904 930 dico
933 876 1095 939 vobis,
1134 875 1179 927 si
1203 873 1488 927 habueritis
1532 870 1709 941 ﬁdem,
1743 879 1795 925 et
1834 887 1938 925 non

361 969 748 1033 bwsitaueritis,
774 984 875 1021 non
909 966 1079 1020 solum
1112 965 1175 1020 de
1218 963 1441 1033 ﬁculnea
1488 962 1729 1032 facietis;
1768 961 1863 1016 sed
1888 972 1935 1017 et

358 1064 409 1119 si
434 1061 599 1115 monti
640 1060 762 1113 huic
796 1056 1057 1121 dixeritis,
1086 1054 1231 1111 Tolle
1253 1065 1318 1121 te,
1351 1064 1396 1109 et
1428 1055 1579 1125 jacio
1621 1063 1670 1107 te
1708 1053 1763 1106 in
1793 1069 1938 1107 mare

358 1157 468 1225 ﬁet.
504 1152 813 1208 Moraliter:
860 1151 919 1205 Si
964 1150 1087 1220 quis
1137 1164 1234 1220 per
1274 1150 1550 1203 orationes
1579 1160 1709 1205 suas
1747 1145 1936 1200 vitium

365 1240 559 1301 diaboli
584 1241 821 1314 potuerit
850 1239 1115 1312 expellere
1140 1240 1206 1294 de
1246 1238 1487 1303 homine,
1530 1236 1801 1293 exoreiista
1829 1243 1932 1290 est.

994 1349 1219 1407 CAPUT
1250 1349 1317 1404 Χ.

959 1421 1036 1475 De
1063 1420 1335 1493 acolytltis.

429 1513 722 1587 Acolythus
750 1513 817 1568 ab
860 1512 1038 1568 Aaron
1064 1520 1119 1566 et
1145 1512 1265 1567 ﬁliis
1285 1513 1401 1583 ejus
1426 1521 1604 1566 sumat
1631 1509 1932 1580 exemplum

359 1608 445 1664 sui
496 1606 802 1661 ministerii.
859 1603 1129 1675 Scriptum
1178 1613 1263 1661 est
1310 1605 1364 1658 in
1413 1603 1640 1658 Exodo:
1698 1601 1936 1671 Przecipe

360 1698 488 1754 ﬁliis
524 1697 711 1761 Israel,
737 1705 798 1751 ut
832 1694 1059 1751 aﬁ'erant
1087 1694 1182 1753 tibi
1206 1694 1385 1749 oleum
1426 1693 1494 1747 de
1525 1692 1808 1747 arboribus
1836 1690 1937 1744 oli-

358 1802 573 1852 varum,
600 1786 941 1857 purissimum
967 1784 1182 1855 piloque
1203 1791 1511 1848 contusum,
1551 1790 1612 1836 ut
1637 1780 1825 1835 ardeat
1854 1778 1936 1832 Iu-

2036 599 2190 662 piunt
2219 599 2289 657 ab
2333 599 2714 655 arcltidiaoono
2754 597 3028 653 urceolum
3074 592 3144 652 ad
3184 600 3603 654 ministrandnm

2036 691 2219 745 vinum
2259 691 2313 746 in
2336 690 2719 747 eucharistiam
2748 690 2992 760 corporis
3034 688 3256 743 Christi.
3293 689 3400 759 Ipsi
3444 691 3610 749 etiam

2038 781 2310 851 accipiunt
2343 781 2604 851 scyphum
2630 782 2831 837 manile
2856 797 2977 837 cum
3009 784 3366 850 manutergio.
3416 781 3607 840 Merito

2038 872 2106 927 ab
2153 872 2538 927 archidiacono
2587 871 2974 941 suscipiuntur,
3025 870 3150 940 quia
3199 870 3252 924 in
3292 869 3408 939 ejus
3454 869 3610 939 adju-

2036 964 2176 1018 torio
2200 964 2500 1019 consecrati
2530 970 2674 1017 sunt.
2705 962 3076 1018 Subdiaconus
3122 964 3456 1034 regionarius
3484 975 3612 1020 tem-

2034 1073 2167 1127 pore
2194 1056 2445 1112 sacriﬁcii
2493 1056 2682 1111 statin
2723 1056 2858 1114 facie
2884 1056 3191 1127 pontiﬁcis:
3237 1056 3358 1111 ideo
3389 1073 3611 1113 necesse

2034 1158 2119 1205 est
2158 1159 2219 1204 ut
2246 1151 2636 1219 subsequentes
2680 1150 2987 1205 necessaria
3024 1166 3055 1204 a
3099 1149 3231 1207 foris
3276 1152 3607 1207 ministrent.

2037 1240 2410 1297 Snbdiaconus
2458 1241 2579 1297 ideo
2622 1242 2820 1296 dicitur
2846 1284 2862 1308 ,
2905 1243 3034 1312 quia
3080 1244 3182 1298 sub
3241 1245 3467 1301 diacono
3500 1254 3584 1302 est

2034 1332 2114 1386 Ad
2170 1348 2336 1388 unum
2404 1331 2717 1402 mysterium
2763 1341 3188 1386 consecrantur:
3256 1333 3612 1389 subdiaconus

2032 1440 2158 1479 vasa
2194 1425 2382 1480 altaris
2436 1424 2504 1478 ad
2555 1438 2677 1477 eum
2737 1424 2932 1490 defert,
2975 1425 3090 1494 ipse
3137 1441 3266 1480 vero
3309 1424 3379 1478 ad
3415 1424 3607 1486 altare,

2033 1521 2093 1569 ut
2131 1515 2185 1569 in
2210 1531 2277 1570 eo
2318 1515 2569 1584 disponat
2602 1531 2721 1584 quae
2760 1516 3089 1584 disponenda
3125 1526 3270 1581 sunt,
3296 1525 3458 1586 atque
3487 1517 3613 1573 inde

2033 1606 2283 1677 recipiat,
2312 1614 2371 1661 ut
2401 1607 2574 1662 bonus
2598 1607 2938 1675 dispensator
2959 1607 3025 1661 de
3052 1623 3236 1662 mensa
3268 1607 3479 1662 Domini
3505 1608 3609 1664 sui.

2032 1696 2198 1752 Miror
2223 1710 2327 1766 qua
2351 1697 2416 1751 de
2441 1710 2500 1751 re
2527 1704 2771 1766 sumptus
2799 1712 2930 1751 usus
2957 1696 3011 1751 in
3047 1696 3272 1752 ecclesia
3317 1707 3523 1764 nostra,
3554 1707 3615 1753 ut

2032 1789 2393 1846 subdiaconus
2418 1787 2855 1857 frequentissime
2894 1787 3037 1857 legat
3080 1787 3364 1843 lectionem
3394 1788 3459 1842 ad
3485 1789 3617 1844 mis-

357 1894 523 1936 cerua
547 1892 760 1947 semper
788 1877 842 1931 in
870 1875 1219 1930 tabernaculo
1244 1873 1535 1929 testimonii
1560 1881 1714 1928 extra
1735 1870 1931 1934 velum.
1963 1882 2010 1941 B
2037 1893 2155 1933 sam
2179 1892 2302 1932 cum
2333 1877 2437 1932 hoc
2459 1892 2565 1931 non
2600 1877 2900 1946 reperiatur
2924 1892 2988 1932 ex
3032 1876 3332 1931 ministerio
3362 1877 3463 1933 sibi
3485 1878 3612 1933 dato

359 1971 503 2043 quod
551 1984 847 2041 appensum
883 1976 968 2023 est
1008 1967 1340 2030 testimonio,
1385 1968 1447 2021 et
1489 1965 1775 2021 Collocabit
1815 1977 1936 2018 eam

357 2065 542 2119 Aaron
572 2071 626 2118 et
660 2061 754 2117 ﬁlii
783 2061 918 2133 ejus.
955 2059 1106 2129 Quod
1130 2060 1203 2114 ita
1241 2052 1384 2113 Beda
1428 2057 1481 2112 in
1521 2056 1658 2111 libro
1686 2055 1847 2111 tertio
1870 2053 1938 2108 de

360 2149 747 2208 tabernaculo:
807 2150 1076 2220 Disposito
1134 2148 1281 2205 omni
1331 2155 1527 2203 ornatu
1581 2144 1932 2208 tabernaculi,

358 2250 754 2315 consequenter
793 2241 956 2297 etiam
997 2241 1177 2296 lumen
1210 2239 1443 2299 lucerna:
1488 2236 1828 2308 praevidetur,
1877 2240 1938 2289 ut

361 2335 529 2391 decor
554 2335 668 2406 ejus
694 2333 1026 2390 admirabilis
1063 2333 1204 2389 sicut
1229 2331 1484 2394 interdiu,
1516 2330 1715 2384 lumine
1747 2327 1932 2391 solari,

360 2427 437 2481 ita
470 2427 633 2482 etiam
664 2434 824 2482 noctu
851 2423 1083 2478 ﬂammis
1108 2421 1470 2477 lucornalibus
1494 2418 1811 2481 illustretur,
1838 2432 1935 2472 ne-

360 2534 468 2590 que
496 2533 732 2588 unquam
760 2516 813 2575 in
844 2515 1004 2570 domo
1031 2513 1126 2568 Dei
1172 2512 1366 2582 aliquis
1404 2510 1745 2565 tenebrarum
1788 2507 1941 2563 locus

360 2609 542 2679 aliqua
597 2608 912 2665 umbrarum
954 2604 1125 2676 possit
1170 2604 1303 2658 hora
1351 2608 1655 2673 suppetere.
1684 2598 1778 2654 ille
1813 2612 1936 2655 cum

360 2699 661 2765 ordinatur,
718 2697 918 2770 accipit
969 2698 1037 2751 ab
1099 2695 1481 2759 archidiacono
1529 2691 1933 2747 ceroierarium.

361 2790 541 2857 Quare
587 2791 688 2849 hoc
734 2789 897 2853 faciat
942 2788 1177 2843 Isidorus
1211 2786 1392 2842 dicit:
1442 2783 1692 2854 Acolytbi
1724 2781 1935 2846 Glauce,

319 2881 553 2948 ,Latine
607 2881 901 2944 conferarii
966 2881 1219 2935 dicuntur
1278 2894 1308 2933 a
1364 2876 1707 2947 deportandis
1764 2875 1939 2929 cereis

361 2976 579 3047 quando
606 2975 887 3047 legendum
932 2981 1015 3028 est
1058 2971 1426 3044 Evangelium,
1474 2977 1566 3024 aut
1613 2967 1938 3025 sacriﬁcium

360 3066 717 3127 offerendum.
769 3067 920 3127 Tune
967 3066 1112 3123 enim
1156 3066 1522 3125 accenduntur
1557 3062 1839 3126 luminaria
1867 3062 1941 3118 ab

361 3162 462 3226 eis,
509 3168 565 3214 et
605 3160 975 3231 deportantur,
1024 3172 1131 3213 non
1177 3157 1245 3213 ad
1304 3154 1614 3229 eﬁugandas
1660 3154 1933 3218 tenebras,

362 3254 491 3309 dum
516 3251 685 3308 soleo
715 3259 953 3321 tempore
984 3248 1189 3315 rutilat,
1236 3247 1332 3303 sed
1370 3247 1439 3301 ad
1482 3246 1699 3316 signum
1743 3245 1939 3302 laetitias

362 3344 859 3402 demonstrandum.
887 3341 998 3396 Hoc
1018 3341 1215 3397 donum
1236 3340 1303 3396 ad
1324 3336 1656 3411 prophetiam
1679 3338 1935 3408 pertinet.

363 3430 654 3502 Postquam
704 3432 940 3489 imbutus
986 3428 1151 3485 fuerit
1201 3430 1371 3484 homo
1390 3427 1459 3483 de
1504 3427 1769 3493 moribus,
1796 3427 1939 3496 quod

362 3534 449 3580 est
500 3525 732 3595 primum
782 3524 980 3579 donum
1027 3522 1285 3587 scientias,
1327 3534 1549 3579 necesse
1596 3528 1681 3576 est
1726 3527 1788 3574 ut
1831 3518 1939 3575 ire»

362 3623 596 3686 quenter
622 3614 973 3669 admoneatur
998 3613 1278 3669 sententiis
1327 3609 1731 3681 Scripturarum
1756 3625 1940 3665 sacra~

364 3721 507 3762 rum.
541 3704 694 3760 Sicut
726 3705 868 3759 enim
908 3705 1046 3776 ignis
1074 3704 1328 3761 incensus
1350 3704 1730 3774 exstinguitur,
1759 3704 1803 3759 si
1831 3719 1938 3760 non

364 3796 731 3853 addiderimus
783 3795 1063 3850 fomenta:
1114 3794 1193 3851 sic
1228 3796 1399 3867 prima
1447 3796 1689 3851 doctrina
1738 3797 1938 3853 exstin-

365 3889 571 3960 guitur,
635 3887 734 3942 nisi
792 3885 1101 3956 frequenter
1150 3888 1337 3942 eadem
1386 3896 1670 3957 reparatur
1714 3888 1939 3945 diversis

366 3979 671 4035 sententiis.
718 3977 833 4034 Duo
861 3984 985 4034 sunt
1027 3975 1204 4034 ofﬁcia
1233 3979 1503 4049 prophetae
1529 3996 1542 4032 :
1574 3994 1735 4037 unum
1760 3988 1820 4034 ut
1843 3981 1939 4035 ob-

366 4083 559 4126 scuros
603 4080 794 4125 sensus
842 4068 1137 4139 Scriptum
1196 4068 1496 4125 dilucidet:
1555 4069 1786 4124 alterum
1818 4110 1832 4132 ,
1881 4076 1942 4123 ιιι

369 4163 551 4217 futura
582 4162 814 4217 nuntiet.
848 4161 938 4216 Ille
966 4169 1051 4216 est
1071 4162 1215 4217 enim
1243 4162 1592 4231 spiritualitcr
1634 4162 1937 4233 acolythus,

369 4254 463 4325 qui
492 4253 670 4325 ignem
698 4253 847 4308 verbi
877 4252 1132 4316 cmlestis,
1156 4260 1265 4322 quo
1290 4264 1345 4308 et
1362 4252 1727 4308 illuminentur
1745 4253 1941 4308 fratres

370 4344 438 4401 ad
487 4344 905 4417 agnoscendum,
959 4350 1014 4399 et
1060 4344 1459 4400 inﬁammentur
1500 4347 1568 4401 ad
1612 4346 1936 4416 diligendum

371 4436 562 4501 Deum,
591 4436 934 4508 phedicando
960 4435 1248 4489 ministrat.

997 4544 1223 4603 CAPUT
1250 4545 1340 4600 XI.

934 4636 1010 4692 De
1036 4637 1387 4693 subdiaconis.

445 4732 767 4789 Subdiaconi
795 4731 845 4784 in
895 4728 1075 4784 Veteri
1110 4728 1454 4783 Testamento
1502 4729 1683 4782 multis
1729 4730 1781 4782 in
1808 4729 1940 4783 locis

374 4826 635 4880 Νειὺίηωὶ
663 4823 1022 4895 appellantur,
1053 4820 1209 4891 quale
1234 4828 1318 4874 est
1342 4819 1469 4875 illud
1498 4819 1549 4873 in
1589 4819 1790 4877 Esdra:
1825 4817 1940 4872 Na~

374 4918 553 4972 thimci
600 4915 699 4987 ﬁlii
727 4913 861 4979 Isai,
900 4913 998 4985 ﬁlii
1030 4910 1226 4976 Susan,
1257 4919 1312 4966 et
1338 4910 1562 4980 reliqua.
1609 4909 1677 4966 Et
1701 4910 1935 4964 iterum:

380 5006 661 5062 llabitabat
706 5004 1058 5075 unusquisque
1101 5002 1157 5054 in
1188 5000 1511 5071 possessione
1555 5008 1603 5052 et
1644 4999 1697 5052 iu
1727 4996 1939 5051 urbibus

374 5098 505 5161 suis,
532 5105 580 5150 et
607 5092 920 5157 sacerdotes,
954 5091 1141 5155 levitw,
1173 5090 1460 5154 Nathimri,
1488 5098 1536 5142 et
1577 5088 1677 5157 ﬁlii
1702 5087 1941 5145 Salomo-

376 5191 480 5253 nis,
506 5197 611 5242 etc.
644 5184 712 5241 Ut
735 5183 969 5239 Isidorus
1004 5168 1155 5244 dicit,
1204 5178 1463 5235 Νειιὶιίηωί
1496 5178 1939 5250 interpretantur,

376 5282 429 5336 in
459 5277 760 5335 humilitate
785 5274 1010 5330 Domino
1051 5273 1366 5328 servientes.
1412 5272 1488 5328 De
1516 5270 1831 5327 ministeriis
1851 5284 1944 5326 eo-

380 5386 499 5426 rum
527 5370 668 5425 idem
699 5366 863 5423 dicit:
926 5362 1163 5433 Denique
1201 5363 1286 5419 isti
1327 5364 1625 5419 oblationes
1652 5360 1702 5417 in
1747 5363 1943 5431 templo

380 5461 593 5519 Domini
623 5458 921 5527 suscipiunt
946 5471 976 5509 a
1016 5453 1247 5525 populis,
1290 5454 1379 5508 isti
1452 5453 1708 5509 obediunt
1750 5453 1944 5509 ofﬁciis

380 5551 685 5612 levitarum.
733 5547 821 5602 isti
866 5552 1079 5617 quoque
1115 5558 1244 5598 vasa
1289 5544 1530 5614 corporis
1575 5554 1630 5598 et
1670 5544 1946 5613 sanguiis

382 5640 582 5696 Chrfsti
610 5638 851 5693 diaconis
876 5637 943 5691 ad
969 5634 1157 5690 altaria
1190 5634 1400 5689 Domini
1426 5633 1679 5688 oﬁ'erunt.
1712 5632 1815 5704 Ipsi
1849 5649 1942 5689 vo-

383 5738 575 5783 cantur
615 5728 753 5797 apud
800 5725 1015 5780 (ἔικεοε
1059 5722 1400 5785 imbrium,
1440 5723 1579 5793 apud
1609 5736 1709 5782 nos
1735 5723 1948 5779 subdia-

385 5822 528 5878 coni.
556 5821 619 5877 lli
659 5822 873 5893 quando
905 5820 1237 5886 ordinantur,
1265 5819 1565 5888 suscipiunt
1605 5819 1673 5873 ab
1696 5819 1945 5890 episcopo

2038 1968 2092 2022 in
2116 1967 2523 2023 consecratione
2543 1967 2913 2033 commissum,
2935 1982 3110 2036 neque
3139 1982 3206 2020 ex
3230 1965 3423 2022 litteris
3451 1984 3614 2045 cano-

2035 2060 2194 2125 nicis,
2218 2074 2394 2130 neque
2424 2075 2491 2116 ex
2520 2060 2737 2115 nomine
2767 2075 2886 2116 suo.
2942 2058 3331 2123 Subdiaconus,
3376 2068 3434 2114 ut
3462 2075 3611 2115 mon~
3638 2116 3641 2123 _

2037 2157 2271 2205 stratum
2299 2158 2403 2215 est,
2433 2150 2652 2217 dicitur,
2683 2150 2810 2221 quia
2859 2149 2959 2204 sub
3001 2150 3227 2206 diacono
3268 2158 3353 2205 est
3382 2149 3609 2221 positus.

2035 2240 2093 2296 In
2114 2240 2311 2309 quibus
2338 2241 2500 2295 rebus
2536 2239 2613 2293 illi
2657 2240 2903 2295 subditus
2931 2239 3023 2304 sit,
3057 2239 3394 2296 consecratio
3420 2237 3536 2308 ejus
3561 2245 3617 2303 et

2034 2333 2294 2389 canonica
2322 2333 2590 2388 institutio
2617 2341 2941 2399 monstrant,
2976 2333 3031 2388 id
3073 2340 3185 2402 est,
3219 2340 3279 2387 ut
3306 2333 3375 2387 in.
3399 2331 3485 2387 bis
3514 2331 3614 2387 mi-

2037 2425 2232 2480 nistret
2277 2424 2526 2489 diacono,
2557 2440 2678 2493 quae
2722 2433 2954 2495 aguntur
2986 2424 3133 2480 circa
3179 2424 3370 2479 altaris
3407 2423 3607 2480 ofﬁcia.

2036 2516 2173 2572 Nam
2211 2517 2468 2587 primaevo
2496 2525 2741 2586 tempore
2765 2517 3024 2573 diaconus
3055 2532 3161 2572 non
3193 2516 3402 2587 legebat
3432 2516 3609 2591 Evan-

2035 2609 2254 2683 geiium,
2280 2608 2422 2679 quod
2450 2608 2687 2663 nondum
2720 2616 2841 2664 erat
2870 2608 3165 2678 scriptum:
3196 2606 3303 2664 Sed
3326 2616 3609 2678 postquam

2035 2708 2299 2756 statutum
2326 2706 2411 2755 est
2452 2715 2483 2754 a
2510 2700 2755 2770 patribus
2790 2699 3011 2766 uestris,
3038 2709 3099 2755 ut
3125 2701 3383 2757 diaconus
3410 2697 3614 2771 legeret

2037 2793 2409 2863 Evangelium,
2456 2801 2761 2851 statueruut
2792 2801 2852 2849 ut
2898 2801 2953 2849 et
3000 2792 3361 2851 subdiaconus
3407 2792 3611 2865 legeret

2035 2881 2317 2954 epistolam
2340 2881 2455 2937 sive
2490 2881 2798 2937 lectionem.

2637 2965 2863 3023 CAPUT
2910 2966 3026 3023 XII.

2107 3105 2365 3162 Ordinem
2409 3106 2493 3162 rei
2524 3035 3155 3163 attctg‘eitgigtctfniisibconi
3209 3115 3264 3164 et
3310 3108 3613 3181 presbyteri

1963 3226 2008 3287 ρ
2039 3204 2201 3270 atque
2227 3200 2483 3270 episcopi,
2512 3199 2626 3255 sive
2655 3196 3011 3256 dili‘erentiam
3056 3194 3428 3256 assumendum
3457 3216 3486 3255 a
3513 3198 3614 3255 Ve-

2039 3290 2138 3345 teri
2173 3290 2520 3345 Testamento
2557 3300 2778 3348 sanctus
2820 3291 3179 3363 Hieronymus
3207 3290 3363 3347 nobis
3392 3276 3619 3347 demoti;

2036 3386 2173 3435 stra:
2202 3396 2267 3435 ex
2304 3380 2541 3449 Epistula
2572 3381 2638 3435 ad
2661 3381 2947 3450 Evagrium
2975 3383 3375 3451 presbyterum,
3398 3382 3612 3436 dicens:

2036 3464 2103 3528 Et
2147 3480 2208 3527 ut
2247 3472 2482 3527 sciamus
2534 3471 2852 3527 traditiones
2893 3473 3216 3542 apostolicus
3266 3479 3506 3541 sumptas
3546 3472 3615 3528 de

2035 3548 2217 3616 Veteri
2263 3561 2630 3626 Testamento,
2681 3560 2824 3631 quod
2870 3562 3052 3617 Aaron
3082 3572 3135 3617 et
3180 3561 3277 3616 ﬁlii
3308 3560 3420 3631 ejus
3450 3568 3612 3632 atque

2037 3651 2232 3719 levita},
2256 3654 2309 3708 in
2334 3654 2534 3723 templo
2556 3650 2791 3718 fuerunt,
2815 3654 2919 3709 hoc
2938 3654 3040 3709 sibi
3067 3653 3301 3724 episcopi
3326 3661 3381 3708 et
3401 3654 3617 3724 presby-

2037 3744 2137 3798 teri
2189 3752 2246 3798 ct
2290 3743 2501 3800 diaconi
2553 3745 2607 3798 in
2657 3740 2899 3799 Ecclesia
2946 3745 3240 3799 vindicent.
3287 3743 3488 3814 Asper
3517 3744 3615 3799 hos

2037 3842 2384 3890 tecm-ramus
2425 3836 2492 3891 ad
2522 3835 2689 3892 Vetus
2714 3830 3144 3899 Testamentum,
3186 3836 3241 3891 et
3279 3835 3617 3905 inquiratnus

2036 3925 2195 3998 quale
2214 3935 2358 3982 esset
2384 3924 2743 3982 ministerium
2779 3924 3064 3982 levitarum
3092 3926 3145 3981 in
3186 3926 3421 3996 templo:
3469 3925 3616 3981 Scri-

2036 4032 2185 4099 ptum
2206 4032 2290 4076 est
2330 4023 2384 4077 in
2408 4021 2546 4078 libro
2586 4020 2967 4088 Numerorum,
3003 4021 3237 4093 capitulo
3262 4021 3485 4089 quinto:
3514 4019 3617 4073 Lo-

2037 4112 2287 4186 cutusque
2310 4122 2381 4169 cs‘t
2408 4114 2665 4169 Dominus
2713 4112 2782 4168 ad
2835 4112 3073 4184 Moysen,
3123 4111 3342 4165 dicens:
3395 4111 3615 4181 Applica

2038 4207 2229 4263 tribum
2272 4205 2414 4269 Leri,
2448 4206 2608 4276 et'fac
2633 4215 2773 4261 stare
2816 4208 2871 4259 in
2911 4210 3185 4273 conspectu
3226 4202 3403 4256 Aaron
3443 4212 3615 4255 sacer-

2038 4288 2198 4351 dotis,
2226 4297 2281 4339 ut
2312 4284 2606 4340 ministrent
2634 4286 2700 4349 ei,
2732 4294 2781 4337 et
2815 4282 3067 4337 excubeut
3094 4291 3142 4337 et
3172 4279 3438 4335 observent
3460 4279 3614 4350 quid-

2036 4374 2161 4445 quid
2201 4375 2269 4428 ad
2293 4374 2488 4427 cultum
2518 4373 2737 4442 pertinet
2779 4369 3135 4426 multitudinis
3172 4384 3348 4423 coram
3376 4369 3615 4423 taberna-

2039 4463 2156 4517 cqu
2195 4463 2495 4529 testimonii,
2540 4472 2588 4517 et
2621 4462 2916 4516 custodiunt
2959 4476 3085 4515 vasa
3127 4459 3475 4523 tabernaculi,
3506 4475 3616 4514 ser-

1962 4580 2016 4642 D
2040 4551 2231 4605 cientes
2260 4552 2314 4604 in
2336 4552 2625 4605 ministerio
2664 4551 2797 4621 ejus.
2845 4550 2986 4604 Ecce
3026 4548 3384 4604 ministerium
3411 4546 3615 4602 audivi-

2042 4654 2161 4699 ntus
2203 4643 2511 4709 levitarum,
2544 4643 2599 4697 id
2626 4651 2728 4707 est,
2768 4641 2978 4712 vigilias
3017 4640 3073 4695 in
3100 4637 3322 4709 templo,
3348 4648 3406 4694 et
3431 4639 3615 4695 obser-

2040 4739 2284 4795 rationes
2310 4751 2512 4801 rerum,
2561 4744 2681 4805 quae
2724 4734 2997 4804 pertinent
3032 4734 3100 4788 ad
3129 4731 3333 4788 cultum
3371 4731 3615 4787 alterna-

2040 4831 2145 4887 euli
2175 4829 2291 4884 sive
2322 4842 2596 4882 vasorum.
2622 4822 2688 4879 Et
2731 4824 2890 4894 paulo
2915 4833 3037 4894 post
3062 4841 3075 4877 :
3128 4822 3357 4895 Cetturae
3382 4822 3612 4879 inuolue-

2039 4922 2146 4976 t'int
2194 4921 2371 4972 Aaron
2426 4929 2475 4972 et
2518 4917 2618 4986 [itii
2645 4916 2761 4986 ejus
2787 4916 3147 4970 sanctuarium
3180 4924 3237 4969 ,ει
3284 4915 3457 4969 omnia
3490 4930 3611 4968 uasa

2038 5014 2154 5083 ejus
2199 5011 2255 5065 in
2283 5009 2623 5063 commotione
2672 5019 2984 5071 castrorum,
3029 5015 3152 5061 tunc
3180 5004 3446 5060 intrabunt
3500 5002 3603 5071 ﬁlii

2044 5103 2231 5167 Coath,
2264 5111 2320 5154 ut
2346 5108 2547 5171 portent
2578 5100 2832 5153 involuta.
2865 5098 2932 5153 Et
2957 5098 3102 5153 istud
3141 5094 3499 5151 ministerium
3519 5109 3609 5149 eo-

2044 5204 2183 5257 rum,
2209 5198 2271 5245 ut
2290 5196 2507 5260 portent
2531 5189 2584 5245 in
2630 5188 2821 5243 itinere
2850 5202 3066 5243 omnem
3096 5184 3479 5256 supellcctilem
3524 5190 3607 5237 ta~

2042 5279 2338 5343 bet-nacuii,
2369 5279 2497 5349 quin
2525 5286 2582 5333 et
2605 5278 2781 5348 ipsum
2822 5276 3245 5338 tabernaculum,
3276 5274 3416 5328 sicut
3451 5272 3502 5325 in
3530 5285 3610 5327 se-

2042 5368 2333 5437 quentibus
2362 5367 2838 5422 demonstrabitur.
2870 5364 2983 5421 Hoc
3016 5372 3097 5419 est
3135 5360 3370 5416 ofﬁcium
3394 5358 3608 5415 familiae

2043 5457 2541 5522 Gersonitarum,ut
2561 5464 2778 5527 portent
2803 5454 3039 5509 cortinas
3066 5448 3411 5510 tabernaculi,
3439 5456 3493 5503 et
3525 5457 3606 5504 te-

2043 5558 2187 5605 ctum
2209 5547 2446 5611 fmderis,
2462 5547 2851 5618 operimentum
2877 5544 3045 5608 aliud,
3061 5549 3118 5596 et
3131 5540 3357 5610 reliqua.
3383 5539 3458 5595 De
3486 5539 3609 5596 ﬁliis

2041 5638 2212 5695 Caath
2239 5640 2439 5694 dicitur
2464 5639 2655 5713 utsint
2695 5635 2803 5693 sub
2840 5648 3001 5688 manu
3048 5630 3270 5687 Eleazar
3308 5629 3399 5685 ﬁlii
3427 5630 3606 5684 Aaron

2045 5730 2355 5785 sacerdotis.
2390 5731 2464 5784 De
2496 5730 2631 5791 istis,
2673 5738 2731 5782 ut
2760 5728 2866 5782 sint
2893 5724 2995 5779 sub
3038 5738 3199 5777 manu
3248 5723 3482 5778 Ithamar
3510 5718 3605 5775 ﬁlii

2045 5820 2222 5876 Aaron
2272 5819 2582 5883 sacerdotis,
2636 5822 2688 5873 et
2728 5816 2941 5879 dicitur,
2978 5823 3037 5870 ut
3082 5828 3113 5869 a
3144 5813 3417 5884 trigesimo
3465 5826 3603 5873 anno
