3938 6178
416 390 549 445 1087

1428 390 1758 445 AMALARII
1797 388 2226 444 PRESBYTER!
2267 389 2606 445 METENSIS

3485 400 3604 458 1088.

410 527 582 582 usque
607 514 672 568 ad
693 511 1190 583 quinquagesimum
1217 511 1523 566 ministrent
1557 512 1609 566 in
1639 509 1980 565 tabernaculo
2011 510 2056 566 A
2084 520 2295 575 cunque
2326 506 2436 561 sit;
2469 523 2588 577 quae
2629 508 2682 562 in
2715 508 2892 562 Veteri
2941 508 3279 566 Testamento
3327 515 3600 583 agebantur,

408 603 651 660 hederis.
685 606 757 659 Ex
795 606 896 659 isto
916 604 1054 659 libro
1084 602 1442 658 Numerorum
1463 612 1518 658 et
1537 619 1602 657 ex
1642 603 1823 657 verbis
1859 617 1982 656 san-

411 697 484 751 cti
530 696 863 767 Hieronymi,
895 697 986 766 qui
1035 712 1135 751 nos
1155 696 1308 766 jubet
1337 695 1665 750 diﬂ‘erentias
1703 710 1982 750 sacrorum

410 789 659 843 ordinum
715 803 927 842 sumere
973 804 1003 842 a
1050 788 1231 842 Veteri
1280 788 1630 843 Testamento
1663 829 1678 853 ,
1727 789 1986 843 discimus

412 879 770 934 ministerium
797 896 917 935 esse
941 879 1269 943 Levitarum,
1290 889 1351 935 ut
1369 880 1674 934 custodiant
1700 880 1986 934 ecclesiam

414 979 469 1022 ct
497 985 624 1024 vasa
652 969 791 1037 ejus,
825 978 987 1041 atque
1034 971 1451 1041 supellcctilem,
1494 985 1701 1025 necnon
1728 971 1890 1024 etiam
1932 977 1988 1022 et

409 1075 530 1128 qua:
565 1062 872 1115 necessaria
909 1069 1032 1114 sunt
1061 1061 1305 1115 ecclesiae
1329 1069 1548 1131 portare
1571 1077 1666 1130 per
1706 1061 1830 1124 iter,
1863 1075 1988 1129 por-

410 1161 544 1208 tent.
573 1153 913 1223 Quapropter
939 1154 991 1207 in
1019 1153 1324 1207 Sardicensi
1347 1152 1577 1207 concilio
1601 1160 1862 1206 statutum
1883 1161 1984 1215 est,

408 1253 467 1296 ut
496 1243 899 1312 qualescunque
931 1259 1122 1312 preces
1163 1243 1452 1297 habuerint
1488 1242 1726 1312 episcopi
1774 1242 1842 1296 ad
1885 1259 1984 1311 pa-

409 1335 620 1399 latium,
671 1336 885 1390 diaconi
927 1351 1020 1390 eas
1067 1336 1362 1407 perferant.
1393 1337 1469 1390 ita
1516 1337 1777 1406 scriptum
1810 1345 1893 1391 est
1932 1337 1986 1390 in

410 1443 552 1482 nono
583 1427 820 1497 capitulo
863 1429 1146 1503 memorati
1193 1429 1444 1483 concilii:
1490 1429 1808 1498 Quicunque
1835 1444 1984 1499 ergo,

409 1521 597 1590 quales
627 1521 878 1591 superius
903 1521 1321 1574 memoravimus
1349 1535 1536 1590 preces
1571 1521 1880 1584 habuerint,
1905 1519 1992 1574 vel

408 1613 738 1682 acceperint,
767 1627 864 1682 per
893 1613 1178 1667 diaconum
1220 1628 1375 1665 suum
1414 1611 1648 1676 mittant,
1695 1611 1821 1679 quia
1861 1626 1988 1681 per-

409 1721 538 1761 sona
570 1707 802 1761 ministri
831 1706 1093 1760 invidiosa
1123 1721 1230 1759 non
1267 1713 1369 1771 est,
1403 1713 1458 1759 et
1484 1705 1709 1774 reliqua.
1734 1705 1870 1772 Quia
1893 1721 1989 1758 au-

407 1795 642 1850 divimus
673 1795 1032 1850 ministerium
1060 1795 1270 1850 diaconi
1299 1811 1365 1849 ex
1391 1794 1573 1850 Veteri
1616 1794 1983 1858 Testamenta,

2088 600 2275 654 umbra
2305 609 2464 654 erant
2487 600 2810 656 futurorum.
2844 602 3092 657 Dicamus
3110 604 3338 658 breviter
3355 609 3481 668 (ιιιοὰ
3503 625 3603 667 sett-

2086 689 2269 745 timus.
2301 691 2442 746 Deus
2471 692 2619 746 dabit
2647 692 2919 756 doctores,
2947 693 3039 761 qui
3081 693 3267 749 melius
3291 698 3604 765 explanabunt

2086 791 2336 837 conatum
2386 792 2651 838 nostrum.
2693 782 2796 837 Per
2840 800 3054 848 manus,
3083 799 3240 854 opera
3271 786 3602 858 intelligimus;

2085 888 2182 942 per
2207 873 2422 942 digitos,
2451 874 2590 928 dona
2621 872 2856 943 Spiritus
2881 876 3072 928 sancti.
3099 875 3154 928 ln
3184 878 3424 932 membris
3448 879 3606 935 imma-

2087 965 2172 1019 nis
2202 981 2305 1018 non
2335 975 2418 1019 est
2455 966 2629 1035 major
2666 966 2920 1021 discretio
2971 967 3350 1033 membrorum,
3391 985 3530 1039 quam
3561 973 3618 1031 in,

2087 1056 2288 1126 digitis,
2317 1072 2380 1112 ac
2414 1073 2510 1126 per
2540 1058 2643 1112 hoc
2674 1057 2906 1112 discreta
2930 1059 3067 1112 dona
3095 1056 3326 1126 Spiritus
3349 1062 3504 1116 sancti
3529 1078 3609 1132 per

2087 1163 2181 1201 eos
2215 1157 2606 1202 monstrantur.
2634 1147 2806 1219 Caput
2832 1149 2998 1213 enim,
3029 1149 3316 1220 principale
3338 1152 3515 1206 mentis
3531 1151 3604 1207 de-

2088 1239 2283 1309 signat.
2339 1237 2668 1308 Scripsimus
2711 1239 2763 1292 in
2808 1241 3061 1308 praesenti
3103 1240 3353 1309 opusculo
3399 1258 3458 1295 ex
3483 1242 3624 1295 dictis.

2089 1330 2261 1384 sancti
2289 1329 2592 1399 Augustini,
2637 1347 2742 1385 non
2771 1330 2902 1384 dare
2936 1331 3206 1401 apostolos
3234 1331 3473 1401 Spiritum
3506 1347 3608 1387 san-

2087 1429 2232 1476 ctum
2271 1439 2285 1475 :
2318 1422 2411 1476 sed
2437 1437 2595 1476 orare
2615 1430 2674 1476 ut
2703 1423 2913 1477 veniret
2940 1439 3102 1493 super
3126 1439 3219 1478 eos
3249 1425 3430 1493 quibus
3456 1440 3610 1479 manus

2089 1511 2452 1581 imponebant.
2489 1512 2643 1568 Unde
2688 1513 2949 1584 scriptum
2997 1522 3084 1568 εει
3129 1515 3181 1567 in
3217 1514 3356 1568 libro.
3394 1514 3612 1569 Numero-

2089 1619 2208 1658 rum
2233 1622 2246 1657 :
2282 1603 2350 1658 Et
2379 1604 2513 1658 dixit
2537 1603 2794 1658 Dominus
2820 1604 2889 1658 ad
2931 1604 3151 1675 Moysen
3180 1619 3198 1656 :
3238 1603 3486 1676 Cangrega
3512 1606 3611 1658 mihi
3622 1647 3626 1662 ς

2088 1696 2416 1766 septuaginta
2459 1695 2602 1750 viros
2629 1695 2693 1750 de
2733 1695 3024 1750 senioribus
3060 1694 3247 1758 Israel,
3278 1712 3396 1768 quos
3430 1705 3480 1748 tu
3504 1695 3612 1749 nosti

2086 1785 2227 1856 quod
2268 1803 2415 1840 senes
2440 1786 2621 1857 populi
2664 1787 2769 1841 sint
2807 1804 2869 1841 ac
2906 1787 3170 1858 magistri,
3219 1797 3266 1842 et
3303 1787 3444 1841 duces
3469 1804 3542 1840 eos
3562 1785 3615 1838 ad

411 1886 689 1940 videamus
716 1900 932 1940 causam
963 1886 1392 1940 consecrationis
1419 1883 1534 1953 ejus
1556 1901 1622 1940 ex
1647 1885 1816 1940 Novo.
1848 1885 1987 1940 Scri-

2101 1879 2291 1932 ostium
2317 1877 2646 1932 tabernaculi
2671 1877 2900 1946 (aderis,
2944 1878 3206 1950 faciesque
3227 1879 3296 1932 ibi
3315 1889 3442 1932 stare
3460 1888 3629 1942 tecum”

405 1990 558 2048 ptum
582 1985 667 2032 est
694 1978 746 2031 in
777 1975 1004 2031 Actibus
1043 1977 1409 2046 apostolorum
1439 1994 1453 2030 :
1481 1975 1834 2031 Convocantes
1861 1976 1991 2030 duo-

405 2069 573 2122 decim
600 2067 992 2123 multitudinem
1023 2067 1417 2139 discipulorum,
1446 2069 1687 2124 dixerunt
1712 2085 1732 2123 :
1769 2068 1885 2123 Non
1907 2076 1993 2124 est

405 2176 619 2230 tequum
651 2175 749 2215 nos
778 2159 1154 2229 derelinquere
1191 2161 1415 2215 verbum
1448 2160 1566 2226 Dei,
1595 2169 1652 2216 et
1680 2161 1992 2215 ministrare

407 2249 631 2304 mensis.
662 2248 1001 2304 Considerate
1026 2267 1168 2320 ergo,
1209 2249 1422 2318 fratres,
1448 2251 1586 2305 viros
1603 2267 1668 2304 ea:
1704 2249 1848 2305 vobis
1870 2250 1994 2304 boni

405 2340 686 2394 testimonii
711 2348 924 2409 septem,
947 2338 1125 2410 plenos
1166 2339 1370 2412 Spiritu
1403 2350 1582 2395 sancto
1623 2351 1672 2395 et
1709 2343 1986 2412 sapientia,

408 2449 538 2503 quos
569 2433 949 2486 constituamus
976 2449 1132 2503 super
1156 2437 1254 2486 hoc
1274 2451 1402 2503 opus
1428 2449 1447 2488 :
1480 2451 1573 2488 nos
1603 2450 1728 2488 vero
1762 2435 1989 2489 orationi

406 2535 456 2579 et
481 2525 773 2578 ministerio
801 2524 940 2579 verbi
969 2523 1223 2578 instantes
1269 2525 1483 2582 erimus.
1535 2525 1689 2581 Unde
1717 2524 1988 2596 Hierony-

408 2630 529 2670 mus
553 2615 619 2669 ad
650 2615 898 2670 eumdem
922 2630 1084 2685 quem
1129 2629 1328 2684 supra:
1385 2615 1508 2670 Non
1550 2625 1625 2671 est
1666 2617 1904 2687 dignum,
1933 2626 1990 2671 ut

406 2708 753 2781 relinquentes
796 2708 1001 2763 verbum
1034 2709 1148 2772 Dei,
1182 2709 1532 2764 nzinistremus
1560 2710 1769 2764 mensis.
1805 2708 1990 2765 Sciant

405 2817 574 2870 quare
609 2801 818 2855 diaconi
855 2800 1133 2856 constituti
1164 2808 1290 2854 sunt
1322 2819 1335 2854 :
1376 2799 1556 2872 legant
1592 2799 1728 2856 Acta
1773 2809 1990 2871 aposto—

406 2887 604 2950 lorum,
655 2885 1010 2941 recordentur
1052 2886 1378 2941 conditionis
1406 2901 1538 2940 suaa.
1587 2886 1656 2940 Et
1698 2886 1761 2940 in
1797 2887 1987 2941 eadem

411 2979 681 3050 superius,
713 2979 841 3048 quid
871 2979 1076 3048 patitur
1105 2994 1416 3033 mensarum
1445 2987 1500 3033 et
1522 2978 1804 3033 viduarum
1829 2979 1989 3034 mini-

406 3072 553 3126 ater?
573 3069 926 3139 Perspicuum
938 3077 1022 3124 est
1035 3084 1150 3123 esse
1166 3066 1524 3124 ministerium
1541 3068 1752 3127 illorum
1770 3069 1825 3124 in
1837 3068 1987 3125 Novo

407 3160 774 3226 Testamento,
804 3168 862 3214 ut
884 3158 1110 3216 all‘erant
1137 3175 1257 3230 qua:
1285 3160 1529 3230 ponenda
1555 3160 1756 3216 suntin
1800 3175 1988 3216 mensa

409 3250 626 3306 Domini
658 3250 724 3304 ad
750 3249 975 3306 cmleste
994 3250 1321 3315 convivium,
1353 3259 1412 3306 et
1435 3250 1722 3320 disponant
1742 3267 1806 3307 ea
1827 3266 1992 3322 super

410 3343 577 3399 illam.
608 3343 904 3399 Audiamus
931 3359 1074 3398 nunc
1103 3343 1582 3398 consecrationem.
1609 3343 1881 3414 Scriptum
1909 3351 1994 3400 est

408 3436 464 3491 in
488 3435 624 3491 libro
641 3444 940 3490 memoratu
954 3434 1121 3490 Actus
1153 3434 1519 3506 apostolorum
1538 3453 1550 3488 :
1577 3434 1644 3489 Et
1665 3433 1860 3506 placuit
1884 3452 1994 3490 ser-

408 3543 493 3581 mo
533 3543 710 3582 coram
741 3528 880 3581 omni
924 3526 1278 3591 multitudine,
1302 3537 1350 3581 et
1373 3526 1636 3596 elegerunt
1669 3526 1992 3597 Stephanum

409 3620 579 3673 virum
617 3618 827 3689 plenum
864 3618 970 3688 ﬁde
1009 3627 1056 3672 et
1108 3616 1306 3688 Spiritu
1349 3627 1623 3684 sancto,et
1665 3617 1990 3688 Philippum.

411 3711 476 3767 Et
520 3711 685 3766 Paulo
736 3721 898 3781 post:
963 3710 1073 3766 IIos
1129 3719 1419 3766 statuerunt
1483 3721 1605 3765 ante
1661 3718 1992 3782 conspectum

409 3805 804 3874 apostolorum:
847 3813 894 3858 et
952 3813 1180 3869 orantes,
1240 3805 1599 3875 imposuerunt
1657 3802 1730 3856 eis
1782 3818 1987 3856 manus.

411 3896 476 3950 Et
519 3895 730 3949 libellus
775 3895 994 3966 quidam
1046 3895 1187 3966 apud
1232 3911 1332 3950 nos
1383 3894 1449 3949 de
1497 3893 1670 3949 sacris
1709 3893 1992 3948 ordinibus

410 3987 591 4042 nescio
635 3986 787 4056 cujus
834 3988 1072 4043 auctoris
1101 4029 1117 4054 ,
1179 3989 1271 4058 qui
1334 3988 1529 4053 dicit,
1559 3986 1733 4042 solum
1791 3987 1993 4055 episco-

407 4096 536 4150 pum
596 4080 793 4136 debere
858 4096 1050 4136 manus
1116 4081 1391 4152 imponere
1442 4093 1604 4149 super
1663 4079 1986 4134 diaconum:

409 4173 536 4242 quia
577 4186 685 4226 non
720 4171 787 4227 ad
819 4171 1180 4227 sacerdotium
1213 4178 1585 4236 consecratur,
1633 4169 1728 4224 sed
1767 4168 1834 4223 ad
1891 4167 1994 4221 mi-

409 4262 711 4318 nisterium.
773 4261 1022 4332 Nunquid
1076 4262 1309 4333 scriptor
1353 4260 1519 4316 libelli
1560 4259 1773 4316 doctior
1831 4267 1992 4327 atque

409 4356 649 4412 sanctior
700 4355 1002 4426 apostolis?
1053 4355 1146 4424 qui
1209 4361 1510 4424 posuerunt
1562 4352 1746 4425 plures
1797 4367 1992 4408 manus

408 4465 571 4520 super
596 4450 850 4506 diaconos
869 4448 1086 4519 quando
1111 4448 1596 4513 consecrabantur,
1627 4456 1682 4502 et
1705 4455 1990 4518 propterea

2016 3207 2063 3270 Β

2097 1979 2144 2022 et
2165 1968 2477 2022 descendam
2509 1978 2558 2022 et
2597 1967 2785 2040 loquar
2805 1969 2916 2034 tibi,
2947 1979 2995 2024 et
3017 1970 3257 2040 auferam
3281 1970 3340 2024 de
3361 1971 3526 2040 spiritu
3545 1979 3614 2023 tua

2098 2058 2408 2129 traduntque
2441 2059 2535 2114 eis.
2579 2059 2697 2114 Non
2741 2059 2917 2115 dixit:
2947 2060 3118 2115 Aufer
3146 2061 3213 2115 de
3245 2061 3426 2130 spiritu
3455 2068 3550 2124 tuo,
3573 2067 3615 2113 et

2099 2148 2252 2202 trade
2271 2149 2387 2213 eis;
2424 2150 2542 2214 sed,
2588 2148 2828 2204 auferam
2855 2159 2913 2204 et
2941 2151 3176 2206 tradam.
3219 2151 3285 2206 Et
3318 2151 3462 2222 paulo
3479 2161 3612 2222 post:

2099 2240 2475 2312 Descenditque
2499 2241 2758 2296 Dominus
2783 2259 2876 2314 per
2915 2243 3127 2308 nubem,
3164 2253 3212 2298 et
3252 2243 3442 2298 locutus
3465 2258 3528 2297 est
3561 2243 3614 2296 ad

2097 2347 2235 2384 eum.
2287 2331 2539 2402 Auferens
2567 2331 2631 2386 de
2671 2333 2860 2402 spiritu
2897 2334 2985 2405 qui
3020 2335 3215 2388 eratin
3242 2333 3428 2404 Moyse,
3450 2344 3490 2388 et
3514 2334 3612 2386 dans

2097 2423 2427 2492 septuaginta
2457 2423 2596 2477 viris.
2625 2422 2812 2493 Neque
2837 2424 2926 2480 hic
2966 2425 3130 2490 dixit,
3165 2426 3305 2496 quod
3339 2424 3524 2496 Moyses
3543 2423 3614 2476 da-

2098 2522 2200 2578 ret,
2226 2514 2319 2568 sed
2351 2512 2610 2570 Dominus
2647 2514 2813 2570 dedit.
2840 2514 2946 2570 Per
2963 2515 3361 2586 impositionem
3382 2529 3609 2578 manuum,

2097 2621 2261 2676 opera
2309 2604 2544 2677 Spiritus
2571 2608 2746 2662 sancti
2775 2607 3147 2679 intelligimus.
3182 2608 3294 2664 Non
3325 2608 3453 2662 enim
3476 2605 3614 2660 adhuc

2097 2709 2182 2754 est
2205 2699 2350 2754 Deus
2369 2700 2547 2754 omnia
2579 2701 2633 2755 in
2657 2701 2924 2756 omnibus.
2956 2701 3012 2756 In
3052 2703 3237 2772 aliquo
3271 2710 3349 2758 est
3375 2698 3616 2771 sapientia,

2098 2791 2152 2846 in
2183 2791 2372 2861 aliquo.
2393 2791 2545 2856 lides,
2570 2792 2624 2846 in
2653 2791 2833 2862 aliquo
2871 2793 3069 2864 pietas,
3114 2795 3167 2848 in
3213 2793 3386 2864 aliquo
3413 2791 3620 2850 mstitas,

2096 2883 2150 2937 in
2175 2882 2356 2952 aliquo
2379 2882 2675 2938 humilitas.
2703 2883 2814 2939 Hoc
2850 2884 3033 2940 valent
3077 2885 3320 2956 plurima:
3360 2897 3524 2939 manus
3541 2896 3612 2935 su-

2096 2993 2196 3048 per
2227 2988 2386 3049 caput
2411 2976 2553 3046 ejus,
2578 2979 2669 3048 qui
2696 2989 3065 3045 consecratur,
3101 2990 3162 3036 ut
3186 2980 3522 3050 unusquisque
3544 2975 3614 3029 dc-

2097 3079 2350 3140 precetur
2385 3071 2692 3133 Dominum,
2723 3082 2992 3143 quatenus
3023 3085 3238 3145 partem
3265 3075 3327 3130 de
3352 3072 3519 3144 spiritu
3539 3082 3614 3123 suo

2099 3162 2190 3217 det
2213 3162 2282 3217 ei.
2318 3161 2377 3216 Si
2412 3163 2556 3216 enim
2593 3163 2714 3232 quis
2761 3163 2994 3220 voluerit
3043 3167 3231 3222 dicere
3272 3165 3394 3236 quid
3437 3171 3616 3217 necesse

2093 3261 2178 3308 est
2201 3253 2361 3309 toties
2391 3254 2668 3324 imponere
2696 3271 2888 3312 manus
2932 3273 3101 3328 super
3139 3259 3316 3330 capita
3357 3269 3520 3311 eorum
3541 3249 3613 3320 qui

2094 3346 2516 3400 consecrantur?
2561 3345 2913 3416 lmponuntur
2955 3348 3106 3403 enim
3152 3363 3313 3420 Super
3355 3346 3612 3402 diaconum.

2093 3434 2444 3506 imponuntur
2491 3447 2678 3506 postea
2708 3452 2870 3508 super
2896 3441 3298 3511 presbyterum.
3326 3437 3487 3506 Quare
3509 3429 3615 3488 hoc?

2093 3525 2198 3581 nisi
2213 3525 2338 3595 quia
2357 3540 2455 3596 per
2480 3528 2944 3584 consecrationem
2963 3529 3031 3584 de
3052 3547 3219 3601 Opere
3242 3531 3306 3586 ad
3325 3542 3447 3599 opus
3473 3537 3612 3580 trans-

2095 3615 2156 3680 it,
2191 3617 2332 3673 sicut
2361 3618 2427 3673 de
2464 3618 2768 3674 ministerio
2797 3619 3009 3676 diaconi
3037 3624 3233 3678 transit
3261 3622 3325 3677 ad
3346 3614 3613 3676 immolatio-

2094 3723 2217 3762 nem
2248 3710 2662 3766 sacerdotalem.
2694 3710 2958 3780 Quoniam
2997 3730 3103 3770 nec
3131 3715 3256 3770 illud
3287 3729 3430 3785 Opus,
3463 3724 3544 3765 nec
3566 3706 3612 3759 il-

2093 3797 2182 3852 lud
2209 3813 2495 3868 possumus
2525 3815 2705 3872 agere,
2729 3803 2833 3858 nisi
2857 3804 2998 3859 dono
3028 3807 3222 3876 gratiae
3260 3805 3351 3860 Dei
3373 3800 3537 3870 adjuti,
3567 3804 3616 3850 ut

2091 3889 2417 3960 Apostolus:
2449 3892 2592 3949 Deus
2617 3894 2765 3949 enim
2789 3903 2874 3951 est
2911 3897 3003 3966 qui
3038 3906 3302 3968 operatur
3326 3897 3376 3950 in
3411 3891 3537 3947 vobis
3573 3896 3621 3941 et-

2091 3980 2227 4037 velle
2253 3989 2308 4037 et
2335 3985 2548 4054 operari
2575 4000 2673 4055 pro
2701 3985 2843 4041 bona
2874 3987 3179 4044 voluntate.
3232 3985 3487 4058 Repetitur
3521 3993 3612 4035 ma-

2091 4088 2194 4128 nus
2221 4073 2514 4145 impositio,
2547 4091 2610 4131 ac
2638 4075 2949 4148 deprecatio
2983 4079 3147 4149 primi
3171 4080 3348 4150 operis
3375 4077 3542 4132 transit
3561 4069 3612 4123 ad

2091 4168 2528 4237 deprecationem
2559 4169 2803 4225 secundi.
2846 4169 3077 4227 Additur
3116 4187 3280 4227 unum
3308 4163 3622 4225 ministerium.

2091 4258 2322 4323 diaconi,
2367 4259 2420 4314 id
2448 4271 2555 4326 est,
2583 4269 2642 4315 ut
2672 4261 2815 4332 legat
2854 4261 3207 4334 Evangelium
3236 4261 3372 4333 quod
3398 4260 3447 4314 in
3473 4255 3620 4327 primo

2091 4360 2331 4422 tempore
2359 4369 2472 4407 non
2505 4353 2804 4424 legebatur,
2846 4355 3063 4426 quando
3107 4356 3406 4426 Stephanus
3442 4345 3612 4404 {uitia—

2092 4453 2211 4500 ctus
2235 4444 2512 4499 diaconus.
2557 4445 2628 4500 Ut
2661 4446 2872 4516 opinor,
2902 4446 3142 4501 nondum
3175 4454 3327 4501 erant
3367 4435 3612 4509 Evangelii

407 4545 554 4601 solus
580 4543 864 4615 episcopus
892 4549 1056 4612 ponat
1080 4555 1298 4594 manum
1325 4555 1489 4609 super
1517 4539 1829 4604 diaconum,
1852 4555 1919 4595 ac
1941 4539 1985 4594 si
2011 4557 2066 4620 ι)
2091 4536 2310 4608 scripta.
2353 4537 2589 4592 Diacono
2614 4537 2888 4609 Evangelii
2921 4537 3083 4593 lectio
3113 4535 3377 4599 convenit,
3406 4530 3611 4587 minister

407 4637 554 4692 solus
579 4635 750 4704 possit
773 4632 980 4705 precari
997 4633 1251 4687 virtutem
1276 4631 1592 4701 gratiarum,
1615 4645 1775 4699 quam
1801 4628 1986 4698 plures

409 4726 634 4796 apostoli
663 4724 1054 4796 precabantur?
1076 4724 1158 4777 An
1189 4721 1329 4777 forte
1357 4722 1475 4777 ideo
1507 4735 1614 4776 non
1642 4719 1874 4790 imponit
1897 4735 1988 4775 sa-

409 4819 600 4874 cerdos
621 4832 838 4871 manum
860 4832 1023 4887 super
1041 4831 1188 4879 eum,
1214 4815 1304 4882 qui
1331 4814 1398 4869 ad
1418 4813 1732 4868 diaconatus
1749 4810 1982 4868 cilicium

409 4915 776 4971 consecratur,
809 4917 868 4960 ut
889 4924 996 4962 non
1026 4907 1282 4976 ﬁatquod
1308 4907 1421 4976 ipse
1446 4912 1554 4968 est,
1589 4903 1644 4959 id
1689 4914 1774 4959 est
1799 4918 1984 4960 sacer-

411 4998 539 5053 dos?
580 4996 637 5052 Si
669 4997 743 5050 ita
783 5005 886 5059 est,
918 5011 1018 5051 nec
1062 4998 1373 5066 episcopum
1414 5002 1628 5064 oportet
1665 4994 1715 5050 ei
1761 5010 1981 5050 manum

411 5091 708 5161 imponere,
739 5098 798 5142 ut
829 5104 935 5142 non
971 5089 1066 5142 (lat
1091 5089 1392 5158 episcopus.
1439 5086 1591 5153 Quod
1623 5087 1669 5142 si
1697 5095 1985 5158 propterea

411 5188 623 5253 oportet
657 5179 707 5234 ei
747 5179 1057 5248 episcopum
1100 5193 1319 5232 manum
1361 5177 1659 5248 imponere,
1691 5178 1818 5248 quia
1869 5178 1984 5248 ipse

409 5283 532 5330 orat
549 5289 648 5344 pro
671 5285 758 5338 eo,
787 5287 896 5326 non
923 5270 1070 5326 solus
1102 5269 1189 5325 ille
1209 5278 1347 5334 orat,
1395 5269 1491 5326 sed
1537 5285 1727 5326 omnes
1751 5270 1846 5341 qui
1893 5270 1983 5340 pie

411 5367 697 5422 intendunt
717 5363 895 5420 verbis
915 5361 1173 5434 episcopi,
1205 5378 1270 5418 ac
1292 5371 1471 5417 mente
1508 5363 1761 5418 retinent.
1791 5363 1979 5418 Imita-

410 5457 486 5512 tio
511 5458 907 5527 episcoporum,
947 5451 1310 5523 apostolorum
1337 5452 1534 5507 chorus
1562 5460 1664 5506 est.
1705 5450 1979 5521 Optimum

408 5557 512 5613 est,
550 5550 722 5604 bonos
749 5548 913 5601 duces
941 5545 1114 5615 sequi,
1170 5544 1262 5615 qui
1304 5551 1651 5598 certaverunt
1696 5556 1868 5613 usque
1911 5544 1979 5598 ad

407 5641 622 5712 plenam
644 5639 947 5694 victoriam.
975 5636 1114 5704 Quia
1143 5636 1211 5692 de
1255 5635 1596 5706 impositione
1623 5651 1818 5689 manus
1844 5634 1978 5707 legi-

408 5747 549 5794 mus,
571 5744 690 5799 qute
710 5738 983 5798 assumpta
1003 5737 1086 5783 est
1110 5745 1142 5782 a
1169 5728 1348 5784 Veteri
1377 5727 1748 5793 Testamento,
1776 5729 1975 5784 bonum

411 5829 490 5875 est
521 5818 791 5889 inquirere
817 5817 944 5886 quid
988 5817 1268 5887 signiticet.
1315 5816 1626 5889 Mysterium
1669 5829 1750 5874 est
1793 5819 1975 5888 quale-

2088 4637 2190 4686 est.
2217 4630 2464 4686 imitatur
2487 4646 2610 4685 eum
2655 4631 2748 4701 qui
2789 4630 2960 4686 dixit:
3013 4627 3138 4685 Non
3189 4630 3300 4685 veni
3345 4626 3608 4681 ministram

2086 4725 2178 4780 sed
2205 4726 2527 4780 ministrare.
2569 4725 2816 4792 Quandiu
2852 4724 3201 4796 Evangelium
3237 4721 3468 4778 Christus
3496 4728 3608 4784 prin:

2085 4815 2304 4879 dicavit,
2343 4815 2590 4872 ntinister
2617 4814 2773 4870 nobis
2812 4813 3060 4870 Christus
3087 4813 3259 4868 factus
3298 4818 3394 4874 est,
3421 4801 3540 4877 quod
3566 4800 3609 4854 in

2087 4906 2636 4967 novissimo-ostendit
2667 4913 2789 4960 ante
2816 4905 3240 4961 immolationem
3274 4917 3434 4964 suam,
3465 4909 3606 4967 quan-

2087 4998 2158 5050 do
2188 4995 2322 5050 lavit
2352 4996 2519 5066 pedes
2553 4994 2966 5065 discipulorum..
2988 4995 3163 5051 liabet
3193 4993 3436 5048 diaconus
3457 4996 3504 5044 et
3533 4984 3608 5037 do-

2088 5105 2216 5144 num
2245 5089 2560 5159 prophetize.
2605 5088 2674 5144 Et
2737 5088 2949 5148 merito,
2981 5088 3104 5157 quia
3131 5086 3245 5157 ejus
3263 5083 3493 5152 {ungitur
3515 5072 3604 5130 olli-

2083 5181 2188 5244 cio,
2219 5180 2287 5236 de
2331 5195 2438 5251 quo
2485 5181 2688 5237 dictum
2716 5186 2828 5234 est:
2872 5175 3352 5250 Prapltetamuobis
3377 5165 3604 5228 suseitabit

2084 5270 2340 5325 Dominus
2371 5270 2435 5325 de
2478 5270 2731 5341 fratribus
2779 5270 2984 5334 vestris,
3038 5278 3285 5340 tanquam
3325 5281 3420 5329 me,
3464 5263 3601 5329 ipsi!"

2081 5363 2277 5417 audite.
2315 5363 2384 5418 Et
2423 5363 2615 5418 iterum
2654 5363 2708 5417 in
2754 5361 3084 5434 Evangelio:
3137 5357 3390 5430 Propheta
3417 5361 3600 5424 ’³⁸9⁷³⁸⁸

2083 5455 2308 5508 surrexit
2337 5455 2390 5508 in
2428 5454 2592 5508 nobis.

2668 5543 2894 5601 CAPUT
2930 5541 3065 5600 XIII.

2646 5632 2724 5689 De
2759 5633 3086 5703 presbyteris.

2155 5725 2455 5796 Presbyteri
2519 5725 2845 5794 deputantur
2899 5725 2950 5778 in
2998 5724 3114 5780 loco
3164 5719 3381 5775 filiorum
3423 5711 3588 5768 Aaron-

2084 5818 2356 5890 Scriptum
2399 5824 2480 5874 cst
2527 5817 2578 5872 in
2611 5815 2746 5872 libro
2780 5815 3150 5873 Numerorum.
3186 5811 3308 5869 lich
3333 5805 3522 5862 nomina
3543 5796 3590 5852 ﬂ-
