3938 6178
308 207 452 265 1089

1062 212 1151 268 DE
1188 211 1731 269 ECCLESIASTICIS
1768 210 2053 269 OFFICIIS
2090 214 2265 269 LIBRI
2300 212 2387 270 iV.
2428 247 2498 257 —
2536 215 2659 270 LIB.
2700 217 2753 270 ll.

3406 218 3546 274 l090

298 324 502 381 liorutn
533 325 710 382 Aaron
755 327 1113 394 sacerdotum,
1147 331 1239 399 qui
1268 331 1415 385 uncti
1449 336 1598 396 sunt,
1639 344 1867 400 quorum
1897 331 1947 388 Α
1971 329 2182 384 clesiam
2210 331 2439 396 Domini,
2463 346 2622 402 quam
2647 333 2915 403 acquisivit
2931 349 3022 402 per
3035 334 3341 404 sanguinem
3369 349 3544 388 suum.

296 415 505 486 repleta
532 426 617 471 est
633 418 1041 474 consecratione
1079 435 1293 487 manus,
1321 429 1379 475 ut
1419 420 1722 476 sacerdotio
1752 418 1873 473 fitn-

294 515 574 576 gerentur.
603 507 757 563 Hunc
792 524 999 565 morem
1045 518 1231 566 tenent
1252 511 1486 583 episcOpi
1529 512 1723 576 nostri,
1753 526 1872 566 ma-

291 611 402 653 nus
429 598 865 670 presbyterorum
890 608 1097 672 ungunt
1126 600 1192 656 de
1232 601 1375 656 oleo.
1406 599 1749 657 Manifestum
1789 610 1874 657 est

290 702 396 747 cur
419 693 523 747 hoc
552 690 773 757 lbeiant,
801 701 862 746 ut
887 692 1101 747 mundae
1136 693 1267 759 sint,
1307 694 1376 748 ad
1406 692 1735 749 oll'erendam
1776 694 1873 747 ho-

287 784 459 838 etiam
525 782 652 847 Deo,
705 791 761 837 et
809 782 974 852 largas
1021 784 1087 837 ad
1157 793 1353 839 cattera
1403 783 1584 839 ofﬁcia
1634 783 1871 854 pietatis.

284 873 601 944 Utrumque
622 875 935 945 designatur
957 889 1055 943 per
1078 874 1276 939 oleum,
1293 884 1348 930 et
1367 875 1540 946 gratia
1557 874 1871 941 curationis,

293 978 351 1025 et
364 970 465 1026 cha
473 970 605 1024 ritas
616 965 1011 1024 dilectionilei
1023 976 1261 1038 praesunt
1272 967 1496 1033 Levitis,
1514 975 1572 1022 ut
1588 967 1726 1022 idem
1739 966 1877 1020 liber

288 1056 657 1116 Numerorum
697 1057 1070 1113 demenstrat:
1112 1055 1362 1130 Princeps
1383 1068 1557 1113 autem
1579 1058 1874 1130 principum

290 1151 532 1206 Eleazar
545 1148 692 1221 'ﬁli'tts
716 1148 897 1204 Aaron
921 1149 1232 1215 sacerdotis,
1254 1151 1351 1204 erit
1371 1164 1527 1221 super
1550 1147 1874 1203 excubitores

296 1243 550 1298 custodia:
568 1236 880 1297 sanctuarii.
918 1240 985 1295 Et
1016 1240 1174 1311 paulo
1195 1249 1353 1311 post:
1377 1238 1481 1294 Hic
1501 1250 1575 1294 est
1598 1240 1771 1293 cultus
1792 1239 1877 1308 [a-

287 1332 461 1388 miliar
489 1330 884 1388 Cersonitarum
910 1332 964 1387 in
994 1330 1333 1386 tabernaculo
1362 1331 1593 1402 ftederis,
1623 1342 1875 1397 eruntque

293 1424 390 1479 sub
416 1440 582 1480 manu
625 1421 867 1478 Ithamar
903 1422 1008 1493 ﬁlii
1045 1422 1226 1476 Aaron
1260 1423 1567 1477 sacerdotis.
1596 1423 1702 1495 Ipsi
1727 1424 1872 1479 enim

294 1516 511 1586 quando
525 1521 936 1579 consecrantur,
960 1527 1153 1569 manus
1166 1513 1565 1585 impositionem
1579 1513 1870 1585 accipiunt.

280 1608 437 1676 Quid
476 1603 933 1678 illud'signiilcet,
981 1606 1275 1663 secundum
1315 1607 1460 1678 quod
1488 1606 1646 1663 nobis
1681 1603 1871 1662 Domi-

1976 420 2041 475 Et
2070 423 2157 477 hic
2183 422 2495 493 diligentius
2525 423 2830 486 observate,
2861 424 3129 493 quomodo
3166 424 3327 479 unius
3359 423 3552 479 civita-

1976 514 2042 568 tis
2070 513 2267 584 Ephesi
2309 514 2655 585 presbyteros
2680 529 2901 576 vocans,
2954 524 3140 584 postea
3181 517 3394 569 eosdem
3437 514 3552 583 epi-

1973 620 2166 675 scopos
2192 604 2412 661 dixerit.
2445 604 2697 673 Ejusdem
2724 606 2791 661 ad
2836 606 3122 677 Evagrium
3157 623 3169 659 :
3210 606 3315 661 Sed
3360 616 3413 661 et
3449 605 3553 661 Pe—

1975 704 2092 751 trus
2121 696 2174 751 in
2205 697 2379 767 prima
2415 696 2639 764 epistola
2667 713 2681 749 :
2709 693 3070 766 Presbyteros,
3100 696 3294 765 inquit,
3328 696 3382 749 in
3413 695 3551 751 vobis

1972 803 2157 859 precor
2184 787 2584 858 compresbyter,
2627 796 2677 841 et
2706 788 2848 841 testis
2892 787 3197 858 passionum
3240 786 3456 850 Christi,
3502 797 3550 841 et

1974 879 2168 949 futurte
2195 878 2398 949 glorise,
2442 896 2560 952 qua:
2607 880 2883 935 reoelanda
2933 890 3006 935 est
3050 880 3324 950 particeps,
3376 896 3551 948 regere

1975 969 2265 1026 Ecclesium
2293 969 2509 1037 Christi,
2539 982 2585 1027 et
2614 974 2867 1043 inspicere
2890 989 2992 1028 non
3024 989 3088 1027 ea:
3111 974 3433 1036 necessitate,
3460 973 3551 1027 sed

1972 1060 2266 1116 voluntarie
2288 1061 2445 1132 juxta
2494 1061 2685 1116 Deum.
2730 1062 2880 1130 Quod
2910 1064 3126 1135 quidem
3157 1062 3343 1119 Grzecc
3381 1064 3552 1135 signi-

1977 1150 2228 1207 ﬁcantius
2261 1152 2463 1207 dicitur
2500 1155 2903 1216 ἐπισκοποῦντις,
2934 1154 3076 1209 unde
3112 1161 3168 1208 et
3195 1169 3387 1208 nomen
3435 1153 3552 1224 epi-

1974 1243 2123 1313 scopi
2153 1252 2385 1298 tractum
2412 1252 2513 1298 cst.
2546 1244 2717 1298 Parva
2759 1245 2852 1298 tibi
2894 1244 3146 1298 videntur
3171 1251 3439 1297 tantorum
3468 1244 3549 1298 vi-

1975 1348 2161 1388 rorum
2203 1333 2555 1389 testimonia?
2598 1333 2813 1406 clangat
2865 1335 2993 1388 tuba
3038 1333 3361 1405 Evangelica
3413 1332 3555 1387 illius

1975 1424 2219 1489 tonitrui,
2249 1440 2409 1495 quem
2440 1425 2597 1481 Jesus
2644 1425 2845 1480 amavit
2877 1425 3191 1495 plurimum,
3235 1423 3327 1496 qui
3366 1424 3432 1479 de
3460 1439 3555 1495 pe-

1975 1521 2126 1569 ctore
2159 1513 2456 1570 Salvatoris
2482 1516 2742 1570 doctrinas
2771 1514 2970 1569 ﬂuenta
3000 1516 3243 1585 potavit:
3276 1512 3564 1585 Presbyter

1974 1603 2151 1659 electa:
2180 1604 2418 1659 Domina:
2445 1614 2494 1659 et
2520 1604 2647 1673 ﬁliis
2673 1605 2812 1676 ejus,
2858 1622 2987 1676 quos
3016 1622 3109 1676 ego
3144 1606 3306 1677 diligo
3337 1606 3390 1658 in
3426 1620 3556 1658 vert-

294 1716 398 1757 nus
427 1700 593 1765 dedit,
622 1676 1066 1753 ministrat'imus.
1088 1695 1157 1752 ἰιι
1185 1714 1292 1771 quo
1321 1676 1512 1754 ordine
1534 1705 1721 1753 essent
1744 1711 1870 1767 pre-
1900 1676 1946 1736 Β
1974 1703 2100 1750 tate.
2147 1695 2215 1749 Et
2241 1695 2292 1749 in
2322 1694 2427 1749 alia
2453 1694 2679 1766 epistola
2711 1714 2723 1749 :
2764 1693 3043 1766 Presbyter
3068 1693 3196 1749 Caio
3222 1695 3554 1755 charissima,

292 1790 498 1862 sbyteri
512 1798 765 1859 tempore
793 1787 1184 1858 apostolorum,
1212 1788 1482 1844 discamus
1522 1803 1591 1844 ex
1631 1787 1873 1843 auctori-

290 1892 405 1938 tate
424 1891 752 1937 sanctorum
776 1880 1019 1934 Palmm.
1046 1879 1186 1935 Dicit
1210 1879 1530 1935 Ambrosius
1556 1880 1609 1934 in
1637 1887 1871 1935 tractatu

288 1988 458 2043 super
496 1970 873 2028 Timotheum:
907 1967 1231 2041 Opinabitur
1256 1971 1503 2042 quisquis
1539 1985 1697 2026 usum
1729 1970 1868 2027 divi-

290 2081 488 2120 narum
536 2078 643 2119 non
699 2063 863 2120 habet
917 2062 1340 2134 Scripturarum,
1393 2066 1610 2120 beatum
1647 2062 1870 2118 Paulum

287 2159 635 2228 presbyteros
661 2155 1111 2226 praetermisisse:
1152 2155 1246 2210 sed
1277 2171 1383 2210 non
1414 2154 1489 2210 ita
1533 2170 1592 2210 se
1635 2170 1725 2211 res
1774 2155 1872 2209 ha-

288 2247 416 2310 bet;
448 2246 535 2301 illa
563 2247 707 2301 enim
733 2260 853 2315 quas
883 2245 949 2301 de
964 2245 1220 2316 episcopo
1245 2245 1297 2299 in
1321 2246 1685 2302 anterioribus
1711 2246 1865 2306 dixit,

288 2338 461 2393 etiam
505 2337 650 2393 etde
688 2336 792 2392 illis
837 2337 989 2401 dicit,
1022 2337 1114 2407 qui
1156 2352 1299 2391 nunc
1342 2338 1693 2391 nominantur
1719 2352 1872 2407 pres-

292 2425 487 2498 byteri,
525 2440 591 2481 eo
615 2427 760 2497 quod
789 2420 1027 2496 antiQuis
1069 2425 1402 2495 temporibus
1423 2427 1667 2497 utrisque
1696 2428 1871 2482 nomi-

290 2516 454 2571 nibus
479 2516 813 2571 vocabantur
831 2516 1155 2589 presbyteri.
1199 2516 1267 2571 Et
1287 2526 1409 2587 post
1437 2532 1606 2588 pauca
1633 2538 1646 2572 :
1679 2516 1870 2574 Melius

291 2618 475 2663 autent
503 2609 594 2679 qui
637 2622 964 2681 cognoscere
982 2608 1348 2679 poterilillnd
1397 2626 1463 2666 ex
1493 2610 1600 2666 illis
1650 2626 1771 2682 qua:
1800 2612 1868 2667 ad

290 2698 476 2753 Titum
502 2699 720 2771 scripsit
755 2699 1043 2769 Apostolus
1069 2718 1082 2754 :
1115 2700 1260 2755 Dixit
1288 2700 1470 2756 enim:
1502 2711 1560 2755 ut
1580 2703 1870 2757 constituas

288 2807 386 2863 per
406 2789 647 2860 singulas
688 2791 924 2845 civitates
957 2788 1311 2861 presbyteros,
1342 2793 1476 2846 sicut
1522 2808 1615 2862 ego
1644 2792 1869 2865 prtecepi

290 2880 433 2935 tibi:
479 2889 536 2935 et
580 2880 788 2946 dicens,
837 2881 1026 2951 quales
1070 2880 1265 2937 debeat
1302 2882 1570 2948 ordinari,
1623 2883 1864 2939 addidit:

288 2968 506 3040 Oportet
535 2971 672 3024 enim
700 2971 998 3043 episcopum
1037 2970 1537 3042 irreprehensibilem
1583 2988 1695 3026 esse
1731 2973 1866 3027 sicut

1973 1803 2124 1859 quem
2150 1803 2243 1858 ego
2264 1787 2425 1857 diligo
2450 1789 2506 1842 in
2536 1788 2768 1842 veritate.
2799 1787 3039 1842 Comites
3067 1801 3173 1841 non
3199 1786 3556 1857 dedignentur

1970 1894 2113 1944 esse,
2148 1878 2293 1949 quod
2322 1879 2488 1935 duces
2533 1878 2771 1934 fuerunt.
2800 1879 2846 1933 A
2878 1879 3074 1933 ducatu
3106 1878 3314 1948 accepit
3356 1893 3552 1933 nomen

1972 1969 2247 2034 sacerdos,
2274 1978 2334 2024 ut
2360 1969 2503 2025 Beda
2533 1969 2757 2040 exponit
2786 1969 2839 2023 in
2868 1969 3207 2039 expositione
3236 1968 3303 2022 de
3350 1968 3555 2038 templo

1972 2059 2299 2117 Salomonis.
2345 2060 2613 2117 Sacerdos
2653 2076 2888 2125 namque
2913 2062 2981 2115 ab
3012 2076 3076 2115 eo
3113 2075 3309 2115 nomen
3358 2059 3556 2113 Latine

1972 2153 2204 2223 accepit,
2228 2150 2373 2224 quod
2413 2168 2628 2207 sacrum
2662 2152 2906 2223 prtebere
2948 2151 3204 2207 ducatum
3253 2149 3558 2204 minoribus

1970 2243 2185 2300 debeat.
2219 2243 2405 2311 Qualis
2433 2252 2579 2300 esset
2598 2259 2785 2299 eorum
2808 2244 3169 2309 consecratio,
3193 2242 3558 2313 Hieronymus

1970 2336 2025 2390 in
2054 2335 2281 2405 epistola
2311 2342 2612 2390 memorata
2655 2335 2722 2389 ad
2753 2333 3045 2405 Evagrium
3067 2333 3309 2404 exponit.
3340 2331 3475 2385 Nam
3502 2339 3555 2385 et

1967 2425 2311 2481 Alexandrite
2351 2441 2382 2480 a
2428 2425 2609 2480 Marco
2657 2424 2986 2495 evangelista
3018 2438 3190 2493 usque
3214 2424 3281 2478 ad
3308 2423 3554 2477 Eraclam

1968 2527 2023 2574 et
2048 2517 2343 2588 Donysium
2373 2517 2680 2588 episcopos.
2707 2517 3086 2587 presbyterum
3125 2529 3342 2584 semper
3386 2530 3555 2569 unum

1968 2624 2088 2664 esse
2111 2609 2364 2673 electum,
2397 2617 2454 2663 et
2482 2608 2536 2663 in
2560 2607 2848 2663 excelsiori
2872 2606 3040 2678 gradu
3074 2605 3400 2661 collocatum
3440 2607 3556 2677 epi-

1969 2718 2191 2774 scopum
2217 2701 2596 2767 nominabant,
2622 2699 2892 2771 quomodo
2936 2699 2982 2754 si
3023 2697 3297 2753 exercitus
3324 2698 3559 2768 impera-

1970 2806 2148 2852 torem
2181 2795 2371 2861 laciat,
2412 2803 2508 2849 aut
2544 2793 2757 2849 diaconi
2788 2792 2992 2864 eligant
3016 2792 3083 2848 de
3117 2807 3175 2846 se
3205 2806 3366 2861 quem
3403 2791 3558 2846 indu-

1968 2890 2162 2946 strium
2193 2896 2483 2953 noverunt,
2511 2895 2567 2942 et
2586 2886 3030 2942 archidiaconum
3053 2891 3270 2939 vocent.
3302 2884 3334 2919 “
3359 2881 3552 2938 Archi—

1968 2978 2180 3033 diaconi
2210 2976 2553 3033 consecratio
2582 2975 2738 3031 nobis
2786 2975 3069 3030 notissima
3117 2982 3219 3029 est.
3266 2972 3558 3029 Archidia-

288 3060 391 3115 Dei
424 3061 878 3132 dispensatorem:
924 3078 1046 3118 cum
1079 3063 1396 3118 conveniret
1428 3064 1614 3135 utique
1641 3072 1702 3119 ut
1742 3079 1864 3136 pre-

1971 3086 2132 3126 conus
2164 3071 2413 3126 eamdem
2454 3068 2925 3125 consecrationem
2968 3066 3132 3122 habet
3180 3081 3343 3137 quam
3372 3066 3557 3121 caeteri

284 3153 567 3224 sbyterum
613 3168 739 3207 eum
781 3153 1023 3209 diceret:
1069 3153 1165 3209 sed
1215 3155 1493 3210 evidenter
1538 3156 1785 3210 eumdem
1815 3163 1871 3211 et

282 3247 667 3318 presbyterum
694 3254 751 3302 et
787 3248 1100 3319 episcopum
1136 3248 1458 3303 nominavit.
1492 3248 1561 3303 Et
1607 3248 1871 3321 Hierony-

283 3347 413 3391 mus
460 3335 517 3390 in
545 3334 773 3406 epistola
817 3336 886 3391 ad
927 3335 1107 3391 Titum
1139 3353 1154 3390 :
1202 3336 1564 3391 Attendamus
1592 3337 1753 3392 verba
1790 3337 1875 3392 di-

285 3426 502 3482 centis:
532 3437 588 3482 ut
627 3429 914 3483 constituas
939 3442 1033 3499 per
1058 3428 1291 3482 ciuitates
1332 3428 1683 3498 presbyteros,
1733 3429 1869 3482 sicut

254 3533 385 3589 ego
414 3517 506 3571 tibi
534 3518 789 3589 disposui.
826 3518 952 3585 Qui,
982 3517 1159 3588 qualis
1184 3519 1469 3589 presbyter
1499 3516 1692 3573 debeat
1718 3518 1868 3572 ordi—

286 3610 436 3675 nari,
465 3609 521 3664 in
561 3611 1017 3681 consequentibus
1056 3610 1347 3677 disserens,
1378 3610 1482 3666 hoc
1526 3619 1635 3675 est,
1681 3611 1728 3665 si
1752 3613 1869 3682 quis

284 3701 406 3757 sine
430 3702 644 3757 crimine
678 3713 778 3769 est,
809 3704 966 3757 unius
1007 3703 1191 3757 uxoris
1219 3703 1317 3769 vir,
1349 3713 1456 3759 etc.
1489 3702 1685 3759 Postea
1726 3704 1872 3759 intu-

287 3791 390 3846 lit:
422 3789 636 3863 Oportet
666 3795 805 3848 enim
833 3795 1132 3865 episcopum
1176 3794 1288 3849 sine
1333 3796 1552 3850 crimine
1593 3812 1702 3850 esse
1747 3806 1868 3851 tan-

283 3900 447 3956 quam
480 3884 579 3939 Dei
626 3885 1058 3956 dispensatorem.
1091 3887 1237 3943 Idem
1280 3903 1410 3959 ergo
1452 3897 1537 3945 est
1562 3889 1867 3960 presbyter,

284 3978 380 4048 qui
406 3986 464 4033 et
493 3978 800 4049 episcopus.
824 3979 893 4034 Et
920 3980 1079 4049 paulo
1104 3989 1226 4051 post
1253 3997 1267 4033 :
1298 3980 1457 4035 Putet
1490 3996 1597 4034 non
1629 3980 1872 4052 Scriptu-

286 4086 495 4136 rarum,
537 4072 633 4127 sed
658 4081 899 4127 nostram
927 4087 1048 4128 esse
1076 4072 1420 4138 sententiam,
1471 4073 1783 4143 episcopum
1815 4082 1871 4128 et

285 4165 662 4237 presbyterum
692 4181 859 4219 unum
888 4179 1030 4230 esse,
1058 4173 1114 4220 et
1150 4165 1295 4219 aliud
1325 4165 1522 4228 aetatis,
1555 4165 1702 4221 aliud
1747 4180 1869 4220 esse

290 4270 486 4309 nomen
508 4253 673 4309 ofﬁcii
695 4295 710 4320 ,
733 4254 936 4325 relegat
954 4254 1195 4325 Apostoli
1220 4255 1285 4309 ad
1310 4253 1684 4325 Philippenses
1702 4257 1869 4311 verba

288 4345 553 4402 dicentis:
610 4342 813 4400 Paulus
839 4355 886 4400 et
942 4345 1241 4401 Timotheus
1292 4348 1425 4401 servi
1473 4345 1666 4402 Christi
1711 4347 1861 4413 Iesu,

1971 3162 2226 3218 diaconi:
2275 3163 2370 3219 sed
2426 3161 2691 3217 electione
2733 3159 2965 3215 fratrum
3015 3159 3365 3230 praeponitur.
3411 3158 3559 3214 ldem

1972 3258 2341 3329 Hieronymus
2379 3256 2613 3328 exponit
2647 3270 2818 3325 quare
2865 3269 3005 3309 unus
3051 3252 3365 3324 eligeretur,
3395 3268 3562 3322 super

1969 3348 2262 3420 Epistolam
2300 3346 2367 3402 ad
2419 3347 2599 3401 Titum
2636 3363 2649 3400 :
2688 3345 2992 3414 Antequam
3043 3342 3242 3398 diaboli
3298 3343 3560 3398 instinctu

1970 3439 2148 3495 studia
2185 3439 2240 3493 in
2262 3437 2527 3509 religione
2570 3436 2787 3502 tierent,
2817 3444 2870 3489 et
2910 3434 3185 3490 diceretur
3211 3434 3267 3488 in
3295 3433 3507 3505 populis
3539 3451 3555 3498 ;

1969 3529 2085 3601 Ego
2118 3547 2234 3584 sum
2277 3516 2461 3594 Pauli,
2482 3544 2576 3599 ego
2601 3526 2809 3599 Apollo,
2838 3542 2932 3597 ego
2963 3534 3138 3580 autem
3168 3522 3381 3596 Cephea,
3409 3540 3558 3580 com-

1969 3622 2119 3677 muni
2146 3622 2588 3693 presbyterorum
2623 3619 2850 3676 consilio
2886 3619 3147 3675 Ecclesiae
3182 3619 3561 3692 gubernaban-

1970 3718 2078 3767 tur.
2108 3711 2403 3782 Postquam
2430 3726 2564 3766 vero
2591 3711 2966 3782 unusquisque
2991 3726 3109 3776 eos,
3139 3726 3276 3781 quos
3305 3708 3556 3782 baptiza-

1971 3809 2144 3865 verat,
2175 3818 2303 3857 suos
2335 3816 2455 3858 esse
2483 3802 2729 3872 putabat,
2762 3816 2869 3856 non
2895 3800 3121 3866 Christi,
3151 3800 3204 3855 in
3231 3808 3346 3856 toto
3372 3802 3560 3858 decre-

1973 3903 2087 3947 tum
2110 3901 2195 3948 est
2222 3893 2377 3959 orbe,
2406 3900 2468 3947 ut
2489 3907 2629 3946 unus
2651 3891 2718 3946 de
2757 3891 3095 3962 presbyteris
3129 3890 3332 3947 electus
3369 3908 3560 3962 super-

1969 3992 2265 4056 poneretur
2305 3983 2538 4050 caeteris,
2583 3983 2654 4038 ad
2700 3998 2862 4054 quem
2903 3982 3081 4038 omnis
3108 3999 3238 4037 cura
3293 3983 3553 4041 Ecclesia:

1970 4076 2304 4146 pertineret,
2383 4084 2438 4130 et
2521 4076 2876 4131 schismatum
2938 4076 3146 4129 semina
3205 4075 3545 4130 tollerentur.

1971 4169 2117 4225 ldem
2143 4170 2286 4225 unde
2311 4185 2476 4240 supra
2526 4169 2581 4223 in
2626 4167 2852 4239 epistola
2902 4168 2970 4222 ad
3015 4176 3375 4221 memoratum
3418 4169 3555 4224 Eva-

1971 4260 2187 4332 grium:
2222 4258 2375 4327 Quod
2426 4267 2605 4313 autem
2641 4267 2829 4328 postea
2875 4272 3015 4312 unus
3055 4256 3261 4313 electus
3307 4268 3413 4325 est,
3458 4262 3551 4331 qui

1971 4351 2182 4406 caeteris
2208 4357 2613 4419 praeponeretur
2638 4349 3098 4419 presbyterorum,
3142 4348 3195 4403 in
3233 4350 3546 4405 chrismatis

287 4438 529 4492 omnibus
557 4440 751 4492 sanctis
777 4439 833 4492 in
872 4437 1078 4492 Christo
1106 4436 1259 4502 Jesu,
1306 4439 1397 4508 qui
1426 4447 1547 4492 sunt
1578 4436 1858 4509 Philippis,
1892 4414 1943 4474 D
1970 4414 2266 4493 remedium
2297 4414 2502 4491 factum
2531 4414 2730 4502 est,-ne
2751 4414 3122 4508 unusquisque
3148 4439 3215 4493 ad
3251 4455 3308 4493 se
3333 4441 3552 4496 trahens

286 4545 407 4584 cum
436 4528 686 4599 episcopis
712 4539 761 4582 et
787 4528 1043 4591 diaconis,
1073 4529 1246 4598 gratia
1273 4528 1416 4581 vobis
1436 4538 1483 4581 et
1510 4545 1634 4598 pax,
1659 4537 1715 4583 et
1739 4529 1863 4584 reli-

287 4636 416 4691 qua.
444 4618 707 4691 Philippis
734 4637 839 4675 una
881 4629 964 4674 est
994 4621 1124 4675 urbs
1160 4619 1504 4684 Macedoniae,
1548 4630 1603 4675 et
1631 4630 1776 4677 certe
1808 4623 1860 4676 in

288 4731 395 4769 una
426 4714 646 4768 civitate
691 4714 893 4783 plures,
926 4721 986 4767 ut
1032 4721 1430 4783 nuncupantur,
1464 4713 1699 4783 episcopi
1743 4729 1863 4768 esse

290 4824 397 4866 non
419 4815 688 4877 poterant.
732 4805 838 4861 Sed
869 4807 994 4876 quia
1024 4806 1241 4861 eosdem
1285 4805 1566 4876 episcopos
1592 4805 1684 4861 illo
1723 4816 1862 4862 tem-

289 4915 422 4971 pore
453 4914 590 4971 quos
613 4898 960 4971 presbyteros
1004 4898 1365 4970 appellabant,
1396 4907 1683 4968 propterea
1712 4898 1870 4954 indif-

290 4992 533 5046 ferenter
560 4989 626 5045 de
650 4989 918 5061 episcopis
943 4990 1099 5061 quasi
1129 4990 1461 5061 presbyteris
1503 4997 1592 5044 est
1635 4989 1865 5046 locutus.

290 5083 487 5140 Adhuc
521 5082 566 5138 si
595 5081 754 5137 alicui
780 5081 883 5138 hoc
908 5082 1160 5137 videatur
1188 5083 1524 5154 ambiguum,
1557 5082 1660 5137 nisi
1696 5083 1869 5138 altero

292 5174 609 5231 testimonio
630 5176 1010 5245 comprobetur
1030 5174 1086 5229 in
1122 5175 1369 5230 Actibus.
1402 5174 1459 5229 ln
1481 5175 1708 5231 Actibus
1740 5190 1868 5245 apo-

290 5263 559 5322 stolorum
586 5264 844 5335 scriptum
873 5272 981 5328 est,
1006 5265 1150 5335 quod
1176 5278 1299 5319 cum
1321 5263 1559 5319 venisset
1591 5265 1871 5339 apostolus

293 5352 502 5412 Paulus
548 5353 806 5420 Miletum,
864 5354 1072 5410 miserit
1129 5352 1423 5423 Ephesum,
1489 5362 1545 5409 et
1596 5357 1873 5411 vocaverit

290 5446 648 5519 presbyteros
675 5446 915 5517 ejusdem
958 5446 1231 5511 Ecclesite,
1264 5446 1460 5515 quibus
1501 5455 1691 5516 postea
1730 5448 1873 5505 inter

293 5544 499 5591 caetera
526 5536 607 5592 sic
638 5535 886 5593 locutus:
916 5536 1180 5592 Attendtte
1211 5535 1351 5591 vobis
1386 5546 1435 5590 et
1464 5538 1604 5592 omni
1628 5540 1788 5610 gregi,
1816 5540 1872 5595 in

294 5644 406 5703 quo
432 5646 523 5686 eos
547 5628 776 5702 Spiritus
804 5640 1014 5686 sanctus
1052 5632 1226 5703 posuit
1249 5630 1512 5703 episcopos
1532 5648 1744 5704 pascere
1770 5631 1871 5689 Ec-

1966 4527 2166 4584 Christi
2195 4526 2491 4582 Ecclesium
2522 4536 2818 4599 rumperet.
2851 4525 3141 4582 Videamus
3188 4545 3286 4584 cur
3329 4531 3551 4603 presby-

1965 4621 2067 4677 teri
2096 4635 2293 4675 nomen
2321 4627 2563 4675 transeat
2590 4618 2659 4674 ad
2689 4620 2948 4690 episcopi.
2977 4619 3296 4676 Ambrosius
3331 4622 3461 4678 dicit
3492 4624 3544 4678 in

1966 4713 2206 4784 Epistola
2234 4712 2300 4767 ad
2326 4711 2668 4767 Timotheum
2695 4726 2710 4766 :
2740 4711 2871 4778 Quae
2902 4721 3083 4767 autem
3126 4713 3196 4767 sit
3221 4729 3406 4780 causa,
3437 4734 3543 4772 non

1965 4818 2051 4865 est
2062 4807 2267 4877 justum
2298 4821 2420 4863 eam
2445 4805 2661 4861 silentio
2698 4808 2979 4877 preterire
3006 4806 3078 4861 ob
3107 4805 3251 4862 illam
3282 4808 3541 4866 immuta-

1970 4898 2174 4953 tionem
2218 4897 2520 4962 nominum,
2574 4910 2694 4966 quze
2745 4894 2813 4950 ad
2864 4910 3104 4966 prmsens
3139 4911 3260 4953 esse
3309 4899 3547 4966 videtur,

1969 4998 2024 5047 et
2046 5005 2151 5060 qua
2178 5003 2246 5044 ex
2275 5003 2441 5043 causa
2479 4987 2712 5043 discreta
2739 4996 2867 5042 sunt
2909 5003 3053 5043 nunc
3080 4989 3320 5055 nomina,
3358 5001 3413 5047 et
3450 5009 3547 5047 ne~

1970 5097 2076 5153 que
2109 5081 2394 5153 episcopus
2430 5079 2535 5134 dici
2569 5086 2746 5151 potest
2768 5078 3076 5151 presbyter,
3117 5096 3294 5152 neque
3328 5083 3547 5154 presby-

1969 5184 2056 5231 ter
2101 5187 2341 5242 unquam
2395 5171 2633 5242 episcopt
2694 5172 3152 5242 nuncupationem
3197 5175 3396 5243 poterit
3444 5173 3544 5228 sibi

1970 5264 2270 5329 vindicare,
2296 5276 2473 5332 neque
2521 5263 2649 5318 dum
2681 5261 2968 5334 presbyter
2990 5277 3109 5318 esse
3133 5261 3360 5317 desistit.
3392 5262 3547 5316 Anti-

1972 5357 2098 5429 quis
2125 5354 2326 5411 etenim
2370 5354 2703 5425 temporibus
2748 5353 2962 5423 quando
3013 5351 3202 5422 pietati
3258 5350 3549 5406 studebant

1975 5449 2305 5527 presbyteri,
2323 5448 2469 5503 omni
2500 5447 2554 5501 in
2593 5445 2712 5501 loco
2741 5445 3150 5507 ordinabuntur,
3196 5442 3299 5496 hoc
3325 5441 3544 5510 quidem

1974 5557 2170 5599 nomen
2205 5539 2656 5612 contemplatione
2689 5536 2913 5593 honoris
2936 5534 3300 5605 accipientes;
3330 5534 3471 5591 sicut
3490 5544 3546 5595 et
3605 5569 3610 5576 -

1977 5633 2117 5707 apud
2170 5632 2382 5688 Judmos
2433 5628 2733 5702 presbyteri
2796 5625 3111 5682 dicebantur
3134 5666 3149 5692 ,
3210 5625 3298 5697 qui
3348 5625 3546 5698 populo
3610 5690 3615 5695 ,
