3938 6178
542 166 670 223 ωθι

1565 159 1894 218 suamne
1926 161 2367 218 ‘rt‘tESBYTEltt
2407 151 2749 221 navews

3577 186 3681 243 1092

3412 239 3447 270 α

538 290 826 359 prtccrant.
855 281 1200 337 V'ocabantur
1223 288 1403 334 autem
1429 287 1483 333 et
1517 279 1753 349 episcopi
1786 278 1966 334 abillo
1987 292 2114 346 ope-
2145 282 2189 338 Λ
2218 275 2505 346 cpiscopus
2535 276 2815 340 inveniris,
2858 277 3110 331 ordinare
3139 279 3415 349 episcopum
3454 301 3535 343 non
3561 293 3678 352 aliter

450 406 451 409 η
540 398 600 438 re
616 424 631 445 ,
659 378 802 450 quod
827 384 880 433 et
907 376 1130 446 implere
1152 374 1490 437 videbantur,
1513 387 1579 427 eo
1602 371 1744 442 quod
1767 370 2114 425 considerare

539 474 745 537 omnia,
785 486 904 541 qua:
954 468 1020 523 ad
1052 466 1258 521 cultum
1304 465 1583 536 pertinent
1624 463 1860 534 pietatis,
1894 460 2115 514 fuerant

539 561 835 623 constituti,
865 560 938 612 ita
968 568 1025 611 ut
1048 557 1424 610 universorum
1458 554 1917 625 dispensationem
1946 553 2114 607 habe-

539 662 660 707 rent
681 648 1042 706 commissum.
1072 645 1208 700 Nam
1236 654 1292 699 et
1324 644 1619 716 perfectam
1654 645 2108 716 dispensationem

535 741 970 797 etauctoritatem
994 737 1345 794 ecclesiastici
1370 738 1656 795 ministerii
1681 738 1783 809 ipsi
1811 746 1940 793 tunc
1965 754 2113 793 com-

534 834 753 888 missam
782 830 1077 896 habebant,
1117 838 1173 883 et
1206 828 1385 884 omnia
1429 829 1759 900 regebantur
1796 844 1894 899 pro
1921 844 2110 883 eorum

528 925 781 980 arbitrio.
830 924 898 978 Et
929 922 982 977 in
1031 923 1425 994 sequentibus:
1458 921 1641 977 Beatis
1686 936 1816 977 vero
1855 922 2110 992 apostolis

530 1019 936 1083 decedentibus,
968 1018 1065 1083 illi,
1116 1020 1207 1091 qui
1258 1027 1381 1090 post
1429 1019 1551 1075 illos
1601 1019 1837 1075 ordinati
1878 1028 2003 1075 sunt
2049 1028 2110 1074 ut

530 1116 827 1178 praeessent
849 1107 1126 1174 Ecclesiis,
1167 1108 1273 1163 illis
1302 1109 1493 1180 primis
1523 1108 1796 1178 exaequari
1827 1124 1932 1164 non
1960 1117 2105 1178 pote-

532 1207 675 1267 rant,
706 1215 805 1257 nec
828 1200 1210 1256 miraculorum
1246 1202 1612 1257 testimonium
1637 1217 1736 1271 pur
1760 1201 1865 1256 illis
1882 1200 2102 1267 habere,

527 1292 623 1348 sed
649 1301 705 1345 et
730 1291 785 1345 in
815 1271 999 1346 multis
1027 1290 1149 1345 aliis
1170 1289 1452 1346 inferiores
1476 1292 1582 1347 illis
1607 1307 1729 1347 esse
1750 1292 2101 1348 videbantur:

527 1396 693 1453 grave
735 1380 1185 1437 existimaverunt
1231 1380 1598 1451 apostolorum
1664 1380 1770 1436 sibi
1826 1382 2105 1438 vindicare

529 1470 1353 1540 nuncupationem:diviserunt
1402 1486 1534 1541 ergo
1583 1472 1803 1527 nomina
1863 1473 1998 1543 ipsa.
2050 1482 2105 1530 et

525 1562 748 1627 eisdem,
770 1544 833 1617 id
863 1569 967 1628 est,
1000 1562 1330 1633 presbyteris
1376 1563 1699 1633 presbyterii
1750 1579 1945 1619 nomen
1977 1565 2102 1620 reli-

2218 369 2321 424 nisi
2350 369 2467 424 sine
2493 368 2763 439 episcopis
2796 376 2966 440 potes.
3001 367 3066 421 Et
3096 369 3246 439 paulo
3287 384 3393 442 post
3421 393 3433 428 :
3470 377 3576 434 Cum
3612 387 3685 456 iga.

2166 530 2186 549 ἢ
2219 471 2324 526 tur,
2372 470 2597 516 auctore
2628 462 2760 524 Deo,
2791 461 2865 515 ita
2905 460 3106 515 fuerint
3134 462 3349 542 episcopi
3376 466 3422 519 in
3446 473 3685 544 propinquis

2214 554 2317 610 sibi
2350 553 2483 609 locis
2513 552 2771 617 ordinati,
2793 567 2890 622 per
2911 553 3091 607 omnia
3122 553 3459 625 episcoporum
3483 563 3688 622 ordinatio

2214 644 2332 699 sine
2378 643 2687 715 uggregatis
2738 642 2907 697 tri-bus
2939 641 3022 697 vel
3072 653 3293 713 quatuor
3334 646 3563 719 episcopis
3602 654 3686 711 fieri

2213 750 2319 790 non
2350 734 2527 790 debet.
2560 734 2617 790 lu
2646 735 2996 805 sequentibus
3024 736 3238 804 exponit
3267 752 3357 791 cur
3378 741 3599 799 adventus
3625 763 3691 801 eo-

2211 841 2331 880 rum
2353 826 2697 881 necessurius
2725 825 2814 880 sit.
2838 823 2949 880 Cur
2973 839 3079 879 non
3102 840 3226 895 ergo
3249 834 3300 881 et
3332 827 3380 881 in
3402 829 3488 884 hac
3512 833 3688 901 spiritali

2209 919 2571 984 ordinatione,
2601 934 2706 990 qua
2733 933 2831 990 per
2863 934 3076 976 sacrum
3104 919 3439 976 ministerium
3458 923 3590 979 homo
3610 927 3690 983 beo

2208 1010 2579 1082 conjungitur,
2610 1009 2747 1066 tales
2775 1010 3119 1075 conveniant,
3167 1011 3253 1081 qui
3299 1013 3374 1067 vel
3422 1013 3467 1069 in
3507 1015 3689 1085 profectu

2209 1098 2444 1155 ordinati
2469 1100 2705 1170 episcopi
2731 1101 3018 1172 gaudeant,
3046 1102 3127 1156 vel
3154 1117 3246 1171 pro
3269 1102 3376 1171 ejus
3395 1106 3597 1160 custodia
3614 1122 3692 1163 om-

2208 1191 2474 1259 nipotenti
2501 1192 2610 1246 Deo
2631 1206 2820 1262 preces
2849 1191 3110 1247 fundunt?
3131 1194 3550 1265 Gregoriusdicit,
3569 1213 3692 1267 quare

2207 1281 2443 1335 debeant
2470 1282 2760 1337 convenire
2788 1282 3006 1352 plurimi
3044 1302 3056 1337 :
3100 1283 3263 1341 frater
3290 1285 3396 1353 ejus
3421 1288 3692 1344 Innocentius

2206 1381 2493 1434 monstrat,
2527 1388 2696 1444 quare
2741 1373 3074 1444 prohibitum
3117 1376 3187 1432 sit
3223 1377 3312 1432 uni
3346 1378 3439 1433 hoc
3474 1378 3632 1443 facere,
3656 1381 3692 1435 in

2204 1461 2566 1519 decretalibus
2590 1480 2732 1520 nono
2761 1465 2996 1537 capitulo
3022 1481 3038 1520 :
3083 1466 3193 1524 Nec
3219 1484 3349 1525 unus
3374 1471 3610 1541 episcopus
3629 1486 3692 1524 or-

2204 1554 2390 1610 dinare
2410 1566 2722 1627 praesumat,
2750 1573 2819 1614 ne
2847 1557 3107 1613 furtivum
3137 1559 3437 1616 beneficium
3462 1562 3694 1631 praestitum

524 1664 778 1724 quorum.
811 1654 917 1709 Alii
945 1668 1074 1709 vero
1119 1653 1361 1724 episcopi
1394 1663 1522 1709 sunt
1551 1656 1867 1727 uuncupati,
1912 1656 1965 1710 hi
2010 1657 2103 1727 qui
2131 1660 2177 1722 Β
2206 1648 2470 1706 videatur.
2495 1648 2727 1705 Additur
2759 1651 2923 1705 etiam
2952 1650 3020 1705 ad
3048 1652 3492 1708 consecrationem
3525 1653 3617 1724 ejus
3632 1654 3691 1709 iu~

522 1754 578 1800 et
604 1744 962 1801 ordinationis
989 1745 1201 1816 praediti
1245 1754 1537 1815 potestate,
1585 1747 1660 1803 ita
1689 1755 1747 1802 ut
1789 1747 2099 1817 plenissime

523 1836 684 1892 iidem
711 1837 1027 1908 praepositos
1053 1852 1112 1894 se
1154 1837 1518 1893 Ecclesiarum
1544 1854 1665 1894 esse
1708 1849 2100 1910 cognoscerent

518 1926 550 1964 “
579 1927 938 2000 Hieronymus
980 1930 1203 2001 exponit
1230 1929 1377 2000 quod
1405 1929 1527 2000 plus
1573 1931 1772 1987 habeat
1816 1932 2098 2002 episcopus

516 2033 682 2089 quam
728 2019 1053 2091 presbyteri,
1105 2020 1292 2077 dicens
1316 2021 1371 2074 in
1403 2020 1632 2090 cpistola
1690 2023 1759 2077 ad
1806 2023 2097 2095 Evagrium

518 2123 661 2177 saepe
685 2110 972 2177 repetitum
997 2127 1010 2165 :
1045 2110 1185 2181 Quid
1210 2111 1354 2166 enim
1382 2109 1507 2165 facit
1524 2121 1749 2182 excepta
1761 2114 2098 2171 ordinatione

515 2199 821 2271 cpiscopus,
849 2202 991 2271 quod
1014 2203 1300 2274 presbyter
1335 2218 1441 2258 non
1487 2202 1652 2259 facit?
1679 2205 1713 2241 *
1758 2206 1822 2260 Et
1850 2207 2094 2277 exponit,

514 2288 670 2359 cujus
699 2292 1084 2349 constitutione
1130 2295 1418 2365 episcopus
1465 2296 1537 2350 sit
1590 2298 1937 2365 constitutus,
1987 2308 2098 2354 tra-

515 2392 665 2438 ctqu
694 2399 855 2453 super
897 2383 1095 2452 Titum,
1141 2387 1367 2444 dicens:
1420 2388 1573 2445 Sicut
1618 2407 1750 2463 ergo
1791 2395 2096 2465 presbyteri

513 2472 691 2528 sciunt
717 2489 777 2532 sc
798 2490 867 2531 ex
891 2475 1146 2533 Ecclesia:
1168 2480 1556 2535 consuetudine
1590 2482 1641 2537 ei
1685 2482 1776 2552 qui
1820 2483 1924 2539 sibi
1954 2499 2094 2554 pra:-

512 2564 702 2634 positis
738 2564 919 2633 fuerit,
949 2582 1070 2623 esse
1098 2567 1370 2637 subjectos
1397 2589 1409 2624 :
1450 2571 1524 2625 ita
1576 2573 1817 2643 episcopi
1846 2576 2098 2631 noverint

510 2671 572 2712 se
592 2658 763 2729 magis
775 2662 1187 2730 consuetudine,
1210 2680 1375 2735 quam
1399 2665 1771 2735 dispositionis
1796 2667 2095 2725 Dominicze

2202 1740 2342 1797 fusio
2368 1741 2469 1798 olei
2507 1758 2671 1814 super
2699 1751 2897 1816 caput:
2933 1744 3016 1800 Un
3039 1745 3089 1800 le
3105 1745 3233 1801 dicit
3263 1746 3398 1802 Beda
3424 1748 3471 1801 in
3494 1747 3604 1802 libro
3625 1756 3695 1802 ter-

2201 1834 2277 1888 tio
2301 1835 2366 1889 de
2390 1832 2762 1891 Tabernuculo
2788 1844 2845 1891 et
2866 1836 3019 1892 Vasis
3041 1839 3160 1905 ejus
3177 1855 3187 1891 :
3204 1836 3413 1893 Indutus
3438 1853 3548 1893 vero
3567 1838 3691 1893 sacris

2200 1926 2443 1982 vestibus
2470 1926 2714 1997 pontifex
2742 1943 2865 1982 mox
2890 1926 3011 1983 oleo
3036 1928 3307 1983 unctionis
3328 1927 3637 2000 perfunditur,
3655 1937 3694 1982 ut

2198 2029 2296 2084 per
2317 2014 2546 2084 gratiam
2584 2010 2819 2084 Spiritus
2842 2014 3016 2069 sancti
3051 2015 3384 2071 consecratio
3409 2013 3690 2085 perficiatur:

2198 2120 2303 2159 non
2330 2105 2470 2174 quod
2506 2120 2568 2160 ea
2605 2120 2725 2175 quae
2767 2105 3045 2174 przcmissa
3088 2114 3218 2163 sunt
3260 2106 3549 2162 indumenta
3570 2108 3693 2162 virtus

2200 2201 2332 2260 tum,
2366 2192 2568 2264 absque
2593 2194 2762 2263 gratia
2806 2193 2901 2250 Dei
2932 2195 3207 2266 possimus
3256 2197 3476 2252 habere:
3501 2198 3578 2252 sed
3606 2196 3691 2265 quia

2197 2282 2370 2353 majus
2401 2300 2620 2340 necesse
2655 2294 2739 2341 est
2780 2285 3041 2342 auxilium
3088 2289 3278 2359 gratia:
3318 2288 3557 2343 tribuatur
3588 2287 3695 2341 ullo-

2198 2379 2366 2443 mino,
2394 2377 2483 2432 ubi
2530 2377 2653 2448 quis
2677 2378 2760 2433 vel
2810 2377 3076 2450 majorem
3116 2380 3478 2440 conscenderit
3513 2380 3692 2451 gradum,

2197 2468 2277 2522 vel
2311 2468 2666 2539 plurimorum
2696 2468 2860 2525 fuerit
2884 2471 3137 2543 regimini
3162 2473 3428 2543 praelatus.
3451 2471 3631 2544 Myslice
3644 2468 3697 2523 di-

2196 2560 2269 2614 cit
2297 2559 2583 2616 Psalmistu
2610 2579 2622 2615 :
2657 2559 2805 2616 Sicut
2833 2573 3160 2634 unguentum
3200 2565 3253 2620 in
3280 2566 3458 2636 capite,
3496 2562 3606 2634 quod
3635 2560 3696 2613 dr-

2194 2653 2391 2707 scendit
2418 2655 2471 2709 in
2499 2654 2738 2720 barbam,
2767 2655 2983 2713 barbam
3008 2658 3215 2714 Aaron.
3239 2658 3542 2731 Augustinus
3560 2657 3602 2711 in
3620 2663 3699 2709 tra-

514 2748 740 2804 veritate
764 2750 1097 2821 presbyteris
1138 2768 1258 2809 esse
1287 2753 1540 2823 majores,
1590 2765 1646 2812 ει
1694 2757 1749 2812 in
1804 2773 2095 2817 commune
2194 2754 2343 2799 ctatu
2372 2744 2713 2803 Psalmorum
2740 2766 2752 2801 :
2781 2748 2914 2816 Quis
2939 2759 3062 2805 erat
3090 2751 3365 2818 sacerdos,
3386 2751 3481 2806 nisi
3500 2764 3615 2804 unus
3637 2760 3697 2801 sa—

513 2838 709 2894 dcbere
738 2841 1034 2897 Ecclesium
1053 2859 1261 2915 regere,
1286 2846 1561 2902 imitantes
1585 2846 1826 2920 Moysen,
1853 2851 1947 2920 qui
1970 2867 2094 2907 eum
2193 2834 2405 2900 εοπδοδν
2437 2838 2529 2907 (Illi
2558 2838 2781 2893 ῖηινδνίι
2825 2839 2878 2894 in
2908 2838 3114 2897 sane“!
3155 2841 3488 2898 5890mm")?
3521 2838 3700 2907 Qui?”

514 2928 738 2986 nuberet
774 2932 829 2985 in
855 2940 1122 3001 potestate
1174 2934 1321 2990 solus
1374 2950 1607 3006 praeesse
1657 2938 1853 3009 populo
1905 2940 2089 3008 15mg],
2126 2999 2161 3009 _
2194 2929 2484 2984 sacerdos?
2514 2930 2618 2985 nisi
2658 2931 2749 3001 qui
2787 2929 2890 2986 fuit
2919 2941 2975 2988 et
3002 2934 3234 2989 victima
3274 2942 3327 2990 ct
3370 2933 3603 2993 sacerdos,
3627 2926 3700 2982 nisi

511 2999 872 3090 septuaginta
889 3023 1079 3095 elegit,
1114 3040 1239 3080 cum
1283 2999 1478 3096 quibus
1505 2999 1761 3099 populum
1797 2999 2088 3102 judicaret:
2118 2999 2163 3064 (ἶ
2197 3019 2305 3086 me:
2330 3022 2421 3090 (illi
2452 3037 2575 3077 cum
2608 2999 2900 3078 ίηὴωυιιάο
2935 3040 3044 3081 non
3072 3026 3344 3082 ίηῖόηῖτθῑ
3367 3023 3499 3096 il“0d
3519 3019 3700 3081 onem"

512 3111 589 3165 De
616 3112 821 3169 eisdem
852 3116 1189 3186 septuaginta
1225 3118 1431 3172 mentio
1460 3117 1601 3179 facta
1625 3130 1707 3175 est
1730 3121 1784 3175 in
1807 3136 2094 3179 consecm-
2193 3114 2429 3184 seipsum
2454 3113 2678 3169 obtulit?
2705 3112 2958 3172 Vicurius
2980 3114 3191 3174 Christi
3236 3117 3465 3190 pontifex
3488 3112 3700 3170 efﬁcitur:

513 3202 657 3256 tione
680 3206 997 3275 presbyteri,
1031 3206 1277 3273 dicendo,
1308 3216 1368 3262 ut
1392 3224 1514 3264 cum
1543 3210 1829 3280 pontifices
1854 3228 2093 3271 summos

2196 3206 2314 3262 ideo
2341 3207 2397 3262 in
2426 3209 2603 3278 capite
2626 3209 2870 3280 ungitur.
2903 3209 3084 3282 Caput
3113 3221 3359 3269 nostrum
3381 3211 3610 3268 Christus.
3630 3202 3703 3259 Cr

511 3293 763 3369 regendis
793 3297 1004 3366 populis
1030 3296 1383 3367 praefecisset,
1413 3301 1482 3355 ad
1513 3318 1703 3357 eorum
1735 3306 2017 3362 societatis
2039 3317 2097 3364 et

2196 3307 2294 3369 put
2312 3308 2560 3355 nostrum
2592 3308 2816 3356 unctum
2844 3310 2929 3358 est
2970 3303 3100 3361 oleo
3122 3304 3385 3362 invisibili
3414 3323 3428 3359 ε
3460 3303 3701 3373 episcopus

504 3386 687 3453 operis
720 3387 1088 3457 adjumentttm
1147 3393 1425 3463 sequentis
1467 3395 1675 3452 ordinis
1721 3397 1875 3454 viros
1899 3406 1955 3454 et
2002 3416 2091 3457 se-

2196 3391 2321 3462 quia
2359 3392 2600 3448 vicarius
2620 3391 2825 3449 Christi
2854 3402 2958 3463 est,
2992 3396 3050 3452 in
3097 3398 3281 3469 capite
3305 3396 3513 3466 ungitur
3535 3411 3550 3447 :
3569 3385 3702 3446 abillo

505 3476 696 3531 eund:e
723 3479 998 3551 dignitatis
1035 3481 1264 3553 eligeres
1288 3503 1301 3538 :
1335 3486 1416 3541 sic
1449 3487 1503 3541 in
1526 3503 1708 3555 eremo
1738 3506 1837 3560 per
1877 3502 2093 3565 septua-
2192 3485 2340 3540 enim
2360 3484 2696 3556 Signiﬁcat!"
2722 3488 3043 3559 seaCCipel'e
3068 3490 3215 3546 hanc
3238 3489 3496 3546 υηοιίοηὶε
3508 3483 3702 3580 gratia":

508 3568 652 3636 ginta
679 3571 913 3627 virorum
942 3577 1289 3645 prudentium
1328 3587 1588 3647 mentem,
1614 3581 1814 3654 Moysis
1840 3585 2090 3656 spiritum

2196 3576 2284 3646 qui
2321 3585 2482 3647 caput
2524 3587 2611 3633 est
2639 3578 2808 3634 totius
2837 3581 3108 3650 corporis.
3161 3581 3421 3638 imitando
3464 3578 3609 3638 illum,
3637 3568 3703 3641 qui

505 3662 833 3730 prepagasti,
867 3673 920 3718 ct
950 3664 1172 3737 reliqua.
1221 3667 1367 3739 Opus
1400 3671 1724 3743 presbyteri,
1772 3676 1842 3730 ad
1891 3675 2090 3737 donum
2191 3676 2352 3736 εειριιι
2381 3675 2465 3722 est
2493 3668 2657 3723 ῑοιὶιιε
2703 3668 2980 3735 Ecclesiae,
3024 3685 3127 3743 per
3161 3672 3429 3728 unctionis
3451 3667 3642 3740 gratiam
3662 3659 3705 3715 ﬁl

503 3750 727 3818 spiritus
773 3754 1053 3824 sapientiae
1079 3760 1335 3828 pertinet,
1378 3773 1602 3835 propter
1628 3767 1824 3821 bonam
1858 3783 2088 3825 convcr-

506 3853 718 3898 ε;ιιιοιιε
725 3861 796 3900 m.

1087 3941 1316 4000 CAPUT
1355 3945 1496 4003 XIV.

1107 4032 1182 4087 De
1217 4035 1483 4105 pontiﬁce.

575 4118 891 4177 Pontificem
914 4122 1092 4178 Aaron
1122 4124 1432 4196 prmﬁgurat
1458 4128 1511 4184 in
1557 4146 1654 4187 sua
1700 4130 1977 4198 unctione,
2021 4137 2090 4197 de

504 4227 614 4283 quo
648 4212 907 4284 scriptum
935 4223 1021 4269 est
1059 4215 1117 4269 iu
1154 4214 1393 4274 Levitico
1425 4238 1439 4273 :
1491 4219 1866 4280 Sanctificavit
1909 4226 2090 4285 oleum

508 4303 735 4375 Moyses,
778 4305 924 4375 quod
969 4303 1200 4363 fundens
1251 4323 1417 4380 super
1470 4322 1632 4382 caput
1675 4314 1876 4381 Aaron,
1929 4319 2091 4381 tinxit

2190 3766 2246 3815 et
2272 3758 2386 3829 ipse
2408 3768 2569 3828 caput
2595 3760 2853 3818 Ecclesia:
2896 3763 3000 3818 sibi
3036 3766 3366 3821 commissae.
3404 3760 3616 3817 Christus
3636 3765 3703 3824 pro

2191 3850 2444 3905 universa
2490 3850 2731 3908 Ecclesia
2787 3853 3141 3925 interpellat:
3179 3857 3468 3927 Episcopus
3514 3866 3596 3922 pro
3633 3843 3706 3901 sibi

2188 3943 2478 3999 commissa
2499 3943 2619 3999 vice
2637 3943 2838 4002 Cbristi
2871 3956 3029 4016 regat.
3047 3948 3353 4003 Ecclesium
3376 3947 3471 4002 sibi
3489 3930 3695 3998 commis-

2189 4049 2325 4100 sam,
2363 4036 2503 4091 sicut
2532 4034 2779 4092 Christus
2817 4046 2987 4093 totum
3044 4040 3373 4097 Ecclesium.
3425 4038 3526 4092 Hoc
3561 4033 3708 4087 sonam

2189 4129 2356 4183 verba
2407 4129 2835 4185 consecrationis
2876 4149 2891 4183 ι
2903 4130 3029 4201 jus:
3086 4132 3324 4191 Tribuus
3367 4131 3413 4187 ei
3456 4124 3705 4185 cathedram

2189 4221 2547 4291 episcopalem
2568 4222 2635 4276 ad
2665 4224 2955 4294 regendam
2978 4222 3289 4282 Ecclesium
3321 4235 3459 4281 tuam
3478 4231 3527 4277 et
3549 4217 3708 4290 plebem

2191 4312 2517 4366 universam.
2546 4311 2614 4366 Et
2647 4312 2807 4367 aliter
2834 4331 2848 4367 :
2878 4314 3018 4369 Dicit
3043 4313 3344 4387 Gregorius
3371 4315 3421 4368 in
3451 4305 3706 4366 Montibus,

593 4361 612 4375 υ
721 4361 734 4370 ι
794 4361 814 4375 ι
1117 4361 1120 4362 ν
1162 4361 1193 4363 ν-
1253 4361 1407 4380 Ἢτν-
1475 4361 1632 4382 -ντ--
1675 4361 1876 4381 --τ--ν--τ
1932 4361 2091 4381 -ι-ι---ι
2196 4361 2515 4366 ν-----ν------·
2546 4361 2613 4366 -ν
2648 4361 2795 4367 --ην-
2835 4361 2848 4367 ν
2878 4361 3017 4369 ν’*η
3048 4361 3344 4387 ν·νῡ”“·-·σ
3372 4361 3421 4368 ·“
3451 4361 3520 4366 τη

503 4412 627 4450 eum
654 4404 709 4450 et
736 4399 1092 4453 consecravit.
1121 4399 1187 4454 Et
1228 4401 1425 4458 iterum
1459 4404 1514 4460 in
1547 4407 1737 4465 eodem
1764 4426 1776 4463 :
1808 4409 2090 4480 Pontifex,
2115 4361 2165 4431 Η
2188 4401 2365 4457 Oleum
2389 4401 2441 4455 in
2482 4402 2685 4472 capite.
2726 4403 2965 4458 Charitas
2996 4406 3050 4459 in
3101 4415 3306 4463 mem?»
3356 4403 3486 4472 Ουίλ
3525 4394 3709 4454 “eam”

506 4484 558 4566 id
602 4495 709 4553 est,
740 4489 991 4545 sacerdos
1021 4491 1290 4557 maximus
1333 4494 1476 4550 inter
1504 4496 1705 4557 fratres
1733 4516 1879 4567 suos,
1920 4518 2082 4573 super

506 4579 659 4650 cujus
682 4588 840 4650 caput
861 4579 1037 4637 fusum
1061 4591 1148 4638 est
1170 4585 1444 4642 unctionis
1472 4587 1672 4654 oleum,
1714 4599 1767 4645 et
1793 4590 1947 4662 cujus
1970 4609 2082 4648 ma-

506 4682 606 4723 nus
630 4667 683 4721 in
714 4670 1014 4728 sacerdotio
1040 4682 1369 4733 consecratae
1409 4685 1556 4732 sunt.
1606 4678 1675 4733 Et
1714 4678 1876 4750 paulo
1910 4692 2077 4751 post:

505 4756 618 4812 Nec
658 4759 966 4829 egredietur
1007 4762 1073 4817 de
1121 4764 1326 4821 sanctis
1367 4768 1664 4829 secundum
1698 4770 2079 4829 auctoritatem

505 4851 751 4918 Patrum,
793 4855 1017 4920 scilicet,
1060 4856 1284 4914 Paulum
1340 4862 1667 4931 apostolum,
1730 4862 2089 4923 Ambrosium.

2187 4492 2386 4549 Christi
2409 4503 2515 4561 est,
2552 4495 2894 4552 dilectionem
2923 4513 3088 4568 quam
3133 4499 3387 4555 Christus
3417 4496 3557 4553 nobis
3590 4502 3708 4545 mon'

2187 4585 2401 4650 stravit,
2426 4595 2484 4641 et
2508 4585 2714 4652 docuit,
2743 4588 2799 4642 in
2827 4604 2893 4643 eo
2910 4590 3177 4647 debemus
3201 4591 3442 4647 invenire
3469 4612 3481 4643 :
3510 4594 3644 4654 atque
3660 4576 3710 4633 δι’

2185 4690 2252 4731 eo
2299 4678 2369 4732 ad
2418 4678 2695 4734 cumulum
2744 4682 2920 4740 nostri
2967 4681 3252 4752 profectus
3296 4682 3519 4738 trahere.
3562 4669 3708 4731 Omnia

2187 4768 2302 4824 haec
2326 4786 2446 4840 qua:
2468 4771 2804 4827 extrinsecus
2833 4782 3119 4844 geruntur,
3153 4775 3312 4845 signa
3334 4780 3457 4829 sunt
3482 4781 3632 4826 rerum
3653 4763 3709 4816 in-

2181 4861 2458 4917 timarum.
2490 4861 2546 4916 Si
2572 4863 2695 4933 quis
2721 4863 2775 4917 in
2822 4873 3003 4920 mente
3031 4864 3294 4921 habuerit
3330 4866 3470 4935 ipsas
3507 4875 3599 4922 res.
3626 4856 3708 4923 illse

502 4942 985 5017 archiepiscopum,
1028 4958 1084 5004 et
1107 4949 1492 5023 Hieronymum
1533 4955 2082 5026 prcsbyterum,con-
2181 4958 2264 5007 est
2308 4967 2469 5007 verus
2515 4953 2772 5009 sacerdos
2811 4971 2824 5007 ε
2869 4969 2934 5010 ac
2976 4954 3103 5011 ideo
3127 4971 3344 5021 verum.
3382 4952 3518 5025 (ιιιοά
3561 4947 3709 5004 pem”

503 5035 734 5091 secratio
759 5037 824 5091 ad
866 5038 1250 5099 immolandum
1288 5042 1434 5099 facta
1456 5054 1540 5100 est
1569 5046 1830 5118 episcopi,
1854 5048 1909 5104 in
1932 5051 2079 5106 ordi-

2196 5042 2312 5098 licit
2332 5042 2399 5099 de
2421 5045 2690 5101 universis
2715 5046 3015 5103 Cutholicis
3037 5065 3050 5101 :
3076 5044 3245 5115 Gens,
3273 5058 3453 5103 sancta
3479 5041 3625 5114 regale
3643 5051 3706 5090 σε·

504 5127 722 5183 natione
754 5132 1077 5204 presbyteri.
1123 5134 1230 5191 Sed
1260 5138 1405 5207 quod
1439 5137 1654 5194 additur
1698 5156 1764 5196 ex
1813 5141 2068 5201 canonica

2196 5135 2488 5193 :erdotium.
2518 5137 2660 5193 Dicit
2704 5137 2938 5205 libellus,
2986 5140 3291 5196 secundum
3321 5137 3470 5209 cujus
3508 5132 3705 5226 οΐάίηθηξ

502 5219 844 5287 auctoritate,
897 5230 958 5277 ut
997 5223 1179 5295 plures
1226 5226 1405 5283 adsint
1455 5228 1691 5299 episcopi
1725 5248 1739 5284 :
1787 5231 2088 5291 dicendum.
2131 5217 2485 5285 [celebratur
2503 5231 2779 5287 ordinatio
2805 5231 2945 5302 apud
2978 5232 3274 5302 quosdam,
3313 5242 3374 5287 ut
3396 5231 3496 5285 duo
3515 5217 3705 5296 ερὶεωρί

499 5318 605 5373 est,
635 5326 734 5366 cur
759 5313 1007 5369 addatur.
1059 5314 1349 5387 Gregorius
1393 5316 1734 5387 Apostolicus
1775 5321 2077 5394 interroga-
2180 5329 2402 5377 teneant
2442 5322 2791 5394 Evangelium
2832 5339 2995 5395 super
3034 5334 3208 5395 caput
3244 5323 3382 5395 ejus,
3410 5321 3542 5396 quod
3570 5322 3706 5383 Ml“

503 5399 638 5457 tioui
668 5401 950 5474 Augustini
989 5407 1286 5476 respondit.
1317 5420 1477 5475 quam
1497 5405 1609 5475 jam
1634 5410 1969 5479 przetulimus
2020 5412 2075 5466 in
2176 5421 2331 5468 vetus
2376 5415 2672 5470 auctoritas
2700 5415 2935 5479 intimat,
2978 5430 3165 5486 neque
3190 5416 3482 5486 apostoltea
3512 5405 3702 5468 ῐηὰἱιὶον

503 5493 871 5563 superioribus
918 5496 1200 5565 przesentis
1243 5498 1532 5566 opusculi:
1577 5499 1642 5555 Et
1692 5500 1931 5570 quidem,
1993 5502 2074 5557 in-
2174 5520 2352 5577 neque
2393 5508 2654 5565 canonica
2681 5509 2996 5565 auctoritas.
3033 5507 3232 5566 Potest
3259 5518 3436 5569 tamen
3477 5492 3703 5570 Krause!“

505 5584 715 5651 quiens,
750 5588 802 5641 in
826 5588 1115 5659 Anglorum
1145 5587 1408 5656 Ecclesia,
1435 5590 1487 5644 in
1514 5606 1616 5661 qua
1646 5593 1823 5648 adhuc
1844 5592 1991 5649 solus
2017 5603 2071 5649 tu
2174 5597 2370 5667 positio
2401 5614 2562 5670 super
2586 5609 2769 5669 caput,
2814 5614 3031 5656 monere
3061 5610 3336 5667 tenentes,
3364 5609 3421 5658 ut
3443 5613 3542 5671 quo
3566 5586 3687 5649 [l0mi
