3938 6178
368 210 514 300 ibas

1120 243 1208 297 DE
1247 243 1796 303 ECCLESIAS'I'ICIS
1832 244 2116 301 OFFICIIS
2155 244 2335 301 LIBRI
2370 244 2459 300 IV.
2498 276 2569 293 -η
2606 246 2735 301 LIB.
2772 247 2834 301 Il.

3458 252 3596 308 i093

357 374 462 414 nus
492 355 636 410 idem
673 354 1019 425 Evangelium
1064 354 1243 412 ﬁrmet
1272 358 1327 412 in
1369 357 1532 414 corde
1573 357 1713 425 ejus,
1741 358 1924 429 depre-
1952 365 2001 422 Α
2026 356 2177 412 dotes
2202 359 2415 427 quando
2438 358 2758 414 intrinsecus
2778 357 2832 413 in
2860 358 3176 415 ministeriis
3201 370 3349 427 sunt,
3379 379 3594 421 rursum

354 456 570 511 cantur,
600 455 695 501 aut
721 456 779 502 ut
802 456 1055 504 moneant
1076 463 1203 503 eum
1228 451 1321 519 qui
1340 459 1716 515 consecratur,
1743 464 1922 507 recor-

354 538 474 594 dari
500 553 559 593 se
580 537 811 608 amplius
828 552 959 593 resse
982 540 1082 594 sub
1100 538 1235 610 jugo
1256 540 1553 611 Evangelii,
1576 555 1739 610 quam
1761 540 1918 607 foret.

352 628 691 687 Generaliter
712 629 855 685 enim
876 629 941 685 de
965 631 1339 688 benedictione
1359 632 1599 693 amnium
1624 632 1931 697 electorum

353 721 655 777 dicitBeda
698 721 753 776 in
799 722 1136 792 expositione
1186 723 1254 779 de
1308 723 1506 793 templo
1562 722 1865 781 Salomonis
1904 743 1917 780 :

353 815 457 883 Qui
480 816 627 872 enim
653 815 826 871 dixit:
857 815 1131 873 Benediin
1157 832 1335 873 omnes
1357 818 1592 873 timente:
1616 813 1929 885 Dominum,

351 907 573 978 pusillas
598 922 717 961 cum
747 907 1034 977 majoribus
1064 921 1081 959 :
1110 909 1225 977 ipse
1265 909 1441 964 dixit:
1484 908 1621 975 Quia
1647 918 1705 963 tu
1738 911 1921 969 reddes

353 998 578 1068 singulis
601 998 893 1053 secundum
919 1014 1076 1068 Opera
1103 1014 1303 1055 eorum.
1340 999 1653 1056 Communis
1679 1018 1807 1072 ergo
1846 1002 1919 1057 ibi

358 1091 662 1146 benedictio
688 1091 925 1146 omnium
952 1091 1057 1146 erit
1079 1091 1393 1157 electorum,
1425 1103 1657 1148 a'tamen
1685 1110 1781 1163 pro
1814 1094 1922 1149 dis-

354 1181 523 1235 tincta
572 1195 795 1250 operum
851 1180 1132 1250 qualitate,
1191 1181 1374 1237 multae
1436 1189 1562 1238 sunt
1615 1185 1923 1238 mansiones

354 1271 634 1326 beatorum
661 1271 716 1326 in
761 1286 868 1326 una
889 1271 1185 1341 eademque
1210 1271 1370 1328 domo
1390 1268 1571 1327 Patris
1612 1281 1813 1328 arterna
1868 1273 1921 1327 in

353 1364 527 1419 caelis.
1056 1424 1059 1425 ν
1352 1376 1357 1379 ’

949 1430 1176 1495 CAPUT
1215 1433 1330 1491 XV.

742 1522 819 1578 De
847 1523 1025 1578 habitu
1045 1539 1315 1577 sacrarum
1337 1523 1548 1578 ducum.

2014 448 2167 517 jubet
2196 457 2253 503 ut
2279 449 2618 518 egredientes
2655 451 2709 505 in
2738 450 3136 523 gazophylaciis
3160 453 3273 508 sive
3298 453 3351 509 in
3382 456 3613 513 exedris,

2021 549 2333 597 sanctorum
2360 556 2417 597 se
2442 550 2643 597 exuant
2674 542 2920 612 pristinis
2943 544 3202 610 vestibus,
3229 553 3284 599 et
3307 545 3597 602 induantur

2021 631 2161 695 aliis,
2191 647 2257 686 ne
2298 633 2341 688 si
2395 644 2612 690 sanctas
2648 643 2825 690 vestes
2879 635 3209 698 habuerint,
3263 639 3601 694 sanctiﬁccnt

2020 722 2274 791 populum
2307 722 2440 779 foris
2470 724 2738 795 positum,
2783 726 2874 795 qui
2920 727 3149 782 necdum
3189 726 3371 796 fuerit,
3402 732 3599 787 sancti-

2020 812 2236 880 ﬁcatus,
2259 831 2358 870 nec
2383 831 2443 870 se
2485 817 2807 886 praeparavit
2838 818 2893 871 in
2925 818 3351 875 sanctificatione
3380 822 3596 895 templi,

2020 909 2079 956 ut
2124 896 2195 959 sit
2246 905 2458 961 Domini
2507 905 2813 963 Nazarccus.
2869 907 2973 962 Per
3000 923 3120 978 qua:
3170 910 3430 966 discimus
3488 928 3594 967 non

2017 994 2346 1062 quotidianis
2364 1003 2422 1050 et
2434 996 2760 1065 quibuslibet
2778 1008 2875 1068 pro
2896 1014 2995 1053 usu
3020 999 3144 1054 vita:
3171 1003 3471 1057 communis
3484 1002 3599 1074 pol-

2014 1081 2148 1138 lutis
2176 1085 2415 1139 vestibus
2455 1101 2552 1140 nos
2594 1087 2798 1157 ingredi
2830 1088 3027 1147 debere
3053 1090 3109 1145 in
3148 1098 3337 1147 sancta
3379 1101 3595 1148 sancto-

2023 1187 2179 1227 rum:
2212 1173 2306 1228 sed
2343 1177 2539 1229 munda
2582 1178 2911 1237 conscientia
2936 1218 2952 1244 ,
2998 1189 3053 1234 et
3100 1182 3312 1237 mundis
3357 1184 3597 1241 vestibus

2025 1272 2207 1320 tenere
2256 1265 2466 1320 Domini
2515 1278 2873 1325 sacramenta.
2920 1271 2987 1327 Et
3033 1274 3229 1330 iterum
3281 1276 3335 1331 in
3364 1278 3595 1337 eodem:

2026 1352 2193 1410 Porro
2225 1358 2414 1428 religio
2448 1359 2629 1426 divina
2659 1361 2980 1417 alterutrum
3038 1365 3283 1421 habitum
3335 1368 3495 1424 habet
3544 1369 3599 1424 in

2025 1447 2323 1503 ministerio
2352 1450 2580 1519 alterum
2623 1452 2677 1506 in
2709 1470 2805 1508 usu
2838 1455 3056 1525 vitaque
3108 1461 3399 1513 communi.
3441 1461 3598 1519 Nam-

2022 1552 2128 1605 que
2171 1546 2226 1592 et
2270 1538 2359 1594 hic
2407 1554 2473 1595 ex
2515 1543 2695 1597 verbis
2742 1541 3058 1616 Hieronymi
3107 1548 3372 1617 admoniti
3412 1565 3599 1605 sumus

424 1616 608 1671 Primo
630 1613 922 1670 notandum
954 1620 1039 1669 est
1070 1613 1144 1667 ita
1167 1627 1286 1669 esse
1312 1613 1632 1669 clericorum
1678 1615 1923 1681 habitum

2028 1628 2321 1683 mutatione
2363 1630 2691 1685 vestimenti.
2726 1613 2982 1702 Sequitur
3013 1634 3252 1703 ejusdem
3282 1639 3335 1693 in
3363 1613 3552 1696 eodem
3580 1658 3594 1695 :

352 1709 705 1767 constitutum
734 1708 789 1762 in
818 1707 1202 1769 ecclesiasticis
1228 1706 1449 1773 ciliciis,
1488 1716 1551 1762 ut
1594 1707 1648 1761 in
1675 1709 1923 1773 omnibus

2028 1716 2150 1772 Haec
2196 1721 2515 1776 vestimenta
2559 1724 2776 1793 proprio
2811 1726 2966 1781 nobis
3008 1726 3192 1783 labore
3242 1731 3596 1798 conficimus,

350 1798 663 1858 Christiano
705 1798 900 1870 populo
927 1800 1098 1869 possit
1142 1799 1384 1868 prtebere
1412 1799 1715 1870 exemplum
1764 1801 1923 1859 bonae

352 1888 801 1946 conversationis.
837 1888 990 1955 Quod
1012 1888 1406 1957 quodammodo
1428 1889 1693 1960 signiﬁcat
1725 1888 1920 1945 Hiero-

352 1994 548 2054 nymus
576 1981 632 2037 in
658 1979 795 2037 libro
829 1980 898 2034 de
928 1988 1076 2036 veste
1123 1979 1445 2035 sacerdotali
1492 1979 1558 2035 ad
1604 1978 1919 2035 Fabiolam:

351 2075 626 2146 Legimus,
658 2073 912 2143 inquiens
941 2073 996 2128 in
1023 2069 1458 2139 Levitico,juxta
1474 2071 1923 2143 praeceptumpei

353 2165 572 2235 Moysen
601 2163 799 2218 lavisse
820 2162 1006 2225 Aaron
1034 2170 1090 2219 et
1121 2162 1262 2219 tilias
1290 2161 1424 2231 ejus.
1464 2162 1584 2219 iam
1622 2172 1751 2219 tunc
1796 2181 1924 2237 pur:

351 2256 622 2326 gationem
649 2255 858 2319 mundi,
888 2261 944 2310 et
982 2269 1162 2321 rerum
1185 2255 1426 2317 omnium
1466 2257 1806 2311 sanctitatem
1830 2258 1924 2312 bac

354 2348 533 2419 ptismi
561 2356 897 2405 sacramenta
924 2348 1229 2418 signabant.
1256 2347 1374 2407 Non
1417 2346 1687 2418 accipiunt
1712 2356 1889 2403 vestes
1906 2389 1921 2417 ,

353 2439 457 2495 nisi
486 2439 578 2494 loti
602 2438 750 2509 prius
770 2437 1051 2503 sordibus;
1078 2444 1181 2493 nec
1202 2446 1531 2494 coronantur
1553 2437 1619 2492 ad
1646 2452 1803 2495 sacra
1821 2438 1924 2495 nisi

353 2532 408 2586 in
429 2530 643 2593 Christo
660 2529 791 2585 novi
813 2529 1059 2593 hamines
1083 2538 1459 2585 renascantur.
1477 2530 1508 2563 δι
1534 2528 1611 2583 Ex
1633 2527 1717 2583 his
1746 2528 1926 2583 verbis

353 2621 722 2693 intelligimus,
754 2631 933 2687 vestes
975 2620 1336 2679 sacerdotales
1370 2621 1438 2677 ad
1458 2620 1926 2679 conversationem

353 2713 533 2786 populi
562 2713 857 2771 Christiani
882 2712 1177 2784 pertinere.

933 2823 1160 2880 CAPUT
1194 2822 1334 2878 XVI.
1364 2852 1369 2853 ν

399 2915 476 2971 De
496 2932 598 2970 non
622 2917 827 2971 utendis
851 2917 1071 2979 vestibus
1094 2914 1315 2975 sacratis
1344 2916 1401 2969 in
1427 2915 1732 2987 quotidiana
1761 2932 1882 2970 usu.

2022 1823 2140 1877 qua!
2169 1816 2318 1864 texta
2342 1819 2467 1865 sunt
2485 1812 2735 1884 desuper,
2764 1815 2973 1885 qualem
2999 1827 3053 1872 et
3079 1819 3336 1877 Dominus
3364 1823 3594 1880 habebat

2024 1901 2284 1969 tunicam,
2308 1919 2429 1973 qua:
2451 1904 2622 1961 scindi
2674 1921 2780 1962 non
2818 1918 2994 1979 potest
3019 1930 3031 1965 :
3061 1913 3256 1981 quibus
3286 1916 3558 1974 induimur
3583 1960 3599 1983 ,

2016 1992 2239 2060 quando
2278 2003 2483 2049 secreta
2526 1995 2736 2053 Domini
2768 2007 2823 2054 et
2860 2015 3057 2056 arcana
3087 2007 3495 2076 cognoscimus,
3544 2020 3600 2065 et

2024 2083 2283 2141 habemus
2316 2087 2563 2156 Spiritum
2613 2091 2704 2159 qui
2733 2101 3006 2148 scrutatur
3048 2096 3210 2150 etiam
3239 2098 3345 2153 alta
3374 2109 3429 2155 et
3470 2116 3599 2171 pro-

2022 2171 2185 2229 funda
2212 2174 2326 2240 Dei,
2354 2193 2474 2247 qua:
2522 2195 2628 2233 non
2674 2190 2798 2235 sunt
2850 2186 3202 2241 monstranda
3239 2186 3397 2258 vulgo
3433 2229 3448 2253 ,
3500 2205 3601 2245 nec

2021 2263 2343 2336 proferenda
2371 2269 2437 2322 ad
2478 2270 2731 2340 populum
2757 2310 2772 2336 ,
2822 2273 2913 2342 qui
2944 2291 3049 2330 non
3079 2284 3165 2333 est
3208 2280 3605 2347 sanctiﬁcatus,

2025 2369 2127 2410 nec
2168 2355 2261 2411 Dei
2304 2359 2652 2415 sanctitudini
2680 2373 3047 2433 pncparatus;
3096 2382 3164 2423 ne
3220 2368 3266 2424 si
3302 2368 3505 2437 majora
3542 2387 3603 2428 se

2027 2448 2313 2515 audierint,
2347 2452 2680 2523 maiestatem
2709 2456 2949 2513 scientiae
2977 2455 3123 2515 ferre
3155 2476 3261 2517 non
3295 2464 3524 2533 possint,
3549 2476 3604 2523 et

2026 2540 2179 2608 quasi
2206 2540 2375 2597 solido
2411 2542 2737 2605 sull‘ocentur
2759 2546 2881 2602 cibo
2925 2551 3017 2619 qui
3049 2551 3226 2607 adhuc
3254 2551 3393 2608 lacte
3423 2554 3603 2611 infan-

2027 2630 2113 2684 tiae
2140 2631 2409 2686 nutriendi
2436 2643 2579 2688 sunt.
2613 2636 2629 2654 '
2654 2636 2801 2691 inter
2841 2639 3058 2709 regulas
3087 2655 3260 2696 sacrae
3302 2642 3605 2713 Scriptura:

2027 2731 2231 2791 septem
2275 2723 2389 2778 haec
2412 2740 2518 2780 una
2562 2740 2628 2781 ex
2659 2727 2769 2783 illis
2797 2739 3010 2785 constat
3049 2740 3109 2786 ut
3150 2747 3179 2786 a
3228 2732 3403 2788 littera
3434 2742 3604 2789 traus‘

2028 2825 2214 2867 eamus
2241 2814 2308 2867 ad
2338 2814 2608 2884 spiritum,
2637 2826 2692 2872 et
2728 2833 2759 2871 a
2790 2820 2979 2889 spiritu
3007 2822 3074 2877 ad
3102 2820 3353 2877 litteram.
3384 2822 3462 2879 Ac
3487 2824 3606 2880 ideo

2031 2918 2135 2959 non
2169 2906 2425 2961 abhorret
2459 2923 2490 2962 a
2529 2924 2678 2976 vero,
2710 2913 2959 2981 quamvis
2986 2913 3052 2969 de
3097 2913 3252 2971 laneo
3286 2918 3607 2975 vestimento

425 3009 729 3080 Stephanus
756 3009 972 3065 natione
995 3008 1268 3064 Romanus
1289 3022 1353 3063 ex
1379 3015 1534 3078 patre
1559 3005 1737 3076 Jobio‘,
1760 3017 1822 3063 ut
1851 3008 1927 3063 le-
1954 3046 1997 3109 C
2030 2994 2359 3109 θεοῑρίθηξυε
2392 2999 2685 3101 fecundum
2715 3001 2984 3070 Spiritum.
3016 3003 3060 3057 Si
3112 3005 3407 3061 secundum
3462 3006 3607 3062 litte-

349 3103 501 3175 gitur
529 3102 582 3157 in
610 3100 790 3158 Gestis
815 3100 1225 3173 episcopalibus,
1244 3100 1522 3161 constituit
1546 3099 1925 3158 sacerdotibus

354 3195 661 3266 Levitisque
688 3204 866 3250 vestes
889 3202 1132 3251 sacratas
1161 3193 1216 3247 in
1244 3202 1346 3248 usu
1375 3192 1690 3263 quotidiana
1717 3208 1824 3248 non
1846 3193 1922 3248 uti

351 3288 410 3342 in
426 3285 672 3351 ecclesia.
696 3276 830 3339 Tale
849 3283 978 3353 quid
1004 3282 1262 3338 Dominus
1282 3296 1378 3354 per
1397 3281 1735 3339 Ezechielem
1758 3281 1929 3353 loqui-

354 3386 482 3433 tur:
510 3375 639 3436 [hac
685 3384 807 3430 sunt
838 3373 1212 3446 gazapltylacia
1257 3381 1437 3427 sancta
1464 3411 1480 3439 ,
1524 3372 1581 3441 in;
1614 3370 1798 3441 quibus
1845 3389 1929 3435 re-

353 3468 586 3521 stiantur
605 3464 920 3530 sacerdotes,
948 3464 1041 3535 qui
1065 3462 1479 3537 approPinquunt
1502 3470 1622 3516 ante
1643 3460 1926 3519 Dominum

352 3560 411 3613 in
467 3555 660 3612 Sancta
703 3563 1021 3616 sanctorum.
1064 3554 1131 3608 Et
1178 3552 1337 3623 paulo
1370 3560 1531 3624 post:
1573 3550 1704 3606 Cum
1750 3562 1928 3611 autem

352 3650 574 3720 ingressi
602 3647 797 3717 fuerint
823 3645 1136 3710 sacerdotes,
1164 3661 1269 3699 non
1295 3643 1621 3717 egredientur
1645 3643 1710 3698 de
1732 3644 1928 3711 sanctis

353 3741 410 3794 in
442 3741 634 3793 atrium
660 3739 905 3803 exterius,
934 3746 980 3791 et
1029 3736 1100 3790 ibi
1127 3744 1371 3807 reponem
1401 3736 1696 3790 vestimenta
1724 3752 1844 3799 sua,
1873 3735 1927 3787 in

352 3831 541 3902 quibus
591 3829 926 3893 ministrant,
966 3829 1109 3898 quia
1164 3834 1348 3885 sancta
1381 3838 1519 3892 sunt,
1553 3827 1928 3896 vestienturque

354 3923 666 3979 vestimentis
698 3923 841 3987 aliis,
875 3931 922 3976 et
972 3923 1046 3977 sic
1102 3920 1379 3991 procedcnt
1426 3919 1496 3975 ad
1545 3920 1814 3992 populum.
1862 3920 1930 3974 Et

356 4015 584 4069 iterum:
614 4013 843 4086 Cumque
866 4013 1231 4084 ingrediuntur
1264 4022 1441 4082 portas
1481 4014 1602 4066 atrii
1632 4013 1919 4078 interioris,

356 4104 580 4158 restibus
626 4104 778 4159 lineis
830 4105 1113 4169 induentur
1143 4145 1158 4170 ,
1220 4121 1311 4159 nec
1349 4104 1595 4158 ascendat
1650 4119 1807 4172 super
1841 4121 1928 4161 eoa

355 4196 642 4266 quidquam
673 4193 902 4260 laneum,
934 4196 1143 4265 quando
1189 4196 1483 4251 ministrant
1510 4195 1564 4248 in
1591 4197 1755 4266 partis
1806 4197 1929 4250 atrii

355 4286 619 4341 interioris
678 4295 724 4345 et
783 4286 1111 4341 intrinsecus.
1169 4287 1234 4340 Et
1288 4294 1410 4356 post
1456 4302 1664 4356 pauca:
1698 4286 1929 4359 Cumque

355 4378 683 4449 egredientur
729 4379 922 4445 atrium
969 4380 1194 4434 exterius
1234 4379 1302 4432 ad
1334 4379 1581 4451 populum
1606 4418 1622 4445 ,
1658 4390 1843 4435 exuent
1873 4398 1927 4437 se
1954 4403 2004 4463 ι)

355 4470 580 4525 uestibus
607 4469 736 4534 suis,
761 4470 817 4523 in
842 4468 1026 4540 quibus
1064 4469 1498 4535 minisirarerant,
1530 4480 1578 4524 et
1604 4480 1843 4540 reponant
1871 4471 1925 4522 in

354 4562 727 4632 gazopltyittcia
753 4561 1060 4624 sanctuarii,
1082 4570 1127 4614 et
1146 4561 1355 4614 vestiant
1376 4577 1429 4614 se
1449 4562 1757 4616 vestimentis
1781 4560 1922 4616 aliis.

356 4653 615 4720 Quamvis
632 4653 743 4709 [nec
763 4651 1115 4721 spiritualiter
1131 4650 1434 4721 intelligere
1450 4652 1725 4717 debemus,
1743 4662 1921 4719 tamen

356 4747 614 4800 adinmiiti
668 4762 852 4804 smnus
879 4761 906 4799 a
950 4760 1110 4816 supra
1139 4757 1434 4801 memorato
1482 4745 1820 4817 Apostolico,
1868 4758 1927 4804 ut

359 4838 710 4891 mutationem
729 4837 1036 4893 vestimenti
1067 4835 1221 4905 juxta
1260 4836 1493 4891 litteram
1541 4838 1923 4907 compleamus.

358 4930 524 4984 Nobis
550 4930 716 4993 enim,
740 4930 831 4999 qui
868 4928 1072 4998 Spiritu
1116 4945 1301 4985 sumus
1349 4930 1544 4994 renati,
1571 4937 1696 4985 ante
1742 4929 1928 4984 oculos

357 5022 554 5077 bonum
586 5029 671 5077 est
715 5021 1053 5090 frequentare
1100 5022 1241 5091 quod
1287 5022 1339 5076 in
1384 5030 1617 5085 mentem
1665 5030 1924 5077 transeat.

357 5112 462 5168 Per
492 5113 688 5171 lineam
712 5121 933 5179 vestem,
966 5128 1070 5183 qua
1101 5114 1471 5168 tantummodo
1491 5115 1694 5171 utimur
1720 5116 1771 5171 in
1805 5130 1929 5172 san-

357 5206 485 5269 ctis,
525 5204 873 5274 intelligimus
922 5204 1174 5259 subtilem
1209 5206 1546 5271 orationem,
1597 5217 1814 5263 exutam
1858 5208 1927 5267 ab

356 5296 505 5350 omni
535 5296 741 5351 carnali
793 5296 1115 5367 cogitatione
1175 5304 1301 5351 ante
1347 5295 1652 5357 Dominum.
1702 5299 1928 5355 Locutio

357 5402 492 5442 vero
518 5387 583 5441 ad
613 5386 868 5457 populum
895 5386 999 5441 alia
1031 5386 1191 5440 debet
1225 5401 1344 5441 esse
1370 5393 1588 5454 tamque
1627 5403 1833 5458 gressa,
1869 5398 1930 5444 ut

360 5477 581 5548 intelligi
634 5477 807 5532 valeat
859 5493 888 5532 a
923 5475 1136 5547 papula.
1191 5476 1342 5532 Unde
1391 5486 1446 5532 et
1484 5476 1839 5550 Hieronymus
1875 5480 1921 5540 is

361 5570 501 5625 libro
539 5570 747 5627 decimo
776 5569 937 5623 tertia
962 5583 1123 5638 super
1150 5568 1525 5625 Ezechielem;
1560 5569 1626 5623 Et
1659 5571 1785 5641 quia
1840 5586 1929 5627 se-

363 5671 473 5741 met
499 5668 827 5730 praeceperat
872 5661 1064 5731 quibus
1090 5660 1329 5715 vestibus
1355 5660 1430 5714 uti
1461 5660 1715 5716 deberent
1745 5676 1927 5717 sacer-

2031 3101 2145 3140 ram
2171 3086 2555 3157 perfecerimus
2585 3092 2940 3148 mutationem
2980 3095 3290 3153 vestimenti
3315 3139 3330 3163 ,
3379 3099 3521 3171 quod
3551 3110 3605 3155 et

2027 3179 2321 3234 secundum
2355 3179 2591 3235 litteram
2615 3190 2667 3237 et
2697 3184 2992 3239 secundum
3016 3187 3264 3257 spiritum
3290 3188 3392 3243 rite
3417 3204 3607 3261 passu-

2028 3284 2147 3325 mus
2178 3271 2499 3343 intelligere.

2598 3342 2827 3402 CAPUT
2863 3343 3025 3400 XVII.

2264 3499 2277 3511 .
2298 3444 2303 3449 '
2650 3434 2727 3489 De
2758 3438 2972 3490 amictu.

2096 3517 2341 3577 Amictus
2380 3530 2471 3578 est
2514 3526 2747 3594 primum
2779 3528 3160 3582 vestimentum
3202 3535 3469 3595 nostrum,
3499 3546 3613 3602 quo

2027 3612 2223 3668 collum
2250 3615 2487 3686 undique
2512 3616 2795 3689 Cingimus.
2835 3618 2892 3672 In
2923 3617 3062 3674 collo
3090 3625 3173 3675 est
3219 3636 3452 3690 namque
3480 3636 3611 3687 vox,

2029 3707 2256 3777 idecque
2285 3722 2382 3778 per
2409 3708 2603 3764 collum
2650 3710 2901 3782 loquendi
2931 3725 3060 3767 usus
3103 3711 3449 3783 exprimitur.
3498 3711 3608 3769 Per

2028 3802 2284 3859 amictum
2312 3804 2657 3877 intelligimus
2684 3809 2984 3864 custodiam
3010 3808 3179 3876 vocis,
3214 3809 3281 3865 de
3324 3824 3429 3880 qua
3459 3810 3605 3866 Psal-

2028 3896 2189 3951 mista
2223 3898 2472 3953 dicebat:
2510 3899 2654 3966 Dixi,
2687 3898 2991 3957 Custodiam
3045 3904 3154 3958 vias
3197 3920 3360 3969 meas,
3396 3915 3451 3958 ut
3500 3923 3609 3961 non

2029 3986 2325 4060 delinquam
2363 3990 2419 4045 in
2454 3990 2632 4062 lingua
2658 4008 2774 4046 mea
2801 4011 2820 4058 ;
2848 3994 2999 4063 posui
3031 3994 3111 4049 ori
3134 4011 3248 4049 mea
3284 3996 3600 4050 custodiam.

2028 4077 2096 4134 Et
2118 4081 2172 4135 in
2195 4080 2300 4136 alio
2319 4082 2525 4153 psalmo
2549 4103 2562 4138 :
2593 4082 2760 4152 Pone,
2782 4086 3020 4151 Domine,
3049 4087 3343 4141 custodiam
3369 4088 3450 4141 ori
3469 4104 3604 4151 meo.

2027 4174 2271 4230 Amictus
2320 4176 2439 4231 ideo
2480 4177 2708 4243 dicitur,
2765 4178 2890 4248 quia
2939 4175 3345 4246 circumjicitur.
3397 4177 3454 4243 lu
3501 4178 3609 4232 ista

2026 4263 2205 4335 primo
2232 4266 2554 4325 vestimento
2582 4266 2905 4321 admonetur
2929 4266 3212 4337 castigatio
3240 4268 3411 4322 vocis.

2592 4378 2817 4436 CAPUT
2860 4378 3046 4434 XVIII.

2676 4471 2756 4527 De
2794 4471 2940 4527 alba.

2095 4565 2284 4620 Postea
2310 4564 2587 4619 camisiam
2618 4564 2890 4620 induimus
2925 4579 3087 4634 quam
3118 4563 3293 4625 albam
3323 4577 3607 4629 vocamus.

2026 4656 2092 4711 de
2122 4671 2226 4726 qua
2258 4653 2615 4724 Hieronymus
2642 4654 2697 4708 in
2750 4653 2973 4722 epistola
3002 4662 3303 4709 memorata
3347 4655 3415 4710 de
3455 4665 3609 4711 veste

2027 4744 2349 4801 sacerdotali
2398 4744 2462 4797 ad
2504 4742 2775 4799 Fabiolam
2804 4764 2817 4799 :
2847 4743 3094 4801 Secunda
3134 4761 3202 4801 ex
3232 4746 3341 4807 lino
3384 4747 3606 4813 tunica,

2027 4844 2109 4891 est
2135 4834 2368 4909 poderis,
2395 4834 2448 4888 id
2492 4843 2597 4899 est,
2625 4835 2840 4898 talaris,
2882 4843 2936 4890 et
2971 4836 3023 4890 in
3055 4837 3425 4907 sequentibus.
3481 4838 3604 4894 Haec

2029 4927 2267 4981 attineret
2290 4926 2529 4995 corpori,
2551 4934 2604 4980 et
2636 4926 2708 4980 ita
2730 4937 2879 4982 arcta
2904 4936 3066 4983 estet
3102 4929 3315 4984 strictis
3334 4931 3560 5002 manicis
3585 4972 3607 5002 γ

2029 5025 2085 5071 ιιι
2121 5017 2264 5072 nulla
2288 5018 2515 5072 omnino
2537 5017 2591 5071 in
2619 5026 2767 5072 veste
2790 5018 2862 5072 sit
2890 5034 3043 5089 ruga,
3079 5028 3134 5074 et
3155 5033 3323 5090 usque
3354 5018 3420 5074 ad
3446 5035 3605 5075 crura

2029 5109 2337 5166 descendat.
2377 5109 2510 5166 Volo
2558 5123 2657 5179 pro
2705 5110 2933 5181 legentis
2974 5109 3267 5174 facilitate,
3315 5110 3460 5166 abuti
3492 5125 3606 5166 ser-

2031 5216 2189 5254 mone
2216 5199 2468 5271 vulgato:
2499 5199 2675 5255 solent
2698 5200 2991 5256 militantes
3016 5200 3220 5256 habere
3244 5202 3430 5264 lineas,
3471 5215 3609 5270 quas

2031 5291 2287 5347 camisias
2299 5299 2512 5354 vocant,
2535 5292 2612 5347 sic
2633 5302 2785 5363 aptas
2805 5293 3064 5349 membris
3074 5302 3126 5348 et
3149 5294 3398 5348 astrictas
3416 5307 3597 5360 carpo

2033 5382 2203 5449 ribus,
2235 5390 2293 5435 ut
2317 5383 2548 5452 expediti
2580 5384 2690 5438 sint
2719 5383 2799 5438 vel
2828 5385 2895 5438 ad
2922 5398 3139 5438 cursum
3176 5382 3261 5436 vel
3292 5383 3356 5437 ad
3398 5381 3602 5452 przelia,

2032 5477 2310 5549 dirigenda
2347 5476 2551 5547 jaculo,
2577 5476 2805 5531 tenendo
2834 5475 3040 5546 clypeo,
3071 5488 3198 5529 ense
3233 5474 3478 5531 libraudo
3500 5514 3516 5540 ,
3550 5485 3607 5531 et

2032 5584 2353 5640 quocunque
2400 5568 2698 5623 necessitas
2727 5567 2970 5621 traxerit.
3009 5566 3150 5635 Ergo
3194 5574 3252 5619 et
3295 5566 3605 5629 sacerdotes

2032 5662 2204 5734 parati
2232 5662 2287 5716 in
2322 5659 2620 5715 ministerio
2646 5659 2739 5713 Dei
2778 5665 2999 5711 utantur
3030 5657 3131 5711 hac
3174 5656 3391 5724 tunica,
3420 5666 3481 5713 ut
3503 5657 3606 5712 ha-
