3938 6178
431 250 574 306 10θὸ

1462 231 1795 289 AMALARII
1836 224 2270 284 PRESBYTER]
2307 216 2652 278 METENSIS

3498 210 3607 268 1096

428 365 619 420 bentes
645 356 1099 431 pulchritudinem
1145 351 1589 407 vestimenton
1629 344 1894 400 nudorum
1933 357 2016 396 ce-
2043 345 2091 403 Α
2118 339 2267 402 dere,
2292 342 2353 390 ut
2396 334 2589 390 eadem
2619 332 2768 386 intus
2788 342 2975 383 caram
3002 323 3224 380 Domino
3257 322 3442 395 integra
3472 340 3612 381 serve-

429 452 645 508 leritate
687 449 1017 504 discurrant.
1042 444 1102 498 in
1126 457 1192 497 eo
1227 441 1389 495 distat
1412 437 1793 493 vestimentum
1820 432 1951 487 illud
1981 448 2010 486 a

431 551 619 597 nostro
657 539 800 611 quod
826 536 957 592 illud
1000 533 1250 590 strictum
1306 537 1393 586 est
1416 570 1431 593 ,
1478 536 1727 584 nostrum
1747 540 1880 580 vero
1908 523 2016 578 lar-

2116 449 2257 489 mus.
2285 432 2346 486 ln
2367 438 2590 502 pectore
2613 425 2830 497 duplex,
2856 421 2985 494 quia
3013 421 3070 475 in
3097 434 3163 474 eo
3200 427 3465 488 utrumque
3495 419 3621 474 debet

2112 536 2232 577 esse
2254 561 2271 588 ,
2324 529 2382 576 et
2416 517 2664 574 doctrina
2708 522 2765 568 et
2804 512 3046 567 veritas:
3075 510 3269 565 veritas
3312 508 3527 573 interius,
3551 510 3626 565 do-

431 649 581 706 gum.
626 602 839 687 Eienim
889 627 944 682 hi
985 626 1076 696 qui
1107 624 1161 678 in
1214 621 1396 677 Veteri
1424 619 1776 675 Testamento
1821 616 2014 686 spiritu
2115 613 2289 669 ctrina
2312 612 2381 666 ad
2407 608 2677 666 homines.
2710 606 2839 661 Haec
2862 605 2969 660 duo
2994 602 3222 674 duplicia
3249 603 3350 657 sint
3364 604 3626 673 conjuncta,

433 694 712 785 servitutis
741 729 896 778 erant
920 694 1237 784 astricti,de
1259 732 1367 787 quo
1386 713 1597 770 dicebat
1623 710 1855 766 Paulus:
1893 708 2017 762 Non
2115 706 2241 776 quia
2269 713 2398 760 tunc
2426 705 2564 759 bene
2601 699 2966 764 ministratur,
2996 712 3120 752 cum
3168 710 3301 766 oms
3340 704 3393 750 et
3434 695 3553 749 ratio
3586 694 3631 750 in

431 823 569 876 enim
599 817 860 888 accipistis
889 813 1130 885 spiritum
1160 810 1426 865 servitutis
1445 808 1504 862 in
1524 807 1732 861 timore.
1754 802 1863 858 Nos
1890 816 2018 856 vero

434 914 559 985 quia
582 911 750 966 Filius
770 907 1055 972 liberavit,
1096 904 1260 960 liberi
1287 916 1506 965 sumus,
1555 914 1663 954 non
1706 895 2021 966 accepimus

433 1003 683 1075 spiritum
736 998 1014 1055 servitutis
1058 996 1113 1051 in
1138 996 1333 1050 timore
1358 1034 1372 1058 ,
1424 991 1673 1062 spiritum
1715 986 2022 1056 adoptionis

436 1074 689 1148 ﬁliorum.
728 1091 808 1145 Ac
832 1089 953 1144 ideo
985 1087 1065 1142 sic
1092 1085 1309 1140 illorum
1339 1082 1611 1145 strictum,
1638 1085 1883 1132 nostrum
1914 1074 2023 1129 lar-

435 1199 560 1255 gum
598 1191 821 1254 propter
843 1180 1172 1244 libertatem,
1201 1193 1307 1246 qua
1336 1174 1587 1230 Christus
1620 1186 1718 1225 nos
1744 1168 2019 1224 liberavit.

438 1275 577 1342 Quia
606 1273 841 1344 primum
867 1270 1255 1325 vestimentum
1283 1266 1519 1322 diximus
1565 1277 1685 1317 esse
1714 1259 2025 1331 castigatio—

441 1378 567 1417 nem
599 1361 767 1426 vocis,
802 1359 1084 1414 videamus
1124 1357 1171 1412 si
1214 1355 1511 1410 secundum
1541 1351 1738 1406 habeat
1787 1349 2025 1418 aliquam

436 1453 845 1521 castigationem
880 1452 1145 1519 corporis.
1198 1446 1339 1501 Dicit
1382 1443 1524 1499 Beda
1569 1442 1622 1497 in
1668 1441 1807 1496 libro
1832 1440 1899 1495 de
1946 1448 2029 1493 ta-

438 1544 729 1599 bernaculo
752 1560 765 1596 ε
792 1541 917 1597 llaec
936 1541 1137 1596 etenim
1159 1540 1299 1594 linea
1319 1552 1512 1593 manus
1537 1552 1602 1591 ac
1630 1534 1851 1591 brachia
1871 1532 2031 1589 debet

440 1634 705 1704 stringere
753 1633 1086 1695 sacerdotis,
1142 1645 1210 1685 ne
1255 1630 1385 1700 quid
1441 1629 1544 1684 nisi
1594 1627 1725 1682 utile
1779 1625 2022 1692 faciant;

441 1737 653 1800 pectus,
685 1744 752 1783 ne
778 1728 908 1798 quid
956 1728 1116 1781 inane
1143 1726 1377 1797 cogitet;
1410 1731 1672 1787 ventrem,
1700 1735 1769 1775 ne
1805 1719 2028 1775 delicias
2060 1704 2102 1764 Β

443 1820 584 1874 ultra
613 1820 828 1876 modum
873 1819 1215 1890 appetendo,
1261 1816 1429 1872 Deum
1473 1831 1529 1870 se
1556 1812 1801 1885 gulosum
1847 1812 2027 1866 facere

443 1920 767 1982 praesumat;
810 1910 1055 1980 subjecta
1082 1909 1262 1965 ventri
1294 1907 1558 1971 membra,
1594 1921 1662 1960 ne
1692 1903 2028 1961 lasciviendo

445 2012 614 2060 totam
654 2002 1006 2058 sacerdotalis
1037 2001 1256 2056 habitus
1281 1996 1742 2069 pulchritudinem
1784 2009 2030 2049 corrum-

443 2104 607 2164 pant;
647 2107 819 2163 genua
844 2132 859 2158 ,
900 2107 968 2146 ne
1019 2090 1089 2145 ab
1138 2087 1400 2146 orationis
1437 2087 1690 2142 instantia
1739 2091 2024 2155 t0rpeant;

451 2187 614 2243 tibias
634 2195 691 2240 et
714 2186 899 2256 pedes,
926 2200 995 2239 ne
1016 2184 1083 2239 ad
1122 2183 1324 2237 malum
1351 2188 1593 2235 currant.
1626 2178 1882 2234 induatur
1900 2190 2031 2246 ergo

445 2276 702 2333 sacerdos
730 2275 905 2346 primo
932 2274 1073 2329 linea
1102 2273 1313 2337 stricta,
1344 2279 1404 2326 ut
1430 2278 1485 2325 et
1508 2284 1707 2340 corpus
1731 2268 1800 2322 ab
1824 2265 2031 2335 iniquis

442 2370 700 2441 operibus
718 2409 733 2434 ,
760 2376 815 2423 et
842 2384 873 2423 a
900 2366 1084 2438 pravis
1110 2362 1526 2436 cogitationibus
1556 2369 1787 2416 mentem
1820 2372 2034 2426 compc-

445 2470 584 2518 scat.
609 2459 762 2528 Quod
798 2459 872 2515 ibi
897 2457 1240 2530 signiﬁcatur
1266 2457 1522 2512 strictura
1566 2451 1900 2517 vestimenti,
1932 2451 2035 2505 hoc

447 2553 595 2625 apud
639 2569 738 2608 nos
772 2552 868 2608 lini
897 2551 1201 2622 castigatio.
1235 2548 1370 2618 Quia
1399 2562 1572 2619 usque
1602 2546 1667 2601 ad
1690 2545 1855 2617 pedes
1892 2543 2034 2599 Beda

450 2644 699 2718 pervenit
726 2643 1039 2700 disserendo
1082 2642 1148 2697 de
1208 2641 1363 2696 lineis
1406 2639 1686 2703 vestibus,
1737 2651 2035 2708 congruum

451 2747 539 2793 est
574 2745 634 2792 ut
660 2737 1018 2808 nosmetipsos
1041 2734 1385 2790 absolvemus
1421 2732 1488 2788 de
1510 2731 1790 2798 sandaliis,
1817 2731 1952 2797 sive,
1978 2734 2037 2784 ut

452 2833 561 2888 alio
590 2833 831 2897 nomine,
853 2829 1132 2900 campobis
1155 2871 1170 2896 ,
1207 2829 1300 2900 qui
1350 2836 1641 2899 supersunt
1681 2828 1737 2882 in
1787 2827 2032 2898 pedibus.

455 2923 714 2980 Sandalia
740 2920 929 2976 subtus
958 2920 1275 2989 cooperinnt
1307 2919 1529 2989 pedem,
1574 2918 1805 2987 desuper
1834 2917 2036 2972 nudum

456 3014 802 3086 relinquunt;
833 3013 900 3068 de
934 3011 1130 3082 quibus
1179 3011 1314 3066 dicit
1363 3009 1505 3066 idem
1544 3010 1635 3079 qui
1660 3025 1820 3081 supra
1847 3009 1902 3063 in
1930 3018 2037 3063 tra-

2119 812 2285 853 unum
2331 794 2679 853 conveniunt.
2709 791 2857 863 Opus
2881 789 2953 845 ad
2975 791 3229 845 humeros
3247 827 3264 854 ,
3315 787 3443 843 ratio
3459 787 3521 842 ad
3553 802 3631 858 pe-

2118 897 2257 945 (ω’
2719 949 2946 1008 CAPUT
2989 949 3108 1006 xx.

2779 1044 2860 1100 De
2891 1041 3049 1099 stola.

2194 1139 2401 1196 Stolam
2421 1137 2621 1209 accipit
2640 1136 2922 1199 diaconus,
2944 1133 3164 1204 quando
3182 1132 3449 1190 ordinatur
3470 1130 3530 1186 ab
3550 1130 3639 1202 epi-

2127 1246 2311 1301 scopo.
2337 1230 2456 1300 ipsa
2479 1229 2623 1285 enim
2655 1241 2873 1298 semper
2899 1227 3070 1281 utitur
3115 1226 3169 1280 in
3206 1239 3361 1295 opere
3386 1223 3638 1279 ministerii.

2124 1326 2230 1381 Per
2255 1326 2448 1381 stolam
2495 1324 2807 1395 designatur
2839 1339 2978 1380 onus
3034 1322 3148 1378 leve
3175 1338 3238 1377 ac
3273 1337 3425 1377 suave
3444 1362 3459 1385 ,
3483 1321 3641 1391 dequo

2126 1418 2387 1473 Dominus
2418 1417 2582 1472 dicit:
2619 1414 2807 1470 Tollite
2848 1415 3039 1486 jugunt
3088 1430 3254 1468 meum
3282 1429 3428 1484 super
3444 1427 3556 1466 vos:
3569 1412 3643 1480 ju-

2127 1525 2247 1580 gum
2296 1509 2435 1562 enim
2460 1522 2632 1561 meum
2659 1522 2815 1560 suave
2842 1516 2936 1570 est,
2971 1515 3020 1559 et
3046 1521 3181 1560 onus
3224 1519 3387 1559 meum
3413 1503 3521 1557 lere.
3565 1501 3644 1556 Per

2123 1600 2313 1672 iugum
2342 1597 2691 1669 Evangelium
2724 1595 3095 1666 intelligimus,
3126 1595 3194 1649 de
3218 1610 3322 1665 quo
3356 1593 3474 1648 dicit
3496 1590 3645 1646 lliero-

2131 1707 2325 1763 nymus
2351 1690 2407 1744 in
2436 1686 2854 1744 Commentariis
2880 1685 3119 1741 Matthzei
3146 1703 3160 1738 :
3196 1683 3459 1752 Quomodo
3480 1682 3645 1746 levius,

2127 1783 2246 1853 lege
2291 1778 2638 1851 Evangelium
2666 1819 2683 1845 ,
2743 1793 2868 1834 cum
2933 1779 2988 1833 in
3039 1776 3158 1848 lege
3207 1776 3556 1839 homicidium,
3600 1772 3647 1826 in

2128 1873 2421 1946 Evangelio
2476 1873 2557 1928 ira
2593 1871 2915 1928 damnetur?
2974 1870 3039 1925 Et
3072 1868 3233 1941 paulo
3280 1877 3433 1940 post:
3476 1866 3526 1921 lo
3560 1866 3648 1937 lege

2128 1968 2297 2022 multa
2351 1974 2621 2038 pnecepta
2664 1973 2829 2029 sunt,
2878 1979 3000 2035 qua:
3054 1962 3339 2033 Apostolus
3388 1976 3483 2015 non
3523 1973 3650 2029 posse

2130 2060 2391 2131 compleri
2422 2058 2733 2130 plenissime
2778 2058 2953 2112 docet.
2977 2056 3035 2110 In
3073 2055 3191 2128 lege
3243 2068 3399 2125 opera
3424 2051 3652 2121 requian-

2131 2162 2242 2220 tur,
2274 2168 2395 2223 qua).
2422 2152 2514 2224 qui
2546 2149 2758 2216 fecerit,
2793 2150 2938 2205 vivet
2979 2149 3033 2204 in
3061 2149 3176 2214 eis;
3214 2147 3268 2202 in
3297 2145 3555 2217 Evangelio
3579 2158 3649 2196 vo-

2130 2245 2314 2300 luntas
2344 2244 2660 2315 requiritur,
2686 2256 2808 2312 qua:
2832 2242 2879 2297 si
2901 2240 3066 2296 etiam
3089 2238 3334 2295 ell'ectum
3373 2251 3468 2291 non
3493 2234 3650 2288 habue-

2098 2386 2103 2391 .
2133 2339 2276 2404 rint,
2316 2346 2497 2393 tamen
2529 2335 2812 2408 praemium
2843 2348 2949 2389 non
2979 2334 3213 2387 amittet.
3236 2329 3294 2384 in
3317 2344 3381 2385 eo
3402 2326 3527 2398 quod
3548 2324 3650 2380 stola

2134 2429 2203 2484 ad
2233 2443 2404 2500 genua
2434 2427 2623 2487 tendit,
2651 2438 2771 2495 qua:
2814 2423 2991 2480 solent
3032 2420 3250 2478 curvari
3281 2431 3437 2474 causa
3483 2413 3650 2470 humili-

2137 2521 2285 2584 tatis,
2324 2520 2429 2575 hoc
2472 2517 2823 2589 intelligimus
2857 2514 2999 2585 quod
3027 2513 3288 2568 Dominus
3325 2504 3654 2566 dicitzbiscitc

2137 2631 2170 2668 a
2196 2630 2278 2667 me
2304 2612 2429 2684 quia
2453 2610 2594 2664 mitis
2623 2625 2739 2664 sum
2759 2618 2809 2663 et
2840 2604 3054 2661 humilis
3071 2604 3251 2659 corde.
3280 2601 3423 2658 Sciat
3446 2614 3497 2654 se
3515 2597 3653 2684 diaco-

2139 2721 2241 2763 nus
2271 2680 2327 2759 in
2354 2701 2491 2758 stola
2520 2698 2857 2771 superposita
2901 2696 3060 2762 collo,
3109 2694 3409 2750 ministrum
3430 2680 3655 2759 Evangelii

2139 2810 2285 2861 esse,
2312 2809 2421 2849 non
2452 2791 2821 2863 praepositum.
2852 2786 3202 2859 Evangelium
3237 2783 3470 2841 Christus
3489 2787 3575 2834 est.

2727 2902 2956 2960 CAPUT
2993 2901 3139 2957 XXI.

2728 2999 2804 3053 De
2830 2997 3140 3053 dalmatica.

458 3069 816 3174 etatuIs-iper
855 3104 1131 3159 Marcum:
1165 3100 1380 3158 Marcus
1415 3069 1641 3157 dicendo
1687 3069 1918 3155 calceari
1945 3114 2042 3156 cos
2068 3069 2112 3133 ο
2221 3096 2518 3154 Dalmatica
2572 3110 2604 3150 a
2660 3092 2937 3166 Sylvestro
2990 3106 3135 3162 papa
3186 3089 3421 3145 instituta
3463 3094 3549 3141 est.
3584 3079 3660 3135 Per

458 3195 737 3262 sandaliis,
767 3195 852 3250 vel
891 3194 1078 3262 soleis,
1102 3195 1305 3265 aliquid
1335 3195 1440 3251 hoc
1477 3194 1902 3251 calceamentum
1934 3209 2047 3266 my-

457 3290 611 3344 stica:
640 3285 1050 3359 signiﬁcationis
1097 3287 1299 3342 habere
1335 3286 1612 3351 admonet,
1651 3291 1709 3340 ut
1735 3299 1832 3355 pes
1866 3297 2044 3353 neque

464 3388 638 3434 tectus
671 3379 759 3442 sit,
784 3393 958 3449 neque
978 3376 1154 3433 nudus
1195 3377 1263 3432 ad
1308 3385 1546 3442 terram,
1586 3375 1639 3430 id
1685 3383 1791 3442 est,
1828 3389 1931 3430 nec
1957 3388 2047 3429 oc-

461 3470 698 3525 cultetur
731 3467 1100 3543 Evangelium,
1129 3483 1229 3523 nec
1286 3466 1519 3523 terrenis
1563 3464 1862 3521 commodis
1910 3463 2048 3519 inni-

463 3572 632 3620 tatur.
670 3564 824 3619 Sicut
865 3580 963 3633 per
1009 3563 1211 3628 linum,
1254 3576 1363 3632 quo
1409 3559 1575 3632 pedes
1601 3560 1927 3623 vestiuntur,
1954 3572 2046 3614 ca-

462 3656 685 3728 stigatio
708 3656 904 3726 pedum
933 3654 1288 3726 signiﬁcatur,
1315 3652 1389 3706 ita
1438 3665 1535 3722 per
1581 3649 1825 3707 sandalia
1868 3649 2045 3721 proie-

463 3758 587 3807 ctus
612 3749 681 3804 ad
704 3748 1126 3819 praedicandum.

1045 3834 1272 3892 CAPUT
1311 3833 1450 3890 XIX.

1099 3926 1175 3979 De
1206 3924 1409 3979 casula.

537 4017 806 4082 Casulam,
835 4031 955 4086 qua:
977 4023 1060 4071 est
1081 4014 1331 4087 generale
1364 4013 1736 4068 indumentum
1761 4028 2041 4069 sacrorum

466 4115 684 4177 ducum,
715 4118 841 4165 ante
860 4117 1086 4166 exteras
1106 4116 1284 4163 vestes
1306 4123 1425 4178 quae
1452 4114 1750 4176 sequuntur
1772 4106 2041 4176 praeponi-

466 4219 607 4260 mus.
640 4202 697 4258 In
724 4202 831 4257 illis
852 4216 972 4273 qua:
999 4215 1161 4271 supra
1188 4197 1522 4269 praetulimus
1545 4196 1832 4268 castigatio
1857 4212 2045 4267 corpo-

464 4295 544 4350 ris
579 4309 611 4348 a
648 4293 795 4348 vitiis
838 4290 1169 4362 designatur,
1203 4297 1429 4357 excepto
1464 4287 1518 4341 in
1565 4286 1839 4342 sandaliis.
1871 4286 1928 4342 in
1959 4302 2042 4341 se-

465 4384 757 4455 quentibus
810 4398 941 4437 vero
1002 4395 1164 4452 opera
1212 4379 1435 4449 justitiie
1498 4379 2038 4434 demonstrabuntur.

464 4473 610 4530 Dicit
656 4473 795 4528 Beda
840 4472 893 4528 in
926 4471 1063 4526 libro
1094 4477 1390 4524 memorato
1410 4470 1475 4525 de
1501 4468 1871 4525 Tabernaculo
1903 4489 1916 4523 :
1945 4470 2048 4524 Vc-

464 4572 578 4621 stes
610 4576 810 4620 sanctas
838 4562 1193 4633 Aaron,quas
1222 4560 1297 4615 illi
1330 4560 1457 4616 fecit
1485 4560 1714 4631 Moyses,
1736 4577 1901 4631 opera
1923 4570 2050 4616 sunt

465 4654 684 4723 iustitia:
710 4662 765 4710 et
789 4654 1109 4708 sanctitatis.
1139 4651 1334 4707 Casula
1363 4666 1511 4716 vero,
1555 4668 1675 4720 quae
1701 4654 1932 4720 pertinet
1957 4666 2047 4720 ge-

468 4745 723 4800 neraliter
755 4746 821 4799 ad
851 4760 1039 4799 omnes
1077 4744 1323 4805 clericos,
1366 4742 1525 4798 debet
1552 4742 1858 4813 signiﬁcare
1883 4756 2046 4811 opera

467 4850 587 4903 qua:
619 4835 923 4903 pertineant
967 4835 1033 4887 ad
1074 4849 1302 4888 omnes:
1344 4834 1461 4887 haec
1502 4834 1646 4888 enim
1691 4838 1817 4886 sunt
1843 4831 2045 4899 fames,

466 4925 611 4990 sitis,
637 4926 851 4995 vigiliae,
881 4926 1118 4988 nuditas,
1143 4925 1320 4991 lectio,
1335 4926 1652 4996 psalmodia,
1667 4925 1863 4992 oratio,
1893 4924 2046 4982 labor

468 5016 749 5085 operandi,
780 5015 1045 5080 doctrina,
1074 5016 1368 5081 silentium,
1403 5026 1459 5073 et
1493 5027 1686 5072 caetera
1718 5014 2041 5084 hujusmodi.

472 5106 527 5163 In
567 5108 686 5163 istis
724 5109 868 5164 enim
916 5109 1094 5165 nullus
1120 5125 1400 5166 sacrorum
1427 5112 1532 5165 dux
1560 5110 1839 5181 negligens
1888 5109 2048 5165 debet

470 5212 611 5254 csse.
643 5198 869 5266 Quando
897 5201 1015 5257 istis
1044 5201 1296 5272 operibus
1333 5202 1578 5268 vestitur,
1622 5201 1801 5257 casula
1832 5201 2048 5258 indutus

470 5299 573 5344 est.
605 5289 730 5346 Haec
756 5292 813 5347 in
861 5301 1049 5362 aperto
1075 5300 1219 5357 sunt,
1243 5299 1298 5346 et
1324 5301 1432 5346 tam
1463 5291 1532 5345 ad
1580 5290 1817 5346 minores
1847 5292 2048 5363 gradus

471 5381 741 5451 pertinent
769 5398 929 5454 quam
957 5385 1024 5439 ad
1047 5399 1347 5454 supremos.
1380 5382 1574 5439 Casula
1597 5382 1758 5453 dupla
1796 5393 1901 5449 est,
1928 5392 2053 5454 post

473 5480 685 5543 tergum
713 5473 853 5530 inter
871 5475 1129 5531 humeros
1151 5519 1166 5540 ,
1192 5484 1245 5530 et
1273 5482 1401 5529 ante
1422 5482 1630 5545 pectus.
1670 5473 1775 5529 Per
1795 5473 2052 5529 humeros

475 5572 640 5627 opera
664 5565 1058 5633 exprimuntur.
1113 5563 1170 5619 In
1195 5564 1275 5619 eis
1304 5563 1500 5635 duplex
1538 5564 1608 5620 sit
1636 5564 2046 5628 vestimentum,

475 5647 602 5722 quia
629 5650 707 5705 sic
726 5650 986 5709 debemus
1016 5653 1155 5707 bona
1202 5667 1366 5722 opera
1416 5651 1549 5709 foris
1579 5652 1842 5725 proximis
1868 5661 2051 5710 osten-

2147 3191 2490 3248 dalmaticam
2513 3187 2865 3259 intelligimus
2903 3184 3221 3256 religionem
3248 3190 3493 3241 sanctam,
3513 3177 3660 3232 imma-

2147 3281 2401 3344 eulatam,
2432 3296 2550 3351 qure
2571 3286 2656 3335 est
2691 3277 2831 3349 apud
2861 3275 3027 3331 Deum
3061 3285 3120 3331 et
3148 3274 3379 3340 Patrem,
3412 3278 3466 3324 ut
3489 3267 3660 3322 visiten-

2148 3381 2238 3429 tur
2258 3370 2446 3444 pupilli
2472 3379 2529 3426 et
2551 3369 2723 3424 viduae
2752 3368 2806 3423 in
2830 3365 3271 3421 tribulationibus
3291 3376 3483 3420 eorum.
3503 3367 3549 3411 et
3572 3352 3661 3444 visi-

2148 3441 2355 3519 tatores
2396 3458 2774 3527 iminacnlatqs
2822 3473 2882 3513 se
2909 3455 3222 3512 custodiant
3263 3454 3331 3509 ab
3356 3453 3449 3507 hoc
3489 3441 3658 3502 saaculo.

2146 3555 2266 3626 Ipsa
2287 3553 2572 3609 dalmatica
2599 3552 2732 3608 duas
2763 3548 3044 3606 coccineas
3102 3545 3275 3601 lineas
3325 3542 3473 3599 habet
3514 3544 3659 3594 retro.

2147 3645 2504 3715 similiterque
2554 3644 2608 3698 in
2649 3640 2903 3696 anteriori
2962 3647 3139 3710 parte,
3172 3637 3299 3707 quia
3328 3634 3477 3690 Vetus
3516 3627 3661 3715 Testa-

2147 3745 2388 3794 mentum
2411 3714 2466 3792 et
2487 3734 2693 3790 Novum
2720 3732 2946 3787 rutilant
2971 3731 3264 3787 dilectione
3287 3728 3375 3783 Dei
3392 3734 3442 3780 et
3459 3714 3659 3794 proximi.

2147 3828 2554 3886 immaculatum
2605 3842 2726 3883 esse
2752 3867 2767 3891 ,
2834 3826 2901 3880 ad
2950 3823 3124 3879 Deum
3172 3823 3433 3895 pertinet;
3487 3813 3662 3869 visitare

2150 3923 2366 3986 fratres,
2398 3921 2465 3977 ad
2489 3920 2814 3993 proximum.
2841 3916 2949 3973 Per
2970 3916 3214 3972 colorem
3236 3912 3524 3970 coccineum
3538 3913 3661 3973 opera

2146 4014 2556 4077 misericordiae,
2600 4027 2721 4084 quae
2764 4026 2831 4067 ex
2860 4009 3134 4067 charitate
3175 4008 3309 4064 ﬁunt
3334 4007 3383 4062 in
3409 3998 3593 4075 pupillis
3623 4000 3663 4046 et

2146 4106 2324 4161 viduis
2354 4148 2369 4170 ,
2434 4104 2808 4175 intelligimus;
2861 4116 2959 4172 per
3014 4102 3336 4165 candorem,
3381 4094 3661 4151 visitalorum

2149 4200 2409 4256 munditia
2461 4200 2796 4268 designatur.
2834 4197 2952 4267 Ipsa
2998 4204 3082 4252 est
3111 4195 3256 4251 enim
3298 4189 3452 4247 vestis
3498 4185 3553 4240 de
3584 4192 3662 4248 tl“:I

2147 4291 2347 4345 dicitur
2373 4292 2425 4345 in
2457 4290 2663 4361 psalmo
2692 4288 3107 4358 quadragesimo
3129 4293 3355 4357 quarto:
3386 4278 3540 4334 Auiti:
3561 4274 3662 4342 regio

2150 4399 2219 4437 na
2248 4397 2280 4434 a
2315 4379 2512 4435 dextris
2561 4380 2666 4434 tuis
2719 4381 2775 4434 in
2819 4379 3001 4434 vestitu
3055 4378 3310 4432 deaurato
3337 4415 3351 4440 ,
3396 4364 3662 4427 circumdata

2150 4474 2419 4527 varietate.
2471 4470 2624 4527 Unde
2665 4469 2994 4539 Augustinus
3047 4467 3104 4523 in
3150 4466 3338 4522 eodem
3385 4452 3662 4533 psalmo:ln

2151 4573 2299 4620 veste
2331 4566 2432 4619 ista
2465 4562 2702 4618 varietas
2730 4562 2831 4626 sit,
2863 4562 3101 4617 scissura
3125 4574 3234 4615 non
3261 4558 3346 4615 sit.
3370 4555 3496 4611 Ecce
3524 4546 3662 4604 varie:

2150 4664 2314 4711 tatem
2370 4655 2731 4711 intelleximus
2782 4655 2848 4709 de
2909 4653 3226 4708 diversitate
3277 4650 3578 4720 linguarum.
3623 4644 3664 4691 cl

2148 4756 2353 4803 vestem
2386 4746 2744 4802 intelleximus
2768 4754 2989 4816 propter
3011 4745 3291 4799 unitatem.
3316 4742 3382 4796 Et
3405 4742 3452 4794 in
3482 4743 3665 4805 sequen'

2149 4840 2313 4903 tibus,
2346 4840 2737 4894 circumamicta
2772 4840 3021 4893 varietate
3045 4878 3059 4903 ,
3103 4834 3437 4909 pulchritudo
3460 4826 3663 4885 intrith

2149 4945 2265 4985 cus.
2302 4929 2358 4984 lu
2402 4929 2629 4983 ﬁmbriis
2674 4938 2854 4983 autem
2907 4928 3117 4995 aureis,
3147 4927 3380 4982 varietas
3412 4923 3662 4992 linguarum

2148 5020 2425 5085 doctrina),
2456 5017 2639 5075 decus.
2663 5018 2934 5083 Fimbriae,
2964 5035 3083 5090 qua:
3098 5018 3389 5090 procedunt
3413 5013 3473 5068 de
3499 5008 3665 5064 dalma.

2150 5112 2278 5176 tiea,
2294 5110 2459 5164 verba
2482 5118 2607 5165 sunt
2631 5109 2748 5181 ejus
2772 5110 3139 5179 pnedicatoris
3159 5107 3310 5176 cujus
3331 5104 3501 5176 religio
3515 5102 3661 5154 sancta

2152 5212 2209 5257 et
2277 5201 2626 5258 immaculata
2696 5209 2798 5256 est.
2846 5200 3001 5256 Sicut
3053 5200 3217 5255 verba
3275 5197 3342 5253 ab
3395 5208 3511 5250 aura
3551 5184 3660 5242 aeris

2151 5303 2476 5365 raptantur,
2537 5285 2611 5348 ita
2662 5291 2887 5348 ﬁmbriie
2944 5292 3235 5363 spiramine
3281 5287 3435 5345 venti.
3491 5277 3659 5337 Profert

2149 5384 2347 5439 Paulus
2394 5383 2650 5439 candidas
2680 5381 2921 5437 ﬁmbrias
2950 5384 3089 5437 circa
3146 5394 3334 5437 manus
3383 5374 3444 5431 ad
3500 5367 3660 5425 utilita-

2150 5484 2259 5530 tem
2306 5473 2544 5546 gentium
2593 5472 2807 5543 quando
2855 5472 3017 5537 dicit,
3069 5470 3242 5542 Magis
3297 5477 3458 5521 autem
3500 5455 3656 5512 labem

2149 5545 2414 5636 operando
2447 5564 2685 5619 manibus
2715 5563 2824 5618 suis
2873 5564 3010 5635 quod
3039 5563 3225 5616 bonum
3271 5568 3375 5619 est,
3424 5564 3474 5608 ut
3510 5545 3658 5636 Ιωδέαι

2153 5633 2288 5708 unde
2351 5653 2544 5708 tribuni
2598 5633 2950 5707 necessitatem
3012 5649 3245 5724 patienti.
3310 5642 3451 5713 Quod
3501 5633 3658 5693 Paulus
