3938 6178
291 300 318 355 1
328 298 432 355 097

1042 294 1130 349 ne
1168 291 1720 350 ECCLESIAS’ITCIS
1750 265 2054 349 Orneus
2089 291 2274 346 unm
2314 294 2402 349 1v.
2444 324 2513 334 --
2550 294 2677 349 us.
2717 295 2781 351 ιι.

3414 303 3438 357 l
3448 304 3551 362 098

291 411 629 484 praedicavit,
650 424 814 480 opere
841 408 1150 477 complevit,
1174 409 1359 465 dicens
1379 407 1450 464 ad
1473 408 1785 464 Corinthios
1807 411 1874 464 de
1902 417 1949 476 Α
1978 411 2052 464 ita
2091 411 2144 465 in
2175 412 2358 466 tunica
2381 413 2611 467 virtutes
2641 414 2851 480 animae,
2881 430 3000 484 quae
3030 418 3096 471 ad
3127 419 3271 476 solos
3299 413 3556 480 Sublimes

292 521 393 560 sc:
432 503 502 557 I-n
530 500 976 565 tribulationibus,
1004 501 1060 554 in
1109 499 1396 554 laboribus.
1425 501 1578 567 Quod
1631 501 1707 554 ita
1753 501 1878 555 Am-

287 593 510 649 brosius
560 593 616 646 in
638 591 830 646 eadem
859 589 1096 659 Epistula
1133 608 1146 642 :
1199 589 1473 646 Laborare
1518 605 1625 644 non
1670 589 1878 644 destitit

291 684 546 741 manibus
585 682 700 737 suis
727 722 744 746 ,
793 696 862 736 ne
903 681 988 736 cui
1017 681 1199 751 gravis
1234 690 1397 736 esset.
1454 681 1585 736 Fert
1631 682 1874 736 ﬁmbrias

287 774 554 834 candidas
617 772 672 826 in
715 771 885 826 latere
909 810 928 835 ,
977 771 1193 840 quando
1228 771 1395 826 dicit:
1441 770 1656 842 Castigo
1687 788 1877 840 corpus

294 884 492 932 meum,
521 874 570 920 at
619 865 675 918 in
713 864 1010 918 servitutem
1059 863 1258 934 redigo,
1295 871 1352 918 et
1395 863 1449 918 in
1487 863 1594 918 alio
1625 863 1781 919 loco:
1811 862 1879 918 In

288 959 560 1020 castitate,
590 955 692 1009 hoc
709 962 825 1018 est,
855 952 1106 1008 castitate
1145 955 1387 1021 corporis
1413 993 1428 1017 ,
1482 962 1532 1006 et
1559 954 1616 1006 in
1662 953 1874 1023 vigiliis.

296 1048 400 1116 Qui
427 1048 567 1102 hanc
589 1044 842 1109 custodit,
867 1042 1273 1098 immaculatum
1320 1057 1378 1098 se
1421 1043 1656 1098 custodit
1679 1045 1748 1098 ab
1777 1043 1879 1098 hoc

297 1137 519 1194 seculo.
563 1134 693 1190 Fert
737 1135 1022 1190 coccineas
1060 1135 1208 1189 circa
1247 1135 1503 1190 humeros
1544 1142 1600 1188 et
1634 1143 1876 1205 pectora,

294 1227 516 1299 quando
540 1227 707 1282 dicit:
731 1224 798 1280 In
820 1225 1078 1280 charitate
1116 1242 1221 1280 non
1251 1225 1398 1294 ﬁcta.
1430 1225 1584 1280 Ficta
1635 1225 1880 1280 charitas

297 1325 384 1372 est
409 1332 530 1387 quae
551 1316 772 1371 dimittit
796 1314 987 1369 viduas
1014 1322 1070 1369 et
1103 1312 1335 1384 pupillos
1355 1313 1410 1368 in
1429 1312 1797 1379 tribulatione,
1826 1321 1880 1368 et

302 1407 554 1464 subvenit
593 1407 648 1462 in
691 1405 1073 1477 prosperitate.
1126 1404 1256 1472 Quae
1297 1404 1525 1459 ﬁmbriae
1578 1412 1703 1458 ante
1751 1415 1882 1460 sunt

298 1505 358 1551 et
397 1506 588 1561 cetra,
637 1495 765 1566 quia
809 1494 1120 1549 mandatum
1149 1493 1454 1549 dilectionis
1502 1501 1558 1548 et
1586 1493 1646 1548 in
1695 1495 1878 1550 Veteri

303 1588 668 1652 Testamento,
691 1594 746 1641 et
774 1586 830 1640 in
851 1584 1004 1640 Novo
1031 1591 1233 1639 manet.
1267 1583 1420 1639 Unde
1442 1581 1710 1639 Joannes:
1741 1583 1882 1640 Cha-

302 1679 522 1743 rissinti,
547 1694 652 1734 non
672 1676 976 1732 mandatum
1001 1691 1188 1731 norunt
1217 1675 1386 1729 scribo
1416 1674 1578 1740 vobis,
1605 1677 1695 1730 sed
1725 1693 1880 1731 man-

1977 499 2274 567 pertinent,
2305 502 2372 557 de
2395 517 2500 571 qua
2533 501 2889 574 Hieronymus
2927 506 2982 560 in
3007 508 3231 575 epistola
3264 513 3331 566 ad
3360 513 3556 571 Fabio-

1975 589 2086 643 lam
2120 607 2135 645 :
2165 589 2291 645 Haec
2331 590 2447 662 ipsa
2485 593 2833 663 hyacinthina
2864 596 3044 651 tunica
3083 598 3336 654 subucula
3376 607 3553 660 nomi-

1979 687 2160 746 natur,
2184 690 2240 737 et
2268 684 2486 752 proprie
2514 683 2784 752 pontiﬁcis
2823 694 2926 751 est,
2969 687 3345 760 signiﬁcatque
3389 697 3554 750 ratio-

1978 785 2103 826 nem
2125 773 2434 827 sublimium
2472 788 2576 828 non
2603 782 2790 844 patere
2816 777 3085 843 omnibus,
3128 782 3222 834 sed
3260 783 3561 853 majoribus

1977 868 2140 930 atque
2172 861 2449 932 perfectis.
2496 862 2618 933 Ipsa
2649 872 2734 920 est
2761 866 3006 934 interior,
3058 869 3282 940 ipsaque
3309 873 3555 946 designat

1978 952 2212 1008 virtutes
2262 955 2477 1021 animae,
2514 971 2634 1026 qua:
2671 973 2779 1012 non
2811 959 2995 1014 multis
3044 965 3272 1032 cognitas
3319 977 3463 1032 sunt,
3502 981 3557 1024 et

1977 1057 2112 1110 quas
2131 1057 2346 1113 semper
2377 1045 2537 1099 debet
2572 1046 2776 1102 habere
2818 1048 3108 1117 perfectus.
3153 1053 3305 1110 Unde
3328 1056 3469 1112 Beda
3501 1061 3552 1112 in

1980 1138 2214 1186 tractatu
2242 1145 2404 1201 super
2431 1132 2628 1188 Lucam
2662 1154 2674 1188 :
2705 1135 2839 1201 Quis
2873 1141 3072 1195 etenim
3103 1145 3307 1199 nesciat
3345 1147 3554 1203 viscera

1977 1221 2384 1288 misericordiae,
2432 1225 2820 1297 benignitatem
2846 1271 2861 1293 ,
2911 1230 3289 1302 humilitatem,
3340 1241 3551 1309 patien-

1973 1311 2130 1376 tiam,
2155 1315 2497 1381 modestiam,
2524 1318 2853 1386 castitatem,
2883 1320 3065 1389 ﬁdem,
3105 1339 3254 1395 spem
3284 1337 3338 1383 et
3359 1331 3443 1386 his
3478 1331 3552 1386 si-

1978 1404 2144 1467 milia,
2177 1405 2294 1462 sine
2336 1406 2441 1461 ulla
2463 1415 2765 1479 temporum
2812 1412 3216 1485 intercapedine
3250 1434 3282 1472 a
3313 1419 3556 1478 ﬁdelibus

1977 1509 2099 1552 esse
2124 1498 2424 1552 servanda?
2460 1499 2578 1570 Ipsa
2610 1517 2716 1556 non
2741 1503 2995 1574 cingitur,
3024 1507 3118 1562 sed
3151 1509 3392 1565 camisia.
3427 1511 3556 1580 Quae

1977 1582 2052 1639 ita
2077 1595 2160 1641 est
2182 1585 2496 1654 fabrefacta,
2533 1597 2593 1644 ut
2623 1606 2728 1646 non
2767 1593 3023 1664 impediat
3056 1612 3273 1653 cursum
3310 1610 3554 1656 nostrum

1972 1675 2047 1729 ad
2071 1675 2556 1744 ministrationem,
2601 1680 2854 1748 quoniam
2886 1693 3199 1739 memorata:
3239 1687 3468 1744 virtutes
3489 1689 3556 1744 li-

296 1771 484 1824 datum
519 1777 664 1822 uetus
687 1806 706 1832 ,
758 1766 897 1836 quod
940 1765 1194 1820 habuistis
1248 1765 1312 1819 ab
1341 1766 1510 1819 initio.
1565 1765 1878 1822 Mandatum
1904 1759 1953 1819 B
1979 1766 2171 1820 herum
2195 1767 2353 1822 nobis
2383 1768 2490 1824 iter
2503 1770 2749 1840 prtebcnt
2780 1770 2848 1825 ad
2888 1773 3395 1844 contemplationem
3437 1779 3555 1833 Dei.

300 1869 444 1915 astus
491 1868 567 1913 est
605 1857 814 1912 uerbum
851 1855 990 1927 quod
1021 1856 1266 1910 audistis.
1322 1853 1524 1910 Iterum
1571 1857 1877 1912 mandatum

298 1965 488 2006 nouum
515 1948 686 2004 scribo
715 1948 874 2002 vobis.
904 1946 1059 2015 Quod
1094 1947 1168 2002 ita
1195 1947 1340 2003 Beda
1367 1965 1380 2002 :
1413 1948 1614 2003 Eadem
1638 1950 1878 2006 charitas

295 2051 355 2098 et
377 2043 692 2097 mandatum
713 2051 868 2097 vetus
898 2048 983 2097 est
1007 2039 1152 2112 quod
1179 2042 1250 2097 ab
1279 2042 1436 2097 initio
1465 2044 1873 2109 commendata;

296 2142 354 2188 et
381 2133 692 2189 mandatum
719 2148 919 2188 novum
939 2172 954 2195 ,
1005 2133 1132 2203 quia
1179 2133 1418 2189 tenebris
1448 2133 1632 2203 ejecti,
1667 2135 1879 2190 deside-

299 2223 441 2277 rium
467 2237 622 2278 nova
651 2222 786 2278 lucis
817 2221 1072 2276 infundit.
1095 2221 1305 2291 Aliqua;
1351 2221 1655 2278 dalmatica:
1675 2223 1880 2278 habent

297 2315 489 2387 viginti
522 2323 647 2370 octo
685 2314 928 2370 ﬁmbrias
977 2322 1103 2370 ante
1126 2323 1188 2371 et
1231 2323 1399 2371 retro.
1456 2313 1558 2372 Ubi
1592 2323 1677 2371 est
1705 2316 1877 2372 octies

296 2406 564 2478 repetitus
588 2404 917 2477 scptilormis
949 2403 1186 2476 Spiritus
1225 2412 1448 2476 propter
1477 2419 1676 2476 genera
1704 2406 1878 2461 homi-

297 2513 452 2564 num,
483 2511 620 2568 quos
659 2495 854 2566 replet,
874 2503 935 2551 ut
959 2495 1179 2551 laudent
1207 2495 1402 2562 Deum,
1421 2494 1528 2551 hoc
1548 2504 1636 2552 est
1659 2536 1676 2563 ,
1718 2511 1877 2568 reges

297 2596 482 2653 terms,
507 2598 562 2643 et
585 2601 772 2642 omnes
797 2584 1003 2656 populi,
1025 2584 1304 2656 principes
1332 2593 1390 2641 et
1405 2583 1878 2655 judiees,juvenes

297 2687 352 2733 et
376 2678 635 2749 virgines,
664 2690 823 2732 senes
862 2684 918 2730 et
953 2674 1212 2744 iuniores.
1235 2676 1304 2731 Et
1330 2675 1523 2747 aliquae
1557 2675 1781 2748 triginta
1821 2684 1880 2731 et

299 2769 542 2838 triginta.
572 2767 809 2838 Singula:
837 2766 994 2822 lineae
1025 2766 1350 2823 altrinsecus
1394 2766 1726 2838 quindecim,
1749 2767 1878 2837 quia

291 2862 538 2916 cbaritas
579 2869 634 2916 et
663 2862 715 2914 in
746 2860 926 2916 Veteri
972 2859 1318 2915 Testamento
1359 2868 1414 2914 et
1459 2859 1517 2913 in
1542 2857 1693 2914 Novo
1723 2860 1879 2930 quin-

297 2951 478 3006 decim
513 2965 691 3004 ramos
733 2964 802 3004 ex
829 2962 889 3004 se
917 2949 1182 3018 producit.
1237 2947 1494 3017 Quisquis
1548 2947 1732 3010 studet
1755 2963 1879 3019 pro-

299 3047 459 3100 desse
486 3042 743 3098 fratribus
763 3041 820 3096 in
841 3041 1167 3096 adversitate
1187 3049 1243 3096 et
1269 3041 1324 3094 in
1353 3040 1736 3111 prosperitate,
1773 3041 1877 3096 iste

299 3136 464 3191 habet
517 3133 758 3188 ﬁmbrias
797 3132 1078 3188 coccineas
1114 3133 1170 3186 in
1223 3101 1456 3201 utroque
1480 3101 1748 3187 humero.
1782 3131 1876 3188 lite
1903 3101 1947 3163 Ο

299 3226 424 3280 dua:
452 3225 683 3279 fortunae
729 3223 1012 3294 signantur
1049 3237 1146 3292 per
1179 3223 1463 3278 sinistrum
1518 3231 1574 3277 et
1623 3223 1876 3278 dextrum

299 3317 605 3369 humerum.
647 3312 962 3378 Quindecim
1009 3326 1188 3366 ramos
1231 3312 1514 3371 charitatis
1555 3321 1872 3368 enumerat:

303 3402 523 3458 Patiens
556 3412 673 3468 est,
723 3403 943 3472 benigna
994 3411 1092 3467 est,
1120 3418 1223 3456 non
1250 3401 1534 3456 wmulatur
1555 3442 1571 3468 ,
1627 3419 1729 3457 non
1769 3405 1878 3473 agit

297 3511 593 3566 perperam,
617 3510 720 3549 non
750 3495 990 3564 inﬂatur,
1014 3509 1118 3548 non
1143 3502 1218 3546 est
1237 3492 1534 3558 ambitiosa,
1562 3510 1667 3548 non
1689 3495 1876 3564 quterit

297 3603 421 3657 qua:
445 3602 540 3639 sua
559 3594 701 3650 sunt,
726 3601 830 3639 non
851 3585 1126 3648 irritatur,
1171 3599 1276 3638 non
1309 3584 1500 3654 cogitat
1526 3583 1747 3649 malum,
1774 3601 1878 3639 non

299 3676 496 3748 gaudet
554 3691 712 3746 super
753 3674 1027 3745 iniquitate
1047 3713 1064 3741 ,
1109 3673 1400 3744 congaudet
1443 3682 1620 3728 autem
1651 3673 1873 3728 veritati.

302 3764 499 3821 Omnia
534 3765 961 3840 suﬂ'erttomnia
1013 3765 1204 3828 credit,
1258 3765 1433 3819 omnia
1465 3775 1659 3834 sperat,
1701 3767 1878 3820 omnia

298 3859 540 3915 sustinet.
564 3858 730 3912 Linea
758 3872 877 3927 quae
917 3856 970 3910 in
1006 3856 1184 3911 medio
1207 3864 1292 3910 est
1315 3855 1470 3925 quasi
1504 3856 1674 3926 stipes
1698 3856 1878 3910 chari-

303 3952 452 4006 tatis.
481 3949 634 4018 Quod
662 3948 805 4003 enim
834 3947 1138 4018 signiﬁcant
1179 3947 1334 4001 lineae
1377 3947 1492 4000 sive
1539 3945 1765 4002 ﬁmbriae
1822 3946 1875 4000 in

302 4044 494 4098 dextro
518 4041 744 4096 humero
778 4039 893 4095 sive
924 4039 1178 4104 sinistro,
1217 4038 1322 4093 hoc
1356 4037 1664 4110 signiﬁcant
1691 4038 1746 4092 in
1775 4053 1874 4092 an-

305 4134 490 4190 teriori
520 4140 676 4202 parte
702 4130 936 4187 hominis
957 4145 1075 4200 quae
1099 4129 1332 4199 pertinet
1358 4130 1428 4184 ad
1445 4128 1654 4184 Novum
1678 4127 1872 4184 Testa-

302 4235 566 4282 mentum.
586 4223 877 4280 Sinistrum
899 4223 1042 4278 latus
1062 4221 1224 4276 habet
1247 4221 1508 4286 ﬁmbrias,
1533 4221 1661 4291 quia
1689 4228 1877 4275 actua-

301 4317 369 4371 lis
397 4316 504 4371 vita
552 4314 780 4370 sollicita
826 4321 930 4378 est,
957 4320 1016 4367 et
1059 4313 1308 4367 turbatur
1350 4325 1476 4381 erga
1514 4311 1774 4380 plurima;
1818 4321 1876 4366 at

301 4408 556 4462 dextrum
593 4405 733 4460 latus
772 4420 882 4460 non
927 4403 1111 4467 habet,
1141 4403 1266 4472 quia
1300 4402 1712 4471 contemplativa
1759 4403 1870 4456 vita

1977 1853 2211 1910 Camisia
2257 1855 2476 1927 cingulo
2513 1859 2863 1915 continentiae
2909 1863 3319 1934 constringitur,
3365 1870 3555 1936 praeci-

1975 1949 2160 2020 piente
2181 1951 2408 2008 Domino
2439 1968 2454 2007 :
2480 1953 2601 2008 Sint
2648 1954 2812 2008 lumbi
2839 1957 2991 2009 vestri
3017 1958 3308 2026 prtecincti,
3355 1968 3414 2014 ut
3457 1976 3556 2030 per

1972 2038 2112 2094 duas
2133 2040 2383 2107 virtutes,
2429 2042 2484 2098 id
2511 2053 2614 2109 est,
2658 2044 3021 2099 obedientiam
3071 2046 3280 2102 Domini
3311 2057 3365 2103 et
3397 2060 3556 2106 natu-

1977 2127 2144 2182 ralem
2195 2131 2610 2200 disputationem
2647 2132 3054 2204 constringatur
3088 2136 3267 2192 omnis
3289 2138 3549 2208 voluptas.

1977 2216 2102 2275 Haec
2130 2231 2259 2276 sunt
2282 2223 2606 2278 vestimenta
2627 2223 2694 2278 de
2724 2225 2919 2293 quibus
2947 2225 3205 2281 scribitur
3233 2228 3287 2283 in
3317 2229 3556 2287 Parabo-

1975 2306 2043 2364 lis
2069 2307 2402 2373 Salomonis,
2437 2309 2718 2367 Fortitudo
2745 2323 2796 2367 et
2832 2314 2991 2368 decor
3017 2316 3379 2372 indumentum
3415 2321 3550 2390 ejus.

1975 2403 2043 2457 Et
2065 2405 2120 2458 in
2143 2405 2532 2474 superioribus,
2563 2405 2630 2459 Et
2655 2405 2922 2476 cingulum
2970 2408 3190 2462 tradidit
3225 2407 3548 2468 Chananmo.

1977 2491 2036 2548 Si
2061 2494 2183 2564 quis
2201 2495 2435 2552 voluerit
2467 2496 2546 2551 uti
2577 2496 2784 2551 duabus
2810 2495 3027 2563 tunicis,
3063 2500 3314 2555 ostendet
3344 2517 3403 2556 se
3428 2518 3552 2559 esse

1976 2582 2262 2638 diaconum
2306 2593 2361 2640 et
2411 2585 2770 2648 sacerdotem,
2816 2587 2931 2641 sive
2975 2596 3035 2642 ut
3079 2597 3204 2645 octo
3243 2592 3353 2646 sint
3382 2595 3551 2648 vesti—

1977 2683 2158 2730 menta
2200 2679 2494 2732 secundum
2540 2691 2822 2733 numerum
2861 2677 3306 2736 vestimentorum
3353 2686 3554 2739 summi

1975 2763 2247 2832 pontiﬁcis
2266 2765 2470 2831 Aaron,
2504 2764 2658 2834 cujus
2698 2765 3021 2822 vestimenta
3051 2779 3344 2824 narrantur
3383 2771 3553 2829 fuisse

1977 2857 2122 2911 circa
2169 2866 2333 2928 caput
2383 2865 2440 2912 et
2479 2873 2678 2928 corpus
2721 2873 2894 2928 usque
2928 2857 2996 2913 ad
3043 2861 3227 2929 pedes.
3271 2861 3346 2918 De
3390 2866 3556 2921 vesti-

1977 2955 2160 3001 mento
2199 2947 2397 3016 pedum
2436 2957 2491 3002 et
2527 2959 2781 3003 manuum
2825 2949 3099 3004 reticetur.
3139 2952 3222 3007 Ad
3249 2952 3393 3010 illius
3427 2971 3553 3011 nor-

1978 3052 2144 3102 mam,
2180 3045 2238 3091 ut
2267 3037 2399 3103 dixi,
2433 3037 2597 3092 habet
2637 3053 2882 3093 summus
2915 3037 3161 3107 pontifex
3199 3050 3383 3098 noster
3405 3058 3434 3098 a
3461 3060 3553 3100 ca-

1978 3129 2089 3198 pite
2117 3144 2288 3199 usque
2330 3130 2399 3184 ad
2437 3131 2602 3200 pedes
2646 3139 2772 3187 octo
2810 3131 3153 3186 vestimenta.
3180 3132 3420 3188 Primum
3468 3145 3554 3191 est

1979 3224 2250 3288 amictus,
2299 3225 2593 3279 secundum
2647 3224 2911 3288 camisia,
2971 3223 3191 3278 tertium
3240 3225 3550 3296 cingulum,

1980 3322 2234 3384 quartum
2261 3313 2419 3380 stola,
2450 3315 2700 3382 quintum
2721 3324 2776 3370 et
2798 3323 3008 3371 sextum
3034 3317 3153 3372 dua:
3181 3319 3395 3386 tunicae,
3432 3336 3553 3392 sep-

1981 3406 2172 3460 timum
2200 3405 2382 3460 casula
2407 3413 2656 3460 octavum
2691 3407 2934 3477 pallium.
2975 3407 3146 3464 Porro
3171 3410 3550 3467 vestimentum

1979 3493 2177 3564 pedum
2217 3495 2396 3563 potius
2431 3495 2664 3564 pertinet
2705 3497 2772 3551 ad
2816 3506 3031 3553 nostros
3076 3499 3358 3568 pontiﬁces
3393 3516 3553 3570 quam

1980 3583 2046 3638 ad
2059 3583 2260 3638 Aaron.
2279 3583 2485 3637 Dicitur
2508 3585 2712 3640 nostris
2738 3585 3084 3655 pontiﬁcibus
3108 3606 3120 3642 :
3146 3587 3344 3644 Euntes
3373 3590 3551 3646 docete

1979 3687 2156 3725 omnes
2197 3680 2408 3741 gentes;
2433 3670 2616 3726 Aaron
2659 3679 2871 3728 tantum
2912 3675 2965 3728 in
2999 3673 3180 3731 Judaa
3213 3679 3552 3734 versabatur.

1981 3760 2270 3817 Sudarium
2283 3763 2338 3817 in
2354 3777 2517 3817 manu
2544 3763 2727 3832 potius
2748 3763 2814 3819 ad
2837 3772 3052 3822 nostros
3070 3782 3231 3836 quam
3251 3771 3320 3824 ad
3342 3769 3546 3834 Aaron,

1977 3852 2236 3922 quoniam
2281 3850 2454 3922 major
2487 3853 2754 3908 munditia
2797 3861 2883 3909 est
2925 3855 2980 3909 in
3029 3853 3178 3912 Novo
3207 3857 3553 3914 Testamento

1978 3958 2140 4013 quam
2193 3944 2440 4000 essetin
2487 3942 2663 4000 Veteri
2691 3962 2703 3998 :
2727 3953 2782 3999 et
2827 3944 2916 4000 illa
2965 3947 3105 4001 bona
3147 3947 3407 4004 habemus
3433 3965 3553 4018 quae
3651 3959 3658 3966 '

1979 4036 2054 4091 illi
2097 4037 2422 4103 habuerunt,
2453 4045 2508 4092 et
2533 4037 2687 4108 plura
2720 4052 2818 4107 per
2841 4037 3024 4093 Iesum
3051 4037 3326 4093 Christum
3371 4041 3551 4094 Domi-

1979 4145 2108 4185 num
2152 4137 2420 4184 nostrum.
2466 4127 2736 4185 Sacerdos
2756 4130 2810 4183 in
2839 4145 2937 4184 suo
2958 4129 3142 4185 ofﬁcio
3174 4146 3279 4186 non
3313 4146 3372 4187 se
3407 4134 3558 4188 exuit

1977 4221 2182 4286 casula,
2234 4222 2358 4290 quia
2406 4222 2750 4291 praecipiente
2788 4222 3017 4276 Domino
3040 4237 3140 4294 per
3183 4223 3396 4295 Moysen
3441 4242 3548 4280 non

1978 4311 2138 4366 debet
2184 4311 2337 4365 exire
2379 4310 2447 4364 de
2490 4311 2715 4374 sanctis,
2779 4311 2919 4366 sicut
2969 4314 3231 4384 scriptum
3275 4325 3402 4371 est:
3435 4317 3547 4373 Nec

1999 4399 2290 4470 egredietur
2309 4399 2375 4453 de
2393 4401 2610 4464 sanctis,
2638 4401 2731 4455 ubi
2760 4401 2984 4472 intelligi
3016 4403 3174 4458 datur
3202 4407 3398 4464 debere
3427 4425 3548 4465 eum

302 4498 490 4567 quieta
542 4506 627 4552 est
675 4514 686 4549 :
724 4511 820 4566 per
861 4495 1032 4564 ipsam
1074 4457 1335 4562 ﬁguratur
1371 4457 1554 4562 regina
1603 4507 1722 4560 quae
1765 4457 2171 4560 statDjugiter
2192 4489 2248 4542 in
2269 4488 2603 4544 continentia
2628 4498 2683 4544 et
2712 4457 3037 4547 abstineritia
3065 4509 3304 4553 manere.

301 4609 330 4646 a
356 4593 583 4648 dextris.
631 4591 746 4661 ipsa
779 4597 864 4646 est
908 4601 1014 4643 una
1051 4585 1296 4642 columba
1317 4625 1332 4650 ,
1377 4582 1616 4654 perfecta
1656 4594 1711 4638 et
1745 4599 1874 4654 pro-

302 4684 467 4746 xima,
496 4691 603 4738 stat
631 4698 660 4736 a
694 4681 922 4748 dextris,
940 4687 995 4735 et
1025 4677 1159 4734 nihil
1182 4677 1236 4731 in
1264 4691 1323 4732 se
1355 4675 1637 4730 sinistrum
1680 4677 1870 4741 habet;

303 4774 526 4845 largitas
565 4773 932 4837 brachiorum,
953 4770 1256 4841 largitatem
1284 4775 1339 4822 et
1365 4765 1692 4820 hilaritatem
1727 4765 1881 4820 dato—

303 4869 380 4923 ris
407 4867 758 4921 demonstrat.
791 4862 1080 4925 Diaconus,
1107 4859 1200 4927 qui
1227 4873 1334 4913 non
1378 4864 1464 4911 est
1498 4854 1721 4911 indutus
1761 4853 1877 4909 dal-

303 4953 722 5019 matica,casula
749 4951 876 5020 legit
902 4949 1337 5012 circumcinctus,
1363 4955 1422 5001 ut
1437 4943 1686 5016 expedite
1708 4944 1879 5016 possit

305 5047 630 5110 ministrare,
654 5043 741 5098 vel
769 5043 895 5113 quia
919 5056 1075 5097 suum
1100 5048 1182 5094 est
1206 5040 1287 5095 ire
1307 5041 1374 5094 ad
1407 5040 1721 5095 comitatum
1745 5054 1874 5108 pro-

302 5148 427 5208 pter
447 5137 712 5190 instantes
737 5132 1106 5188 necessitates.
1135 5129 1254 5201 lpsa
1292 5131 1454 5186 habet
1473 5137 1724 5199 pertusas
1748 5131 1876 5185 sub-

303 5239 394 5284 tus
419 5226 557 5292 alas,
584 5225 842 5296 quoniam
865 5222 1141 5280 Christum
1163 5222 1281 5277 vult
1303 5222 1525 5283 imitari,
1555 5221 1646 5290 qui
1689 5221 1877 5277 lancea

300 5318 581 5394 perfossus
601 5318 758 5374 estin
787 5316 980 5382 latere,
1002 5324 1058 5372 et
1083 5315 1196 5368 vult
1232 5323 1293 5368 ut
1317 5329 1417 5369 nos
1444 5329 1733 5382 sequamur
1759 5314 1878 5384 ejus

300 5410 553 5473 vestigia.
584 5408 727 5478 quod
747 5406 1014 5478 signiﬁcat
1038 5405 1314 5476 perfossus
1345 5405 1398 5459 in
1436 5405 1623 5460 latere.

879 5498 1104 5555 CAPUT
1141 5497 1302 5552 XXII.

371 5593 454 5647 De
475 5591 652 5646 tunica
673 5604 833 5660 quam
855 5587 1100 5644 sacerdos
1128 5588 1301 5642 induit
1329 5603 1484 5657 super
1510 5588 1800 5641 eamisiam.

377 5681 534 5738 Sicut
574 5679 632 5736 in
669 5677 894 5735 camisia
939 5677 1251 5749 designatur
1288 5676 1570 5745 castigatio
1609 5675 1872 5746 corporis,

712 5773 982 5834 ΡΑτκοι..
1035 5770 1162 5834 CV.

2519 4577 2745 4636 CAPUT
2803 4580 2989 4637 XXIII.

2227 4673 2300 4727 De
2318 4671 2483 4744 pallio
2505 4689 2606 4744 quo
2635 4683 2857 4728 utuntur
2885 4677 3276 4749 archiepiscopi.

2049 4767 2276 4821 Pallium
2342 4765 2874 4837 archiepiscoporum
2933 4781 3098 4837 super
3162 4770 3342 4826 omnia
3395 4774 3552 4828 indu-

1981 4866 2162 4914 menta
2185 4865 2288 4922 est,
2317 4864 2380 4910 ut
2405 4856 2604 4910 lamina
2631 4856 2687 4909 in
2713 4855 2890 4911 fronte
2928 4856 3096 4912 solius
3127 4859 3416 4929 pontiﬁcis.
3459 4863 3554 4917 illo

1976 4948 2302 5004 discernitur
2329 4945 2766 5015 archiepiscopus
2795 4959 2826 5000 a
2862 4946 3072 5002 caneris
3102 4947 3387 5021 episcopis.
3425 4951 3551 5008 Pal-

1975 5040 2106 5094 lium
2131 5035 2396 5107 signiﬁcat
2426 5041 2694 5103 torquem,
2720 5048 2883 5104 quem
2903 5035 3149 5093 solebant
3169 5038 3408 5109 legitime
3435 5057 3551 5097 cer»

1975 5137 2154 5185 tantes
2171 5126 2434 5194 accipere.
2459 5123 2578 5190 Quo
2599 5123 2741 5178 dono
2765 5125 3122 5182 admoventur
3153 5129 3334 5184 caeteri
3378 5129 3446 5184 ad
3476 5129 3552 5185 le-

1973 5219 2222 5292 gitimum
2250 5223 2546 5271 certamen.
2570 5213 2725 5280 Quod
2749 5214 2912 5270 habet
2931 5216 3065 5271 duas
3085 5217 3257 5273 lineas
3283 5233 3314 5272 a
3339 5233 3552 5273 summo

1981 5324 2153 5380 usque
2209 5309 2462 5363 deorsum
2529 5315 2658 5362 ante
2714 5314 2772 5362 et
2827 5316 2996 5364 retro.
3065 5309 3348 5378 Signiﬁcat
3404 5311 3548 5364 enim

1983 5415 2206 5460 summae
2231 5399 2490 5456 doctrinae
2519 5399 2770 5454 decorem
2806 5413 2906 5468 per
2945 5399 3283 5469 disciplinam
3331 5401 3552 5456 manda-

1984 5501 2158 5546 torum
2190 5490 2400 5546 Domini
2439 5488 2841 5558 acceptahilem.
2889 5487 3136 5544 Circulus
3170 5487 3315 5544 circa
3356 5489 3552 5545 collum

1983 5581 2264 5651 disciplina
2301 5588 2386 5635 est
2415 5579 2625 5634 Domini
2648 5579 3128 5634 circasermonem
3158 5578 3550 5647 pmdicatoris,

1983 5683 2173 5728 utnon
2211 5671 2284 5726 sit
2321 5670 2458 5725 alter
2480 5683 2658 5725 sermo
2697 5666 3097 5738 praedicationis
3132 5675 3186 5719 et
3223 5666 3364 5722 aliud
3395 5683 3552 5740 opus,

3042 5757 3120 5819 35
