3938 6178
519 323 672 378 i099

1558 312 1890 366 AMALARN
1933 311 2154 366 PRESB
2167 309 2367 365 YTERI
2411 305 2749 362 METENSIS

3579 307 3680 362 llﬁﬁ

531 427 971 488 dicenle‘l’aulo:
1003 425 1211 478 Nemini
1241 423 1422 476 dantes
1457 421 1618 476 ullam
1655 423 2014 490 offensionem,
2045 433 2100 476 ut
2131 430 2177 486 Α
2207 422 2352 478 Sicut
2403 423 2629 477 Domino
2673 420 2900 490 placuit,
2944 419 3019 472 ita
3061 418 3248 488 factum
3288 428 3356 472 est
3403 438 3415 472 :
3455 422 3510 473 sit
3547 438 3682 477 nomm

535 541 636 575 non
669 524 984 590 vituperetur
1019 514 1362 568 ministerium
1405 523 1660 568 nostrum.
1689 514 1841 580 Quod
1874 515 1948 568 ita
1977 514 2106 568 Am-

532 612 746 667 brosius
773 611 826 664 in
867 614 1099 661 tractatu
1129 604 1380 674 Epistula:
1399 604 1468 658 ad
1497 603 1842 660 Corinthios:
1877 603 2103 673 Vitupe-

537 715 687 760 ratur
711 702 851 757 enim
889 699 1250 755 ministerium
1289 701 1550 768 ipsorum,
1596 698 1640 752 si
1688 711 1751 750 ea
1774 711 1893 764 qua:
1929 698 2110 752 verbis

538 797 817 860 docebant,
845 793 1096 864 operibus
1119 792 1252 857 suis,
1287 798 1346 844 ut
1371 789 1584 856 ﬁerent,
1616 789 1858 858 exempla
1887 805 1992 844 non
2016 790 2111 844 da-

539 891 675 942 rent.
721 885 972 940 Mandata
998 883 1209 938 Veteris
1252 880 1607 943 Testamenti,
1640 895 1669 933 a
1698 879 1963 950 principio
2006 878 2111 933 Ge-

539 991 731 1033 neseos
753 965 927 1044 usque
953 976 1009 1028 in
1036 972 1218 1035 ﬁnem,
1259 971 1314 1026 in
1349 969 1615 1025 humerali
1659 968 1801 1023 linea
1838 967 2112 1039 cperando

538 1076 592 1121 et
621 1064 862 1122 docendo
883 1071 1060 1133 portet
1086 1061 1327 1134 pontifex
1351 1062 1407 1115 in
1434 1060 1726 1131 pectorali;
1756 1059 1908 1122 Novi,
1942 1073 1972 1111 a
1995 1057 2110 1127 pri-

540 1155 725 1209 mitiva
754 1153 991 1208 Ecclesia
1029 1166 1199 1222 usque
1245 1151 1300 1204 in
1343 1148 1524 1204 ﬁnem.
1577 1148 1654 1204 De
1685 1156 1872 1218 torque
1902 1146 2115 1201 dicebat

541 1243 794 1297 Salomon
823 1243 878 1295 in
905 1225 1186 1295 Par‘aholis
1213 1254 1226 1292 :
1255 1235 1322 1292 Ut
1351 1237 1582 1292 addatur
1605 1238 1776 1308 gratia
1813 1236 1972 1306 capiti
2000 1245 2115 1297 tuo,

540 1347 582 1386 et
614 1346 820 1403 torques
849 1330 982 1385 collo
1024 1340 1134 1384 tuo.
1165 1327 1318 1395 Quod
1362 1329 1437 1382 ita
1478 1327 1620 1383 Beda
1658 1326 1714 1380 in
1745 1326 1934 1380 eodem
1965 1343 1978 1378 :
2005 1324 2116 1378 Mos

543 1425 677 1493 apud
701 1432 910 1478 veteres
957 1421 1057 1476 fuit
1099 1429 1159 1475 ut
1202 1420 1438 1490 legitime
1465 1425 1740 1474 certantes
1775 1431 2029 1472 coronam
2063 1416 2114 1468 in

541 1515 740 1583 capite,
771 1521 1014 1581 torquem
1051 1512 1103 1565 in
1131 1511 1292 1575 collo,
1329 1509 1660 1580 acciperent.
1699 1507 1765 1561 Et
1797 1507 1954 1561 nobis
1987 1519 2118 1573 ergo

540 1608 585 1656 si
628 1603 966 1672 disciplinam
1013 1602 1312 1657 conditoris
1361 1600 1556 1665 nostri,
1606 1601 1652 1655 si
1692 1602 1884 1670 gratia:
1927 1598 2119 1651 matris

541 1696 675 1750 scita
707 1672 1058 1759 custodimus,
1101 1693 1273 1763 major
1316 1692 1439 1746 inde
1484 1691 1746 1746 virtutum
1792 1688 2120 1760 spiritalium

2208 514 2422 568 Domini
2469 513 2814 568 benedictum.
2847 511 3043 566 Munda
3088 510 3332 578 cogitatio
3368 512 3415 564 in
3444 511 3580 566 David
3615 511 3688 567 fuit

2211 603 2428 672 quando
2457 602 2749 658 dixit:Cor
2773 601 3032 656 mundum
3063 618 3178 655 crea
3205 602 3256 654 in
3279 619 3369 667 me,
3398 601 3519 656 Deus
3544 617 3558 653 :
3580 619 3690 656 utun-

2209 693 2385 763 daque
2432 694 2486 748 in
2524 693 2643 757 Job,
2673 694 2890 761 quando
2921 692 3093 747 dixit:
3126 690 3270 745 Sicut
3300 691 3496 744 Domino
3529 691 3692 761 placuit,

2210 785 2287 840 ita
2325 785 2526 854 factum
2557 795 2652 838 est.
2683 783 2774 838 Sic
2809 793 2864 838 et
2899 799 2998 837 nos
3023 783 3233 852 quando
3261 783 3404 836 tzedlo
3442 782 3591 850 aliquo
3611 782 3694 835 alli-

2213 878 2418 942 eimur,
2454 889 2524 930 ne
2561 877 2768 944 majore
2815 875 3036 930 tristitia
3085 875 3447 930 absorbeamur
3479 876 3525 927 in
3555 889 3695 928 cense

2214 968 2472 1023 lationem
2514 967 2687 1022 nostri
2714 966 2871 1036 quasi
2901 966 3172 1036 quoddam
3222 966 3474 1020 sudarium
3511 963 3696 1032 exempla

2214 1059 2470 1128 praedicta
2504 1065 2816 1113 sanctorum
2840 1055 3064 1110 Patrum
3103 1057 3179 1110 ad-
3203 1055 3598 1110 corroborandam
3632 1070 3695 1123 pa-

2219 1151 2464 1205 tientiam
2483 1189 2497 1215 ,
2524 1157 2580 1204 et
2604 1148 2995 1220 detergendum
3022 1148 3235 1202 taedium
3252 1161 3514 1201 sumamus.
3540 1145 3621 1198 Per
3641 1160 3698 1197 su-

2217 1238 2431 1294 darium
2450 1237 2798 1308 intelligimus
2813 1238 3044 1292 mundos
3063 1236 3283 1292 allectus
3307 1245 3358 1290 et
3369 1236 3473 1307 pios
3486 1237 3530 1290 in
3547 1234 3694 1288 labore.

2791 1326 3021 1382 CAPUT
3069 1327 3233 1381 XXV.

2642 1419 2714 1474 De
2744 1419 2992 1474 varietaZe
3019 1417 3386 1472 sandaliorutn.

2316 1515 2564 1569 Varietas
2623 1512 2992 1568 sandaliorum
3052 1511 3363 1566 varietatem
3414 1507 3701 1562 ministrorum

2219 1607 2408 1677 pingit.
2457 1605 2712 1676 Episcopi
2763 1612 2820 1659 et
2864 1604 3165 1659 sacerdotis
3205 1617 3336 1673 pene
3366 1615 3511 1656 unum
3538 1607 3603 1652 est
3623 1597 3702 1651 olli-

2222 1698 2366 1753 cium
2399 1715 2412 1751 :
2446 1705 2502 1752 at
2524 1697 2652 1767 quia
2691 1695 2913 1752 nomine
2945 1702 3002 1749 et
3028 1695 3231 1750 honore
3257 1693 3606 1754 discernuntur,
3625 1689 3701 1742 dis-

541 1785 758 1838 darilas
787 1791 1030 1853 ausetur-
1057 1781 1284 1838 Αάἀίῑιιτ
1304 1781 1477 1851 Βῖθῑία
1497 1781 1685 1850 capi“,
1711 1795 1834 1836 cum
1855 1780 2113 1846 ειηνίαιε,
2146 1785 2193 1845 Β
2219 1796 2516 1843 cernuntur
2552 1788 2716 1843 etiam
2762 1788 3024 1841 varietate
3070 1785 3440 1846 sandaliorum,
3481 1789 3531 1834 ut
3558 1780 3704 1834 risibus

541 1891 658 1944 quae
682 1874 972 1945 principale
999 1874 1194 1928 mentis
1222 1873 1474 1937 ornabat,
1508 1873 1789 1928 ardentius
1822 1872 2123 1926 inﬂamma-

543 1977 647 2020 tur.
689 1965 915 2020 Additur
945 1975 999 2019 et
1031 1963 1170 2020 collo
1199 1973 1437 2033 torques,
1473 1979 1596 2018 cum
1635 1962 1840 2035 fulgore
1871 1964 2124 2033 perfecta:

542 2059 872 2129 operationis
918 2071 1096 2112 sermo
1138 2057 1583 2126 praedicationis,
1639 2059 1729 2126 qui
1782 2072 1880 2126 per
1925 2057 2122 2111 collum

543 2149 806 2218 procedit,
851 2147 1198 2204 conﬁrmatur
1229 2168 1238 2202 :
1269 2164 1336 2202 ac
1364 2164 1432 2204 ne
1459 2150 1731 2203 contemni
1761 2149 1830 2203 ab
1859 2150 2122 2204 auditori-

541 2241 642 2294 bus
674 2240 889 2304 debeat,
919 2239 1249 2295 indeﬁcienti
1289 2240 1552 2294 virtutum
1599 2239 1940 2295 connexione
1979 2240 2125 2295 duci-

543 2343 649 2386 tur.
703 2330 810 2386 Sed
853 2339 909 2386 et
937 2331 1021 2386 his
1050 2332 1142 2400 qui
1178 2329 1428 2386 Mosaicae
1471 2331 1606 2400 legis
1634 2331 1854 2386 decreta
1898 2331 2126 2386 Domino

542 2423 791 2476 veniente
831 2422 1150 2488 servabant,
1203 2422 1383 2476 addita
1425 2430 1510 2476 est
1548 2422 1722 2492 gratia
1753 2421 1888 2478 Novi
1932 2422 2123 2477 Testa-

544 2513 708 2566 menti
740 2526 863 2576 cum
902 2527 997 2582 spe
1035 2512 1188 2581 regni
1217 2511 1475 2575 cmicstis,
1515 2511 1670 2580 cujus
1716 2511 1975 2582 splendor
2010 2513 2127 2566 exi-

544 2603 702 2666 mius,
735 2602 804 2655 ad
848 2601 1154 2671 exemplum
1192 2616 1406 2656 corona:
1451 2602 1534 2657 vel
1567 2601 1796 2672 torquis,
1835 2601 1984 2656 nullo
2028 2617 2128 2656 un-

543 2709 704 2762 quam
731 2694 836 2747 ﬁne
863 2693 1164 2746 claudetur.

1097 2781 1324 2838 CAPUT
1367 2783 1551 2839 XXIV.

1165 2874 1242 2927 De
1277 2874 1516 2928 sudario.

620 2967 850 3020 Sudario
899 2965 1134 3019 solemus
1184 2974 1396 3036 tergere
1445 2967 1696 3035 pituitam
1746 2965 2025 3021 oculorum
2073 2975 2131 3022 et

549 3058 762 3112 uarium
793 3065 956 3126 atque
998 3054 1324 3125 superﬂuam
1363 3056 1586 3111 salivam
1624 3057 2001 3124 decurrentem
2033 3071 2130 3128 per

2223 1879 2427 1935 nostris
2453 1893 2610 1936 error
2639 1877 2946 1944 auferatur,
2980 1879 3073 1948 qui
3100 1886 3270 1950 potest
3295 1877 3527 1931 interesse
3546 1881 3704 1943 propter

2220 1969 2632 2025 similitudinem
2670 1967 2855 2025 oﬁlcii.
2889 1969 3186 2040 Episcopus
3215 1969 3368 2024 habet
3407 1966 3639 2037 ligaturam
3669 1963 3703 2014 in

2225 2063 2337 2117 suis
2363 2061 2642 2128 sandaliis,
2665 2077 2827 2132 quam
2858 2077 2968 2117 non
3011 2063 3179 2117 habet
3210 2061 3490 2132 presbyter.
3523 2052 3704 2127 Episcopi

2226 2160 2329 2218 est,
2373 2152 2483 2208 huc
2524 2152 2760 2224 illucque
2792 2153 3106 2208 discurrere
3145 2164 3238 2222 per
3265 2150 3542 2222 parochiam
3573 2146 3624 2200 ad
3652 2159 3707 2197 re-

2225 2244 2457 2315 gendam
2489 2245 2698 2313 plebem
2725 2262 2738 2298 :
2780 2259 2850 2299 ne
2879 2243 3018 2300 forte
3061 2245 3258 2300 cadant
3283 2241 3501 2298 sandalia
3525 2241 3578 2295 de
3598 2236 3702 2309 pedi-

2226 2335 2350 2398 bus,
2402 2333 2564 2404 ligata
2609 2342 2754 2389 sunt.
2787 2335 2866 2389 Ex
2902 2350 2969 2389 eo
3019 2342 3203 2404 potest
3235 2333 3356 2389 sciri
3395 2340 3611 2402 quantum
3642 2342 3705 2381 ne-

2227 2441 2380 2482 cesse
2404 2427 2475 2481 sit
2499 2427 2548 2480 ei
2578 2427 2795 2482 ﬁrmare
2821 2442 3040 2498 gressus
3071 2427 3285 2489 mentis,
3319 2425 3406 2496 qui
3426 2425 3473 2478 in
3494 2420 3707 2488 turbispo

2226 2519 2475 2589 pulorum
2519 2528 2786 2574 versatur.
2832 2519 3127 2590 Presbyter
3173 2520 3263 2590 qui
3303 2518 3433 2573 domi
3459 2513 3707 2571 bostiasim-

2227 2609 2429 2674 molat,
2486 2610 2734 2664 securius
2780 2610 2999 2665 incedit.
3042 2609 3312 2666 Diaconus
3358 2607 3470 2677 qula
3509 2600 3709 2661 dissimilis

2227 2709 2313 2753 est
2355 2699 2612 2769 episcopo
2641 2701 2711 2755 ab
2747 2698 2942 2762 otﬁcio,
2996 2713 3106 2753 non
3155 2707 3238 2754 est
3278 2711 3479 2753 necesse
3501 2705 3549 2750 ut
3574 2693 3710 2748 habent

2230 2791 2512 2847 dissimilia
2563 2791 2822 2855 sandalia,
2871 2799 2926 2846 et
2969 2792 3086 2860 ipse
3142 2793 3412 2862 ligaturam
3461 2783 3708 2851 habetqukt

2230 2897 2387 2937 suum
2442 2889 2526 2937 est
2553 2883 2633 2938 ire
2682 2883 2750 2937 ad
2802 2883 3145 2937 comitatum.
3189 2880 3526 2937 Subdiaconus
3557 2875 3647 2945 quia
3677 2874 3711 2923 i"

2231 2973 2501 3044 adiutorio
2527 2982 2612 3029 est
2638 2973 2869 3028 diacono
2899 2981 2952 3029 et
2978 2987 3121 3043 pene
3157 2974 3210 3028 in
3253 2972 3429 3027 eodem
3453 2967 3609 3029 cilicio,
3646 2976 3709 3014 ne-

2231 3080 2385 3120 cesse
2431 3073 2514 3120 est
2562 3072 2620 3120 ut
2673 3063 2870 3120 habeat
2903 3064 3191 3119 dissimilia
3229 3060 3487 3124 sandalia,
3531 3072 3584 3111 ne
3621 3052 3713 3107 forte

551 3151 708 3204 labia.
757 3151 836 3203 Ac
878 3149 999 3204 ideo
1029 3149 1304 3202 sudarium
1334 3148 1605 3219 signiﬁcat
1629 3148 1734 3203 isto
1764 3148 1819 3202 in
1853 3147 1972 3205 loco
2014 3156 2128 3204 stu-
2153 3138 2200 3202 C
2231 3158 2528 3213 aestimetur
2559 3155 2838 3211 diaconus.
2881 3154 3132 3225 Mystice,
3165 3155 3290 3224 quia
3332 3148 3542 3208 sandalia
3578 3141 3713 3214 pra-rli-

551 3244 697 3295 dium
727 3241 1045 3296 mundanda:
1067 3239 1433 3311 cogitationis,
1458 3254 1566 3309 quo
1592 3238 1868 3294 naturales
1906 3248 1962 3294 et
1983 3239 2130 3295 velut

553 3336 816 3405 ingenitas
873 3343 1090 3388 nostras
1133 3332 1518 3388 delectationes
1565 3332 1849 3388 studemus
1895 3340 2125 3404 tergere,

552 3426 665 3479 sive
731 3432 950 3494 propter
1008 3422 1324 3479 ell‘usionem
1385 3421 1748 3492 lacrymarum
1813 3424 2129 3493 tergendum

556 3515 726 3568 fertur
757 3514 1032 3569 sudarium
1053 3554 1068 3577 ,
1095 3521 1156 3566 ut
1192 3513 1245 3566 in
1287 3512 1664 3584 Martyrologio
1710 3511 1869 3568 Beda:
1913 3514 2126 3584 legitur,

553 3607 695 3678 quod
735 3616 889 3676 pater
918 3614 1100 3661 noster
1125 3603 1386 3659 Arsenius
1419 3614 1641 3674 propter
1686 3605 2130 3661 redundationem

553 3702 916 3770 lacrymarum
957 3697 1288 3768 tergendam,
1338 3697 1614 3752 sudarium
1655 3710 1872 3765 semper
1909 3695 1964 3748 in
2007 3695 2130 3750 sinu

557 3791 636 3844 vel
670 3791 722 3842 in
754 3804 914 3841 manu
946 3788 1213 3843 habuerit.
1256 3787 1315 3842 In
1342 3801 1503 3840 manu
1549 3786 1768 3840 sinistra
1803 3792 2050 3854 portatur
2074 3793 2134 3839 ut

555 3877 870 3932 ostendatur
899 3877 950 3930 in
981 3876 1264 3944 temporali
1285 3877 1392 3928 vita
1426 3875 1642 3929 taidium
1684 3889 1782 3928 nos
1805 3875 1914 3944 pati
1939 3889 2130 3944 super-

442 3991 457 4004 ο
556 3969 647 4022 llui
684 3967 958 4028 humoris,
1001 3966 1103 4020 hoc
1130 3974 1216 4019 est
1253 3963 1486 4019 carnalis
1519 3963 1910 4019 delectationis.
1942 3965 2008 4018 Et
2031 3965 2132 4018 ite-

557 4072 676 4112 rum
705 4055 982 4112 sudarium
1013 4055 1080 4109 ad
1123 4055 1226 4108 hoc
1264 4060 1563 4123 portamus,
1596 4062 1657 4107 ut
1685 4068 1752 4109 eo
1783 4053 2132 4123 detergamus

557 4147 842 4211 sudorem,
882 4145 974 4214 qui
1005 4144 1064 4198 ﬁt
1092 4158 1158 4198 ex
1197 4142 1383 4199 labore
1426 4144 1630 4214 proprii
1661 4144 1933 4215 corporis,
1988 4145 2132 4213 quod

554 4237 786 4307 legimus
831 4236 1093 4291 usitatum
1124 4233 1291 4290 fuisse
1319 4236 1466 4289 circa
1501 4249 1698 4304 corpus
1724 4235 1944 4290 Christi.
1980 4233 2131 4289 Unde

555 4328 750 4398 legitur
785 4344 797 4379 :
831 4327 900 4380 Et
923 4326 1203 4380 sudarium
1223 4325 1363 4395 quod
1391 4325 1493 4394 fuit
1517 4342 1672 4396 super
1691 4335 1846 4394 caput
1867 4325 1999 4394 ejus.
2031 4321 2132 4378 Su-

554 4421 653 4472 dor
678 4417 895 4472 taedium
917 4424 1104 4472 nostro
1137 4417 1350 4486 corpori
1378 4425 1483 4480 est,
1515 4416 1561 4471 si
1588 4430 1695 4469 non
1723 4423 1867 4470 esset
1889 4415 2124 4477 taedium,

2233 3249 2436 3304 caloris
2460 3262 2678 3302 cursum
2711 3246 2925 3316 signant
2943 3244 3092 3299 solea
3119 3260 3240 3315 quae
3268 3244 3443 3299 subtus
3469 3247 3550 3297 est.
3585 3234 3714 3288 admo-

2233 3346 2326 3394 net
2351 3337 2781 3408 praadicatorem,
2830 3343 2890 3389 ut
2923 3351 3030 3389 non
3063 3352 3125 3390 se
3163 3335 3394 3406 implicet
3435 3325 3621 3385 terrenis
3652 3335 3714 3374 ne-

2233 3429 2414 3499 gotiis.
2449 3427 2653 3498 Lingua
2680 3425 2747 3481 de
2773 3425 2897 3480 albo
2915 3425 3065 3480 corio
3090 3467 3104 3488 ,
3141 3440 3261 3495 quae
3282 3423 3456 3479 subtus
3480 3417 3712 3474 calcantem

2231 3527 2317 3574 est
2345 3526 2616 3572 monstrat
2643 3517 2844 3572 debere
2876 3531 2994 3570 esse
3022 3517 3269 3571 eamdem
3306 3510 3636 3582 scparationem
3660 3502 3713 3554 in-

2231 3617 2519 3664 nocentem
2564 3615 2618 3663 et
2650 3609 2769 3663 sine
2816 3607 2959 3672 dolo,
2990 3616 3050 3660 ut
3099 3608 3268 3677 possit
3300 3607 3363 3661 de
3399 3619 3458 3659 eo
3480 3600 3563 3656 dici
3586 3616 3596 3650 :
3619 3594 3712 3649 Ecce

2233 3715 2360 3756 vere
2395 3699 2663 3765 lsraelita,
2711 3700 2765 3754 in
2793 3715 2904 3769 quo
2928 3699 3088 3755 dolus
3133 3715 3238 3754 non
3273 3708 3368 3754 est.
3401 3695 3502 3750 Non
3531 3692 3588 3746 sit
3615 3685 3711 3742 taliS.

2231 3790 2420 3862 quales
2464 3790 2899 3862 pseudoapostoli
2945 3800 3137 3854 erant,
3178 3790 3266 3859 qui
3321 3784 3625 3858 praedicabant
3650 3787 3713 3844 per

2231 3882 2491 3938 invidiam
2527 3890 2582 3936 et
2621 3881 3048 3937 contentionem.
3090 3881 3293 3950 Lingua
3318 3893 3430 3947 qua:
3451 3874 3560 3928 inde
3577 3863 3711 3933 ςυτείίν

2232 3984 2286 4030 et
2324 3982 2410 4030 est
2449 3981 2696 4043 separata
2718 3989 2747 4027 a
2769 3973 2920 4028 corio
2961 3972 3357 4032 sandalinrum,
3391 3967 3546 4036 lingua
3581 3966 3711 4011 eorum

2235 4075 2522 4131 monstrat,
2569 4067 2662 4136 qui
2689 4064 3031 4136 prmdicatori
3083 4064 3280 4118 bonum
3323 4054 3632 4116 testimonium
3653 4045 3710 4097 δε·

2233 4156 2360 4210 bent
2387 4155 2650 4224 proferre,
2679 4157 2745 4210 de
2771 4153 2971 4224 quibus
2997 4151 3220 4208 dicebat
3245 4148 3470 4204 Paulus:
3501 4141 3664 4210 Oportet
3681 4140 3710 4181 et

2232 4263 2349 4300 eum
2377 4247 2729 4300 testimonium
2753 4246 2944 4299 bonum
2969 4243 3161 4298 habere
3188 4243 3252 4296 ab
3278 4242 3356 4295 his
3375 4237 3456 4309 qui
3477 4232 3586 4309 [oris
3614 4231 3710 4280 ntul-

2233 4337 2298 4392 Hi
2321 4346 2448 4394 sunt
2470 4337 2524 4392 in
2552 4336 2808 4392 inferiore
2853 4344 3038 4408 parte,
3070 4343 3126 4391 et
3150 4339 3274 4391 sunt
3304 4319 3638 4402 quodammodo
3657 4327 3713 4415 ξεί

2231 4429 2408 4501 parati
2437 4443 2467 4483 a
2495 4428 2908 4484 conversatione
2951 4426 3297 4498 spiritalium.
3327 4422 3511 4489 Lingua
3535 4415 3714 4479 δυρθηοτ

555 4524 661 4561 non
711 4506 874 4562 toties
923 4513 1242 4576 tergeretur.
1291 4503 1464 4560 Habet
1504 4504 1790 4573 aliquoties
1831 4518 1984 4558 mens
2028 4513 2126 4556 ta:-
2154 4488 2207 4548 Ῑ)
2232 4488 2554 4588 ἐρίτίωιίυῐη
2581 4518 2761 4588 lingua
2787 4488 3412 4587 estqui-pmdicatorem
3447 4501 3712 4562 introduanl

553 4599 722 4662 dium,
749 4598 962 4652 dicente
990 4595 1278 4652 Psalmista
1305 4615 1317 4649 :
1346 4596 1662 4650 Domitavit
1685 4597 1864 4648 anima
1883 4611 1997 4648 mea
2017 4612 2128 4664 pra:

553 4687 732 4740 ttedio.
781 4685 1020 4742 Taedium
1060 4687 1115 4740 in
1153 4687 1356 4752 anima,
1402 4687 1558 4756 quasi
1605 4686 1770 4740 sudor
1796 4687 1849 4739 in
1876 4699 2124 4754 corpore.

555 4776 795 4830 deium
824 4776 990 4830 animi
1032 4776 1322 4844 aliquoties
1361 4777 1499 4832 solet
1536 4777 1654 4831 ﬁeri
1681 4791 1748 4830 ex
1793 4776 2126 4831 conscientia

554 4871 920 4932 peccatorum,
948 4863 1234 4934 aliquoties
1261 4881 1325 4921 ex
1356 4866 1748 4930 accidentibus,
1777 4874 1837 4920 ut
1859 4876 1944 4920 est
1968 4880 2129 4922 omne

555 4951 820 5022 tlagcllum
849 4953 992 5021 quod
1017 4955 1223 5022 patitur
1255 4955 1325 5012 ah
1344 4954 1520 5010 alieno
1545 4970 1772 5024 corpore
1799 4971 1814 5010 ε
1842 4956 2130 5026 aliquoties

554 5058 619 5096 ex
653 5041 964 5098 inﬁrmitate
1013 5046 1216 5114 proprii
1247 5046 1516 5115 corporis,
1557 5061 1678 5115 qua:
1712 5045 2000 5102 inﬁrmitas
2027 5049 2128 5102 ali-

553 5135 766 5205 quoties
793 5135 933 5191 solet
974 5137 1221 5192 accidere
1250 5152 1318 5193 ex
1347 5139 1604 5207 peccatis.
1657 5138 1881 5205 Quando
1907 5139 2126 5196 taedium

551 5249 621 5288 ex
650 5231 968 5287 inﬁrmitate
992 5238 1340 5302 peccatorum
1368 5231 1602 5287 frontem
1632 5232 1980 5288 conscientia:
2022 5247 2124 5287 no-

543 5337 680 5382 stra:
709 5323 859 5397 tegit,
905 5324 1199 5379 habeamus
1227 5324 1504 5380 sudarium
1533 5341 1601 5380 ex
1627 5326 1773 5397 ligno
1800 5327 2123 5396 castigatum

553 5427 608 5471 et
658 5416 938 5480 mundum,
988 5415 1171 5486 qualia
1215 5424 1342 5472 sunt
1392 5415 1557 5472 verba
1587 5418 1754 5472 David
1801 5419 2122 5488 prophetae:

555 5510 658 5561 Cor
689 5510 944 5562 utendum
990 5523 1108 5561 crea
1155 5508 1208 5562 in
1237 5524 1336 5573 me,
1365 5507 1526 5572 Deus,
1571 5517 1621 5562 et
1653 5510 1896 5579 spiritum
1929 5524 2124 5562 rectum

555 5599 741 5651 imioua
783 5615 836 5652 in
863 5597 1144 5652 rise-aribus
1178 5599 1324 5652 meis.
1370 5597 1436 5652 Et
1474 5599 1519 5654 si
1549 5597 1712 5653 fuerit
1744 5599 2030 5653 inﬁrmitas
2056 5615 2124 5653 ex

555 5689 962 5756 approbatione,
1013 5689 1153 5743 sicut
1211 5689 1263 5742 in
1309 5689 1432 5756 Joh,
1473 5689 1718 5745 dicamus
1759 5689 1903 5759 quod
1955 5690 2122 5745 dixit:

2232 4587 2286 4664 in
2315 4624 2451 4679 opus
2486 4587 2904 4679 praedicationis.
2945 4608 3071 4662 Haac
3113 4605 3451 4675 requiruntur
3488 4587 3713 4681 posteriore

2217 4698 2344 4752 'vita
2371 4697 2760 4768 przedicatoris.
2790 4697 2861 4752 At
2903 4697 3230 4750 intrinsecus
3258 4692 3324 4746 de
3359 4688 3469 4743 albo
3502 4679 3621 4737 corio
3640 4679 3712 4726 ctr-

2232 4789 2483 4843 cumdata
2518 4795 2644 4842 sunt
2686 4787 2927 4841 sandalia
2960 4803 2972 4837 :
2999 4787 3074 4839 ita
3107 4790 3318 4852 oportet
3342 4793 3454 4834 esse
3474 4768 3712 4845 pnaiiam'

2233 4878 2308 4932 ris
2351 4877 2706 4932 intentionem
2738 4873 3020 4930 candidam
3057 4886 3243 4927 coram
3275 4870 3379 4923 Deo
3403 4880 3465 4920 ex
3489 4871 3597 4932 ptll'a
3624 4862 3717 4904 ⁰⁰¹¹⁶

2225 4969 2452 5023 scientia
2485 4986 2497 5020 :
2531 4966 2870 5021 extrinsecus
2917 4979 3050 5019 vero
3103 4963 3316 5030 nigrum
3367 4957 3580 5026 apparet.
3618 4950 3716 5030 φο·

2225 5057 2371 5111 niam
2393 5056 2610 5110 videtur
2656 5055 3073 5125 praedicatorum
3099 5028 3210 5105 vita
3230 5051 3468 5117 despecta
3493 5055 3520 5092 8
3543 5028 3708 5124 ΜΨ

2223 5145 2393 5212 ribus,
2424 5153 2642 5216 propter
2676 5143 3074 5198 multitudinem
3100 5147 3465 5212 pressurarum
3491 5125 3706 5199 pastillus

2222 5235 2428 5290 mundi.
2465 5233 2725 5305 Superior
2753 5249 2881 5304 pars
2927 5233 3324 5293 sandaliorum,
3369 5241 3456 5299 per
3489 5227 3620 5290 quam
3643 5218 3709 5276 Pes

2229 5327 2415 5391 intrat,
2458 5325 2642 5380 multis
2679 5325 2786 5380 ﬁlis
2813 5334 3042 5382 eonsuta
3065 5332 3177 5386 est,
3221 5330 3398 5376 utnon
3423 5306 3711 5368 dissolvm"

2227 5416 2333 5471 duo
2372 5417 2539 5470 coria.
2581 5415 2641 5470 In
2670 5417 2825 5470 initio
2860 5415 3006 5471 enim
3034 5414 3193 5470 debet
3230 5410 3438 5466 studere
3461 5395 3711 5473 praedicam

2225 5507 2472 5576 pluribus
2509 5507 2799 5562 virtutibus
2841 5514 3004 5576 atque
3043 5502 3322 5561 sententiis
3361 5489 3706 5576 Scripwnmn?’

2229 5606 2286 5650 ut
2329 5597 2570 5667 pluribus
2610 5597 2876 5653 forinseca
2914 5613 3039 5653 cum
3065 5595 3150 5650 bis
3175 5607 3296 5663 quas
3339 5581 3708 5667 iutriuttetttt8

2229 5658 2344 5743 teni
2363 5704 2545 5743 coram
2571 5688 2698 5754 Deo,
2726 5704 2833 5743 non
2860 5658 3248 5757 disiungantur.
3282 5680 3468 5747 Lingua
3499 5658 3707 5724 sandalio-
