3938 6178
354 251 486 310 1101

349 465 530 526 potest
553 456 804 528 ligurare.
838 458 1006 515 Linea
1035 476 1198 532 opere
1225 473 1426 519 sutoris
1451 464 1590 519 facta
1611 467 1922 535 prazcedens

349 559 382 598 a
405 545 586 618 lingua
613 546 838 601 sandalii
867 563 1038 618 usque
1063 551 1130 605 ad
1158 551 1316 606 linem
1347 551 1482 620 ejus,
1543 553 1920 624 Evangelicam

348 632 772 703 perfectionem;
822 637 979 692 linea:
1002 642 1355 708 procedentes
1393 658 1460 697 ex
1491 652 1719 714 utraque
1745 654 1916 714 parte,

350 723 522 795 legem
567 733 621 778 et
647 727 959 797 prophetias
986 745 1105 799 qua:
1152 731 1205 784 in
1233 731 1522 800 Evangelio
1567 734 1924 802 recapitulari-

350 823 456 869 tur.
498 816 711 870 Etenim
739 817 872 888 ipszc
920 821 1288 889 recapitulatac
1333 831 1457 878 sunt
1492 824 1560 878 ad
1599 824 1828 878 mediam
1857 824 1920 878 li-

348 919 524 968 neam,
559 921 678 975 qua:
707 923 880 978 usque
908 910 975 964 ad
1002 909 1161 964 linem
1197 912 1386 967 currit.
1428 913 1680 983 Ligatura
1717 923 1918 983 myste-

346 994 488 1048 rium
516 995 904 1052 incarnationis
929 997 1151 1064 Christi,
1195 1016 1314 1070 qua:
1358 1003 1674 1067 incarnatio,
1709 1004 1833 1072 quia
1864 1004 1919 1058 in

343 1083 613 1152 aliquibus
670 1096 857 1156 aperta
924 1097 1007 1143 est
1062 1089 1313 1144 humanis
1373 1092 1621 1146 sensibus
1685 1092 1921 1145 humano

345 1193 520 1244 more,
569 1179 728 1234 sicuti
772 1188 874 1246 est,
903 1182 1030 1250 poni
1059 1183 1112 1236 in
1138 1183 1420 1252 praisepio,
1458 1185 1652 1252 pannis
1695 1183 1915 1248 involvi,

346 1279 403 1325 et
429 1281 645 1326 caetera.
691 1271 882 1342 Aliqua
911 1273 1151 1329 sandalia
1181 1275 1298 1330 sine
1323 1274 1569 1346 ligaturis
1610 1283 1755 1328 tenet
1776 1290 1915 1342 ρης

344 1360 566 1416 dicatio.
619 1361 686 1416 Et
729 1361 887 1416 aliter
923 1381 935 1416 :
970 1364 1109 1418 Dicit
1159 1364 1438 1428 Dominus,
1478 1367 1530 1419 in
1589 1364 1914 1434 Evangelio:

345 1451 704 1524 Quodcunque
739 1455 1218 1524 supererogaveris,
1271 1472 1364 1526 ego
1408 1471 1525 1508 cum
1567 1455 1768 1509 rediero
1803 1453 1919 1506 red-

345 1542 472 1597 dam
524 1543 635 1596 tibi.
691 1542 934 1614 Disponit
980 1545 1237 1599 Dominus
1287 1545 1372 1600 his
1429 1546 1520 1615 qui
1567 1545 1917 1614 Evangelium

344 1629 740 1700 praedicarent,
794 1632 859 1686 de
899 1631 1189 1702 Evangelio
1236 1633 1417 1688 vivere
1455 1653 1467 1686 :
1515 1634 1918 1704 supererogavit

1098 259 1189 313 DE
1229 259 1780 319 ECCLESIASTICIS
1821 264 2109 321 OFFICIIS
2147 264 2330 319 LIBRI
2368 265 2461 320 IV.
2500 293 2572 304 -—
2608 263 2735 317 LIB.
2778 262 2864 316 111.

350 381 476 421 runt
524 380 644 436 qua:
682 381 844 437 super
879 369 1069 438 pedem
1104 381 1210 438 est,
1259 374 1497 444 linguam
1549 377 1919 445 prtedicatoris
1947 383 1998 440 Α

3464 270 3604 327 1133

2582 374 2808 429 CAPUT
2848 373 3035 429 XXVI.
3576 367 3580 371 ’

2388 467 2769 537 Recapitulatio
2809 471 3248 525 vestimentorum.

2095 558 2342 612 Breviter
2386 558 2755 614 desideramus
2798 560 3157 630 recapitulare
3193 577 3408 618 onmem
3443 581 3604 622 orna-

2025 655 2139 700 tum
2180 645 2527 702 clericorum.
2559 647 2734 717 Caput
2779 649 2961 703 clerici
3009 664 3162 704 mens
3191 658 3294 706 est.
3341 652 3401 707 In
3440 670 3603 725 supeo

2024 737 2166 791 riore
2194 745 2350 808 parte
2393 737 2814 806 discoopertum,
2851 739 2942 793 ubi
2979 747 3061 793 est
3091 740 3266 810 imago
3293 741 3409 807 Dei,
3440 744 3492 797 in
3523 746 3576 798 in
3595 773 3609 782 -

2023 827 2224 883 feriere
2259 836 2414 899 parte
2456 829 2849 886 circumdatum
2883 832 3112 902 capillis,
3152 835 3306 902 quasi
3334 834 3604 904 aliquibus

2021 920 2438 988 cogitationibus
2466 920 2532 1002 de
2571 923 2824 991 prmsenti
2871 924 3215 979 necessitate.
3255 924 3499 981 Amictus
3523 938 3606 981 cst

2022 1016 2308 1084 castigatio
2359 1014 2528 1069 vocis.
2579 1014 2713 1070 Alba
2749 1024 3070 1077 czeterorum
3119 1016 3435 1072 inferiorum
3481 1033 3604 1073 sen-

2022 1117 2183 1156 suum
2211 1104 2534 1173 prazsidente
2564 1104 2822 1173 magistra
2852 1105 3081 1170 ratione,
3115 1105 3345 1160 interius
3375 1120 3472 1176 per
3495 1106 3603 1161 dis-

2019 1192 2274 1261 ciplinam
2323 1193 2670 1258 continentia:
2716 1194 3120 1262 constringente
3161 1195 3315 1263 quasi
3368 1197 3602 1264 quodam

2020 1281 2239 1352 cingulo
2266 1282 2597 1353 voluptatem
2629 1284 2830 1338 carnis.
2867 1283 3231 1340 Calceamenti
3274 1285 3446 1350 linea,
3476 1301 3606 1355 pro-

2020 1375 2212 1430 hibitio
2240 1377 2438 1445 pedum
2479 1377 2545 1430 ad
2571 1377 2770 1432 malum
2799 1376 3123 1433 festinando.
3167 1379 3420 1435 Sandalia
3443 1397 3604 1436 orna~

2023 1473 2130 1529 tus,
2157 1466 2260 1520 iter
2298 1465 2689 1536 przedicatoris,
2722 1470 2848 1537 quia
2871 1469 3115 1524 cmlestia
3145 1486 3252 1525 non
3283 1472 3444 1527 debet
3485 1474 3615 1528 abs-

2011 1557 2275 1620 condere,
2324 1571 2500 1626 neque
2539 1558 2773 1612 terrenis
2810 1558 3040 1614 inhiare.
3104 1559 3350 1616 Secunda
3395 1563 3601 1628 tunica,

2020 1663 2185 1718 opera
2241 1648 2439 1704 mentis
2500 1656 2663 1703 sunt:
2694 1649 2919 1716 casula,
2959 1665 3125 1719 opera
3187 1654 3433 1722 corporis
3488 1655 3596 1724 pia.

347 1718 585 1784 Paulus,
633 1721 757 1791 quia
804 1721 920 1776 sine
970 1730 1183 1791 sumptu
1232 1724 1477 1795 exposuit
1524 1724 1913 1794 Evangelium,

2023 1740 2170 1795 Stola
2190 1739 2379 1810 jugum
2419 1739 2642 1807 Christi,
2669 1742 2812 1812 quod
2855 1751 2938 1797 est
2959 1718 3348 1812 Evangelium.“
3379 1718 3597 1799 Dalma-

345 1810 670 1884 operabatur
736 1810 981 1865 manibus
1030 1812 1144 1866 suis
1191 1812 1368 1868 victus
1428 1813 1532 1867 sibi
1587 1814 1912 1868 necessaria.

343 1897 490 1968 Opus
531 1899 680 1954 Pauli
703 1901 844 1972 quod
870 1902 1274 1972 supererogavit
1316 1903 1608 1974 Evangelio
1632 1917 1916 1972 possumus

341 1987 640 2059 intelligere
687 1991 948 2062 corrigias
983 2001 1399 2064 supererogatas
1445 1993 1738 2058 sandaliis,
1792 2009 1912 2062 quas

339 2080 590 2136 manibus
636 2081 740 2136 huc
787 2082 1018 2153 illucque
1045 2084 1313 2138 ducuntur
1339 2093 1398 2138 ut
1439 2084 1688 2156 Iigentur.
1728 2084 1912 2140 Firmo

337 2185 526 2239 gressu
556 2171 597 2226 it
624 2173 965 2242 praadicator,
997 2176 1088 2244 qui
1120 2176 1249 2230 nulli
1269 2190 1530 2232 onerosus
1557 2187 1661 2232 est.

2023 1833 2129 1887 tica
2160 1833 2373 1886 diaconi
2414 1841 2470 1886 et
2504 1833 2594 1888 sui
2625 1835 2878 1898 ministri,
2923 1849 3041 1904 qua:
3063 1844 3144 1890 est
3174 1835 3349 1889 itineri
3381 1836 3598 1898 habilis,

2021 1935 2150 1974 cura
2172 1921 2540 1990 proximorum
2566 1926 2677 1987 est;
2695 1924 2991 1986 sudarium,
3008 1924 3110 1993 pia:
3131 1932 3185 1978 et
3213 1925 3425 1979 munda:
3455 1926 3600 1994 cogi-

2021 2013 2273 2078 tationes,
2305 2012 2502 2082 quibus
2530 2013 2861 2084 detergimus
2897 2014 3172 2068 molestias
3212 2015 3376 2068 animi
3414 2030 3478 2068 ex
3511 2015 3600 2068 in-

2017 2102 2274 2157 ﬁrmitate
2321 2103 2582 2171 corporis.
2624 2101 2852 2156 Pallium
2901 2104 3453 2173 archiepiscoporum,
3489 2113 3600 2160 tor-

2015 2208 2149 2266 ques
2177 2194 2536 2248 devotissimus
2563 2194 2984 2262 praedicationis.
3026 2203 3081 2248 et
3120 2195 3172 2247 in
3203 2194 3383 2249 Veteri
3412 2195 3597 2248 Testa-

2015 2291 2199 2338 mento
2228 2292 2283 2338 et
2310 2284 2364 2337 in
2386 2282 2555 2339 Novo.

3171 2437 3582 2447 m-

1522 2585 1820 2666 LIBER
1895 2583 2374 2662 TERTIUS.

411 2832 638 2887 Domino
681 2831 996 2902 opitulante,
1041 2830 1407 2886 intercedente
1455 2833 1612 2887 beato
1657 2829 1906 2886 Medardo

332 2921 666 2988 confessore,
709 2921 862 2989 cujus
893 2921 1158 2976 festivitas
1185 2921 1342 2976 hodie
1373 2921 1513 2991 apud
1543 2936 1642 2976 nos
1665 2921 1905 2976 celebra-

2011 2825 2227 2895 quando
2273 2825 2326 2879 in
2372 2826 2614 2881 adversis
2642 2824 2949 2896 amigimur,
2977 2826 3193 2883 dicente
3221 2827 3336 2884 Joel
3362 2848 3375 2884 :
3409 2829 3592 2885 Canite

2011 2916 2135 2970 tuba
2172 2917 2226 2972 in
2267 2915 2417 2982 Sion,
2456 2916 2780 2985 sanctiﬁcate
2821 2917 3108 2987 jejunium,
3163 2930 3338 2974 vocate
3383 2932 3584 2985 cauum,

334 3026 424 3070 tur
464 3017 516 3069 in
539 3016 734 3086 gaudio
767 3023 1094 3079 sanctorum,
1133 3015 1367 3084 prompti
1410 3028 1594 3069 sumus
1631 3014 1812 3069 animo
1839 3012 1905 3066 ad
1934 2989 1977 3050 C
2010 3017 2316 3078 congregate
2358 3007 2629 3079 pupulum,
2673 3011 3000 3079 sanctiﬁcate
3044 3011 3359 3080 Ecclesiam,
3399 3016 3592 3068 coadu.

330 3107 733 3177 suscipiendum
779 3105 872 3160 Dei
919 3121 1136 3171 munus,
1167 3106 1213 3160 si
1261 3113 1441 3160 tamen
1493 3105 1610 3174 ipse
1657 3105 1909 3175 dignatur

330 3213 563 3268 purgare
599 3206 656 3252 et
701 3211 952 3252 serenare
997 3196 1232 3260 oculum,
1273 3196 1326 3250 in
1377 3210 1483 3264 quo
1523 3195 1797 3250 discamus
1842 3193 1909 3246 de

330 3287 514 3342 ollicio
553 3288 748 3353 missae,
793 3288 921 3358 quid
953 3288 1178 3344 rationis
1205 3289 1257 3341 in
1291 3301 1350 3341 se
1377 3285 1654 3340 contineat
1683 3283 1910 3339 diversi—

335 3387 418 3438 tas
449 3378 559 3442 illa,
584 3394 703 3449 qua:
728 3378 800 3433 ibi
823 3379 1003 3449 agitur
1031 3396 1044 3431 :
1079 3393 1200 3432 cum
1232 3377 1364 3431 satis
1385 3382 1550 3440 esset,
1579 3374 1697 3429 sine
1727 3381 1909 3428 canto-

333 3467 486 3522 ribus
516 3473 570 3520 et
589 3465 896 3530 lectoribus,
926 3474 981 3521 et
1004 3465 1215 3521 caeteris
1244 3479 1364 3535 quae
1395 3463 1469 3518 ibi
1499 3471 1752 3534 aguntur,
1795 3461 1909 3516 sola

335 3558 641 3614 benedictio
673 3559 1077 3628 episeOporum,
1113 3566 1207 3611 aut
1243 3556 1683 3626 presbyterorum
1715 3554 1782 3610 ad
1811 3553 1906 3608 he-

334 3650 691 3707 nedieendum
726 3665 919 3720 panem
945 3658 1002 3704 et
1023 3649 1228 3713 vinum,
1264 3663 1372 3717 quo
1391 3647 1706 3702 reﬁceretur
1736 3660 1909 3716 popu-

339 3740 425 3794 lus
454 3741 522 3794 ad
548 3740 849 3796 animarum
893 3740 1122 3796 salutem
1147 3757 1160 3792 :
1187 3739 1328 3795 sicut
1355 3738 1628 3808 primaevis
1658 3736 1912 3806 tempori-

337 3829 440 3883 bus
470 3829 632 3884 liebat
653 3831 792 3901 apud
813 3829 1111 3905 apostolos:
1136 3845 1200 3887 ac
1219 3829 1340 3884 ideo
1360 3829 1594 3900 primum
1624 3827 1911 3883 dicendum

335 3929 421 3977 est
450 3921 518 3978 de
545 3921 731 3992 signis.

851 4049 1076 4107 CAPUT
1114 4049 1401 4106 PRIMUM.

511 4139 583 4197 De
609 4145 770 4212 signis
799 4142 984 4214 quibus
1011 4159 1387 4212 congregemur
1411 4143 1464 4195 in
1495 4141 1741 4210 idipsum.

2011 3109 2130 3154 nate
2173 3117 2337 3166 senes,
2387 3110 2694 3171 congregata
2741 3102 2987 3172 parvulos
3033 3113 3081 3157 et
3137 3114 3376 3175 sugentes
3432 3106 3596 3162 ubera

2012 3188 2149 3257 (Joel
2173 3189 2254 3260 ιι).
2285 3188 2437 3255 Quod
2467 3190 2542 3244 ita
2571 3189 2930 3262 Hieronymus
2983 3193 3035 3246 in
3083 3195 3272 3248 eodem
3303 3212 3315 3248 :
3347 3194 3593 3264 Claugite

2014 3280 2138 3334 tuba
2162 3280 2216 3333 in
2242 3279 2392 3346 Sion,
2419 3287 2468 3334 et
2489 3281 2862 3349 paenitentiam
2887 3283 3095 3352 populis
3121 3285 3427 3353 prtedicate.
3455 3283 3594 3339 San~

2009 3367 2245 3422 ctilicate
2259 3367 2542 3438 jejunium,
2557 3369 2846 3438 praedicate
2863 3373 3220 3437 curationem,
3239 3373 3352 3428 sive
3367 3383 3590 3439 costum,

2011 3459 2077 3513 de
2104 3459 2298 3528 quibus
2318 3459 2431 3529 jam
2456 3461 2708 3517 diximus.
2739 3462 3075 3534 Congregate
3101 3466 3375 3536 populum,
3408 3475 3467 3521 ut
3497 3469 3592 3537 qui

2011 3550 2284 3620 dispersus
2320 3561 2660 3621 peccaverat,
2697 3563 3053 3625 congregatus
3087 3571 3316 3626 peccare
3341 3556 3589 3612 desistat.

2013 3641 2357 3698 Sanctiﬁcate
2400 3642 2717 3711 Ecclesiam,
2761 3655 2820 3700 ut
2870 3647 3049 3703 nullus
3096 3649 3149 3703 in
3199 3649 3436 3706 Ecclesia
3483 3667 3594 3707 non

2013 3741 2230 3789 sanctus
2257 3735 2363 3789 sit:
2389 3749 2458 3789 ne
2495 3732 2636 3791 forte
2677 3737 3036 3807 impediantur
3074 3740 3344 3795 orationes
3373 3747 3590 3806 vestrm,

2012 3835 2070 3882 et
2097 3826 2366 3883 modicum
2422 3826 2743 3884 fermentum
2785 3834 2954 3883 totam
3003 3843 3235 3884 massam
3281 3839 3594 3901 corrumpat

2015 3917 2068 3987 (I
2092 3916 2215 3971 Cor.
2246 3917 2359 3988 xv).
2395 3917 2461 3973 Et
2508 3919 2744 3974 adunate
2794 3919 2908 3975 sive
2953 3919 3133 3990 eligite
3182 3937 3356 3986 senes,
3389 3931 3449 3977 ut
3487 3939 3594 3978 non

2017 4018 2147 4065 actas
2179 4010 2236 4064 in
2264 4009 2367 4076 eis,
2392 4010 2488 4067 sed
2527 4012 2786 4067 sanctitas
2822 4011 3069 4081 eligatur.
3103 4010 3434 4081 Congregate
3461 4028 3596 4081 quo-

2014 4117 2120 4171 que
2142 4103 2393 4173 parvulos
2419 4111 2474 4158 et
2499 4113 2752 4174 sugentes
2779 4103 2965 4166 ubera,
2997 4116 3064 4153 ne
3092 4099 3199 4153 ulla
3229 4100 3299 4154 sit
3320 4108 3451 4153 mtas
3473 4115 3592 4168 qua:

2016 4207 2122 4246 non
2164 4200 2514 4248 convertatur
2555 4193 2622 4246 ad
2667 4190 2972 4245 Dominum.
3020 4187 3280 4243 Parvulos
3313 4195 3473 4257 atque
3518 4188 3600 4242 la-

412 4273 697 4345 Signorum
721 4290 849 4330 usus
876 4291 906 4330 3
939 4276 1120 4332 Veteri
1150 4276 1497 4332 Testamento
1525 4285 1772 4346 sumplus
1795 4283 1908 4340 est;
2017 4291 2246 4347 mentes,
2277 4284 2342 4337 de
2370 4283 2566 4351 quibus
2613 4281 2666 4335 in
2709 4279 2938 4334 Psalmis
2974 4287 3029 4334 ει
3056 4279 3109 4332 in
3150 4278 3440 4349 Evangelio
3466 4277 3597 4348 legi-

337 4365 599 4435 scriptum
628 4373 710 4420 881.
745 4366 798 4420 in
833 4364 973 4420 111)Υο
1010 4363 1364 4420 Numerorum
1398 4385 1410 4418 ζ
1445 4364 1672 4419 Locutus
1703 4373 1776 4419 6“
1806 4363 1912 4417 DO-
1939 4352 1990 4410 D
2017 4389 2168 4428 mus;
2201 4371 2284 4426 Ex
2323 4389 2410 4426 ore
2450 4371 2734 4441 infantium
2763 4379 2811 4424 ει
2852 4369 3154 4424 laetantium
3189 4366 3452 4438 perfecisﬁ
3477 4366 3596 4420 (au-

335 4455 510 4509 minus
537 4453 606 4510 ad
638 4452 870 4525 Moysen,
897 4453 1072 4509 dicens
1098 4467 1116 4505 :
1146 4453 1258 4508 Fac
1283 4454 1373 4508 tibi
1398 4455 1531 4509 duas
1559 4459 1708 4509 tubas
1733 4471 1914 4524 argen-

332 4553 444 4597 teas
493 4541 733 4607 ductiles,
770 4543 954 4614 quibus
995 4559 1278 4598 convocare
1323 4543 1489 4612 possis
1526 4543 1911 4598 multitudinem

333 4635 526 4706 (Num.
556 4637 631 4706 ς).
665 4636 732 4690 Et
755 4636 913 4706 paulo
941 4644 1060 4706 post
1089 4655 1102 4691 :
1143 4635 1366 4702 Quando
1397 4645 1571 4690 autem
1598 4653 1914 4706 congregan-

331 4726 432 4778 dus
458 4734 534 4779 est
559 4725 801 4796 populus,
832 4726 1050 4796 simplex
1079 4726 1321 4781 tubarum
1348 4725 1562 4796 clangor
1587 4727 1700 4788 erit,
1728 4735 1775 4777 et
1808 4741 1912 4778 non

331 4820 537 4872 concise
573 4817 870 4872 ululabunt.
898 4817 1027 4872 Filii
1052 4819 1226 4874 Aaron
1256 4818 1540 4873 sacerdotis
1565 4817 1802 4888 clangent
1829 4826 1913 4870 tu-

331 4912 431 4965 bis.
467 4909 531 4965 Et
558 4909 790 4966 iterum:
822 4908 882 4965 Si
921 4909 1130 4982 quando
1177 4912 1424 4967 habebitis
1449 4910 1680 4982 epulum,
1725 4921 1770 4964 et
1801 4910 1912 4964 dies

333 5003 493 5072 festos
533 5012 583 5056 et
625 5001 914 5070 Kalendas,
948 5003 1144 5058 canetis
1172 5004 1305 5057 tubis
1335 5023 1486 5074 super
1517 5003 1838 5058 holocaustis
1863 5015 1911 5058 et

331 5095 568 5166 paciﬁcis
594 5096 847 5159 victimis,
876 5105 932 5150 ut
967 5096 1069 5150 sint
1103 5095 1243 5149 vobis
1283 5097 1336 5149 in
1379 5097 1788 5150 recordationem
1818 5095 1914 5148 Dei

332 5187 508 5242 vestri.
554 5186 873 5243 Audivimus
913 5187 1218 5258 clangorem
1270 5186 1519 5240 tubarum
1557 5186 1622 5242 ,in
1659 5187 1910 5240 recorda-

333 5278 483 5334 tione
535 5277 630 5332 Dei
675 5279 846 5333 nostri
887 5291 1160 5333 resonare.
1195 5275 1402 5344 Detque
1449 5274 1604 5338 nobis
1643 5273 1809 5339 Deus,
1856 5283 1915 5327 ut

332 5368 595 5440 quidquid
625 5365 750 5423 Boni
791 5367 968 5423 facere
997 5366 1308 5438 poterimus,
1341 5365 1454 5420 sive
1488 5363 1832 5433 singulariter
1862 5363 1914 5416 in

334 5474 500 5515 causa
534 5468 736 5525 nostra,
780 5459 892 5514 sive
921 5458 1280 5513 communiter
1309 5456 1361 5510 in
1391 5470 1554 5512 causa
1582 5453 1828 5519 fratrum,
1859 5463 1918 5508 ut

336 5561 422 5608 est
457 5552 608 5622 signa
652 5551 875 5617 moveri,
908 5552 962 5607 in
993 5551 1307 5606 memoriam
1353 5549 1469 5619 ejus
1497 5546 1774 5602 faciamus.
1803 5546 1915 5600 Au-

339 5643 550 5700 diamus
595 5650 649 5696 et
693 5642 876 5696 tubam
925 5650 1228 5708 vocantem,
1277 5656 1375 5698 nos
1428 5639 1493 5695 ad
1544 5637 1918 5711 pmnitentiam

2017 4464 2132 4517 dem
2155 4460 2327 4534 (Psal.
2357 4477 2486 4526 vni;
2524 4459 2713 4514 Matth.
2759 4460 2892 4530 xxi).
2944 4459 3390 4514 Praedicationem
3429 4473 3590 4528 quam

2017 4553 2286 4624 signiﬁcat
2327 4552 2550 4622 clangor
2594 4552 2864 4613 tubarum,
2901 4549 3228 4619 Hieronymo
3271 4555 3594 4619 exponente,

2017 4646 2195 4716 signat
2227 4645 2436 4715 signum
2467 4657 2482 4697 :
2513 4641 2655 4712 quod
2693 4641 2745 4695 in
2783 4647 2967 4694 nostra
2995 4637 3240 4693 Ecclesia
3270 4637 3477 4692 reboat.
3511 4635 3598 4693 Si-

2016 4750 2179 4804 gnum
2209 4742 2450 4790 nostrum
2488 4740 2572 4788 est
2617 4748 2685 4787 ex
2725 4730 2942 4786 metallo
2982 4730 3124 4784 acris.
3159 4727 3260 4784 Ais
3297 4737 3380 4784 est
3408 4729 3598 4784 metal-

2017 4825 2125 4879 lum
2152 4824 2392 4880 durabile
2438 4831 2494 4879 et
2531 4837 2806 4879 sonorum.
2840 4820 3014 4876 liabet
3038 4819 3179 4874 idem
3211 4819 3423 4888 signum
3462 4820 3599 4874 intc—

2018 4918 2130 4972 rius
2176 4917 2441 4987 plectrum
2484 4915 2739 4980 ferreum,
2784 4926 2892 4984 quo
2934 4910 3193 4972 tunditur,
3227 4916 3290 4962 ut
3322 4909 3595 4964 audiatur.

2017 5008 2228 5077 Oraque
2273 5007 2690 5078 praedicatorum
2737 5003 3005 5076 signiﬁcat
3046 5003 3181 5059 Novi
3230 5001 3596 5065 Testamenti,

2015 5113 2136 5169 qua:
2170 5098 2293 5167 plus
2337 5099 2534 5152 durant
2579 5111 2739 5165 quam
2789 5094 2932 5149 tuba:
2976 5092 3190 5149 Veteris
3241 5091 3596 5152 Testamenti,

2019 5197 2179 5258 atque
2209 5187 2366 5242 altius
2397 5195 2673 5241 resonant.
2707 5184 2811 5240 Ora
2845 5185 3258 5254 praedicatorum
3291 5190 3596 5238 nostrorum

2019 5278 2288 5333 durabunt
2330 5293 2507 5348 usque
2551 5278 2616 5331 ad
2666 5277 2850 5341 linem,
2899 5285 2953 5331 et
2996 5277 3211 5332 auditur
3250 5273 3408 5342 longe
3435 5284 3600 5324 sonus

2018 5384 2203 5424 eorum
2235 5384 2405 5439 usque
2433 5369 2485 5423 in
2517 5368 2652 5423 lines
2694 5376 2853 5422 terrae
2883 5367 3054 5433 (Psal.
3104 5363 3284 5435 1.xxv).
3334 5362 3600 5428 Tempore

2017 5459 2325 5516 Judmorum
2370 5470 2523 5514 notus
2566 5467 2686 5513 erat
2732 5466 2941 5510 tantum
2995 5457 3051 5510 in
3095 5453 3286 5507 Juda-a
3329 5451 3504 5514 Deus;
3545 5457 3600 5502 at

2021 5558 2147 5604 tunc
2177 5550 2228 5604 in
2261 5549 2409 5604 omni
2437 5557 2601 5603 terra.
2650 5548 2759 5602 Vas
2794 5545 2992 5601 metalli
3027 5545 3152 5598 acris
3179 5557 3273 5596 ora
3310 5538 3597 5610 signiﬁcat,

2020 5649 2079 5694 ut
2127 5640 2382 5706 diximus,
2428 5638 2846 5710 [medicatorum
2899 5653 2910 5688 :
2950 5633 3152 5688 ferrum
3203 5631 3453 5699 interius,
3498 5629 3600 5689 liu-
