3938 6178
497 342 632 397 H05

1523 325 1754 383 AMALA
1765 325 1853 380 R11
1895 321 2329 380 PRESBYTER]
2370 312 2714 376 METENSIS

3564 308 3585 366 Ι
3592 309 3671 366 161

496 467 655 524 gnam
681 443 868 506 eorum
904 463 916 500 :
959 459 1058 516 per
1105 442 1285 498 funem
1312 481 1324 506 ,
1374 438 1719 510 intelligimus
1763 449 2072 490 mensuram
2099 440 2148 498 Α
2175 433 2377 487 tionem
2397 439 2450 484 et
2476 429 2718 483 ordinem
2745 423 2925 480 dicere
2953 422 3310 477 necessarium
3334 429 3427 486 est,
3454 432 3504 477 ut
3525 441 3577 479 ex
3597 429 3677 482 hec

497 546 620 598 vit2e
663 550 878 597 nostrae.
912 536 1062 594 Unde
1091 533 1300 588 dicebat
1337 531 1534 585 Paulus
1566 546 1578 581 :
1615 528 1720 583 Sed
1758 527 1855 596 ipsi
1884 526 1938 578 in
1977 540 2070 577 no-

499 638 598 701 bis,
625 630 950 698 uosmetipsis
979 627 1240 680 metientes
1270 632 1318 677 et
1345 628 1702 691 comparantes
1729 615 1812 688 (Il
1841 613 1962 668 Cor.
1989 612 2066 682 ι).

500 723 749 776 Mensura
791 729 922 770 mea
951 709 1374 768 conversationis
1419 721 1682 776 nusquam
1730 703 1862 758 mihi
1904 701 2073 755 satius

499 805 800 864 ostenditur
828 818 990 872 quam
1018 802 1073 856 in
1110 799 1388 868 Scriptura
1413 816 1426 850 :
1454 811 1518 852 ac
1556 795 1677 850 ideo
1715 791 1896 846 funem
1927 788 2075 843 Scri-

498 909 715 970 pturam
754 893 1008 962 intelligo.
1056 890 1244 954 Funis,
1276 888 1366 957 qui
1400 888 1562 942 habet
1604 884 1815 939 initium
1846 897 1876 934 a
1907 880 2072 951 ligno,

501 991 837 1060 Scripturam
881 999 1091 1041 sacram
1121 981 1388 1053 signiﬁcat
1416 978 1548 1034 Novi
1580 974 1910 1032 Testamenti
1929 1013 1945 1039 ,
1980 973 2076 1028 de-

501 1084 850 1141 scendentem
882 1096 913 1134 a
951 1078 1094 1148 ligno
1133 1072 1424 1128 Dominicaa
1454 1069 1657 1124 crucis.
1699 1065 1854 1134 Quod
1895 1072 2077 1118 tamen

501 1175 704 1243 lignum
749 1185 778 1224 a
827 1163 1193 1236 superioribus
1247 1159 1574 1222 continetur,
1627 1155 1754 1224 quia
1798 1151 2078 1208 Dominica

502 1278 631 1316 crux
661 1274 694 1314 a
736 1255 1011 1329 prophetis
1055 1260 1113 1307 et
1161 1248 1396 1317 antiquis
1431 1247 1686 1302 Patribus
1729 1243 2075 1299 continetur:

502 1355 593 1422 qui
623 1351 768 1406 funis
795 1359 963 1416 usque
992 1343 1060 1398 ad
1087 1355 1279 1396 manus
1325 1337 1622 1394 sacerdotis
1647 1332 1958 1404 pertransit,
2001 1341 2082 1385 et-

503 1420 646 1498 enim
677 1439 955 1508 Scriptura
981 1434 1050 1489 ad
1074 1445 1236 1502 opera
1264 1429 1608 1484 sacerdotum
1637 1424 1797 1480 debet
1827 1420 2078 1476 transire.

504 1536 580 1588 De
604 1547 708 1602 qua
735 1528 867 1584 dicit
891 1523 1182 1594 Gregorius
1208 1521 1266 1574 in
1299 1519 1438 1574 libro
1465 1517 1532 1571 de
1563 1514 1927 1570 aediﬁcatione
1955 1519 2086 1564 tem-

503 1624 577 1692 pli
604 1600 636 1654 ο-
651 1617 906 1689 Quisquis
938 1615 1077 1670 hanc
1115 1610 1243 1681 legit
1277 1609 1330 1662 in
1357 1622 1422 1662 ea
1449 1604 1797 1672 semetipsum
1838 1600 2083 1664 metitur,

505 1689 589 1766 vel
618 1717 879 1781 quantum
921 1705 975 1759 in
1018 1699 1245 1772 spiritali
1277 1698 1474 1752 virtute
1503 1693 1736 1765 proﬁcit,
1787 1689 1870 1745 vel
1912 1704 2084 1760 quan-

2172 537 2362 578 omnes
2389 519 2678 588 conjiciant
2712 515 3150 586 magnitudinem,
3179 528 3297 567 cum
3324 513 3537 582 legentes
3566 517 3680 573 vide-

2173 613 2281 666 rint
2320 608 2480 678 hujus
2521 609 2600 663 rei
2647 605 3081 675 descriptionem.
3127 603 3258 656 Erat
3295 619 3473 674 magna
3499 607 3680 662 basilica

2172 702 2334 756 nimis
2355 711 2410 755 et
2433 699 2676 769 pulchra.
2710 695 2834 750 Haec
2860 694 3136 747 innumera
3162 691 3507 746 columnarum
3539 695 3684 767 multi-

2177 793 2358 847 tudine
2385 762 2724 860 portabatur,
2763 799 2924 856 quam
2967 783 3032 837 ad
3057 781 3258 851 judicia
3286 798 3546 853 rerumque
3566 762 3686 854 cogi-

2176 883 2409 937 taliones
2451 877 2744 934 distribuit.
2794 873 3036 929 Audistis
3084 887 3149 927 ex
3193 873 3492 928 auctoritate
3527 875 3686 938 veteri,

2178 976 2302 1030 ideo
2335 972 2650 1029 convenisse
2689 969 2946 1040 populum
2989 966 3059 1022 ad
3098 966 3388 1033 basilicam,
3429 977 3484 1021 ut
3518 969 3687 1023 audiret

2171 1066 2396 1136 judicia.
2441 1062 2637 1118 Audite
2669 1059 3006 1131 Apostolum,
3045 1073 3144 1112 cur
3187 1057 3516 1112 conveniatur
3541 1058 3585 1111 in
3615 1058 3687 1113 Ec-

2179 1159 2366 1214 clesia.
2416 1157 2622 1225 Itaque,
2671 1152 2869 1208 fratres
2911 1149 3038 1215 mei,
3089 1147 3281 1217 inquit,
3332 1149 3597 1202 convenitis
3637 1148 3688 1201 ad

2181 1247 2636 1309 manducandum,
2684 1243 2914 1297 invicem
2959 1246 3288 1308 exspectate.
3332 1235 3388 1290 Si
3422 1237 3523 1306 quis
3552 1244 3688 1288 autem

2182 1340 2359 1403 esurit,
2393 1337 2532 1392 domi
2565 1335 2873 1398 manducet,
2900 1341 2956 1385 ut
2990 1347 3094 1384 non
3121 1330 3174 1381 in
3192 1329 3444 1399 judicium
3470 1329 3690 1382 convenia-

2183 1431 2249 1484 tis
2279 1427 2332 1500 (Ι
2354 1426 2476 1481 Cor.
2501 1424 2605 1494 ιι).
2630 1423 2960 1477 Monstrante
2984 1418 3150 1473 Paulo
3187 1425 3457 1487 pmpterea
3487 1414 3692 1470 conveni-

2185 1534 2308 1574 mus
2332 1518 2398 1572 ad
2426 1515 2746 1578 Eeelesiam,
2774 1519 2835 1566 ut
2862 1508 3247 1565 manducemus
3283 1519 3479 1561 caenam
3508 1505 3691 1560 Domini.

2185 1613 2305 1666 Duo
2334 1619 2513 1665 autem
2533 1606 2758 1662 audistis
2783 1619 2881 1660 cur
2904 1601 3194 1658 conveniat
3213 1599 3446 1671 pepulus.
3473 1598 3620 1654 Unum
3641 1612 3693 1652 ex

2188 1706 2410 1776 antiqua
2447 1701 2757 1766 traditione,
2798 1708 2857 1752 ut
2879 1696 3083 1767 judicia
3113 1709 3297 1749 rerum
3333 1701 3386 1748 et
3423 1691 3696 1763 cognitiones

507 1813 620 1858 tum
666 1815 700 1854 a
738 1796 896 1854 bonis
942 1808 1062 1864 qua:
1091 1797 1361 1862 prtecepta
1403 1794 1550 1850 sunt,
1595 1784 1754 1853 longe
1783 1781 2085 1851 disjunctus

2203 1795 2453 1864 recipiat:
2481 1791 2709 1846 alterum
2728 1804 2795 1844 ex
2817 1787 2967 1844 Novo
2987 1786 3350 1843 Testamento.
3374 1791 3428 1836 ut
3446 1781 3694 1836 manducet.

505 1889 769 1949 remansit
793 1907 805 1942 :
834 1893 1093 1957 quantum
1124 1881 1236 1952 jam
1276 1884 1525 1947 assurgat
1553 1874 1620 1927 ad
1647 1873 1788 1928 bona
1813 1870 2083 1935 facienda,

507 1991 768 2054 quantum
814 1978 990 2033 adhuc
1028 1977 1083 2030 in
1131 1972 1312 2043 pravis
1355 1975 1666 2039 prostratus
1703 1964 1903 2033 jaceat.
1960 1962 2087 2017 llaec

508 2052 672 2129 verba
693 2069 986 2126 novissima
1021 2064 1177 2119 valde
1216 2066 1522 2131 congruunt
1566 2057 1719 2126 operi
1762 2052 2086 2125 presbyteri,

507 2165 600 2236 qui
627 2163 836 2235 signum
864 2165 1080 2214 movet:
1109 2155 1324 2225 quando
1346 2151 1529 2205 funem
1556 2149 1823 2219 sequitur,
1851 2161 2086 2209 sursum,

510 2257 564 2311 id
609 2254 736 2326 agit,
781 2259 841 2306 ut
889 2253 946 2305 in
992 2248 1170 2317 seipso
1219 2245 1483 2316 recogitet
1525 2250 1784 2312 quantum
1836 2239 1906 2294 ad
1948 2237 2091 2292 bona

510 2361 672 2417 opera
709 2343 780 2398 sit
803 2349 1017 2397 erectus
1061 2357 1073 2393 :
1117 2336 1332 2407 quando
1366 2336 1618 2390 deorsum
1657 2331 1848 2396 trahit,
1876 2328 1930 2383 id
1963 2343 2094 2382 con-

511 2439 712 2493 siderat
735 2440 995 2505 quantum
1018 2429 1199 2499 jaceat
1224 2426 1400 2482 adhuc
1429 2425 1481 2480 in
1515 2423 1717 2494 pravis.
1763 2420 1866 2488 Qui
1900 2432 2094 2474 secun-

509 2533 639 2585 dum
657 2529 823 2584 verba
850 2523 1022 2581 sancti
1061 2520 1306 2592 Gregorii
1338 2517 1684 2586 semetipsum
1708 2513 1953 2576 metitur,
1980 2510 2096 2580 ipse

421 2668 430 2678 .
511 2619 706 2676 habilis
726 2625 808 2671 est
835 2613 1032 2669 fratres
1058 2625 1256 2666 vocare
1281 2609 1349 2664 ad
1375 2622 1539 2661 unum
1570 2619 1664 2660 cor
1711 2610 1766 2656 et
1796 2617 1957 2654 unam
1985 2601 2097 2654 ani-

513 2727 680 2768 mam.
709 2708 787 2763 Ne
825 2706 1086 2776 despiciat
1121 2701 1402 2772 presbyter
1434 2699 1536 2753 hoc
1573 2710 1710 2766 opus
1739 2707 1919 2764 agere,
1951 2699 2009 2744 ut
2041 2689 2096 2743 in

517 2800 623 2855 isto
650 2799 886 2852 imitator
933 2795 1003 2847 sit
1045 2791 1277 2845 ﬁliorum
1319 2788 1522 2851 Aaron,
1559 2785 1699 2840 sicut
1736 2789 1792 2837 et
1828 2789 1882 2835 In
1913 2777 2098 2833 multis

521 2890 747 2944 exteris.
776 2886 874 2952 Qui
899 2899 956 2937 se
985 2881 1262 2952 cognoscit
1287 2879 1583 2934 debitorem
1607 2889 1728 2930 esse
1754 2869 2092 2940 praedicatio-

466 2995 468 2997 ’
519 2982 622 3044 nis,
656 2993 764 3032 non
798 2977 957 3030 debet
983 2989 1042 3029 se
1071 2972 1346 3028 retrahere
1380 2985 1410 3024 a
1445 2966 1724 3023 movendis
1754 2963 1944 3033 signis,
1974 2976 2094 3015 cum

519 3091 586 3130 ex
617 3073 817 3129 eisdem
844 3069 1014 3139 possit
1052 3066 1345 3138 prmdicare
1387 3062 1600 3134 populo.
1644 3059 1949 3121 Vinculum,
1991 3071 2098 3125 quo

2187 1887 2430 1954 Utraque
2477 1881 2770 1953 quaerimus
2813 1878 2880 1933 ad
2925 1874 3246 1936 Ecclesiam,
3285 1871 3476 1927 scilicet
3501 1877 3552 1924 ut
3583 1869 3626 1922 in
3651 1882 3697 1920 ea

2189 1970 2692 2040 audiamusjudicia
2736 1975 2942 2031 nostra,
2975 1963 3118 2020 mala
3170 1964 3281 2018 sive
3322 1963 3471 2024 bona,
3498 1967 3545 2014 et
3567 1957 3698 2028 cogni-

2187 2067 2390 2123 tionem
2428 2062 2548 2127 Dei,
2579 2069 2635 2116 et
2660 2069 2720 2115 ut
2757 2057 3144 2114 manducemus
3177 2067 3368 2123 corpus
3410 2048 3607 2106 Domini.
3639 2044 3698 2099 ld-

2188 2159 2338 2214 eirco
2367 2170 2487 2226 qua:
2534 2163 2733 2224 prceter
2759 2151 2862 2205 ista
2914 2156 3039 2204 sunt
3089 2153 3463 2217 postponamus
3505 2155 3560 2196 eo
3603 2147 3698 2192 tem-

2191 2266 2344 2322 pore,
2373 2257 2434 2303 ut
2473 2245 2675 2317 judicia
2703 2242 2916 2298 Domini
2953 2239 3234 2311 percipere
3261 2246 3314 2293 et
3347 2235 3555 2290 retinere
3579 2244 3700 2300 quea-

2191 2355 2335 2406 mus,
2369 2347 2424 2394 et
2452 2351 2644 2408 panem
2674 2333 2891 2389 Domini
2927 2331 3281 2393 manducare,
3330 2327 3576 2382 studentes
3610 2334 3701 2375 nos-

2193 2429 2457 2499 metipsos
2487 2426 2741 2497 probare,
2769 2423 2815 2478 si
2839 2421 2997 2492 digne
3018 2418 3193 2490 possit
3213 2431 3244 2471 a
3267 2415 3414 2470 nobis
3433 2408 3697 2467 manducari.

2193 2521 2250 2575 In
2285 2526 2556 2576 conventu
2587 2512 2953 2571 ecclesiastico
2982 2523 3233 2565 seorsum
3260 2503 3491 2568 masculi,
3518 2510 3562 2556 et
3588 2514 3699 2554 seor-

2195 2627 2316 2667 sum
2341 2609 2554 2665 femina:
2579 2613 2748 2663 stant.
2781 2603 2933 2671 Quod
2962 2600 3272 2671 accepimus
3301 2613 3330 2651 a
3358 2608 3508 2650 veteri
3531 2603 3703 2647 censue

2195 2706 2416 2770 tudine,
2462 2703 2673 2759 dicente
2719 2698 2861 2752 Beda
2919 2697 2974 2750 in
3027 2701 3265 2749 tractatu
3315 2705 3464 2759 super
3511 2685 3699 2739 Lucam:

2198 2796 2402 2864 Quaerit
2455 2792 2648 2862 aliquis
2693 2787 2960 2858 quomodo
2990 2785 3086 2839 Dei
3123 2783 3291 2838 Filius
3319 2789 3454 2834 tanta
3482 2781 3700 2846 parentum

2197 2901 2320 2940 eum
2361 2883 2618 2946 nutritus,
2660 2880 2752 2936 his
2778 2875 3122 2938 abeuntibus,
3162 2872 3392 2943 potuerit
3415 2862 3702 2924 obliviscenda

2197 2975 2428 3044 relinqui
2452 2973 2603 3041 (Tob.
2627 2971 2711 3043 ιι).
2737 2969 2834 3025 Cui
2857 2965 3312 3036 respondendum,
3327 2962 3442 3030 quia
3463 2957 3569 3011 ﬁliis
3586 2948 3706 3006 Israel

2203 3066 2370 3120 moris
2400 3064 2561 3120 fuerit
2597 3069 2656 3116 ut
2679 3059 3012 3130 temporibus
3042 3054 3222 3118 festis,
3249 3053 3329 3107 vel
3359 3045 3705 3115 Hierosolymam

521 3164 784 3234 plectrum
812 3159 1010 3230 ligatur
1039 3156 1186 3221 vasi;
1217 3155 1461 3224 quaedam
1506 3149 1803 3206 moderatio
1841 3156 1944 3208 est,
1979 3160 2100 3215 quae
2126 3129 2170 3190 (ἶ
2205 3154 2554 3218 conﬂuentes,
2577 3153 2661 3208 νει
2691 3152 2757 3206 ad
2785 3149 3003 3222 propria
3043 3147 3348 3206 redeuntes,
3379 3153 3587 3197 seorsum
3616 3133 3707 3191 viri,

525 3254 630 3308 scit
675 3253 740 3306 ad
789 3260 999 3319 tempus
1046 3260 1261 3300 movere
1304 3243 1566 3313 plectrum
1608 3239 1824 3309 linguae,
1868 3243 1926 3289 ut
1960 3234 2102 3288 labia

523 3345 806 3400 feriantur.
833 3337 1116 3395 Vinculum
1139 3335 1207 3390 ad
1228 3342 1427 3389 tactum
1451 3330 1596 3386 funis
1619 3335 1796 3383 movet
1817 3324 2100 3396 plectrum,

525 3435 740 3506 quando
765 3431 1028 3486 modestia
1079 3429 1146 3482 ad
1191 3425 1568 3482 auctoritatem
1614 3435 1782 3478 saera:
1813 3417 2106 3488 Scripturae

528 3529 766 3597 linguam
786 3520 1152 3595 praedicatoris
1178 3526 1380 3573 monet.

1138 3609 1365 3666 CAPUT
1405 3608 1469 3662 ll.

1056 3701 1132 3756 De
1160 3702 1263 3756 situ
1299 3697 1570 3754 Ecclesia’.

594 3798 836 3854 Ecclesia
867 3805 951 3851 est
971 3801 1296 3850 convocatus
1323 3789 1551 3861 p0pulus
1575 3804 1672 3858 per
1699 3787 1979 3842 ministros
2007 3786 2110 3840 lac-

533 3888 713 3943 elesize
750 3886 818 3939 ab
855 3899 921 3938 eo
965 3885 1054 3954 qui
1103 3883 1229 3952 facit
1273 3879 1544 3934 unanimes
1574 3877 1810 3931 habitare
1855 3876 1912 3928 in
1955 3874 2112 3927 domo

532 3976 705 4049 (Psal.
753 3973 978 4044 Lxxvn).
1010 3972 1128 4042 lpsa
1169 3971 1358 4025 domus
1396 3977 1620 4023 vocatur
1665 3964 1891 4020 ecclesia
1918 4004 1933 4028 ,
1985 3963 2113 4034 quia

530 4065 828 4122 Eeclesiam
862 4061 1120 4117 continet.
1153 4059 1271 4130 lpsa
1317 4066 1541 4112 vocatur
1571 4060 1803 4121 κυρεακή,
1853 4054 1978 4122 quia
2029 4060 2114 4106 est

533 4154 898 4217 Dominicalis,
930 4155 1096 4228 κύριος
1124 4149 1330 4214 Graece,
1353 4147 1544 4202 Latine
1568 4146 1828 4201 Dominus
1857 4163 1869 4197 :
1900 4159 1964 4198 ac
1992 4144 2115 4198 ideo

533 4251 768 4322 κυριακή,
801 4239 1156 4298 dominicalis.
1196 4237 1313 4309 Ipsa
1346 4245 1568 4291 vocatur
1616 4236 1868 4305 ﬁas-titan,
1917 4232 1970 4286 id
2008 4238 2113 4295 est,

535 4337 754 4408 regalis,
787 4350 816 4386 a
839 4333 1123 4406 βασιλεύω,
1154 4330 1420 4402 βασιλεὺς,
1446 4342 1540 4381 rex
1567 4326 1764 4381 dicitur
1786 4323 1944 4393 quasi
1967 4321 2118 4377 basis

535 4427 740 4497 p0puli,
784 4426 904 4484 λαὸς
932 4421 1159 4493 populus
1205 4421 1422 4483 dicitur,
1456 4419 1702 4490 βασιλεὺς
1742 4415 1888 4472 basis
1914 4412 2114 4484 populi.

541 4517 693 4574 Unde
743 4514 1009 4570 Isidorus:
1050 4510 1293 4565 Basilica:
1338 4510 1489 4579 prius
1546 4506 1877 4561 vocabantur
1931 4517 2118 4573 regum

539 4605 866 4670 habitacula,
884 4603 1025 4658 unde
1043 4609 1097 4656 et
1118 4615 1312 4655 nomen
1337 4599 1556 4653 habent.
1583 4596 1715 4650 Nam
1735 4595 1976 4666 βασιλεὺς
1999 4606 2115 4655 rex,

539 4705 594 4746 ct
639 4694 893 4757 basilicm,
938 4690 1098 4760 regia:
1145 4688 1526 4743 habitationes.
1578 4685 1731 4739 Nunc
1775 4691 1954 4736 autem
2000 4682 2119 4735 ideo

543 4787 722 4838 nivina
769 4784 962 4853 templa
1006 4781 1242 4836 basilicae
1283 4780 1631 4833 nominantur
1676 4793 1687 4828 :
1733 4775 1858 4844 quia
1901 4773 1975 4828 ibi
2007 4774 2118 4843 regi

546 4874 653 4928 lico
681 4873 854 4926 cultus
899 4882 953 4926 et
991 4871 1255 4927 sacriﬁcia
1299 4869 1616 4924 offeruntur.
1659 4866 1922 4935 Josephus
1959 4865 2119 4920 simili

548 4963 705 5018 modo
736 4961 834 5031 (De
856 4964 1030 5032 Antiq.
1061 4962 1149 5014 lib.
1183 4977 1297 5024 vm,
1333 4977 1378 5012 c.
1412 4959 1465 5024 5,
1493 4968 1539 5011 et
1579 4957 1642 5010 de
1669 4956 1781 5010 Bel.
1809 4955 1939 5009 Jud.
1977 4955 2014 5008 ι.
2046 4971 2120 5018 v1,

551 5069 666 5122 cap.
712 5050 766 5120 8)
815 5051 1058 5103 nominat
1086 5050 1300 5104 domum
1341 5064 1502 5118 quam
1547 5046 1828 5100 mdiﬁeavit
1869 5043 2124 5099 Salomon

549 5141 618 5194 ad
641 5154 794 5194 suum
825 5153 960 5209 opus
1009 5139 1192 5194 dicens
1225 5156 1237 5191 :
1271 5137 1398 5192 Post
1440 5135 1620 5206 templi
1655 5135 1934 5198 fabricam,
1963 5147 2128 5201 quam

550 5239 754 5301 septem
780 5229 935 5284 annis
956 5228 1302 5299 praediximus
1324 5228 1491 5282 fuisse
1517 5226 1814 5298 perfectum
1842 5226 2125 5281 aediﬁcium

551 5323 743 5377 domus
771 5319 964 5391 regalis
989 5320 1319 5374 constituere
1348 5319 1529 5389 etrapit,
1561 5320 1704 5389 quod
1751 5319 2006 5375 tredecim
2033 5335 2128 5372 an-

551 5415 637 5468 nis
677 5412 763 5466 vix
799 5410 1055 5480 implevit.
1087 5410 1205 5465 Non
1237 5411 1382 5465 enim
1426 5408 1730 5478 huiusmodi
1772 5409 1987 5464 fervens
2017 5419 2130 5464 stn-

553 5511 700 5565 dium
725 5517 862 5574 erat,
894 5509 1032 5564 sicut
1057 5509 1109 5562 in
1137 5508 1353 5577 templo.
1382 5507 1448 5560 Et
1477 5514 1595 5574 post
1618 5521 1789 5574 pauca
1815 5523 1827 5558 :
1859 5505 1983 5559 Ηίυο
2011 5506 2130 5574 qui-

555 5599 677 5655 dem
722 5601 1016 5656 secundum
1069 5601 1374 5656 felicitatem
1429 5597 1705 5652 llebraica:
1759 5597 2016 5668 regionis,
2067 5614 2131 5653 ac

559 5689 752 5744 merito
783 5692 921 5762 regis
949 5691 1208 5746 :ediﬁcata
1243 5698 1410 5747 sunt..
1445 5689 1682 5757 Quorum
1719 5696 1888 5743 totam
1919 5690 2133 5758 exposi-

2206 3256 2262 3302 et
2295 3261 2538 3302 seorsum
2565 3243 2779 3298 femina:
2817 3241 3012 3296 choros
3057 3239 3318 3294 ducentes
3352 3224 3708 3289 incedelent,in-

2208 3339 2491 3408 fantesqne
2521 3338 2606 3392 vel
2634 3335 2784 3407 pueri
2809 3349 2933 3388 cum
2967 3331 3210 3402 quolibet
3239 3336 3449 3401 parente
3469 3319 3710 3378 indifferen-

2209 3442 2292 3488 ter
2322 3407 2717 3502 ircipotuerint.
2743 3428 2972 3497 Ideoque
2997 3415 3218 3480 beatam
3239 3421 3446 3477 Mariam
3471 3415 3543 3472 vel
3563 3407 3709 3477 ιοεθιυὴ

2211 3523 2447 3577 vicissim
2476 3529 2695 3590 putasse
2726 3533 2951 3588 puerum
2983 3515 3170 3570 lesum
3213 3529 3367 3585 quem
3406 3521 3562 3564 secum
3589 3500 3712 3556 comi—

2214 3611 2313 3666 tari
2355 3626 2459 3665 non
2509 3609 2820 3672 cernebant,
2869 3620 2991 3660 eum
3034 3604 3212 3660 altero
3254 3608 3464 3672 parente
3499 3601 3709 3651 reversum

2212 3702 2364 3771 (Luc.
2400 3701 2483 3772 ιι).
2523 3698 2780 3766 Quamvis
2807 3704 2864 3751 et
2887 3695 3032 3750 aliud
3073 3695 3180 3750 hac
3226 3693 3277 3746 in
3322 3707 3378 3746 re
3404 3685 3630 3759 possimus
3656 3685 3711 3729 te:

2212 3811 2365 3862 nere,
2395 3794 2536 3865 quod
2564 3809 2691 3848 caro
2711 3792 2814 3847 viri
2841 3800 2897 3846 et
2921 3789 3191 3853 mulieris,
3228 3788 3272 3842 si
3297 3784 3500 3858 propius
3527 3784 3710 3832 accesse-

2215 3891 2346 3954 rint,
2381 3863 2804 3954 unumquodque
2851 3898 2917 3937 ex
2963 3881 3140 3937 altero
3186 3878 3479 3936 accenditur
3508 3871 3564 3926 ad
3588 3863 3713 3921 libidi-

2216 3953 2374 4042 nem;
2401 3991 2505 4045 qua
2531 3953 2598 4030 de
2630 3988 2689 4028 re
2712 3973 2842 4027 dicit
2865 3971 3122 4026 Salomon
3146 3989 3159 4024 :
3188 3969 3358 4039 Longe
3381 3967 3458 4036 [ac
3477 3961 3532 4015 ab
3547 3975 3596 4012 ea
3617 3953 3712 4045 ciem

2215 4041 2367 4124 tuam
2387 4041 2568 4137 (Prov.
2600 4063 2675 4135 ν).
2718 4061 2982 4130 Quoniam
3013 4047 3300 4131 propterea
3324 4055 3562 4114 venimus,
3583 4041 3713 4101 utde-

2215 4161 2441 4214 tleamus
2465 4156 2712 4212 carnales
2739 4155 3147 4218 delectationes,
3167 4164 3382 4206 necesse
3409 4154 3482 4200 est
3500 4142 3636 4196 vitare
3657 4147 3717 4184 ro-

2216 4258 2397 4304 menta
2426 4263 2630 4302 earum.
2662 4245 2737 4299 De
2764 4244 2950 4300 habitu
2994 4242 3284 4297 mulierum
3312 4240 3457 4293 docet
3487 4227 3644 4286 Paulus
3670 4219 3715 4274 ad

2217 4339 2561 4396 Corinthios:
2587 4337 2744 4390 Decet
2771 4333 3040 4388 mulierem
3064 4349 3167 4386 non
3190 4329 3401 4384 velatam
3416 4337 3549 4378 orare
3564 4311 3719 4372 Deum?

2223 4447 2314 4484 nec
2341 4431 2456 4500 ipsa
2485 4437 2680 4480 natura
2719 4425 2866 4478 docet
2901 4440 3012 4487 vos,
3035 4422 3176 4493 quod
3204 4420 3280 4473 vir
3301 4416 3491 4488 quidem
3512 4411 3551 4464 si
3570 4415 3718 4461 cantat!

2227 4522 2445 4585 nutriat,
2470 4517 2756 4588 ignominia
2787 4524 2862 4568 est
2889 4512 2967 4566 illi
2990 4526 3007 4562 :
3034 4511 3225 4564 mulier
3246 4524 3360 4563 vero
3387 4505 3428 4558 si
3459 4511 3624 4556 comam
3653 4505 3724 4578 πεί

2225 4612 2368 4676 triat,
2396 4581 2564 4682 gloria
2597 4620 2670 4665 est
2714 4609 2814 4674 illi,
2846 4609 3094 4679 quoniam
3136 4603 3312 4675 capilli
3339 4617 3427 4672 pro
3463 4581 3721 4682 velamine".

2226 4701 2338 4754 dati
2358 4675 2480 4754 sunt
2508 4700 2555 4771 (I
2586 4700 2707 4754 Cor.
2735 4699 2818 4771 ιι).
2853 4675 3168 4752 Ambrosius
3191 4695 3244 4748 in
3268 4688 3488 4762 Epistula
3511 4684 3567 4738 ad
3585 4675 3720 4771 Corin-

2227 4791 2370 4846 thios
2393 4807 2407 4843 ε
2429 4763 2636 4854 Mulier,
2659 4763 2849 4858 inquit,
2876 4788 3077 4842 idcirco
3100 4786 3257 4841 debet
3278 4782 3448 4836 velare
3465 4780 3615 4844 caput.
3633 4763 3719 4836 (ιιιίει

2226 4898 2334 4936 ιιοιι
2375 4890 2457 4936 est
2489 4881 2666 4951 imago
2695 4881 2812 4946 Dei,
2859 4879 2953 4934 sed
2993 4887 3056 4933 ut
3095 4874 3401 4932 ostendatur
3434 4860 3721 4933 subjectatt'l

2227 4971 2351 5040 quia
2382 4971 2758 5039 praevaricatio
2794 4983 2892 5039 per
2927 4968 3068 5022 illam
3097 4966 3345 5021 inchoata
3366 4968 3442 5015 est
3462 4958 3548 5012 hoc
3566 4951 3720 5040 signa!“

2229 5062 2387 5116 debet
2439 5061 2661 5124 habere,
2712 5069 2772 5113 ut
2794 5034 2870 5112 -ἱιι
2917 5056 3154 5112 Ecclesia
3189 5061 3401 5123 propter
3442 5034 3719 5124 reverentiam

2232 5150 2623 5205 sacerdotalem
2673 5165 2777 5204 non
2826 5150 3022 5204 habeat
3049 5120 3207 5216 caput
3248 5120 3482 5199 liberum,
3522 5129 3597 5186 sed
3622 5120 3720 5216 ι’θιξιε

2232 5240 2378 5293 mine
2404 5247 2606 5294 tectum
2636 5256 2650 5294 :
2685 5255 2783 5293 nec
2810 5238 3006 5292 habeat
3038 5210 3354 5306 potestatem
3381 5210 3719 5295 loquendi.¢1"i"‘

2232 5333 2486 5386 sacerdos
2516 5346 2803 5401 personam
2851 5331 3016 5384 habet
3057 5327 3273 5384 Christi.
3321 5319 3468 5388 Quasi
3503 5326 3608 5380 ergo
3634 5309 3720 5401 ath

2229 5419 2486 5488 jndicem,
2513 5421 2592 5474 sic
2619 5428 2743 5474 ante
2778 5422 3134 5479 sacerdotem,
3164 5415 3288 5484 quia
3318 5408 3530 5466 vicarius
3567 5387 3719 5488 Domitii

2235 5519 2318 5565 est
2348 5528 2358 5563 :
2392 5519 2612 5580 propter
2643 5520 2825 5566 reatus
2866 5510 3124 5580 originem
3161 5482 3390 5572 subjecta
3420 5496 3556 5553 debet
3582 5482 3717 5579 νίδέτί·

2236 5601 2304 5654 Ει
2330 5600 2435 5655 alio
2473 5601 2672 5656 modo:
2705 5602 2842 5668 Quia
2881 5570 3072 5655 etvviri
3101 5570 3312 5666 quidam
3357 5599 3545 5646 comam
3571 5570 3722 5668 ιιιιῑΐξθ·

2238 5691 2387 5756 bant,
2413 5699 2470 5757 et
2509 5691 2762 5748 mulieres
2791 5691 2933 5747 nudo
2955 5691 3130 5760 capite
3155 5680 3493 5756 procedebant
3521 5673 3564 5726 in
3588 5657 3724 5720 Βαιικ
