3938 6178
297 304 437 364 "03

1038 299 1129 359 ne
1167 297 1725 359 ECCLESiAsrmis
1764 298 2055 357 orrtcus
2093 298 2275 355 unm
2310 298 2407 356 ιν.
2445 329 2515 343 -.
2553 299 2682 355 un.
2710 273 2817 354 ‘nr.

3348 367 3357 379 ,
3430 294 3564 354 nos

294 425 456 488 siam,
484 418 776 491 gloriantes
803 415 856 473 in
883 417 1144 487 crinibus,
1190 417 1333 488 quod
1362 432 1471 473 non
1513 415 1686 480 solum
1727 415 1881 470 inho—
1908 419 1955 478 Α
1985 415 2181 480 Eman,
2223 414 2421 484 Asaplt,
2472 413 2669 481 Ethan,
2708 426 2764 470 ut
2811 422 3178 481 concreparent
3218 415 3273 468 in
3315 414 3564 485 cymbalis

296 519 507 566 nestum
531 518 669 571 erat,
696 507 791 565 sed
809 509 973 564 etiam
1003 508 1451 577 concupiscentia:
1476 505 1712 562 fomenta
1738 521 1874 576 prae-

296 606 492 658 stabat.
524 600 742 656 Masculi
768 608 914 655 stant
942 600 998 654 in
1027 599 1260 654 Australi
1297 608 1467 669 parte,
1498 607 1555 652 et
1579 598 1791 653 femina:
1820 598 1875 651 in

298 692 527 756 Boreali,
557 698 618 745 ut
652 690 966 746 ostendatur
996 703 1095 759 per
1122 687 1401 743 fortiorem
1453 703 1642 743 sexum
1673 687 1877 741 ﬁrmio-

300 801 385 843 res
405 792 623 841 sanctos
647 797 861 852 semper
881 780 1134 836 constitui
1162 779 1216 833 iu
1245 778 1541 847 majoribus
1568 778 1875 832 tentationi-

299 878 396 931 bus
417 881 581 930 aestus
616 872 778 942 hujus
815 870 999 927 mundi
1035 888 1051 924 :
1085 878 1139 925 et
1170 885 1270 940 per
1304 868 1631 941 fragiliorem
1658 884 1873 935 sexum,

298 964 625 1019 inﬁrmiores
650 969 870 1018 sanctos
904 960 1100 1031 aptiori
1143 959 1285 1025 loco,
1332 961 1474 1015 sicut
1517 960 1645 1015 dicit
1682 958 1878 1015 Paulus

298 1055 571 1127 apostolus
595 1072 608 1108 :
638 1052 834 1107 Fidelis
863 1061 937 1107 est
964 1051 1131 1119 Deus,
1154 1053 1244 1123 qui
1270 1068 1375 1107 non
1393 1053 1622 1122 patietur
1645 1068 1732 1107 vos
1761 1062 1877 1105 ten-

298 1146 399 1197 tari
452 1160 608 1214 super
644 1141 698 1195 id
728 1141 870 1211 quod
895 1140 1110 1211 potestis
1138 1138 1189 1213 (1
1229 1138 1353 1194 Cor.
1386 1156 1453 1205 x;
1501 1140 1661 1211 Apoc.
1689 1139 1767 1213 χ).
1796 1140 1895 1209 Διὶ,

299 1235 399 1289 hoc
447 1233 661 1302 quidem
708 1231 940 1300 pertinet
983 1230 1128 1299 quod
1169 1228 1407 1286 Joannes
1456 1230 1510 1284 iu
1555 1229 1877 1300 Apocalypsi

298 1339 390 1377 sua
416 1323 550 1378 vidit
575 1321 825 1393 angelum
873 1319 1089 1387 fortem,
1127 1320 1217 1390 qui
1258 1320 1439 1391 posuit
1481 1321 1674 1391 pedem
1721 1336 1878 1375 suum

299 1414 543 1468 dextrum
565 1427 729 1482 super
751 1425 925 1475 mare,
950 1410 1228 1466 sinistrum
1258 1421 1439 1465 autem
1464 1425 1627 1481 super
1652 1419 1874 1466 terram.

299 1502 542 1558 Fortiora
577 1501 776 1557 etenim
805 1501 1046 1557 membra
1089 1501 1142 1555 in
1183 1499 1479 1570 majoribus
1508 1502 1781 1572 periculis,
1826 1510 1883 1558 et

300 1594 395 1648 alia
438 1593 493 1649 in
537 1592 963 1663 competentibus
1005 1591 1292 1647 sistuntur.
1332 1590 1685 1647 Locutionem
1715 1608 1879 1662 quam

296 1685 541 1741 homines
568 1684 767 1740 debent
801 1685 1007 1740 habere
1043 1685 1097 1740 in
1138 1685 1397 1748 Ecclesia,
1430 1683 1630 1741 Paulus
1660 1686 1882 1741 manife-

1980 505 2138 560 reneis
2167 503 2220 576 (I
2244 501 2429 559 Parui.
2457 507 2592 577 xvr).
2616 506 2685 561 Et
2708 514 2829 576 post
2856 506 3094 575 reliqua:
3120 505 3288 576 Asaph
3312 515 3483 560 autem
3509 516 3592 558 ut‘

1978 597 2227 668 cymbalis
2261 608 2579 669 personaret,
2628 599 2895 653 Bananias
2923 614 3040 652 vero
3071 606 3119 652 et
3152 596 3296 651 Aziel
3321 597 3566 651 sacerdo-

1977 701 2051 745 tes
2081 701 2323 745 canerent
2348 692 2482 746 tubis
2504 691 2707 763 jugitcr
2733 707 2908 745 coram
2939 706 3064 743 arca
3093 687 3302 758 foederis
3328 686 3565 743 Domini.

1979 779 2046 834 In
2072 780 2165 835 illo
2189 781 2274 835 die
2316 781 2437 851 fecit
2470 781 2641 836 David
2665 781 2950 851 principem
2982 779 3051 833 ad
3081 776 3433 846 conﬁtendum
3459 776 3570 831 Do-

1979 870 2140 935 mfno,
2173 871 2347 942 Asaph
2377 881 2423 925 et
2448 872 2641 942 fratres
2670 872 2804 941 ejus.
2843 870 2911 924 Et
2949 870 3145 924 iterum
3173 882 3188 921 :
3221 866 3411 921 Emam
3442 884 3570 938 quo-

1978 976 2078 1029 que
2104 970 2152 1031 et
2182 959 2402 1016 Idishun
2424 972 2666 1016 canentes
2692 961 2851 1015 tuba:
2874 969 2920 1014 et
2942 959 3231 1031 quatientes
3258 956 3496 1028 cymbala
3522 967 3569 1011 et

1981 1054 2155 1108 omnia
2186 1054 2505 1107 musicorum
2534 1067 2733 1122 organa
2765 1051 2834 1105 ad
2872 1048 3167 1104 canendum
3196 1046 3325 1102 Deo.
3365 1047 3433 1101 Et
3470 1048 3567 1100 ite-

1982 1160 2100 1199 rum
2128 1162 2139 1197 :
2165 1142 2417 1199 Cantores
2432 1140 2537 1211 ﬁlii
2559 1142 2732 1211 Λεαρή
2764 1141 2970 1194 stabant
3002 1140 3055 1193 in
3081 1138 3262 1192 ordine
3287 1154 3382 1191 suo
3399 1137 3563 1207 juxta

1979 1244 2296 1305 prwceptum
2326 1232 2523 1298 David,
2559 1242 2607 1286 et
2649 1232 2824 1302 Asaplt
2854 1240 2901 1285 et
2927 1228 3097 1283 Eman
3132 1238 3179 1282 et
3207 1227 3427 1282 Iditltun
3456 1244 3575 1298 pro~

1980 1324 2255 1395 phetarum
2283 1323 2437 1395 regis.
2468 1321 2762 1379 Cantorum
2795 1322 3004 1391 primus
3042 1320 3123 1389 (ut
3150 1319 3323 1374 Verba
3358 1318 3568 1373 dierum

1983 1413 2229 1485 narrant)
2258 1416 2428 1470 Eman
2468 1414 2676 1470 exstitit
2705 1433 2716 1467 :
2754 1411 2825 1467 Hi
2858 1429 2975 1467 vero
3003 1420 3121 1466 sunt
3143 1410 3233 1482 qui
3259 1408 3571 1464 assistebant

1983 1523 2101 1560 cura
2122 1505 2255 1576 ﬁliis
2282 1507 2413 1571 suis,
2459 1505 2523 1559 de
2561 1505 2694 1574 ﬁliis
2733 1502 2898 1571 ϐατιιὴ
2941 1517 2961 1554 :
3008 1502 3180 1556 Eman
3210 1510 3394 1556 cantor
3428 1500 3571 1571 ﬁlius

1981 1595 2122 1661 Iocl,
2156 1594 2263 1664 ﬁlii
2303 1593 2550 1659 Samuel,
2588 1593 2687 1662 ﬁlii
2734 1592 2976 1659 Elcana,
3020 1593 3122 1662 ﬁlii
3173 1589 3426 1655 Geroam,
3472 1590 3573 1662 ﬁlii

1986 1685 2179 1753 Heliel,
2197 1686 2302 1757 ﬁlii
2329 1685 2535 1751 Tholtu,
2554 1686 2657 1754 ﬁlii
2681 1684 2852 1754 Suph,
2871 1684 2971 1753 ﬁlii
2992 1682 3216 1747 Elcana,
3239 1682 3340 1752 ﬁlii
3361 1677 3569 1744 blant/1,

299 1784 407 1831 stat
429 1776 619 1832 dicens
654 1776 723 1831 ad
748 1775 1011 1845 Ephesios
1043 1791 1057 1830 :
1088 1774 1378 1847 Loquentes
1421 1778 1793 1848 nobismetipsis
1830 1780 1884 1833 in
1914 1762 1961 1823 Β
1985 1776 2087 1846 ﬁlii
2118 1776 2315 1839 Masat,
2343 1776 2444 1846 ﬁlii
2478 1775 2703 1839 Elcana,
2740 1774 2841 1844 ﬁlii
2874 1774 3051 1839 Joltel,
3086 1773 3185 1844 ﬁlii
3212 1773 3442 1836 Azarice,
3468 1772 3571 1841 ﬁlii

298 1867 536 1938 psalmis,
556 1876 607 1922 et
628 1866 835 1937 hymnis
857 1875 904 1921 et
928 1868 1151 1922 canticis
1176 1867 1540 1938 spiritualibus
1563 1869 1780 1939 (Epltes.
1805 1870 1881 1940 v).

298 1957 450 2024 Quod
476 1956 552 2012 ita
577 1955 888 2028 Hieronym.
919 1958 974 2013 iu
1002 1965 1235 2013 tractatu
1250 1968 1570 2015 memoratae
1589 1959 1841 2030 Epistolac
1866 1979 1879 2014 :

298 2045 400 2114 Qui
433 2060 492 2101 se
519 2046 841 2101 abstinuerit
866 2048 934 2101 ab
972 2047 1238 2103 ebrietate
1273 2047 1467 2113 viniin
1494 2063 1603 2119 quo
1627 2056 1711 2104 est
1730 2047 1884 2103 luxu-

298 2136 401 2202 ria,
428 2144 485 2191 et
516 2150 617 2205 pro
650 2136 753 2191 hoc
799 2136 992 2207 spiritu
1032 2135 1197 2193 fuerit
1234 2138 1509 2209 impletus,
1560 2139 1661 2195 iste
1699 2141 1882 2195 omnia

295 2235 475 2296 potest
502 2227 746 2298 accipere
766 2227 1104 2297 spiritaliter,
1126 2228 1388 2299 psalmos,
1416 2229 1646 2300 hymnos
1676 2238 1732 2285 et
1753 2245 1884 2285 can-

298 2316 423 2371 tica.
463 2314 604 2383 Quid
643 2324 737 2370 aut
767 2316 983 2372 intersit
1025 2317 1169 2373 inter
1214 2318 1503 2389 psalmum,
1541 2318 1799 2390 hymnum
1827 2327 1882 2375 et

296 2406 568 2461 canticum
608 2406 661 2461 in
698 2406 956 2476 psalterio
989 2407 1304 2479 plenissime
1342 2409 1600 2465 discimus
1626 2427 1639 2463 :
1664 2409 1753 2465 hic
1780 2425 1879 2464 au-

295 2506 406 2552 tem
431 2497 666 2553 breviter
695 2540 710 2562 ,
742 2499 972 2568 hymnos
1002 2513 1125 2555 esse
1149 2499 1457 2566 dicendum,
1493 2500 1583 2570 qui
1613 2500 1882 2556 fortitudi-

294 2605 420 2644 nem
442 2597 499 2643 et
522 2588 858 2658 maiestatem
885 2591 1184 2660 prmdicant
1225 2592 1341 2656 Dei,
1372 2600 1427 2648 et
1463 2590 1707 2659 ejusdem
1739 2608 1880 2649 sem-

296 2696 393 2751 per
422 2679 508 2734 vel
550 2679 810 2735 beneﬁcia
860 2681 942 2736 vel
987 2680 1132 2736 facta
1171 2682 1458 2737 mirantur.
1492 2682 1646 2750 Quod
1690 2698 1880 2739 omnes

295 2772 486 2842 psalmi
528 2772 825 2837 continent,
871 2775 1067 2843 quibus
1107 2774 1336 2831 Alleluia
1377 2777 1462 2832 vel
1505 2780 1876 2849 praepositum,

297 2861 383 2918 vel
408 2863 707 2934 subjectum
733 2873 837 2919 est.
861 2863 1056 2920 Psalmi
1085 2874 1264 2922 autem
1288 2868 1508 2941 proprie
1536 2869 1603 2924 ad
1640 2870 1879 2925 ethicum

297 2953 471 3008 locum
500 2954 789 3023 pertinent,
819 2964 877 3009 ut
901 2970 1005 3025 per
1032 2971 1295 3027 organum
1334 2961 1602 3030 corporis,
1644 2962 1772 3033 quid
1799 2960 1880 3017 fa-

291 3044 546 3099 ciendum
572 3056 627 3099 et
657 3045 787 3114 quid
831 3047 1106 3102 vitandum
1144 3049 1215 3104 sit
1254 3052 1585 3107 noverimus.
1618 3053 1719 3121 Qui
1747 3070 1876 3111 vero

1986 1868 2288 1941 Sep/ionice,
2317 1868 2417 1937 ﬁlii
2443 1865 2665 1930 Thahat,
2695 1865 2794 1937 ﬁlii
2824 1865 2966 1930 Asir,
3000 1865 3100 1934 ﬁlii
3122 1864 3444 1934 Abihasaph,
3470 1863 3573 1931 ﬁlii

1984 1959 2177 2027 Chore,
2218 1960 2317 2030 ﬁlii
2367 1959 2528 2024 Saar,
2569 1958 2670 2030 ﬁlii
2706 1958 2894 2024 Caath,
2927 1957 3025 2028 ﬁlii
3060 1956 3203 2022 Levi,
3236 1956 3337 2027 ﬁlii
3376 1954 3570 2018 Israel,

1983 2062 2031 2107 et
2062 2053 2253 2123 fratres
2283 2053 2398 2124 ejus
2430 2053 2521 2124 qui
2543 2052 2755 2106 stabant
2779 2069 2811 2105 a
2833 2051 3031 2105 dextris
3070 2051 3185 2121 ejus
3213 2048 3267 2123 (Ι
3303 2046 3435 2104 Par.
3467 2049 3565 2119 vi),

1983 2143 2153 2200 Ollicii
2198 2152 2379 2201 tamen
2428 2145 2642 2201 illorum
2674 2152 2863 2200 auctor
2890 2144 3100 2200 exstitit
3126 2141 3314 2198 David.
3355 2140 3431 2196 De
3462 2156 3570 2211 qua

1980 2252 2042 2291 re
2072 2236 2203 2292 dicit
2223 2234 2558 2309 Augustinus
2589 2236 2643 2289 in
2674 2235 2814 2291 libro
2845 2234 3054 2290 decimo
3082 2232 3311 2304 septimo
3333 2231 3399 2287 de
3426 2230 3569 2285 Civi-

1982 2337 2094 2384 tate
2141 2329 2258 2396 Dei,
2306 2344 2426 2399 cap.
2477 2328 2564 2384 18.
2611 2328 2742 2383 Erat
2779 2336 2961 2383 autem
3013 2325 3185 2382 David
3236 2325 3291 2380 in
3340 2324 3567 2379 canticis

1980 2420 2245 2487 eruditus,
2279 2420 2371 2490 qui
2406 2420 2745 2475 harmoniam
2778 2420 3039 2474 musicam
3075 2433 3180 2472 non
3222 2416 3429 2487 vulgari
3472 2432 3567 2470 vo-

1979 2512 2209 2582 luptate,
2246 2511 2341 2566 sed
2371 2508 2516 2567 ﬁdeli
2558 2509 2837 2565 voluntate
2873 2508 3145 2573 dilexerit,
3190 2521 3254 2561 ea
3298 2504 3410 2561 Deo
3444 2521 3575 2569 suo,
3633 2544 3641 2553 .

1980 2602 2074 2672 qui
2106 2617 2267 2657 verus
2300 2609 2385 2657 est
2418 2601 2581 2665 Deus,
2618 2599 2846 2672 mystica
2879 2598 2957 2653 rei
3001 2612 3211 2668 magna;
3247 2595 3585 2668 ﬁguratione-

1980 2694 2250 2750 servierit.
2296 2693 2645 2748 Diversorum
2686 2688 2832 2746 enim
2862 2705 3118 2747 sonorum
3148 2686 3483 2743 rationabilis
3511 2697 3568 2741 et

1980 2786 2292 2842 moderatus
2339 2793 2635 2841 concentus
2660 2784 2917 2841 concordi
2940 2784 3203 2837 varietate
3228 2788 3569 2852 compactam

1979 2878 2115 2933 bene
2164 2877 2427 2934 ordinatae
2480 2876 2717 2933 civitatis
2772 2875 3039 2947 signiﬁcat
3089 2874 3372 2929 unitatem.
3428 2871 3568 2926 Hinc

1980 2974 2218 3023 tractent
2255 2974 2506 3023 cantores
2534 2967 2660 3038 quid
2692 2966 2962 3037 signiﬁcet
3002 2963 3323 3037 symphonia
3352 2978 3561 3019 eorum.

1978 3060 2057 3115 Ea
2085 3060 2378 3115 admonent
2402 3058 2637 3128 plebem,
2669 3067 2729 3112 ut
2757 3058 2812 3112 in
2849 3058 3055 3111 unitate
3082 3057 3244 3111 unius
3268 3053 3362 3109 Dei
3391 3052 3589 3109 cultus.

184 3156 199 3163 ι
293 3132 364 3186 de
387 3131 755 3203 superioribus
793 3133 1049 3205 disputat,
1083 3146 1137 3194 et
1165 3149 1490 3196 conventum
1520 3144 1727 3210 mundi,
1765 3160 1875 3200 om-
1901 3117 1946 3179 Ο
1975 3158 2343 3223 perseverent.
2367 3117 2590 3204 Etiamsi
2613 3117 2808 3219 aliquis
2836 3148 3031 3204 surdus
3057 3146 3307 3212 adfuerit,
3330 3145 3564 3214 idipsum

294 3223 551 3292 ritumque
600 3232 975 3279 creaturarum
1025 3228 1271 3284 ordinem
1320 3237 1484 3301 atque
1530 3233 1876 3289 concordiam

292 3311 509 3368 subtilis
540 3311 847 3385 disputator
880 3315 1149 3381 edisserit,
1177 3317 1282 3374 iste
1303 3320 1580 3388 spirituale
1603 3323 1876 3379 canticum

291 3401 465 3465 canit,
489 3400 571 3456 vel
597 3411 767 3467 certe,
801 3412 858 3458 ut
878 3414 1104 3476 propter
1133 3405 1490 3478 simpliciores
1514 3411 1874 3478 manifestius,

292 3489 441 3560 quod
467 3490 733 3557 volumus,
764 3492 1117 3563 eloquamur:
1143 3497 1383 3567 psalmus
1407 3500 1475 3555 ad
1507 3516 1725 3572 corpus,
1752 3519 1879 3559 cau-

290 3579 466 3634 ticum
496 3578 725 3636 refertur
748 3581 816 3637 ad
849 3592 1107 3639 mentem.
1136 3585 1204 3640 Et
1226 3601 1421 3644 canere
1445 3589 1631 3661 igitur,
1658 3602 1713 3647 et
1737 3594 1879 3663 psal-

286 3671 433 3738 lere,
459 3680 516 3728 et
543 3671 761 3730 laudare
800 3676 971 3731 Deum
1015 3678 1188 3750 magis
1222 3679 1403 3737 animo
1439 3697 1602 3753 quam
1630 3699 1762 3741 voce
1790 3686 1880 3742 de-

292 3766 505 3821 bemus.
550 3764 703 3834 Quod
758 3770 1233 3839 prretermisimus,
1290 3772 1413 3843 quis
1460 3775 1878 3845 apostolicorum

286 3863 505 3934 primus
537 3865 806 3931 statuerit,
835 3873 896 3920 ut
921 3864 1135 3922 feminae
1155 3867 1348 3923 velatae
1392 3869 1658 3927 intrarent
1699 3873 1754 3926 in
1791 3888 1881 3928 ec-

285 3952 537 4018 clesiam,
569 3953 659 4009 hic
686 3969 867 4009 remur
901 3954 1281 4012 iutromittere.
1318 3955 1487 4015 Linus
1525 3960 1744 4017 natione
1781 3961 1883 4016 Ita-

290 4042 399 4105 lus,
432 4050 491 4096 ut
528 4041 724 4113 legitur
758 4045 812 4099 in
853 4044 1020 4115 gestis
1060 4046 1476 4117 episcOpalibus,
1515 4063 1583 4104 ex
1607 4058 1880 4121 praecepto

286 4132 440 4187 beati
477 4131 623 4187 Petri
672 4133 953 4189 constituit
984 4142 1046 4190 ut
1084 4137 1280 4193 mulier
1309 4138 1364 4193 in
1398 4138 1681 4198 ecclesiam
1703 4142 1881 4200 velato

292 4222 475 4294 capite
497 4223 766 4280 introiret.

911 4315 1140 4375 CAPUT
1179 4320 1265 4375 III.

623 4430 645 4447 ι
696 4472 703 4480 ,
788 4406 864 4462 De
894 4410 1051 4464 choro
1085 4421 1378 4466 cantorum.

368 4499 702 4571 Augustinus
758 4500 812 4556 in
869 4500 1076 4571 psalmo
1124 4505 1422 4560 centesimo
1467 4508 1880 4579 quadragesimo

288 4607 481 4647 nono:
512 4592 579 4646 Et
610 4592 808 4648 chorus
834 4594 962 4664 quid
988 4594 1275 4664 signiﬁcet,
1307 4596 1461 4651 multi
1489 4606 1707 4652 norunt.
1741 4598 1883 4655 Cho-

290 4700 441 4749 mm,
465 4684 588 4753 quia
615 4684 669 4738 in
701 4684 920 4740 civitate
946 4685 1233 4755 loquimur,
1252 4702 1419 4758 prope
1443 4703 1632 4744 omnes
1654 4700 1878 4746 norunt.

282 4776 510 4831 Chorus
540 4782 622 4830 est
642 4776 927 4831 consensio
955 4777 1311 4832 cantantium.
1334 4776 1398 4833 Si
1420 4779 1475 4834 in
1504 4779 1671 4835 choro
1695 4789 1882 4836 canta-

286 4883 442 4931 mus,
471 4867 633 4922 corde
658 4877 961 4922 cantamus.
986 4868 1042 4922 In
1069 4868 1237 4924 choro
1269 4871 1606 4927 cantantium
1635 4873 1881 4944 quisquis

287 4975 430 5015 voce
477 4960 852 5030 discrepuerit,
897 4960 1122 5017 oﬁ'endit
1171 4966 1432 5033 audithm,
1488 4976 1544 5023 et
1596 4971 1880 5038 perturbat

286 5052 548 5105 chorum.
581 5050 819 5107 Isidorus
852 5070 864 5105 :
901 5050 1112 5107 Chorus
1146 5063 1237 5109 est
1278 5056 1564 5113 multitudo
1608 5058 1661 5114 in
1710 5058 1881 5115 sacris

283 5139 626 5204 collecta,’et
651 5143 826 5198 dictus
850 5144 1072 5209 chorus,
1102 5147 1244 5215 quod
1269 5147 1424 5201 initio
1442 5149 1506 5207 in
1539 5151 1754 5204 modum
1783 5166 1878 5205 co-

286 5249 447 5288 ronae
477 5234 681 5289 circum
726 5251 850 5291 aras
886 5246 1098 5292 starent
1129 5248 1183 5293 et
1234 5239 1308 5293 ita
1341 5239 1647 5308 psallerent.
1677 5241 1879 5298 Canto-

286 5340 419 5379 rum
463 5326 708 5381 ordinem
753 5329 1079 5399 suscipimus
1112 5344 1183 5384 ex
1221 5329 1473 5385 Davidica
1516 5331 1869 5390 institutione.

283 5414 526 5483 Quando
554 5419 877 5487 reportanda
902 5428 1019 5475 erat
1051 5435 1180 5476 arca
1223 5421 1433 5476 Domini
1464 5423 1530 5478 de
1556 5424 1713 5479 domo
1738 5424 1876 5481 Obe-

276 5506 493 5562 dedom
524 5508 576 5561 in
615 5510 837 5567 civitate
865 5512 1034 5567 David
1053 5553 1068 5579 ,
1108 5512 1366 5582 praecepit
1398 5512 1567 5569 David
1594 5515 1677 5586 (ut
1696 5514 1873 5571 Verba

280 5597 510 5653 dierum
538 5601 778 5673 narrant)
799 5604 1130 5661 constituere
1153 5604 1367 5659 Levitas
1388 5604 1453 5659 de
1481 5604 1740 5664 fratribus
1765 5608 1878 5663 suis

282 5697 551 5746 cantores
573 5691 626 5747 iu
648 5694 864 5766 organis
892 5691 1236 5754 musicorum.
1262 5693 1652 5753 Constituertmt
1689 5697 1877 5757 Levita:

1906 4472 1957 4531 D

1976 3250 2123 3297 statu
2164 3241 2377 3296 illorum
2416 3241 2471 3294 in
2507 3241 2675 3295 choro
2703 3239 3105 3294 ordinatissimo
3153 3237 3429 3291 insinuant
3464 3255 3476 3289 :
3506 3244 3567 3290 ut

1977 3333 2070 3406 qui
2103 3334 2325 3390 auribus
2349 3346 2550 3402 capere
2589 3345 2697 3385 non
2734 3336 2963 3401 possunt
2998 3328 3282 3392 unitatem,
3311 3326 3429 3381 visu
3468 3342 3563 3382 ca-

1976 3425 2149 3496 piant.
2195 3423 2373 3499 Porro
2417 3430 2671 3477 cantores
2714 3419 3027 3475 laudatores
3063 3419 3158 3473 Dei
3194 3425 3341 3479 sunt,
3390 3423 3445 3472 et
3494 3417 3565 3471 ad

1978 3515 2190 3570 Iaudem
2233 3520 2462 3570 caeteros
2497 3511 2816 3567 excitantes.
2847 3508 2923 3565 De
2956 3524 3064 3580 quo
3100 3507 3461 3578 Hieronymus
3508 3508 3564 3561 iu

1978 3612 2216 3661 tractatu
2247 3602 2398 3659 Isaiae
2427 3601 2565 3656 libro
2590 3600 2767 3672 primo
2796 3618 2811 3655 :
2843 3600 2909 3654 Et
2934 3614 3097 3670 super
3128 3599 3326 3654 choros
3362 3595 3475 3670 (qui
3505 3596 3561 3652 in

1978 3696 2116 3751 libro
2139 3694 2360 3751 Dierum
2386 3692 2598 3765 plenius
2633 3690 3032 3757 describuntur)
3058 3689 3238 3761 Asaph
3265 3698 3321 3745 et
3348 3688 3563 3745 lditbuu

1979 3789 2218 3845 etEman
2239 3795 2295 3844 et
2314 3786 2409 3842 ﬁlii
2427 3786 2604 3843 Chore
2620 3784 2898 3841 constituti
2921 3790 3046 3840 sunt
3066 3782 3118 3854 (1
3138 3782 3268 3838 Par.
3292 3791 3409 3837 vret
3423 3780 3563 3852 xvr),

1980 3886 2040 3931 ut
2066 3875 2325 3947 paulatim
2355 3892 2385 3930 a
2412 3866 2698 3930 sacriﬁciis
2724 3873 3065 3930 victimarum
3102 3871 3170 3927 ad
3207 3871 3421 3927 laudem
3460 3870 3565 3925 Do-

1980 3967 2111 4021 mini
2141 3967 2396 4022 transiret
2424 3965 2632 4037 religio.
2665 3964 2723 4020 ld
2748 3962 3185 4036 frequentissime
3211 3961 3481 4042 reperitur
3508 3962 3567 4016 in

1982 4058 2164 4114 Veteri
2186 4057 2555 4124 Testamento,
2572 4056 2661 4112 ubi
2685 4071 2871 4111 eorum
2884 4054 3118 4111 ollieium
3136 4060 3411 4118 narratur,
3427 4066 3564 4121 opus

1981 4162 2170 4202 eorum
2194 4162 2315 4203 esse
2342 4145 2736 4203 confessionem
2764 4143 2996 4201 Domini.
3027 4144 3125 4198 Hic
3160 4158 3348 4198 versus
3377 4142 3563 4212 saepis-

1981 4239 2117 4293 sime
2142 4238 2455 4294 cantoribus
2481 4237 2808 4305 imputatur:
2828 4232 3159 4304 Conﬁtemini
3184 4232 3411 4289 Domino
3432 4248 3565 4304 quo-

1983 4331 2125 4384 niam
2156 4330 2339 4392 bonus,
2385 4328 2632 4399 quoniam
2674 4326 2729 4380 in
2756 4334 3005 4380 wternum
3032 4323 3391 4379 misericordia
3422 4324 3560 4394 ejus.

1982 4419 2165 4475 Nostri
2213 4426 2462 4474 cantores
2507 4434 2615 4473 non
2661 4424 2852 4473 tenent
2875 4415 3142 4489 cymbala,
3164 4430 3342 4486 neque
3365 4414 3560 4487 lyram,

1982 4524 2156 4580 neque
2183 4509 2442 4564 citharam
2471 4509 2742 4575 manibus,
2782 4522 2959 4578 neque
2994 4515 3190 4563 caetera
3216 4521 3415 4577 genera
3445 4522 3564 4562 mu-

1972 4600 2235 4666 sicorum,
2279 4599 2374 4661 sed
2401 4598 2585 4654 corde.
2630 4598 2844 4665 Quanto
2871 4612 2968 4654 cor
3004 4597 3179 4667 majus
3202 4603 3286 4652 est
3311 4611 3561 4668 corpore,

1978 4699 2133 4748 tanto
2154 4693 2265 4746 Deo
2285 4690 2532 4747 devotius
2555 4691 2842 4746 exhibetur
2867 4689 3009 4760 quod
3037 4704 3136 4759 per
3163 4704 3261 4743 cor
3286 4687 3365 4753 ﬁt,
3395 4705 3562 4759 quam

1975 4794 2074 4849 per
2101 4793 2317 4848 corpus.
2342 4777 2447 4847 Ipsi
2481 4786 2734 4833 cantores
2764 4785 2891 4832 sunt
2916 4777 3063 4843 tuba,
3088 4777 3190 4846 ipsi
3218 4776 3565 4846 psalterium,

1977 4868 2079 4937 ipsi
2104 4867 2334 4934 cithara,
2358 4867 2459 4937 ipsi
2484 4875 2798 4939 tympanum
2843 4867 2943 4936 ipsi
2965 4868 3182 4931 chorus,
3199 4866 3300 4937 ipsi
3322 4869 3558 4931 ειιοιάας,

1978 4958 2080 5028 ipsi
2102 4973 2385 5029 organum,
2405 4957 2505 5022 ipsi
2536 4957 2779 5029 cymbala
2802 4956 2953 5029 (Tob.
2975 4958 3116 5029 vin).
3145 4958 3562 5029 UndeAugusti-

1979 5065 2082 5105 nus
2130 5051 2182 5104 in
2229 5049 2367 5104 libro
2414 5048 2752 5105 Psalmorum
2800 5049 3080 5104 novissimi
3130 5050 3318 5119 psalmi
3362 5068 3373 5102 :
3415 5050 3557 5104 Idem

1979 5141 2083 5211 ipsi
2107 5140 2280 5195 sancti
2311 5150 2437 5196 sunt
2464 5142 2517 5195 in
2541 5142 2789 5196 omnibus
2815 5142 3035 5197 musicis
3057 5142 3294 5213 organis.
3318 5142 3382 5195 Et
3401 5141 3557 5211 paulo

1980 5240 2101 5300 post
2133 5249 2146 5284 :
2181 5230 2419 5284 Laudate
2447 5232 2733 5286 Dominum
2765 5233 2819 5286 in
2852 5235 3047 5287 sanctis
3075 5233 3208 5302 ejus.
3254 5231 3367 5285 Hoc
3409 5246 3557 5284 exse-

1981 5318 2166 5388 quitur
2197 5318 2366 5384 varie,
2396 5319 2707 5390 signiﬁcans
2735 5321 2953 5376 eosdem
2984 5321 3126 5392 ipsos
3151 5327 3364 5374 sanctos
3389 5316 3507 5386 eius
3537 5335 3559 5374 :

1980 5405 2220 5461 Laudate
2249 5424 2366 5462 eum
2396 5408 2450 5462 iu
2481 5425 2607 5463 sono
2643 5410 2802 5476 tubw,
2836 5420 3057 5480 propter
3092 5408 3263 5463 laudis
3292 5408 3560 5466 excellen-

1982 5498 2245 5554 tissimam
2269 5498 2590 5554 claritatem.
2620 5500 2860 5554 Laudate
2896 5516 3013 5553 eum
3048 5500 3104 5552 in
3131 5498 3376 5568 psalterio
3410 5509 3457 5553 et
3482 5500 3559 5554 ci-

1982 5589 2136 5644 thara
2157 5604 2175 5642 :
2202 5590 2518 5662 psalterium
2532 5601 2615 5647 est
2634 5593 2698 5647 de
2719 5591 3086 5661 superioribus
3108 5588 3333 5644 laudans
3356 5588 3557 5649 Deum:

1983 5681 2189 5736 cithara
2229 5682 2293 5737 de
2335 5680 2683 5740 inferioribus
2728 5680 2951 5737 laudans
2979 5679 3175 5747 Deum,
3218 5687 3471 5755 tanquam
3495 5686 3571 5739 de
