3938 6178
508 340 646 403 “07
739 359 750 373 ο

1580 326 1867 395 nimim
1903 326 2339 394 PRESBYTEdl
2380 323 2724 391 METENSIS‘

3560 337 3668 399 lilii

503 459 816 519 caelestibus
852 465 908 514 et
937 457 1306 521 terrestribus,
1358 464 1615 526 tanquam
1658 471 1780 511 eum
1822 455 1913 525 qui
1959 453 2085 508 fecit
2112 454 2162 511 A
2190 460 2393 516 nostra,
2430 461 2490 506 ut
2517 451 2586 506 ad
2614 453 2866 506 virtutem
2895 451 3242 522 decoremque
3271 441 3503 510 castitatis
3524 471 3664 525 perve-

505 553 702 609 ctelum
733 560 788 607 et
814 559 1033 605 terram.
1065 546 1186 604 Jam
1220 549 1417 618 quippe
1451 549 1505 601 in
1535 547 1641 601 alio
1676 546 1883 616 psalmo
1921 560 2087 614 expo-

505 642 713 699 suimus
744 639 1057 710 psalterium
1097 639 1326 708 desuper
1354 638 1557 692 habere
1587 651 1843 691 sonorum
1871 635 2003 689 illud
2025 634 2087 687 li-

505 747 689 804 gnum,
722 731 807 785 cui
833 744 1120 785 nervorum
1151 728 1340 793 series,
1365 735 1425 781 ut
1444 727 1724 782 meliorem
1745 739 1935 779 sonum
1965 723 2088 778 red-

505 823 616 886 dat,
643 821 926 884 incumbit,
970 820 1112 889 quod
1151 819 1354 889 lignum
1387 818 1595 872 cithara
1637 815 1858 872 inferius
1900 814 2083 869 habet.

505 910 745 964 Laudato
777 927 896 963 eum
924 909 980 962 in
1005 915 1251 980 tympano
1297 918 1344 961 et
1389 909 1546 962 c‘horo
1579 924 1596 961 :
1628 916 1944 977 tympanum
1981 905 2088 959 lau-

504 998 600 1054 dat
631 999 938 1066 Dominum,
969 1004 1092 1053 cum
1123 997 1239 1068 jam
1279 998 1335 1051 in
1376 1011 1540 1051 carne
1568 1003 1774 1050 mutata
1817 994 1964 1049 nulla
2003 1001 2090 1048 est

506 1100 737 1144 terrena:
766 1087 1128 1159 cerruptionis
1172 1085 1458 1140 inﬁrmitas
1484 1099 1499 1138 ι
1527 1085 1593 1139 de
1623 1085 1772 1140 corio
1806 1084 2004 1153 quippe
2029 1084 2089 1137 ﬁt

507 1190 821 1252 tympanum
861 1184 1133 1236 exslccato
1177 1188 1340 1248 atque
1385 1178 1619 1232 ﬁrmato.
1651 1176 1864 1232 Chorus
1907 1175 2091 1230 laudat

507 1275 818 1339 Dominum,
843 1272 1058 1342 quando
1084 1287 1207 1325 eum
1244 1269 1427 1324 laudat
1449 1277 1639 1339 pacata
1668 1269 1921 1324 societas.
1950 1265 2092 1319 Lau-

507 1371 629 1424 dato
669 1386 786 1423 eum
831 1370 887 1422 in
922 1367 1133 1422 chordis
1175 1376 1224 1421 et
1274 1383 1472 1437 organo
1504 1381 1522 1417 :
1551 1365 1784 1420 chordas
1827 1363 1989 1418 habet
2035 1370 2089 1417 et

507 1458 845 1528 psalterium,
879 1467 930 1513 et
958 1458 1186 1520 cithara,
1220 1473 1339 1525 quae
1375 1457 1623 1526 superius
1665 1464 2089 1511 commemorata

508 1557 652 1602 sunt.
700 1546 972 1617 Organum
1003 1555 1184 1600 autem
1214 1546 1463 1614 generale
1500 1561 1695 1600 nomen
1727 1553 1811 1601 est
1836 1559 2089 1600 vasorum

507 1639 747 1692 omnium
773 1639 1119 1692 musicorum.
1147 1637 1405 1704 Quamvis
1422 1635 1536 1706 jam
1556 1636 1851 1692 obtinuerlt
1871 1650 2092 1691 consue-

507 1728 659 1793 tudo,
698 1737 757 1781 ut
784 1744 984 1799 organa
1024 1729 1240 1799 proprie
1284 1729 1534 1783 dicantur
1574 1744 1637 1784 ea
1676 1745 1797 1798 quae
1835 1728 2091 1783 inﬂantur

507 1817 742 1874 follibus.
785 1819 936 1886 Quod
967 1835 1134 1890 genus
1174 1819 1537 1891 signiﬁcatum
1572 1820 1660 1874 hic
1700 1836 1820 1875 esse
1856 1835 1961 1874 non
2007 1835 2095 1873 ar-

505 1909 698 1966 bitror.
737 1910 871 1966 Nam
907 1927 1026 1967 cum
1071 1926 1333 1982 organum
1361 1913 1682 1968 vocabulum
1718 1912 1965 1968 Graecum
1998 1912 2086 1976 sit,

507 2012 568 2056 ut
599 2005 728 2067 dixi,
756 2005 1006 2075 generale
1033 2006 1282 2060 omnibus
1310 2005 1530 2060 musicis
1565 2005 1957 2070 instrumentis,
1985 2004 2091 2058 hoc

510 2096 596 2148 cui
631 2094 786 2150 folles
813 2096 1157 2161 adhibentur,
1205 2097 1312 2151 alio
1351 2096 1525 2152 Graeci
1555 2098 1772 2152 nomine
1797 2097 2086 2168 appellant.

509 2185 582 2240 Ut
601 2197 780 2242 autem
803 2202 1062 2257 organum
1092 2188 1324 2253 dicatur,
1350 2189 1524 2260 magis
1552 2187 1742 2243 Latina
1778 2197 1832 2244 et
1868 2204 1932 2243 ea
1969 2189 2089 2242 vul-

510 2278 655 2348 garis
698 2287 783 2334 est
821 2281 1170 2336 consuetudo.
1205 2281 1359 2349 Quod
1398 2297 1526 2352 ergo
1567 2283 1663 2347 ait,
1704 2285 1758 2337 in
1795 2283 2014 2338 chordis
2039 2289 2095 2336 et

508 2383 732 2439 organo,
761 2369 974 2424 videtur
997 2372 1126 2427 mihi
1154 2369 1370 2442 aliquod
1407 2389 1668 2443 organum
1694 2375 1839 2445 quod
1862 2375 2094 2430 chordas

511 2459 709 2513 habeat
737 2460 1040 2530 signiﬁcare
1068 2463 1320 2518 voluisse.
1371 2464 1487 2520 Non
1516 2466 1660 2520 enim
1696 2467 1948 2536 psalteria
1980 2466 2092 2522 sola

510 2558 564 2602 et
603 2551 823 2604 citharae
865 2552 1096 2608 chordas
1134 2554 1349 2617 habent,
1385 2556 1477 2609 sed
1504 2556 1630 2626 quia
1663 2557 1713 2610 in
1753 2557 2010 2626 psalterio
2041 2566 2097 2612 et

510 2643 719 2696 cithara
749 2653 968 2713 propter
1000 2661 1192 2700 sonum
1223 2647 1289 2699 ab
1325 2645 1671 2702 inferioribus
1706 2655 1762 2702 et
1801 2648 2094 2717 superiori-

512 2732 612 2784 bus
643 2733 919 2786 invcntum
950 2742 1032 2787 est
1071 2733 1271 2802 aliquid
1311 2736 1451 2803 quod
1492 2735 1786 2791 secundam
1832 2737 1974 2791 hanc
2021 2736 2098 2790 di-

509 2820 855 2876 stinctionem
885 2823 1058 2892 possit
1082 2824 1326 2895 intelligi,
1353 2825 1495 2880 aliud
1518 2842 1616 2881 nos
1639 2827 1692 2880 in
1724 2827 1854 2896 ipsis
1881 2827 2098 2881 chordis

511 2925 756 2979 qinercre
791 2913 1067 2967 admonuit
1106 2933 1118 2967 :
1163 2917 1286 2984 quia
1325 2917 1454 2987 ipsa:
1503 2933 1632 2971 caro
1669 2928 1817 2983 sunt,
1857 2917 1951 2972 sed
1983 2915 2097 2984 jam

513 3002 859 3070 corruptione
896 3003 1139 3059 liberata.
1199 3007 1405 3074 Quibus
1448 3010 1568 3065 ideo
1621 3009 1852 3065 fortasse
1893 3011 2098 3066 addidit

511 3109 792 3165 organum,
831 3111 937 3150 non
971 3103 1030 3149 ut
1064 3097 1286 3167 singulm
1315 3109 1525 3167 sonent,
1575 3102 1666 3155 sed
1694 3109 1754 3154 ut
1788 3101 2098 3157 diversitate

513 3185 932 3240 concordissima
961 3198 1275 3253 consonent,
1308 3192 1446 3245 sicut
1472 3191 1754 3246 ordinatur
1787 3193 1838 3245 in
1871 3207 2094 3263 organo.

512 3271 798 3330 Habebunt
838 3274 982 3328 enim
1031 3276 1195 3330 etiam
1236 3279 1405 3332 sancti
1455 3278 1809 3334 differentiam
1857 3281 1925 3334 ad
1974 3295 2101 3335 suos

515 3371 895 3430 consonantes,
936 3380 1040 3420 non
1066 3365 1429 3434 dissonautes,
1463 3367 1514 3423 id
1541 3377 1640 3433 est,
1675 3371 2096 3436 consentientes,

515 3467 620 3505 non
650 3455 1049 3524 dissentientes,
1081 3460 1220 3515 sicut
1251 3460 1311 3514 ﬁt
1335 3463 1687 3518 suavissimus
1714 3472 1907 3520 cantus
1934 3479 1999 3518 ex
2025 3463 2101 3518 di-

515 3544 687 3599 versis
707 3546 945 3615 quidem,
977 3551 1072 3605 sed
1103 3568 1206 3605 non
1235 3553 1477 3608 adversis
1504 3555 1643 3610 inter
1665 3571 1740 3610 se.
1773 3555 1938 3610 Stella
1963 3557 2098 3610 enim

515 3635 689 3704 diﬂ‘ert
719 3638 772 3690 in
794 3637 1054 3702 claritate,
1085 3642 1160 3694 sic
1187 3651 1234 3695 et
1258 3645 1566 3699 resurrectio
1589 3654 1935 3699 mortuorum.
1965 3643 2101 3698 Laus

516 3725 636 3779 date
670 3744 785 3780 eum
823 3730 876 3782 in
907 3732 1156 3800 cymbalis
1199 3735 1322 3788 bene
1359 3737 1684 3800 sonantibus,
1729 3735 1939 3789 laudate
1979 3751 2097 3788 eum

514 3815 570 3866 in
609 3817 857 3884 cymbalis
884 3819 1211 3885 iubilationis
1260 3823 1311 3894 (Ι
1351 3823 1474 3879 Cor.
1526 3827 1637 3895 xv).
1669 3825 1925 3895 Cymbala
1967 3827 2098 3880 iuvi-

515 3919 633 3958 cem
676 3915 967 3977 tanguntur
1009 3921 1067 3965 ut
1106 3922 1318 3980 sonent,
1360 3916 1480 3970 ideo
1525 3933 1554 3969 a
1589 3917 1909 3986 quibusdam
1940 3918 2098 3973 labiis

517 3995 714 4050 nostris
743 4009 1052 4070 comparata
1089 4011 1232 4058 sunt.
1268 4004 1372 4060 Sed
1413 4005 1603 4061 melius
1635 4007 1856 4078 intelligi
1885 4017 2014 4078 puto
2041 4008 2097 4062 in

516 4087 776 4157 cymbalis
798 4093 1192 4161 quodammodo
1221 4095 1438 4151 laudare
1466 4095 1776 4163 Dominum,
1800 4098 1925 4152 dum
1955 4099 2098 4166 quis-

514 4193 622 4248 que
647 4180 944 4238 honoratur
971 4200 1000 4238 a
1028 4187 1292 4256 proximo,
1325 4203 1432 4242 non
1469 4203 1498 4241 a
1543 4189 1850 4259 semetipso,
1877 4197 1930 4243 et
1960 4190 2096 4243 invi-

515 4282 634 4323 cem
663 4271 988 4330 honorantes
1013 4277 1142 4332 dant
1167 4276 1378 4333 laudem
1403 4278 1512 4334 Deo
1548 4278 1725 4350 (Rom.
1758 4280 1878 4350 xu).

1120 4408 1348 4466 CAPUT
1381 4409 1468 4466 IV.

942 4515 1019 4570 De
1043 4520 1342 4575 vestimento
1367 4534 1662 4577 cantorum.

593 4621 751 4682 Primi
805 4638 1058 4686 cantores
1101 4633 1278 4687 vestiti
1316 4641 1475 4688 erant
1514 4634 1767 4704 byssinis,
1813 4643 1871 4688 ut
1918 4635 2091 4690 Verba

519 4717 726 4772 dierum
765 4728 990 4775 narrant
1028 4721 1256 4779 dicendo
1289 4742 1300 4777 :
1339 4724 1467 4778 Tam
1496 4723 1689 4779 Levitte
1709 4741 1869 4794 quam
1915 4735 2096 4779 canto-

515 4823 619 4870 res,
643 4809 696 4862 itl
715 4822 813 4876 est,
839 4813 929 4881 qui
958 4813 1052 4865 sub
1085 4815 1258 4885 Asaplt
1286 4825 1454 4881 erant,
1502 4825 1550 4869 et
1577 4816 1667 4886 qui
1685 4815 1780 4869 sub
1803 4815 1996 4881 Eman,
2045 4825 2095 4870 et

514 4896 603 4962 qui
643 4899 737 4950 sub
762 4899 980 4954 Idithun
1000 4901 1100 4970 ﬁlii
1135 4913 1182 4957 et
1212 4904 1401 4973 fratres
1442 4921 1622 4958 eorum
1644 4907 1810 4958 vestiti
1851 4907 2091 4976 byssinis,

515 4984 796 5052 cymbalis,
843 4998 890 5042 et
931 4990 1196 5059 psalteriis
1232 5004 1278 5046 et
1319 4994 1535 5048 citharis
1576 4997 1953 5066 concrepabant
2003 4996 2089 5067 (Il

517 5071 646 5128 Par.
682 5076 755 5144 v).
789 5079 866 5131 Ex
891 5091 1085 5135 natura
1109 5084 1251 5154 hyssi
1272 5101 1561 5154 possumus
1587 5087 1888 5159 intelligere
1918 5105 2081 5159 quam

512 5166 756 5234 proxima
789 5169 896 5222 sint
918 5170 1135 5227 interse
1167 5175 1281 5229 huic
1309 5175 1434 5239 duo,
1462 5176 1656 5247 byssus
1679 5186 1734 5232 et
1767 5178 1956 5245 linum,
1981 5195 2090 5249 quo

512 5254 683 5309 nostri
712 5266 966 5314 cantores
987 5271 1230 5316 utuntur.
1244 5264 1385 5318 Dicit
1408 5264 1550 5320 Beda
1574 5268 1628 5321 iu
1652 5267 1790 5322 libro
1807 5270 1873 5322 de
1887 5270 2090 5324 Taber-

512 5347 706 5403 uaculo
748 5357 802 5402 et
827 5350 984 5405 Vasis
1015 5353 1132 5422 ejus
1161 5353 1273 5426 (lib.
1314 5372 1350 5410 n
1371 5397 1386 5420 ,
1416 5373 1532 5428 cap.
1561 5358 1647 5428 15)
1672 5377 1684 5409 :
1715 5359 1914 5429 Byssus
1941 5377 2090 5414 nam-

513 5453 636 5504 que,
669 5447 730 5492 ut
757 5440 953 5510 smpius
978 5453 1460 5500 commemoratum
1482 5455 1595 5523 est,~
1638 5449 1704 5504 de
1729 5457 1870 5504 terra
1904 5445 2091 5506 viridis

518 5531 758 5584 nascitur
786 5549 798 5585 :
825 5533 920 5588 sed
940 5543 1094 5590 eruta
1121 5537 1186 5592 de
1213 5543 1378 5603 terra,
1412 5539 1670 5603 siccatur,
1717 5544 2084 5608 contunditur,

513 5620 784 5685 coquitur,
813 5631 1112 5693 torquetur,
1145 5636 1198 5681 et
1238 5643 1431 5698 magno
1459 5639 1514 5684 et
1540 5630 1698 5700 longe
1726 5632 1985 5686 exercitio
2021 5635 2087 5688 ad

515 5709 798 5766 rnulidnm
827 5716 890 5769 de
917 5717 1074 5771 viridi
1106 5719 1423 5790 producitur
1462 5721 1695 5779 colorem
1727 5739 1740 5788 ;
1781 5723 1857 5778 sic
1880 5732 1931 5778 ct
1961 5741 2085 5780 caro

2187 546 2325 609 niat,
2355 545 2522 600 arctis
2557 559 2615 600 se
2643 559 2865 599 necesse
2889 553 2972 598 est
2994 542 3325 612 jejuniorum,
3353 549 3666 614 oralionis,vi-
3686 555 3699 569 '

2186 637 2436 706 giliarum
2486 645 2542 692 et
2586 637 2751 691 totius
2792 637 3137 691 continentiae
3184 637 3434 695 laboribus
3479 643 3666 712 subigat,

2187 727 2383 799 quibus
2403 727 2680 783 naturales
2702 735 2758 782 et
2790 728 2937 782 velut
2963 729 3224 798 ingenitas
3241 729 3348 798 ejus
3366 731 3672 790 delectationes

2187 819 2486 882 exsiccare,
2515 826 2677 886 atque
2707 816 2774 871 ad
2811 833 2952 883 eam,
2978 833 3139 886 quam
3173 819 3520 886 desideramus,
3541 822 3671 892 digni.

2189 919 2355 964 tatem
2403 908 2620 962 virtutis
2663 906 2925 963 accedere
2958 922 3236 976 queamus.
3286 907 3347 962 Et
3383 909 3430 963 in
3460 910 3547 964 alio
3583 911 3672 966 loco

2189 1001 2431 1071 ejusdem
2462 1017 2476 1054 ε
2506 999 2644 1067 Quid
2694 1012 2794 1069 per
2843 999 3088 1070 byssum,
3134 998 3236 1054 nisi
3277 1002 3486 1055 candens
3526 1001 3673 1056 decore

2189 1092 2467 1146 munditiae
2512 1089 2811 1160 corporalis
2843 1090 3067 1145 castitas
3105 1089 3426 1160 designatur?
3468 1090 3516 1145 In
3554 1092 3676 1161 signi-

2192 1185 2443 1240 ﬁcatione
2482 1198 2586 1238 non
2619 1183 2893 1252 discrepat
2938 1191 3182 1238 nostrum
3226 1181 3395 1246 linum,
3436 1199 3526 1252 quo
3548 1183 3675 1238 nostri

2192 1285 2442 1332 cantores
2477 1275 2784 1330 vestiuntur
2821 1290 2852 1328 a
2880 1275 3058 1346 bysso.
3106 1273 3210 1342 Ipsi
3234 1273 3366 1328 enim
3384 1273 3678 1345 laboresun

2193 1382 2351 1435 supra
2386 1367 2644 1431 diximus,
2682 1377 2790 1421 non
2819 1372 2947 1421 sunt
2969 1365 3191 1428 candor,
3221 1363 3310 1418 sed
3332 1379 3422 1433 per
3447 1379 3525 1419 eos
3540 1379 3680 1432 perre-

2179 1459 2338 1511 -nitur
2359 1457 2424 1510 ad
2476 1455 2764 1510 candorem
2803 1472 2816 1519 ;
2865 1470 2929 1508 ac
2976 1455 3114 1519 ideo,
3170 1463 3229 1508 ut
3266 1453 3570 1524 praatulimus,
3610 1467 3680 1522 per

2193 1547 2433 1603 casulam
2488 1561 2775 1617 possumus
2806 1544 3109 1615 intelligere
3137 1545 3275 1614 ipsos
3301 1543 3518 1606 labores;
3557 1543 3681 1595 inca-

2194 1643 2350 1696 misia
2402 1654 2531 1694 vero
2584 1638 2757 1708 ipsam
2785 1636 3105 1691 munditiam
3151 1636 3323 1690 carnis
3356 1650 3462 1703 qua:
3497 1634 3681 1702 splendet

2196 1743 2322 1788 ante
2344 1731 2651 1785 Dominum.
2710 1728 2787 1781 Ex
2821 1726 2975 1781 nobis
3003 1726 3138 1796 ipsis
3180 1741 3448 1795 possumus
3469 1724 3684 1779 addiscere

2125 1815 2170 1872 Β
2199 1824 2343 1878 aliud
2395 1837 2516 1876 esse
2563 1818 2847 1890 jejunium,
2881 1817 3159 1872 orationes
3194 1826 3249 1870 et
3270 1816 3478 1886 vigilias,
3516 1825 3560 1869 et
3580 1811 3684 1866 aliud

2195 1915 2515 1972 munditiam
2566 1911 2769 1988 carnis.
2812 1909 2963 1963 Multi
3012 1908 3159 1964 enim
3197 1906 3444 1977 jejunant,
3479 1917 3525 1962 et
3554 1912 3687 1970 erant,

2193 2023 2258 2063 ac
2284 2005 2526 2076 vigilant,
2557 2011 2613 2056 et
2631 2000 2775 2071 quod
2805 1999 3025 2070 gravius
3046 2009 3152 2065 est,
3177 1997 3473 2066 delinquunt
3496 2011 3574 2066 per
3596 2010 3683 2048 car-

2194 2099 2278 2152 nis
2323 2094 2638 2166 appetitum.
2717 2091 2872 2146 Unde
2931 2099 2988 2146 et
3033 2089 3386 2161 Hieronymus
3429 2089 3474 2143 in
3514 2095 3687 2141 tractatu

2194 2189 2447 2262 Epistolas
2486 2187 2553 2241 ad
2578 2184 2878 2254 Ephesios:
2911 2180 3110 2248 Quanti
3158 2181 3297 2246 enim
3334 2179 3536 2248 diligunt
3560 2177 3687 2230 Domi-

2195 2297 2345 2344 num,
2392 2277 2566 2348 parati
2591 2274 2802 2348 exsilia,
2826 2273 3004 2343 parati
3027 2271 3310 2342 martyria,
3331 2269 3490 2340 parati
3509 2267 3688 2335 inopiam

2195 2379 2251 2426 et
2305 2370 2486 2424 omnia
2539 2381 2637 2437 pro
2659 2381 2724 2419 eo
2771 2361 3228 2418 contumeliarum
3253 2375 3436 2432 genera
3467 2358 3686 2415 sustinere,

2195 2472 2248 2517 et
2283 2459 2633 2516 nihilominus
2661 2456 2844 2511 carnis
2863 2453 3116 2524 passione
3142 2450 3473 2523 superantur!

2818 2635 3044 2694 CAPUT
3090 2633 3158 2687 V.

2538 2776 2615 2832 De
2642 2779 2858 2832 introitu
2879 2779 3111 2849 episcopi
3137 2777 3205 2832 ad
3231 2777 3446 2831 missam.

2270 2917 2523 2974 Ofﬁcium
2566 2917 2708 2986 quod
2760 2923 2984 2970 vocatur
3031 2913 3292 2968 lntroitus
3358 2909 3542 2967 missat,
3579 2900 3698 2955 habet

2202 3011 2417 3064 initium
2467 3023 2496 3062 a
2525 3009 2700 3077 prima
2733 3006 3048 3075 antiphona,
3099 3020 3222 3075 quae
3261 3001 3444 3058 dicitur
3483 2993 3696 3050 lntroitus,

2200 3111 2256 3156 et
2294 3100 2478 3154 ﬁnitur
2516 3100 2570 3153 in
2596 3098 2843 3154 oratione
2879 3111 3000 3167 quae
3032 3112 3063 3150 a
3100 3095 3382 3151 sacerdote
3418 3089 3586 3145 dicitur
3610 3090 3700 3135 anle

2127 3181 2170 3240 C
2201 3191 2512 3246 lectionem.
2535 3190 2794 3243 lntroitus
2817 3187 3056 3258 episcopi
3081 3188 3149 3241 ad
3173 3185 3404 3245 missam,
3427 3179 3505 3249 Qui
3525 3171 3700 3228 νὶθπίυε

2202 3293 2286 3339 cst
2312 3283 2531 3346 Christi,
2570 3281 2738 3352 ipsius
2764 3279 3053 3335 adventum
3090 3278 3249 3332 nobis
3271 3276 3335 3330 ad
3364 3267 3627 3328 memoriam
3644 3276 3704 3316 rer

2200 3374 2369 3437 ducit,
2400 3379 2456 3427 et
2479 3369 2660 3442 pepuli
2682 3368 3062 3423 adunationem
3095 3367 3163 3421 ad
3187 3381 3330 3429 eum,
3362 3362 3462 3417 sive
3487 3372 3566 3428 per
3589 3362 3700 3406 suam

2200 3452 2661 3533 przcdicatiOnem,
2683 3460 2797 3514 sive
2823 3473 3041 3513 suorum
3065 3456 3486 3527 prmdicatorum.
3509 3443 3704 3533 lntroitus

2200 3532 2438 3622 episcopi
2464 3551 2770 3606 celebratur
2803 3561 2976 3617 usque
2998 3547 3069 3601 ad
3097 3546 3389 3602 sessionem
3412 3553 3562 3595 suam.
3597 3532 3701 3588 Tan-

2199 3645 2277 3713 git
2300 3643 2444 3696 euim
2467 3657 2532 3696 ex
2558 3650 2712 3710 parte
2727 3639 2966 3694 ofﬁcium
2987 3639 3138 3708 quod
3161 3637 3406 3693 Christus
3422 3623 3703 3718 corporalilet

2199 3710 2435 3802 gessitin
2460 3739 2624 3795 terra,
2653 3730 2766 3785 sive
2781 3727 3029 3798 discipuli
3053 3726 3198 3796 ejus,
3231 3736 3490 3794 usquequo
3520 3710 3703 3770 ascendit

2199 3827 2265 3880 aal
2291 3825 2472 3880 sedem
2504 3833 2805 3894 paternam.
2826 3821 2940 3876 Hoc
2967 3821 3212 3877 ofﬁcium
3235 3818 3430 3874 addidit
3453 3815 3602 3870 missze
3619 3803 3703 3860 Cir.

2199 3917 2445 3973 lestinus.
2489 3914 2603 3978 ille,
2646 3923 2706 3969 ut
2729 3914 2782 3969 in
2809 3911 2989 3968 Gestis
3016 3912 3417 3983 pontiﬁcalibus
3443 3904 3701 3962 continetur.

2199 4009 2512 4072 constituit,
2564 4015 2623 4061 ut
2668 4005 2858 4076 psalmi
2906 4005 3079 4062 David
3140 4014 3355 4061 centum
3392 3993 3704 4072 quinquaginta

2198 4111 2325 4155 ante
2359 4098 2687 4158 sacriﬁcium
2707 4096 3072 4168 psallerentur
3096 4093 3481 4166 antiphonatim
3514 4103 3566 4142 es
3581 4078 3705 4168 omnif

2197 4193 2320 4254 bus,
2340 4181 2494 4259 "quod
2519 4197 2645 4244 ante
2665 4167 2770 4243 non
2801 4186 2983 4252 ﬁebat,
3011 4187 3122 4243 nisi
3153 4195 3360 4242 tantum
3383 4177 3581 4253 epistola
3604 4167 3706 4229 brati

2199 4279 2424 4350 apostoli
2474 4277 2627 4332 Pauli
2673 4277 3006 4332 recitabatur
3044 4285 3103 4330 et
3123 4286 3371 4331 sanctum
3410 4264 3707 4337 Evangelium.

2199 4379 2254 4423 et
2274 4369 2352 4423 sic
2381 4366 2547 4421 missa
2569 4365 2963 4420 celebrabatur.
2997 4363 3155 4431 Quod
3179 4379 3280 4420 nos
3303 4363 3373 4418 ita
3402 4353 3708 4426 intelligimus.

2198 4470 2258 4514 ut
2299 4476 2365 4514 ex
2395 4458 2644 4513 omnibus
2685 4456 2909 4526 psalmis
2947 4465 3273 4524 excerperet
3311 4451 3606 4522 antiphonas
3622 4452 3710 4511 qua

2119 4525 2172 4583 Β
2197 4550 2557 4622 psallerentur
2580 4550 2635 4603 in
2651 4525 2830 4603 ollicio
2845 4549 3043 4603 missae.
3070 4547 3210 4602 Nam
3238 4556 3395 4601 antea
3422 4537 3710 4599 inchoabatur

2193 4644 2356 4697 missa
2393 4654 2424 4695 a
2453 4642 2704 4697 lectione.
2737 4640 2839 4708 Qui
2864 4655 2981 4694 mos
3009 4640 3192 4695 adhuc
3215 4637 3539 4695 retineturin
3558 4623 3712 4698 vigiliis

2192 4728 2421 4788 Paschae
2465 4740 2519 4786 et
2577 4733 2632 4786 in
2661 4731 2859 4802 vigiliis
2887 4729 3272 4797 Pentecostes;
3333 4728 3562 4784 Christus
3589 4717 3712 4774 Filius

2192 4825 2310 4888 Dei,
2360 4825 2449 4894 qui
2491 4821 2642 4893 elegit
2673 4837 2803 4878 suos
2854 4832 2975 4876 ante
3012 4821 3200 4875 mundi
3231 4817 3636 4874 constitutionem,
3668 4811 3706 4856 Il

2193 4923 2358 4968 essent
2383 4913 2550 4968 sancti
2572 4923 2620 4967 et
2643 4911 2967 4966 immaculati
2990 4910 3208 4982 (Ephes.
3244 4910 3306 4981 ι),
3331 4909 3473 4963 misit
3496 4906 3712 4976 praecones

2199 5006 2252 5058 in
2275 5004 2458 5060 Veteri
2493 4999 2860 5068 Testamento,
2884 5012 2943 5057 ut
2974 5007 3040 5058 de
3066 5002 3193 5057 aliis
3218 5013 3444 5064 taceam,
3476 4997 3556 5067 qui
3580 4985 3714 5045 suavi-

2199 5105 2309 5150 tate
2349 5110 2414 5150 ac
2453 5078 2824 5150 modulatione
2859 5095 3005 5148 vocis
3044 5093 3306 5163 pepulum
3349 5105 3496 5146 suum
3533 5091 3712 5148 congrc’

2197 5195 2388 5258 garent
2434 5185 2504 5240 ad
2550 5185 2710 5239 unius
2753 5185 2850 5238 Dei
2893 5183 3118 5238 cultum.
3169 5184 3410 5250 Quorum
3447 5186 3613 5233 auctor
3644 5167 3715 5221 lui!

2196 5257 2384 5340 David,
2418 5276 2484 5330 de
2521 5289 2627 5344 quo
2655 5274 3013 5344 Augustinum
3054 5272 3392 5342 praetulimus
3425 5270 3653 5323 dicentem
3674 5257 3712 5307 if-

2196 5366 2566 5434 superioribus
2608 5361 2828 5434 (Supra,
2852 5382 2899 5418 c.
2921 5365 2976 5429 ’5,
3005 5366 3231 5433 August.
3251 5364 3316 5417 de
3350 5362 3552 5416 Cititate
3572 5351 3663 5408 Dei.
3686 5345 3712 5397 l-

2196 5471 2330 5521 xvu,
2361 5473 2477 5525 cap.
2505 5454 2613 5525 14).
2645 5455 2776 5509 Erat
2809 5463 2988 5509 autem
3020 5454 3192 5510 David
3219 5457 3305 5508 vir
3331 5455 3383 5508 in
3409 5450 3608 5508 canticis
3628 5453 3717 5493 σπι·

2197 5549 2374 5612 ditus,
2421 5549 2514 5617 qui
2568 5549 2904 5604 harmoniam
2951 5547 3220 5603 musicam
3289 5565 3395 5603 non
3429 5540 3607 5614 vulgari
3647 5549 3717 5586 τοι

2197 5638 2433 5705 luptate,
2513 5638 2606 5691 sed
2655 5637 2795 5692 ﬁdeli
2843 5637 3120 5691 voluntate
3181 5637 3397 5700 dilexit,
3441 5643 3490 5688 et
3534 5627 3714 5693 reliqua-

2196 5725 2322 5780 I‘ost
2373 5741 2495 5780 eum
2556 5726 2756 5791 Eman,
2813 5726 3016 5797 Asaph,
3066 5725 3247 5782 Ethan
3310 5736 3363 5783 et
3424 5723 3629 5784 ldithuu,
3667 5713 3714 5766 de
