3938 6178
324 282 461 338 1109

1075 281 1160 336 DE
1199 279 1754 338 ECCLESIASTICIS
1796 281 2081 335 OFFICIIS
2121 280 2297 335 LIBRI
2337 278 2425 334 IV.
2467 310 2537 319 —
2574 278 2702 333 LIB.
2746 278 2826 334 III.

3460 281 3590 336 1110

316 396 525 464 quibus
557 393 669 462 jam
728 393 1050 462 pmdictum
1097 403 1202 456 est,
1242 402 1298 448 et
1344 394 1470 459 quid
1501 393 1770 464 signiﬁcet
1815 410 1906 448 eo-
1934 393 1983 451 A
2011 406 2208 460 corpus
2241 389 2442 444 Christi
2469 389 2687 459 plenum
2713 389 2880 444 odore
2903 388 3062 444 bono.
3097 386 3210 446 lloc
3231 391 3379 446 enim
3396 407 3594 464 corpus

322 502 443 540 rum
467 483 808 554 psalterium,
832 483 1062 548 cithara,
1114 491 1446 554 tympanum,
1477 483 1708 546 chordae,
1745 497 1904 553 orga-

318 594 471 640 num,
500 584 558 638 et
583 584 800 632 caetera.
853 575 979 630 [huc
1003 576 1185 630 omnia
1213 583 1339 632 sunt
1368 576 1420 629 in
1446 589 1612 645 opere
1636 583 1692 630 et
1719 582 1902 630 cantu.

321 671 479 725 Unde
509 683 628 724 mos
650 666 870 721 inolevit
887 675 947 720 ut
967 682 1072 720 non
1100 667 1350 721 sedeatur
1376 665 1429 720 in
1451 665 1701 729 ecclesia,
1730 680 1905 733 quan-

315 761 412 816 diu
451 774 690 832 praesens
751 758 982 813 ollicium
1032 758 1233 827 agitur,
1279 757 1534 827 quoniam
1581 756 1814 827 operarii
1855 766 1909 811 et

318 850 578 906 laborarii
623 848 824 905 Christi
867 849 982 903 sive
1029 861 1338 917 praiconum
1385 846 1502 916 ejus
1557 847 1906 916 deputantur,

319 945 413 1011 qui
458 941 829 1014 praedestinati
863 939 932 994 ad
957 940 1162 994 cultum
1188 939 1348 996 unius
1371 937 1467 993 Dei
1500 945 1783 992 vocantur.
1831 935 1909 990 De

318 1050 430 1104 quo
454 1041 599 1091 statu
631 1034 760 1088 dicit
788 1032 1000 1088 libellus
1025 1032 1116 1102 qui
1153 1031 1472 1085 inscribitur
1503 1030 1570 1086 de
1591 1029 1781 1085 ordine
1801 1028 1909 1084 Ro-

319 1141 488 1180 mano
519 1143 532 1178 :
589 1122 895 1179 «Pontifex
928 1122 1118 1192 incipit
1160 1119 1346 1176 Gloria
1378 1121 1434 1174 in
1458 1119 1674 1175 excelsis
1699 1118 1833 1184 Deo,
1860 1119 1907 1173 si

319 1223 536 1283 tempus
580 1211 766 1278 fuerit,
804 1220 862 1266 et
903 1226 1011 1267 non
1061 1211 1213 1265 sedet
1264 1218 1554 1279 antequam
1595 1210 1743 1264 dicat
1786 1217 1908 1278 post

319 1305 626 1359 orationem
670 1303 898 1372 primam
939 1302 1124 1356 Amen.
1167 1321 1186 1354 ι
1241 1299 1560 1370 Quicunque
1607 1301 1751 1354 enim
1797 1301 1908 1355 Deo

323 1392 636 1458 attrahitur,
686 1390 1042 1446 delectatione
1078 1391 1384 1455 attrahitur,
1429 1406 1532 1444 non
1559 1390 1904 1446 necessitate.

324 1488 479 1543 Unde
499 1487 826 1558 Augustinus
847 1486 901 1540 in
925 1493 1158 1540 tractatu
1189 1499 1352 1553 super
1372 1483 1634 1538 Joannem
1656 1499 1906 1540 sermone

323 1578 584 1633 vicesimo
615 1578 775 1632 tertio
806 1595 818 1630 :
852 1574 1023 1631 Porro
1051 1575 1096 1630 si
1120 1584 1291 1645 poeta:
1318 1575 1499 1630 dicere
1527 1562 1696 1639 licuit,

690 1715 863 1766 Trahit
885 1729 972 1766 sua
999 1728 1250 1778 quemque
1272 1715 1494 1777 voluptas
1519 1729 1531 1762 :

1153 1797 1363 1854 VIRGIL.
1390 1800 1442 1852 in
1465 1798 1652 1853 Bucol.

323 1953 433 1991 non
455 1935 774 1998 necessitas,
802 1934 895 1989 sed
928 1933 1212 2004 voluptas;
1241 1949 1349 1989 non
1379 1933 1660 2004 obligatio,
1699 1932 1793 1988 sed
1821 1933 1912 1990 de-

324 2024 588 2090 lectatio;
628 2033 831 2094 quanto
873 2023 1068 2078 fortius
1115 2039 1215 2079 nos
1257 2023 1440 2079 dicere
1472 2024 1731 2104 debemus
1767 2025 1912 2081 trahi

325 2113 602 2170 hominem
644 2113 711 2168 ad
742 2113 1018 2169 Christum
1061 2113 1156 2183 qui
1189 2112 1489 2169 delectatur
1524 2113 1776 2180 veritate,
1821 2115 1914 2170 de-

259 2183 283 2204 ’
323 2205 556 2260 luctatur
579 2205 930 2271 beatitudine,
981 2206 1289 2261 delectatur
1333 2205 1566 2276 iustitia,
1613 2206 1914 2262 delectatur

324 2295 658 2366 sempiterna
687 2297 817 2349 vita.
850 2295 929 2351 Ac
963 2295 1084 2352 ideo
1132 2303 1415 2352 cantorum
1442 2295 1616 2352 dulcis
1640 2312 1742 2352 vox
1787 2298 1914 2352 huic

322 2388 480 2458 operi
508 2386 688 2442 dedita
715 2396 818 2453 est,
850 2395 911 2441 ut
955 2403 1051 2443 sua
1079 2386 1360 2442 dulcedine
1387 2386 1575 2441 idonea
1605 2387 1678 2442 sit
1708 2387 1913 2442 hortari

325 2475 586 2547 populum
613 2475 678 2530 ad
704 2474 1069 2530 conﬁtendum
1092 2475 1338 2530 Domino.
1366 2475 1444 2529 lta
1469 2476 1615 2530 enim
1649 2477 1912 2545 scriptum

326 2575 412 2622 est
449 2568 503 2621 in
535 2567 670 2621 libro
693 2565 1139 2635 Paralipomenon
1169 2559 1255 2638 (II
1285 2563 1420 2620 Par.
1452 2566 1526 2637 v).
1574 2566 1742 2636 Igitur
1775 2583 1912 2621 cun-

328 2659 436 2713 ctis
459 2658 664 2728 pariter
690 2665 746 2711 et
770 2656 913 2711 tubis
947 2665 1002 2710 et
1029 2671 1184 2722 voce,
1224 2656 1484 2728 cymbalis
1509 2665 1561 2711 et
1584 2659 1822 2728 organis,
1861 2667 1917 2712 et

329 2749 531 2803 diversi
560 2747 770 2818 generis
805 2748 1136 2802 musicorum
1162 2749 1601 2813 concinentibus,
1645 2758 1700 2805 et
1728 2767 1912 2806 vocem

332 2839 389 2892 in
410 2836 640 2893 sublime
669 2836 1000 2902 tollentibus,
1031 2837 1187 2909 longe
1217 2839 1426 2894 sonitus
1447 2840 1684 2904 auditur,
1713 2849 1771 2894 ut
1791 2856 1913 2896 cum

332 2932 619 2986 Dominum
636 2930 856 2985 laudare
879 2931 1172 3000 coepissent
1196 2940 1251 2986 et
1267 2932 1510 2987 dicerent
1533 2946 1548 2985 :
1581 2930 1916 3002 Couﬁtemiui

332 3023 557 3076 Domino
585 3023 832 3094 quoniam
855 3022 1038 3089 bonus,
1079 3025 1326 3094 quoniam
1346 3025 1401 3077 in
1420 3034 1674 3079 teternum
1711 3026 1913 3081 miseri-

329 3115 514 3169 cordia
536 3115 673 3186 ejus,
701 3114 1016 3184 impleretur
1041 3117 1232 3172 domus
1257 3115 1350 3172 Dei
1381 3116 1541 3182 nube,
1569 3133 1668 3173 nec
1691 3127 1913 3188 possent

333 3203 650 3260 sacerdotes
687 3212 835 3261 stare
875 3214 932 3260 et
977 3206 1291 3260 ministrare
1335 3213 1553 3276 propter
1581 3207 1867 3279 caliginem
1897 3227 1908 3261 :

333 3295 698 3366 compleverat
717 3296 863 3351 enim
876 3296 1045 3367 gloria
1065 3297 1274 3352 Domini
1291 3297 1507 3352 domum
1523 3297 1760 3355 Domini.
1775 3298 1917 3355 Pro:-

335 3387 564 3440 conibus
583 3385 957 3454 psallentibus,
987 3387 1203 3456 quando
1220 3385 1424 3456 placuit
1446 3385 1664 3444 Christo
1688 3387 1916 3446 Domino

339 3475 689 3546 psallentium
716 3477 924 3542 venire,
953 3476 1197 3530 ascendit
1223 3491 1388 3545 super
1410 3491 1631 3531 currum
1659 3492 1835 3544 suum,
1861 3486 1920 3533 et

337 3571 487 3625 venit
507 3572 560 3626 in
583 3573 840 3626 mundum
865 3571 1149 3641 disponere
1176 3572 1424 3626 eumdem
1445 3587 1662 3626 currum
1681 3585 1776 3642 per
1797 3572 1917 3627 loca

333 3677 597 3731 congrua.
655 3662 728 3717 De
760 3677 867 3731 quo
891 3677 1055 3717 curru
1084 3663 1215 3718 dicit
1236 3663 1521 3718 Psalmista
1552 3682 1564 3716 :
1597 3661 1797 3720 Curras
1819 3664 1918 3719 Dei

335 3753 514 3805 decem
536 3751 765 3806 millibus
791 3752 1064 3824 multiplex
1089 3750 1261 3825 (Psal.
1295 3753 1484 3825 van).
1545 3753 1696 3810 Unde
1722 3755 1920 3811 iterum

335 3843 669 3914 Augustinus
696 3844 750 3897 in
781 3843 992 3914 psalmo
1012 3845 1349 3914 sexagesimo
1376 3845 1605 3916 septimo
1631 3863 1643 3898 :
1682 3845 1921 3900 Multitu-

335 3934 522 3990 dinem
547 3943 856 3990 sanctorum
885 3943 1047 4004 autne
1073 3934 1310 3990 ﬁdelium
1339 3935 1432 4005 qui
1458 3936 1722 4005 portando
1747 3937 1921 3993 Deum

338 4029 478 4083 ﬁunt
505 4028 900 4098 quodammodo
926 4045 1123 4086 currus
1144 4030 1260 4096 Dei,
1289 4031 1522 4102 signavit
1543 4033 1648 4088 hoc
1675 4033 1916 4089 nomine.

340 4117 495 4174 llanc
517 4120 574 4173 in
602 4119 869 4174 manendo
894 4117 1194 4192 [minando]
1229 4128 1285 4176 et
1310 4123 1544 4191 regendo
1573 4122 1818 4192 perducit
1842 4123 1900 4178 in

343 4210 510 4264 ﬁnem
561 4218 822 4279 tanquam
854 4226 1075 4266 currum
1125 4226 1303 4277 suum,
1345 4213 1492 4268 velut
1535 4213 1591 4268 in
1621 4213 1799 4270 locum
1828 4213 1924 4268 ali-

337 4319 505 4372 quem
533 4302 881 4358 destinatum.
913 4303 1195 4373 Multitudo
1233 4304 1418 4360 decem
1449 4305 1673 4362 millium
1713 4314 1925 4362 sancto-

343 4408 464 4446 rum
488 4401 572 4448 est
613 4393 666 4448 in
701 4393 982 4449 ordinibus
1001 4393 1390 4450 ecclesiasticis
1423 4403 1478 4450 et
1509 4396 1560 4450 in
1586 4397 1924 4452 auditoribus

2009 485 2184 552 primo
2233 498 2456 540 necesse
2497 493 2581 540 est
2621 484 2907 554 prmdicari
2955 485 3008 539 in
3039 485 3292 541 omnibus
3320 487 3591 557 gentibus.

2012 574 2165 629 Unde
2209 574 2404 629 Paulus
2434 575 2650 630 dicebat
2683 575 2751 630 ad
2776 575 2940 630 rudes
2962 575 3271 632 Corinthios
3296 592 3310 629 :
3342 577 3493 632 Nihil
3515 597 3597 632 me

2000 663 2238 731 judicavi
2262 666 2396 718 scire
2432 665 2567 718 inter
2597 680 2683 718 vos
2727 665 2827 719 nisi
2864 662 3133 725 Christum
3157 666 3360 734 Iesum,
3387 678 3434 722 et
3456 669 3615 723 hunc

2009 753 2323 823 cruciﬁxum
2361 753 2411 824 (l
2441 752 2564 809 Cor.
2598 755 2682 827 ιι).
2716 755 2851 810 Dein
2879 755 3124 812 ferantur
3154 757 3502 823 candelabra,
3533 768 3594 812 ut

2009 859 2171 912 super
2192 843 2597 899 fundamentum
2622 847 2736 916 jam
2764 847 3000 916 positum
3038 847 3214 902 luceat
3263 848 3356 903 lux
3387 851 3592 919 praedi-

2007 945 2251 991 catorum
2272 952 2455 992 coram
2484 939 2812 994 hominibus.
2842 937 2962 993 Jam
2990 940 3108 994 illos
3147 940 3483 996 illuminatos
3507 956 3596 996 se—

2009 1035 2245 1096 quantur
2298 1026 2636 1095 subdiaconi,
2690 1037 2749 1083 ut
2794 1030 2967 1099 possit
3011 1031 3433 1099 praedicatorum
3465 1033 3600 1087 ordo

2008 1118 2210 1183 dicere,
2251 1116 2581 1188 Sapientiam
2631 1118 2897 1190 loquimur
2939 1121 3075 1175 inter
3104 1123 3360 1192 perfectos
3387 1121 3437 1193 (I
3471 1121 3595 1176 Cor.

2009 1207 2091 1280 ιι).
2151 1207 2503 1278 Evangelium
2542 1209 2650 1264 illis
2671 1211 2954 1282 jungatur,
2985 1212 3037 1265 in
3067 1227 3173 1282 quo
3213 1221 3299 1268 est
3325 1213 3599 1268 declarata

2005 1298 2306 1368 perfectio:
2339 1297 2396 1354 Si
2420 1300 2497 1354 ris
2540 1299 2735 1370 inquit,
2783 1301 3046 1372 perfectus
3082 1318 3214 1368 esse,
3260 1303 3407 1367 vade,
3441 1303 3599 1358 vende

2007 1392 2181 1444 omnia
2199 1389 2414 1462 (Matth.
2432 1393 2570 1464 xxx).
2593 1391 2892 1464 Episcopus
2909 1403 2964 1449 et
2985 1395 3088 1449 sibi
3111 1395 3386 1466 conjuncti
3424 1395 3602 1449 Evan-

2006 1481 2204 1551 gelium
2252 1491 2571 1551 sequantur,
2608 1483 2768 1552 juxta
2795 1485 2924 1541 illud
2953 1486 3324 1558 evangelicum
3355 1502 3368 1540 :
3397 1487 3458 1542 Si
3483 1489 3601 1558 quis

2007 1571 2111 1626 vult
2126 1581 2240 1642 post
2257 1589 2336 1627 me
2357 1575 2528 1628 venire
2543 1574 2757 1645 abneget
2774 1578 3134 1647 semetipsum,
3151 1589 3198 1632 et
3216 1577 3367 1633 tollat
3393 1597 3602 1633 crucem

2005 1680 2176 1724 suam.
2194 1675 2242 1718 et
2265 1673 2510 1734 sequatur
2531 1682 2611 1720 me
2637 1665 2858 1738 (Matth.
2877 1671 3010 1738 χιιι).
3031 1669 3171 1724 Ante
3193 1671 3380 1727 oculos
3407 1673 3606 1727 habeat

1932 1746 1981 1804 B
2009 1755 2303 1824 saepissime
2336 1757 2623 1826 episcopus
2649 1759 2795 1828 quod
2841 1759 2895 1814 in
2929 1770 3110 1816 mente
3151 1777 3367 1831 semper
3391 1775 3606 1832 oportet

2014 1845 2269 1900 retinere.
2320 1845 2538 1917 Septem
2577 1850 2856 1918 prophetae
2885 1849 3000 1905 sive
3028 1851 3242 1906 diaconi
3268 1855 3472 1908 suntin
3502 1857 3603 1909 mi-

2013 1938 2260 2004 nisterio,
2284 1939 2410 2008 quia
2436 1940 2858 2009 septempliciter
2880 1943 3136 1998 dividitur
3161 1942 3441 2014 Scriptura
3463 1947 3604 2000 inter

2014 2028 2221 2084 Novum
2255 2029 2662 2087 Testamentum
2695 2042 2751 2088 et
2778 2034 2946 2090 Vetus
2973 2051 3093 2106 qua:
3136 2037 3426 2108 Evangelio
3448 2039 3603 2093 mini-

2016 2130 2214 2176 strant.
2243 2123 2544 2194 Episcopus
2580 2125 2758 2181 medio
2786 2126 2992 2182 vicario
3018 2127 3220 2183 Christi
3249 2129 3402 2198 quasi
3430 2129 3602 2184 Evan-

2015 2212 2234 2283 gelium,
2277 2213 2442 2269 habet
2487 2215 2542 2268 in
2573 2213 2722 2270 Novo
2755 2215 3102 2273 Testamento
3128 2218 3406 2274 ministros
3438 2220 3602 2274 histo-

2017 2303 2132 2367 riae,
2163 2312 2224 2357 ut
2251 2303 2454 2359 Lucam
2478 2305 2533 2360 in
2562 2304 2788 2362 Actibus
2823 2309 3230 2377 apostolorum;
3264 2311 3594 2366 habetmini-

2016 2403 2159 2449 stros
2187 2396 2240 2450 in
2267 2406 2472 2466 septem
2505 2397 2760 2468 Epistolis
2788 2399 3064 2456 canonicis
3089 2417 3102 2466 ;
3140 2401 3304 2458 habet
3327 2402 3604 2457 ministros

2017 2485 2070 2538 in
2093 2487 2502 2554 qua‘tuordecim
2543 2489 2799 2560 Epistolis
2827 2489 2980 2545 Pauli
3005 2508 3020 2555 ;
3059 2491 3221 2546 habet
3250 2493 3528 2547 ministros
3550 2493 3600 2545 in

2015 2575 2362 2646 Apocalypsi,
2387 2594 2442 2632 in
2472 2579 2651 2634 Veteri
2677 2580 3044 2647 Testamento,
3071 2581 3126 2636 in
3155 2581 3293 2654 lege,
3317 2585 3598 2653 prophetis

2017 2676 2074 2721 et
2105 2667 2348 2736 psalmis.
2382 2668 2534 2724 Unde
2576 2671 2837 2741 scriptum
2868 2680 2954 2728 est
2994 2673 3051 2727 in
3087 2672 3377 2744 Evangelio
3404 2672 3597 2728 Luem:

2021 2759 2152 2825 Qua:
2173 2761 2368 2831 scripta
2391 2772 2511 2816 sunt
2534 2763 2590 2817 in
2618 2761 2728 2834 lege
2752 2763 2972 2834 Moysis,
3007 2774 3055 2819 et
3077 2765 3363 2836 prophetis,
3387 2775 3433 2820 et
3458 2767 3602 2835 psal—

2017 2851 2115 2904 mis
2137 2850 2201 2906 de
2229 2867 2309 2905 me
2341 2850 2490 2922 (Luc.
2523 2853 2692 2924 χχιιι).
2743 2856 2816 2909 At
2841 2856 2885 2910 si
2909 2855 3150 2926 quinque
3187 2855 3410 2921 fuerint,
3442 2858 3603 2926 quin-

2020 2955 2125 3009 que
2175 2940 2458 2996 ministros
2503 2942 2766 2999 librorum
2813 2943 3151 3000 demonstrat
3218 2945 3271 2999 in
3314 2945 3606 3016 Evangelia

2022 3030 2356 3088 ministrare.
2393 3031 2692 3103 Episcopus
2741 3034 2794 3088 in
2819 3034 2998 3089 medio
3037 3035 3194 3105 quasi
3233 3034 3608 3105 Evangeliuni,

2019 3120 2186 3176 habet
2232 3121 2287 3176 in
2328 3121 2477 3178 Novo
2503 3122 2851 3179 Testamento
2880 3126 3114 3194 primum
3144 3125 3388 3180 ordinem
3419 3127 3608 3195 prandi--

2021 3218 2264 3264 catorum
2301 3211 2562 3278 historia),
2609 3214 2902 3268 secundum
2945 3215 3330 3284 Epistolarum,
3388 3217 3604 3270 tertium

2021 3305 2428 3374 prephetarum,
2483 3313 2544 3360 ut
2563 3313 2646 3361 est
2691 3307 3065 3378 Apocalypsis,
3115 3309 3168 3362 in
3204 3307 3383 3363 Veteri
3417 3307 3604 3362 Testa—-

2021 3401 2204 3448 mento
2237 3409 2403 3448 unum
2439 3393 2593 3466 legis,
2639 3403 2694 3450 et
2715 3395 2945 3450 alterum
2976 3397 3290 3467 prophetiaz.
3352 3395 3476 3450 lianc
3501 3397 3606 3450 duo

2020 3482 2299 3554 Philippus
2321 3485 2374 3540 in
2394 3483 2617 3541 Joannis
2629 3487 2979 3558 Evangelium
3003 3489 3072 3542 ad
3101 3488 3340 3543 medium
3365 3488 3600 3552 deducit,

2021 3573 2246 3630 dicens:
2281 3573 2448 3640 Quem
2490 3577 2698 3644 scripsit
2743 3576 2950 3647 Moyses
2983 3579 3038 3631 in
3079 3577 3210 3648 lege,
3233 3587 3280 3632 et
3323 3579 3603 3648 propheta.

2021 3668 2312 3723 invenimus
2337 3665 2518 3722 Iesum
2547 3667 2717 3738 ﬁlium
2740 3669 2934 3738 Ioseph
2963 3687 2995 3723 a
3030 3668 3298 3725 Nazareth
3324 3668 3503 3740 (Joan.
3541 3673 3596 3740 ιξξ,

2020 3757 2090 3812 At
2111 3758 2156 3812 si
2179 3757 2380 3815 fuerint
2401 3766 2509 3815 tres
2533 3758 2965 3816 ministrationes
2983 3759 3149 3814 trium
3177 3759 3458 3825 librorum,
3486 3760 3603 3816 fons

2023 3849 2198 3905 omnis
2223 3849 2503 3920 sapientia:
2531 3849 2880 3921 Evangelium
2911 3849 2965 3904 in
2996 3849 3176 3906 medio
3209 3850 3343 3906 duos
3365 3850 3530 3907 libros
3553 3857 3602 3906 in

2026 3939 2178 3995 Novo
2206 3939 2576 4009 Testamento,
2626 3942 2834 3998 scilicet
2878 3940 3243 4012 Epistolarum
3281 3950 3336 3997 et
3374 3944 3606 4013 prophe-

2025 4039 2226 4087 tarum.
2254 4032 2414 4089 Liber
2436 4033 2606 4090 Actus
2635 4035 3022 4104 apostolorum,
3045 4034 3136 4104 qui
3167 4035 3400 4088 mittitur
3431 4035 3603 4092 Theo—

2025 4121 2192 4192 philo,
2223 4121 2478 4194 Epistolis
2501 4123 2861 4194 coniungitur.
2902 4123 2980 4177 Ex
3012 4139 3116 4176 una
3143 4138 3201 4177 re
3228 4131 3312 4177 est
3341 4122 3605 4192 Epistula,

2023 4212 2151 4280 quia
2173 4211 2406 4267 mittitur
2428 4212 2588 4267 alicui
2612 4212 2844 4276 homini;
2868 4227 2932 4266 ex
2959 4209 3149 4274 altera,
3173 4209 3297 4278 quia
3325 4211 3604 4265 historiam

2026 4313 2238 4359 tantum
2263 4305 2522 4368 continet,
2573 4310 2681 4358 stat
2708 4317 2806 4372 per
2833 4317 2891 4357 se
2918 4320 2930 4355 :
2959 4303 3014 4356 in
3049 4300 3229 4356 Veteri
3261 4301 3603 4357 Testamento

2025 4409 2223 4460 unum;
2257 4395 2433 4449 omnis
2455 4393 2737 4464 Scriptura
2763 4393 2903 4463 apud
2926 4401 3137 4448 veteres
3159 4392 3245 4447 lex
3273 4393 3602 4454 nominatur,

340 4499 551 4537 eorum.
610 4483 827 4554 Septem
863 4484 1062 4554 gradus
1105 4493 1234 4539 sunt
1263 4486 1655 4553 ordinaturum,
1699 4495 1924 4543 octavus
1948 4465 2004 4527 D
2028 4485 2171 4540 sicut
2211 4483 2277 4538 de
2301 4483 2531 4539 Psalmis
2558 4483 2756 4537 dicitur
2785 4501 2797 4536 :
2831 4481 2900 4536 Et
2943 4483 2997 4538 in
3023 4481 3132 4554 lege
3154 4493 3318 4538 vestra
3356 4484 3603 4553 scriptun;

341 4580 648 4636 cantorum,
701 4588 872 4628 nouus
913 4583 968 4629 et
1002 4574 1246 4629 decimus
1290 4575 1597 4630 auditorum
1638 4577 1923 4647 utriusque

340 4679 526 4719 sexus.
548 4663 602 4716 M
608 4663 774 4718 illium
797 4664 1031 4732 additur,
1055 4664 1121 4719 ad
1143 4664 1521 4719 insinuandam
1535 4665 1920 4735 perfectionem

341 4771 556 4810 eorum.
590 4756 857 4812 Veniente
881 4757 1128 4822 Domino,
1160 4757 1310 4812 ducit
1334 4771 1519 4811 secum
1539 4757 1832 4827 prophetas
1865 4767 1922 4813 et

342 4849 617 4918 sapientes
646 4857 702 4903 et
736 4848 944 4904 scribas
975 4867 988 4902 :
1019 4849 1117 4904 hos
1148 4851 1200 4903 in
1235 4849 1525 4920 Evangelia
1565 4848 1840 4918 promittit
1867 4865 1923 4904 se

347 4940 564 4993 mittere
612 4939 679 4992 ad
709 4939 1041 4993 invitandum
1085 4939 1357 5009 populum.
1401 4939 1537 4994 Ecce
1579 4955 1693 5010 ego,
1725 4938 1922 5008 inquit,

347 5032 554 5084 mittam
581 5030 650 5084 ad
672 5047 758 5085 vos
788 5030 1064 5100 prophetas
1100 5042 1139 5085 ει
1168 5033 1425 5102 sapientes
1445 5040 1492 5085 et
1519 5031 1740 5096 scribas,
1763 5043 1818 5085 et
1838 5046 1924 5085 reo

350 5123 498 5191 liqua
553 5121 768 5192 (Matth.
795 5122 978 5194 mu).
1027 5121 1247 5177 Diaconi
1290 5123 1344 5176 in
1384 5122 1502 5177 loco
1542 5123 1926 5193 prophetarum

349 5219 500 5278 stitit,
550 5213 642 5282 qui
687 5212 1008 5266 annuntiant
1043 5228 1111 5266 ex
1137 5211 1425 5281 Evangelia
1463 5211 1698 5267 futuram
1739 5213 1926 5269 vitam.

349 5299 701 5366 Subdiaconi,
739 5301 795 5356 in
823 5301 945 5357 loco
968 5302 1292 5371 sapientum.
1346 5302 1438 5371 qui
1483 5303 1661 5357 sciunt
1682 5301 1931 5357 ordinate

351 5406 482 5446 vasa
520 5391 734 5447 Domini
770 5392 1079 5462 disponere,
1127 5393 1351 5461 etquod
1393 5391 1626 5462 primum
1654 5392 1930 5446 ferendum

351 5482 444 5546 sit,
481 5483 734 5552 quodque
763 5483 1053 5553 posterius.
1097 5482 1345 5552 Acolythi
1384 5483 1582 5549 in,loco
1605 5483 1928 5546 scribarum,

351 5575 445 5640 qui
503 5575 807 5629 accendunt
847 5573 1010 5628 corda
1055 5572 1287 5628 ﬁdelium
1332 5589 1397 5628 ex
1436 5571 1710 5642 Scriptura
1756 5588 1926 5626 sacra.

356 5662 637 5720 l'rmvenit'
676 5667 728 5720 in
773 5665 1044 5720 thuribulo
1099 5664 1412 5734 thymiama,
1472 5663 1614 5734 quod
1663 5663 1932 5732 signiﬁcat

2026 4585 2124 4642 est,
2146 4576 2270 4647 quia
2294 4592 2387 4647 ego
2410 4575 2520 4630 dixi
2545 4589 2564 4627 :
2592 4575 2679 4628 Dii
2710 4575 2831 4630 estis
2861 4573 3032 4647 (Psal.
3069 4575 3277 4645 um).
3328 4575 3476 4631 Unde
3501 4575 3607 4628 Au-

2029 4668 2276 4739 gustinus
2306 4677 2636 4722 memoratus
2662 4668 2716 4721 in
2747 4676 2979 4722 tractatu
3005 4683 3165 4738 super
3179 4666 3464 4732 Joannem,
3495 4684 3606 4722 ser»

2031 4774 2190 4812 mone
2215 4758 2632 4828 quadragesimo
2660 4766 2852 4826 quarto
2880 4776 2892 4810 :
2953 4757 3148 4828 Legem
3181 4757 3470 4827 appellavit
3498 4757 3606 4812 Do—

2033 4851 2213 4906 minus
2244 4849 2569 4922 generaliter
2623 4864 2811 4904 omnes
2843 4848 2962 4902 illas
3000 4847 3326 4918 Scripturas,
3357 4850 3606 4919 quamvis

2034 4942 2160 4996 alibi
2189 4942 2498 5010 specialiter
2525 4941 2670 4996 dicat
2694 4941 2889 5010 legem,
2915 4957 2946 4995 a
2971 4941 3247 5010 prophetis
3271 4955 3391 4995 eam
3419 4939 3609 4994 distin-

2036 5049 2225 5102 guens,
2279 5035 2437 5088 sicuti
2478 5042 2582 5098 est,
2609 5032 2719 5088 Lex
2752 5043 2800 5086 et
2835 5034 3098 5102 propheta:
3136 5050 3298 5104 usque
3329 5031 3399 5086 ad
3441 5031 3609 5085 Joan-

2036 5140 2150 5177 nem
2193 5124 2627 5194 prophetaverunt
2663 5123 2875 5194 (Matth.
2910 5126 3008 5195 χι).
3056 5123 3160 5180 Et:
3190 5124 3255 5178 In
3301 5123 3382 5178 his
3407 5121 3608 5176 duobus

2037 5213 2300 5266 ntamlatis
2349 5225 2456 5266 tota
2487 5213 2572 5267 lex
2593 5213 2775 5284 pendet
2803 5223 2850 5268 et
2878 5214 3144 5285 propheta:
3175 5211 3400 5284 (Matth.
3433 5225 3544 5263 χιιι
3563 5209 3607 5281 ).

2036 5303 2342 5373 Aliquando
2382 5313 2565 5358 autem
2612 5307 2666 5359 in
2693 5306 2796 5359 tria
2821 5307 3006 5361 divisit
3038 5306 3254 5360 easdem
3300 5302 3610 5372 Scripturas

2037 5394 2128 5447 ubi
2155 5395 2266 5447 ait:
2295 5393 2589 5463 Oportebat
2637 5397 2816 5449 omnia
2847 5396 3055 5465 impleri
3100 5409 3217 5464 qua:
3245 5393 3440 5460 scripta
3486 5401 3612 5446 sunt

2039 5483 2092 5537 in
2117 5483 2232 5553 lege
2256 5494 2308 5538 ct
2328 5485 2605 5554 prophetis
2627 5494 2680 5538 et
2704 5485 2926 5554 psalmis
2953 5483 3018 5537 de
3043 5497 3144 5536 me.
3180 5481 3235 5535 Si
3262 5496 3398 5535 unus
3428 5481 3606 5546 fuerit,

2041 5589 2202 5626 unum
2235 5581 2558 5642 praeceptum
2608 5572 2913 5628 dilectionis
2943 5569 3196 5635 ostendit,
3223 5578 3279 5623 ut
3323 5569 3609 5641 Apostolus

2040 5664 2103 5715 ad
2142 5663 2357 5717 Galatas
2387 5681 2396 5714 :
2426 5662 2606 5717 Omnis
2630 5661 2712 5715 lex
2740 5663 2791 5715 in
2822 5663 2916 5714 hoc
2937 5676 3172 5714 sermone
3195 5660 3436 5731 impletur
3459 5674 3475 5709 .'
3514 5659 3608 5711 Die
