3938 6178
377 317 513 378 illi

1414 307 1750 368 AMALARII
1789 304 2227 364 PRESBYTER]
2267 302 2615 362 METENSIS

3508 303 3653 360 me

369 441 505 508 liga
523 435 820 490 maximum
843 443 993 488 tuum
1017 439 1150 488 sicut
1174 441 1394 502 teipsum
1422 428 1567 501 (Gal.
1604 427 1682 496 v).
1721 425 1962 482 Ministe-
1988 425 2041 486 Α
2063 422 2283 478 Patrem
2316 421 2418 478 nisi
2447 422 2516 477 ab
2552 421 2744 477 eodem
2770 419 3052 491 unigenito
3090 419 3228 476 Filio
3252 419 3394 489 ejus,
3446 376 3681 495 qui

375 527 520 582 rium
540 525 817 597 propheta:
845 532 951 588 est,
981 538 1051 579 ex
1079 521 1397 578 memoratis
1411 520 1566 577 libris
1593 517 1960 592 evangelicam

374 618 664 674 veritatem
693 613 1011 686 approbare.
1043 612 1116 671 Ut
1140 611 1419 668 moderate
1450 611 1736 681 prophetia
1778 609 1960 680 dispo-

377 721 558 774 natur,
613 709 812 764 habeat
844 713 970 761 ante
997 720 1056 762 se
1107 689 1562 762 subdiaconorum
1609 704 1956 776 sapientiam,

375 802 584 858 scilicet
603 808 662 855 ut
691 812 931 870 congruo
956 805 1198 868 tempore
1235 797 1576 868 prophetent,
1623 805 1678 851 et
1715 796 1790 851 ita
1812 795 1961 851 crdi-

377 898 528 955 nate,
574 898 636 944 ut
682 889 856 960 possit
900 889 1019 959 capi
1049 887 1118 944 ab
1144 886 1486 943 auditoribus
1538 887 1683 957 quod
1731 887 1952 942 dicitur.

375 983 761 1055 Acolythorum
790 982 907 1048 lux,
941 982 1227 1038 doctorum
1259 981 1494 1052 expleat,
1545 991 1605 1035 ut
1649 984 1705 1036 in
1731 982 1959 1036 manife-

376 1083 517 1129 stam
545 1075 718 1130 lucem
744 1075 1043 1146 perducant
1087 1080 1418 1129 memoratos
1448 1073 1634 1130 libros.
1683 1074 1787 1141 Qui
1811 1075 1958 1130 enim

377 1166 653 1222 Christum
683 1166 942 1238 praecedit
962 1163 1026 1220 ad
1051 1165 1284 1234 aliquem
1304 1165 1502 1229 locum,
1527 1172 1586 1219 ut
1606 1165 1956 1236 Evangelium

377 1259 654 1328 przedicet,
698 1259 774 1312 ita
803 1258 1077 1327 sapienter
1106 1257 1268 1312 debet
1316 1256 1645 1327 praecedere,
1701 1264 1763 1310 ut
1783 1257 1960 1327 prosit

379 1351 716 1408 auditoribus
746 1361 802 1407 et
839 1349 1090 1421 explanet
1116 1349 1380 1404 obscuros
1416 1363 1607 1403 sensus
1647 1347 1958 1418 Scriptura-

377 1459 517 1496 rum.
556 1439 850 1512 Postquam
882 1441 1080 1496 transit
1104 1441 1340 1496 vicarius
1364 1441 1418 1494 in
1443 1440 1618 1494 medio
1646 1438 1959 1495 adolescen-

378 1533 613 1586 tularum
665 1531 1194 1604 tympanistriarum,
1258 1530 1327 1586 de
1380 1530 1577 1600 quibus
1622 1529 1957 1600 Augustinus

376 1624 468 1692 qui
512 1637 676 1692 supra
709 1621 809 1676 :ln
836 1621 1159 1687 ministerio,
1205 1622 1402 1692 inquit,
1465 1621 1788 1689 honorabili,
1830 1638 1958 1677 nam

377 1717 452 1769 ita
481 1723 608 1770 sunt
625 1715 680 1769 in
709 1713 887 1769 medio
908 1713 1160 1777 ministri,
1183 1712 1458 1784 praepositi
1477 1712 1841 1768 Ecclesiarum
1866 1729 1956 1769 no-

2063 515 2117 569 in
2147 515 2268 570 sinu
2290 513 2468 568 Patris
2495 511 2646 584 (Luc.
2667 512 2770 583 xi),
2787 512 3144 584 edoceantur.
3174 511 3330 579 Quod
3350 513 3652 582 separatim

2061 609 2298 665 diximus
2321 609 2388 663 de
2415 605 2680 671 diaconis,
2705 614 2765 662 et
2782 604 3153 672 subdiaconis,
3184 614 3241 660 et
3259 604 3555 676 acolythis,
3579 607 3656 661 de

2060 715 2388 771 unoquoque
2401 698 2665 769 discipulo
2686 697 2890 755 Christi
2916 698 3284 770 intelligimus,
3310 701 3405 753 sed
3425 708 3654 770 propter

2059 793 2321 864 quosdam
2372 791 2650 863 profectus
2695 789 3009 858 aﬂectuum,
3059 792 3222 847 unius
3272 792 3652 863 praedicatoris

2058 900 2195 955 Opus
2224 885 2572 956 distinguitur
2608 898 2708 954 per
2737 884 3064 955 multiplices
3085 885 3324 940 ordines.
3371 883 3651 940 Craterum

2057 974 2345 1044 propheta,
2370 974 2632 1029 diaconus
2659 973 2898 1044 sapiens,
2925 982 2982 1028 et
3007 975 3211 1030 scriba.
3262 973 3494 1044 Sapiens
3518 975 3652 1029 sub-

2058 1066 2338 1130 diaconus,
2362 1064 2628 1134 propheta
2649 1072 2705 1119 et
2735 1063 2915 1120 scriba
2939 1079 2956 1130 ;
2991 1065 3169 1120 scriba
3195 1065 3499 1136 acolythus,
3528 1081 3652 1134 pro-

2056 1157 2220 1226 pheta
2254 1164 2310 1210 et
2344 1155 2581 1225 sapiens.
2631 1155 2803 1211 Docet
2845 1155 3098 1211 Christus
3133 1171 3296 1212 orare
3329 1157 3646 1226 discipulos.

2057 1244 2420 1315 Quapropter,
2464 1253 2738 1312 cantores,
2790 1245 2846 1301 id
2871 1255 2975 1312 est,
3028 1246 3340 1303 laudatores
3383 1248 3650 1303 advenms

2056 1336 2291 1403 Domini,
2336 1337 2660 1392 annuntiant
2705 1344 2920 1407 tempus
2968 1352 3089 1393 esse
3125 1347 3188 1392 ut
3215 1339 3378 1395 corda
3420 1349 3648 1410 patrum

2057 1436 2443 1486 convertantur
2490 1431 2548 1485 in
2576 1429 2737 1485 ﬁlios.
2779 1427 2934 1485 Sicut
2971 1430 3246 1485 Abraham
3281 1439 3395 1486 tres
3421 1433 3648 1503 angelos

2055 1523 2191 1578 vidit
2211 1518 2363 1593 (Gen.
2390 1521 2570 1593 xvm);
2601 1531 2656 1577 et
2686 1530 2870 1578 tamen
2902 1537 3070 1577 unum
3104 1521 3274 1580 Deum
3299 1524 3548 1579 adoravit
3590 1537 3646 1579 et

2055 1613 2288 1669 credidit
2329 1613 2635 1669 trinitatem
2685 1613 2739 1668 in
2785 1613 3012 1678 unitate,
3061 1613 3142 1670 sic
3179 1621 3238 1669 et
3284 1613 3454 1670 modo
3503 1614 3648 1669 ﬁlios

2056 1703 2288 1760 Abrahae
2326 1711 2575 1773 oporteat
2601 1703 2846 1759 credere.
2907 1703 2974 1758 Et
2995 1703 3203 1770 dicunt,
3247 1702 3397 1760 Sicut
3433 1716 3548 1759 erat
3592 1707 3648 1758 in

374 1821 585 1872 varum,
611 1807 716 1862 hoc
739 1805 884 1861 enim
913 1813 1041 1860 sunt
1077 1775 1613 1868 adolescentularum,
1646 1817 1808 1860 carne
1829 1804 1956 1860 edo-
1983 1775 2031 1835 B
2055 1796 2335 1867 ρνὶηοίρίον
2359 1804 2408 1850 ει
2428 1812 2589 1862 nunc.
2611 1805 2659 1850 ετ
2683 1812 2903 1865 semper.
2935 1805 2991 1852 ei
3015 1796 3240 1868 reliqua.
3283 1796 3424 1852 Ecce
3451 1801 3650 1853 messis

377 1900 512 1953 mita
558 1897 729 1953 Deum
778 1897 1134 1952 laudantium.
1197 1897 1510 1966 Sapientia,
1573 1896 1627 1951 id
1673 1902 1779 1958 est,
1823 1895 1956 1951 sub-

375 1989 607 2055 diaconi,
635 1990 838 2044 vadunt
861 1989 916 2043 in
940 1989 1118 2044 medio
1138 1988 1664 2042 adolescentularum
1689 1987 1959 2057 tympani-

376 2081 658 2145 striarum,
693 2087 750 2133 ut
774 2079 1006 2134 doceant
1029 2093 1190 2148 quem
1220 2079 1440 2133 laudare
1477 2078 1710 2132 debeant
1745 2086 1958 2147 tympa—

375 2172 600 2226 nistritc.
655 2169 1076 2240 Tympanistrite
1114 2178 1364 2224 cantores
1406 2176 1551 2224 sunt.
1602 2168 1956 2223 Ministerium

375 2272 661 2318 cantorum
693 2261 906 2317 laudem
946 2271 1180 2323 resonat,
1233 2270 1292 2315 ut
1319 2262 1464 2316 idem
1509 2262 1562 2315 in
1594 2260 1804 2330 psalmo
1837 2273 1957 2329 sep-

374 2354 682 2426 tuagesimo
732 2354 1013 2410 secundo:
1064 2352 1166 2420 Qui
1191 2353 1339 2407 enim
1363 2359 1545 2406 cantat
1568 2351 1803 2414 laudem,
1848 2365 1957 2404 non

375 2447 548 2502 solum
580 2447 786 2511 laudat,
811 2446 904 2501 sed
932 2447 1096 2500 etiam
1127 2444 1376 2499 hilariter
1412 2443 1629 2506 laudat;
1663 2442 1754 2512 qui
1776 2449 1960 2496 cantat

376 2537 610 2603 laudem,
638 2552 748 2593 non
777 2537 948 2592 solum
984 2535 1190 2602 laudat,
1240 2537 1335 2590 sed
1381 2545 1438 2590 et
1463 2543 1612 2589 amat
1632 2548 1754 2588 eum
1799 2548 1958 2603 quem

372 2635 575 2684 cantat.
601 2628 796 2684 Notum
821 2635 906 2683 est
933 2627 1062 2698 quid
1081 2639 1295 2682 veteres
1316 2634 1568 2681 cantores
1592 2625 1645 2679 in
1676 2625 1793 2696 lege
1817 2639 1962 2679 ama-

377 2723 528 2788 bant,
563 2719 633 2776 de
655 2734 884 2792 quorum
914 2733 1146 2789 persona
1177 2718 1393 2774 dicebat
1409 2717 1602 2783 David,
1652 2714 1718 2770 Ut
1750 2716 1960 2786 jumen-

375 2825 487 2868 tum
505 2814 679 2886 factus
706 2828 823 2868 sum
841 2812 982 2884 apud
1009 2821 1058 2866 te
1089 2809 1262 2884 (Psal.
1284 2811 1480 2883 uxu),
1507 2809 1712 2866 scilicet
1736 2816 1796 2863 ut
1822 2808 1961 2864 libe-

379 2921 467 2961 ros
489 2905 776 2972 haberent,
802 2905 997 2974 opibus
1019 2903 1381 2966 abundarent,
1410 2903 1615 2956 honore
1650 2899 1962 2956 fruerentur

374 3010 430 3054 ct
455 2997 688 3054 sanitate
710 2997 1024 3068 gauderent.
1041 2995 1259 3051 Christo
1286 2994 1506 3050 homine
1526 3008 1665 3048 novo
1690 2993 1957 3056 veniente,

373 3104 472 3144 cor
506 3102 694 3143 eorum
740 3087 939 3142 mutari
963 3085 1249 3156 oportebat
1291 3085 1360 3139 ad
1385 3084 1628 3139 meliora.
1683 3081 1958 3152 Sapientia

2061 1885 2248 1952 multa,
2281 1885 2349 1941 de
2373 1901 2479 1956 qua
2504 1886 2701 1941 dicitur
2734 1886 2790 1940 in
2818 1885 3146 1956 Evangelio:
3200 1885 3388 1942 Messi:
3431 1889 3648 1960 quidem

2059 1979 2246 2045 multa,
2288 1981 2517 2051 operarii
2538 1988 2712 2034 autem
2735 1979 2930 2050 pauci:
2971 1987 3148 2050 rogate
3196 1995 3318 2050 ergo
3362 1980 3642 2033 dominum

2059 2073 2265 2136 messis,
2290 2081 2344 2125 ut
2375 2072 2548 2125 mittat
2578 2071 2846 2142 operarios
2871 2073 2926 2124 in
2950 2087 3166 2126 messem
3193 2087 3344 2126 suam
3372 2069 3530 2142 (Luc.
3559 2082 3635 2141 ι).

2059 2161 2314 2217 Christus
2351 2161 2612 2216 Dominus
2654 2161 2848 2216 messis
2884 2161 3050 2215 mittit
3079 2162 3360 2232 operarios
3415 2162 3471 2216 in
3495 2177 3648 2217 mes-

2059 2267 2174 2308 sem
2204 2266 2378 2317 suam,
2431 2259 2492 2305 ut
2519 2252 2779 2321 scriptum
2803 2260 2889 2306 est
2919 2251 2972 2304 in
3000 2251 3144 2306 Luca
3179 2269 3191 2304 :
3243 2248 3374 2305 Post
3401 2252 3514 2305 htec
3547 2269 3645 2304 au-

2059 2352 2159 2395 tem
2181 2342 2470 2412 designavit
2511 2341 2768 2396 Dominus
2802 2351 2850 2396 et
2879 2341 3013 2396 alios
3039 2343 3370 2412 septuaginta
3397 2346 3534 2395 duos
3552 2384 3567 2406 ,
3597 2354 3651 2396 et

2058 2435 2198 2487 misit
2224 2433 2342 2487 illos
2369 2433 2515 2486 binos
2537 2443 2658 2487 ante
2682 2432 2870 2502 faciem
2896 2448 3047 2486 suam
3069 2436 3124 2486 in
3146 2449 3348 2486 omnem
3380 2433 3646 2486 civitatem

2059 2534 2106 2578 et
2125 2523 2295 2578 locum
2315 2539 2417 2594 quo
2442 2532 2555 2576 erat
2572 2523 2681 2592 ipse
2704 2531 2950 2577 venturus
2974 2521 3125 2593 (Luc.
3149 2521 3226 2593 ι).
3252 2521 3458 2577 Eodem
3484 2525 3642 2577 modo

2059 2613 2300 2668 vicissim
2347 2612 2454 2668 duo
2497 2621 2554 2667 et
2579 2613 2688 2666 duo
2728 2611 2941 2666 diaconi
2991 2611 3315 2665 altrinsecus
3354 2619 3410 2666 et
3441 2611 3643 2665 vadunt

2059 2707 2291 2763 osculari
2321 2706 2490 2761 latera
2521 2704 2730 2760 altaris.
2783 2703 2890 2759 Per
2915 2703 3160 2758 osculum
3205 2717 3392 2758 eorum
3424 2702 3650 2756 demon-

2061 2807 2270 2853 stratur
2313 2811 2420 2867 pax
2448 2811 2613 2866 quam
2660 2795 2741 2850 eis
2781 2793 3179 2850 commendavit
3223 2792 3520 2857 Dominus,
3567 2794 3646 2847 di-

2061 2904 2193 2946 cens
2225 2905 2238 2942 :
2279 2888 2344 2943 In
2366 2903 2730 2958 quamcunque
2767 2886 2979 2940 domum
3025 2881 3365 2948 intraveritii,
3408 2885 3646 2954 primum

2059 2979 2255 3032 dicite:
2301 2976 2420 3032 Pax
2451 2977 2572 3031 huic
2599 2975 2779 3030 domui
2821 2973 3035 3046 (Matth.
3069 2973 3149 3045 x).
3196 2972 3382 3027 Altare
3419 2974 3509 3028 vel
3541 2973 3646 3026 alio

2061 3070 2222 3126 modo
2253 3083 2441 3124 mensa
2467 3083 2588 3139 quae
2619 3066 2916 3134 osculatur,
2950 3067 3114 3123 corda
3144 3065 3445 3122 electorum
3475 3065 3644 3136 signi-

374 3181 830 3236 subdiaconorum
875 3150 1098 3235 iuno-vat
1132 3195 1225 3234 eos
1262 3186 1324 3234 ιη
1343 3178 1436 3248 qui
1467 3192 1631 3232 unum
1657 3150 1816 3232 ant—ea
1842 3182 1960 3230 tan-
1985 3150 2031 3214 C
2062 3161 2189 3217 ﬁcal
2243 3160 2356 3216 sive
2404 3160 2459 3214 in
2512 3158 2848 3214 Hierusalem
2909 3158 3024 3213 sive
3079 3165 3236 3211 extra
3283 3155 3642 3212 Hierusalem.

374 3285 490 3328 tum
525 3271 697 3328 Deum
743 3273 1011 3338 dicebant,
1041 3286 1150 3327 non
1189 3269 1245 3325 in
1287 3269 1460 3325 tribus
1487 3267 1734 3338 personis
1775 3266 1961 3322 dicant

376 3378 549 3429 nunc,
581 3361 764 3418 Gloria
794 3361 966 3428 Patri,
997 3371 1044 3416 et
1067 3359 1232 3426 Filio,
1259 3369 1307 3414 et
1333 3357 1556 3430 Spiritui
1597 3365 1798 3411 sancto.
1851 3353 1960 3410 Sed

382 3454 810 3528 exspectandum
842 3460 926 3508 est
944 3467 1119 3523 usque
1147 3451 1274 3506 dum
1321 3450 1376 3505 id
1406 3449 1501 3503 fiat
1531 3448 1676 3519 quod
1700 3453 1958 3518 precatur

382 3559 580 3614 sponsa
611 3544 667 3598 in
691 3541 932 3598 Canticis
960 3541 1319 3605 canticorum,
1351 3538 1630 3594 Osculetur
1655 3554 1736 3592 me
1780 3535 1959 3591 osculo

376 3636 483 3690 oris
505 3634 588 3688 sui
611 3631 789 3706 (Cant.
822 3631 883 3703 ι).
913 3631 1075 3688 Scitis
1109 3631 1325 3687 dicente
1353 3628 1632 3701 Apostolo,
1683 3627 1958 3684 Christum

381 3725 734 3796 semetipsum
759 3722 1143 3786 exinanivisse,
1167 3729 1221 3776 et
1240 3719 1470 3775 formam
1500 3718 1642 3775 servi
1662 3717 1956 3786 accepisse.

373 3821 712 3887 Quapropter
745 3822 1031 3883 postquam
1079 3819 1435 3882 praescntatus
1459 3819 1542 3864 est
1568 3807 1842 3872 Ecclesiae,
1878 3807 1961 3861 in-

373 3912 606 3964 clinatus
649 3913 758 3962 stat
785 3920 958 3975 usque
983 3905 1052 3960 ad
1086 3905 1456 3975 impletionem
1477 3917 1588 3957 suae
1608 3899 1957 3964 humilitatis,

376 4003 430 4054 ἱ.ι
459 4013 568 4069 qua
613 3995 790 4052 factus
813 4003 894 4050 est
922 3994 1068 4049 Patri
1106 3993 1367 4048 obediens
1413 4005 1584 4060 usque
1621 3989 1690 4044 ad
1727 3996 1959 4044 mortem

379 4089 544 4152 (Phil.
574 4087 658 4162 ll).
697 4087 755 4142 lu
781 4086 898 4156 ipsa
933 4083 1284 4140 inclinatione
1330 4083 1425 4137 dat
1454 4095 1642 4152 pacem
1669 4080 1956 4142 ministris,

377 4185 470 4255 qui
499 4200 530 4239 a
556 4179 760 4239 dextris
805 4181 1046 4249 lmvaque
1069 4184 1210 4232 sunt.
1265 4174 1384 4245 lpse
1421 4181 1505 4227 est
1527 4172 1672 4226 enim
1699 4185 1828 4241 pax,
1863 4184 1963 4239 per

377 4290 539 4345 quem
573 4274 953 4330 reconciliatur
988 4267 1226 4325 Ecclesia
1256 4265 1389 4329 Deo,
1439 4264 1552 4318 sive
1591 4261 1658 4316 de
1682 4259 1832 4314 Novo
1863 4257 1964 4312 Te-

378 4361 670 4432 stamento,
711 4366 824 4421 sive
865 4364 933 4419 de
968 4359 1192 4419 Veteri:
1247 4356 1367 4428 Ipse
1416 4352 1684 4409 destruxit
1732 4350 1962 4404 medium

378 4461 627 4529 parietem
653 4457 1068 4519 inimicitiarum,
1115 4463 1162 4506 et
1195 4451 1314 4521 fecit
1339 4458 1616 4518 utrumque
1639 4459 1846 4507 unum;
1873 4458 1963 4513 pa-

2060 3252 2214 3310 Unde
2263 3251 2557 3323 Gregorius
2609 3251 2664 3305 in
2714 3249 2853 3305 libro
2899 3250 2966 3306 de
2992 3248 3375 3304 eEdilicatione
3419 3250 3642 3318 templi:

2058 3342 2234 3399 Corda
2280 3343 2463 3413 itaque
2489 3350 2799 3397 sanctorum
2837 3355 3037 3395 mensae
3069 3338 3163 3394 Dei
3188 3347 3334 3394 sunt.
3382 3340 3422 3410 ἢ*
3452 3339 3645 3393 Postea

2061 3441 2407 3490 revertuntur
2427 3433 2493 3488 ad
2513 3433 2842 3503 episcopum.
2871 3429 2963 3486 Sic
2995 3438 3071 3496 et,
3092 3430 3382 3502 Evangelio
3409 3431 3643 3496 dicente,

2060 3527 2287 3596 legimus
2321 3524 2516 3580 fecisse
2539 3525 2733 3580 missos
2770 3522 2860 3578 illo
2885 3529 3144 3592 tempore.
3197 3520 3266 3576 Et
3307 3523 3518 3586 reversi,
3564 3521 3648 3575 iu-

2060 3617 2197 3686 quit,
2233 3614 2455 3686 apostoli
2476 3615 2843 3668 nuntiaverunt
2879 3611 2973 3666 illa
2997 3628 3113 3684 qua:
3134 3611 3368 3681 fecerunt
3393 3611 3545 3681 (Luc.
3566 3611 3641 3680 ι).

2065 3710 2136 3764 Ει
2181 3710 2236 3764 in
2277 3707 2667 3779 sequentibus:
2699 3705 2769 3759 Et
2803 3706 3005 3776 factum
3039 3714 3136 3769 est,
3185 3720 3304 3758 eum
3349 3703 3493 3758 solus
3515 3711 3647 3756 esset

2066 3817 2251 3866 orans,
2266 3808 2414 3854 erant
2439 3814 2556 3852 cum
2580 3796 2674 3852 illo
2691 3796 2933 3867 discipuli
2947 3797 3062 3866 ejus
3085 3794 3239 3866 (Luc.
3268 3793 3369 3866 si).
3398 3794 3538 3849 Sunt
3565 3793 3646 3847 dio

2062 3890 2254 3961 scipuli
2275 3903 2397 3944 cum
2424 3886 2664 3953 Christo,
2690 3887 2941 3943 Christus
2970 3885 3116 3942 solus
3143 3893 3283 3939 orat.
3334 3883 3468 3938 Dein
3494 3893 3648 3954 post-

2060 3994 2224 4051 quam
2268 3987 2480 4049 tempus
2511 3977 2728 4033 advenit
2752 3975 3006 4047 przeconii
3037 3975 3330 4030 Dominicte
3355 3974 3643 4043 passionis.

2064 4082 2339 4136 cantores,
2383 4079 2444 4126 ut
2491 4070 2558 4126 ad
2585 4069 2906 4125 memoriam
2936 4067 3199 4122 reducant
3233 4065 3435 4121 Christi
3466 4066 3650 4120 novis-

2064 4165 2261 4220 simam
2301 4161 2758 4223 humiliationem,
2803 4159 2992 4214 dicunt
3014 4171 3230 4212 versum
3259 4155 3329 4210 de
3358 4154 3644 4209 Psalterio.

2061 4253 2382 4309 Psalterium
2409 4267 2473 4306 ex
2508 4249 2749 4306 inferiori
2770 4257 2925 4318 parte
2952 4246 3273 4316 percutitur,
3303 4252 3361 4298 et
3385 4259 3452 4298 ex
3483 4257 3649 4313 supe-

2064 4345 2208 4400 riore
2233 4350 2391 4413 parte
2413 4341 2578 4396 habet
2616 4341 2670 4393 in
2700 4354 2809 4408 quo
2837 4339 3027 4393 reboat
3058 4354 3072 4389 :
3097 4335 3178 4390 sic
3204 4342 3261 4389 et
3280 4349 3417 4404 opus
3437 4333 3649 4402 passio—

2065 4439 2152 4492 nis
2181 4435 2383 4492 Christi
2431 4434 2500 4488 ab
2519 4432 2776 4488 inferiore
2793 4439 2946 4501 parte
2967 4429 3127 4484 habet
3167 4441 3550 4498 percussuram
3574 4463 3590 4488 ,
3615 4438 3648 4477 a

381 4514 659 4608 i'emvdedit
687 4548 767 4604 his
787 4549 876 4614 qui
898 4514 1070 4616 longe,
1095 4553 1142 4598 et
1164 4514 1343 4613 pacem
1367 4540 1448 4593 his
1469 4514 1558 4610 qui
1585 4552 1744 4607 prope
1791 4533 1952 4606 (Eph.
1979 4529 2034 4588 D
2059 4528 2336 4600 superiore
2355 4532 2515 4596 parte
2536 4523 2872 4578 dulcedinem
2896 4517 3309 4616 resurrectionis
3331 4531 3454 4616 quae
3477 4514 3652 4616 resul-

381 4644 464 4714 ιι).
495 4641 750 4698 Eamdem
775 4653 959 4710 pacem
981 4634 1139 4691 offert
1157 4631 1470 4686 cantoribus
1495 4627 1589 4697 qui
1622 4636 1769 4680 retro
1789 4631 1956 4690 stant,

382 4733 684 4804 adimplens
731 4745 849 4802 quae
907 4727 1044 4784 dixit
1088 4721 1367 4793 discipulis
1403 4737 1417 4772 :
1462 4716 1657 4771 Pacem
1697 4729 1865 4804 meam
1891 4713 1958 4768 do

383 4803 548 4888 robis,
600 4838 779 4892 pacem
805 4835 975 4874 meam
1016 4815 1246 4885 relinquo
1280 4811 1420 4865 vobis
1447 4806 1630 4879 (Joan.
1657 4803 1793 4875 le),
1830 4817 1962 4872 pra:-

385 4908 630 4969 sentlbus
658 4912 770 4975 dat,
816 4906 1152 4969 absentibus,
1193 4903 1306 4956 sive
1342 4898 1555 4954 Veteris
1605 4893 1958 4956 Testamenti,

383 5007 499 5061 sive
529 5002 686 5069 Novi,
727 4999 1001 5070 relinquit.
1045 4996 1160 5051 Hoc
1187 5002 1270 5050 est
1311 4991 1454 5062 quod
1491 4986 1727 5042 solemus
1757 4986 1958 5052 dicere,

385 5097 562 5154 innuit
604 5095 890 5164 episcopus
927 5089 1166 5146 cantori.
1221 5086 1336 5150 Quo
1372 5082 1516 5136 facto
1561 5077 1822 5148 sapientia
1866 5075 1960 5131 Dei

383 5187 539 5258 quasi
583 5184 814 5241 adventu
847 5181 1318 5238 subdiaconorum,
1364 5171 1668 5240 intelligunt
1713 5174 1963 5222 cantores

388 5257 578 5340 mutati
603 5278 714 5349 jam
742 5276 806 5332 de
831 5272 1037 5335 Veteri,
1072 5269 1313 5323 trinitate
1340 5265 1506 5318 Deum
1530 5260 1774 5324 laudare,
1803 5264 1858 5312 et
1885 5257 1966 5310 di-

385 5385 535 5441 cunt,
568 5373 750 5431 Gloria
775 5369 926 5424 Patri
954 5376 1002 5423 et
1025 5365 1166 5419 Filio
1190 5373 1236 5418 et
1266 5362 1486 5433 Spiritui
1505 5367 1705 5413 sancto.
1741 5354 1963 5410 Diaconi

385 5467 540 5537 quasi
574 5467 775 5522 chorus
815 5461 1198 5534 prophetarum
1242 5460 1389 5510 stant
1433 5465 1556 5507 cum
1588 5463 1654 5502 eo
1695 5444 1964 5501 humiliati

387 5536 443 5612 ct
490 5560 698 5622 dicunt,
753 5555 994 5617 Domine,
1033 5550 1159 5603 doce
1201 5563 1292 5600 nos
1317 5561 1467 5600 orare
1516 5539 1732 5613 (Matth.
1765 5536 1876 5607 VI);
1910 5545 1964 5590 et

392 5649 583 5715 spiritu
607 5646 921 5716 prophetiae,
955 5643 1004 5697 id
1033 5649 1138 5704 est,
1169 5637 1360 5707 spiritu
1385 5631 1726 5688 revelationis
1767 5643 1966 5698 cogno-

391 5745 550 5795 scunt
580 5751 684 5791 non
720 5750 780 5789 se.
805 5749 958 5804 posse
989 5733 1188 5787 habere
1227 5727 1475 5784 allectum
1527 5724 1582 5778 in
1606 5721 1857 5779 oratione
1887 5717 1954 5772 ad

2063 4628 2142 4676 tat
2171 4619 2328 4688 longe
2354 4617 2569 4684 lateque
2604 4628 2700 4684 per
2728 4627 2823 4666 ora
2851 4609 3285 4680 prredicatorum.
3343 4604 3650 4675 Adimpleto

2067 4722 2311 4781 tempore
2362 4715 2704 4779 praeconatus
2730 4702 3071 4775 praeconium.
3114 4699 3262 4754 vadit
3299 4697 3551 4752 Christus
3582 4695 3648 4749 ad

2066 4799 2426 4862 Hierusalem,
2467 4798 2519 4851 in
2545 4811 2649 4866 qua
2673 4802 2755 4849 est
2785 4792 2953 4846 altare
2979 4789 3119 4859 quod
3149 4786 3426 4842 osculatur
3458 4786 3514 4841 in
3536 4799 3649 4839 me-

2067 4894 2177 4958 dio,
2202 4891 2454 4961 quoniam
2479 4889 2591 4958 ipse
2623 4893 2705 4939 est
2730 4886 2795 4940 de
2821 4898 2928 4952 quo
2950 4881 3146 4936 dicitur
3172 4879 3225 4932 in
3256 4877 3500 4932 Canticis
3523 4893 3646 4932 can-

2069 4987 2296 5039 ticorum
2317 4999 2329 5035 :
2349 4981 2524 5034 Media
2545 4978 2798 5032 charitate
2820 4972 3099 5027 constravit
3124 4979 3331 5038 propter
3353 4967 3498 5036 filias
3522 4965 3652 5020 Hie-

2319 5033 2501 5144 (Cant.
2528 5067 2630 5141 Ill).
2673 5066 2715 5119 V
2739 5065 2920 5120 carius
2944 5033 3146 5117 Christi
3189 5033 3304 5114 haec
3337 5033 3520 5112 omnia
3541 5058 3647 5124 agit

2069 5168 2124 5221 in
2151 5163 2464 5219 memoriam
2489 5159 2649 5230 primi
2694 5158 2956 5212 adventus
2985 5151 3207 5207 Christi.
3255 5149 3546 5204 Osculatur
3566 5147 3646 5200 al—
3673 5171 3676 5182 ·

2068 5267 2206 5321 tare,
2240 5263 2300 5308 ut
2334 5251 2582 5307 ostendat
2613 5248 2904 5302 adventum
2939 5242 3142 5298 Christi
3165 5239 3333 5293 fuisse
3380 5240 3434 5292 in
3460 5237 3646 5291 Hieru-

2067 5347 2264 5410 salem;
2311 5340 2587 5397 osculatur
2605 5333 2972 5405 Evangclium,
3023 5331 3077 5384 in
3100 5345 3209 5399 quo
3237 5331 3342 5381 duo
3366 5324 3548 5396 populi
3581 5321 3644 5376 ad

2065 5438 2258 5508 pedem
2287 5433 2610 5493 redeunt,ut
2635 5436 2692 5481 et
2713 5441 2813 5480 nos
2841 5439 2936 5479 eos
2961 5421 3250 5490 diligamus
3277 5419 3370 5488 qui
3395 5416 3644 5487 disjmrcti

2069 5504 2272 5584 eranta
2303 5522 2495 5585 nobis;
2534 5518 2720 5574 oscula
2770 5514 2958 5569 vicarii
2989 5511 3191 5566 Christi
3226 5507 3416 5562 osculo
3449 5504 3645 5562 Christi

2071 5624 2408 5689 congruunt:
2444 5614 2584 5669 sicut
2615 5610 2865 5666 Christus
2898 5607 3075 5677 primo
3101 5601 3349 5658 osculum
3381 5601 3468 5655 his
3510 5611 3645 5689 prae-

2071 5684 2200 5766 buit
2213 5709 2302 5780 qui
2329 5709 2504 5778 primo
2527 5703 2872 5760 crediderunt
2905 5717 2916 5751 :
2952 5697 3030 5751 sic
3056 5695 3342 5765 episcopus
3379 5684 3651 5747 ministris
