3938 6178
213 300 358 356 "f3

975 295 1065 351 DE
1103 293 1664 352 ECCLESIASTICIS
1701 291 1993 352 OFFICII'S’
2031 291 2211 350 [LIBRI
2249 292 2340 350 I‘V.
2381 319 2450 334 -
2487 293 2615 350 LIB.
2653 293 2745 352 III.

3357 293 3410 350 ﬂ
3429 293 3491 351 η

210 408 409 481 primis
439 423 454 462 :
487 405 555 461 Et
579 403 720 460 sicut
741 403 990 460 Cbrtstus
1016 405 1100 460 his
1125 422 1182 461 se
1207 404 1384 473 offert,
1408 406 1568 472 ultro,
1603 405 1800 476 quibus
1827 408 1878 466 Α
1905 406 2034 460 ritus
2061 415 2258 473 sancte,
2288 407 2572 462 miserere:
2603 407 2788 463 Potest
2821 415 2878 463 et
2915 403 3234 478 simpliciter
3265 409 3492 483 intelligi

209 501 382 565 dicit,
433 497 634 552 missus
684 511 804 550 sum
850 497 918 550 ad
960 512 1090 551 oves
1123 513 1244 567 qua:
1292 499 1569 567 perierant
1611 499 1803 554 domus

209 589 404 654 Israel,
443 587 524 642 sic
548 586 835 657 episcopus
861 586 1020 640 altari
1060 602 1159 657 per
1181 589 1326 657 quod
1354 588 1643 644 recolimus
1679 587 1805 643 Hie-

212 680 478 742 rusalem,
510 679 564 733 in
593 693 698 748 qua
727 678 986 733 Dominus
1011 695 1140 735 suos
1159 681 1346 736 dilexit
1369 695 1540 750 usque
1560 682 1612 736 in
1645 681 1802 736 finem

209 768 516 826 secundum
531 765 816 822 Joannem.
853 767 922 822 Et
946 768 1354 826 sicutChristus
1374 771 1568 827 ascivit
1617 779 1805 842 postea

211 860 475 932 gentilem
502 859 778 930 populum,
803 859 898 930 qui
923 860 1300 916 reconciliatus
1319 870 1403 917 est
1426 863 1538 917 Deo
1567 863 1620 916 in
1654 861 1807 918 Novo

214 950 601 1014 Testamento;
631 949 712 1003 sic
739 949 1020 1018 episcopus
1044 949 1417 1021 Evangelium,
1445 951 1586 1020 quod
1606 961 1688 1004 est
1703 950 1808 1006 No-

217 1055 347 1094 vum
376 1039 803 1093 Testamentum.
829 1037 1453 1109 RemanetEvangelium
1482 1040 1536 1093 in
1563 1039 1720 1094 altari
1741 1039 1810 1094 ab

224 1129 383 1185 init-io
420 1126 584 1182 ollicii
605 1142 778 1196 usque
806 1127 933 1182 dum
964 1142 995 1181 a
1027 1127 1276 1181 ministro
1303 1136 1613 1183 assumatur
1639 1129 1707 1183 ad
1734 1128 1811 1183 le-

220 1219 458 1291 gendum
485 1236 499 1272 :
533 1218 660 1288 quia
692 1218 760 1271 ab
783 1217 938 1272 initio
958 1217 1220 1272 adventus
1240 1216 1463 1283 Christi,
1489 1217 1810 1288 Evangelica

221 1314 473 1370 doctrina
507 1311 748 1367 resonuit
769 1309 824 1365 in
852 1309 1188 1365 Hierusalem
1219 1307 1434 1380 (Matth.
1467 1308 1580 1378 xv),
1609 1318 1663 1362 et
1689 1309 1813 1363 inde

227 1403 398 1458 exivit
441 1401 509 1456 ad
551 1399 864 1470 publicum,
907 1399 1049 1454 sicut
1086 1398 1347 1468 scriptum
1387 1407 1507 1454 est:
1561 1398 1638 1453 De
1679 1397 1812 1454 Sion

226 1492 386 1546 exivit
410 1498 515 1556 lex,
563 1498 611 1543 et
640 1487 852 1543 verbum
872 1487 1084 1542 Domini
1106 1488 1171 1542 de
1204 1486 1539 1542 Hierusalem
1562 1487 1698 1558 (lsa.
1723 1487 1808 1559 ιι).

226 1579 434 1634 Deinde
455 1577 648 1632 transit
675 1576 964 1646 episcopus
989 1576 1056 1631 ad
1070 1577 1347 1632 dexteram
1378 1577 1588 1632 altaris.
1618 1576 1813 1648 Liquet

223 1667 478 1722 omnibus
499 1666 642 1737 quod
671 1679 884 1735 semper
911 1665 1160 1721 Christus
1171 1667 1283 1736 egit
1313 1667 1592 1722 dexteram
1618 1668 1810 1734 vitam,

1903 498 1972 554 de
1992 498 2157 568 Kyrie
2179 498 2384 554 elcison
2439 500 2749 555 necessario
2779 500 3132 554 constitutum
3159 515 3282 556 esse
3311 516 3343 555 a
3363 515 3496 572 prai-

1902 589 2214 658 ceptoribus
2242 589 2524 654 Ecclesiae,
2575 598 2633 644 ut
2661 597 2913 644 cantores
2957 596 3081 658 post
3106 589 3314 644 ﬁnitam
3355 592 3498 646 anti-

1903 679 2140 748 phouam
2160 678 2525 749 deprecentur
2560 676 2772 734 Domini
2797 677 3228 734 misericordiam
3255 694 3376 748 quae
3403 680 3500 736 de-

1903 769 2106 838 primat
2125 768 2343 824 inanem
2362 769 2704 840 iactantiam,
2733 783 2853 838 qua:
2881 768 3020 824 solet
3047 769 3200 838 sequi
3224 777 3494 826 cantores.

1905 858 2121 915 Habent
2144 860 2288 915 enim
2312 860 2606 930 quamdam
2654 859 3070 914 exsultationem
3101 865 3323 928 propter
3345 873 3500 928 egre-

1908 948 2052 1019 giam
2081 949 2525 1018 compositionem
2577 947 2956 1014 melodiarum,
3010 957 3068 1003 et
3110 963 3217 1003 non
3243 948 3496 1003 humilia-

1910 1037 2114 1092 tionem
2133 1037 2403 1104 lectionis,
2427 1055 2534 1108 qua
2571 1038 2946 1094 illuminantur
2967 1039 3034 1093 ad
3059 1039 3298 1093 studium
3323 1039 3504 1093 humi—

1909 1127 2080 1184 litatis
2104 1125 2240 1198 (Col.
2274 1127 2359 1198 ιι).
2401 1129 2519 1196 Qua
2545 1129 2611 1184 de
2654 1143 2714 1182 re
2741 1138 2973 1199 possunt
3013 1127 3281 1184 fallaciter
3321 1127 3497 1196 decipi

1910 1235 2011 1291 per
2051 1220 2447 1292 philosophiam
2505 1230 2560 1276 et
2610 1222 2827 1276 inanem
2876 1221 3146 1276 fallaciam
3203 1221 3500 1276 secundum

1910 1309 2258 1365 traditionem
2287 1309 2591 1364 hominum.
2619 1311 2722 1366 ULi
2745 1319 2828 1366 est
2847 1326 2972 1365 vera
3000 1309 3363 1380 philosophia,
3396 1325 3503 1363 non

1913 1404 2157 1474 sequitur
2185 1405 2364 1459 inanis
2393 1402 2604 1459 fallacia
2641 1424 2653 1459 :
2697 1405 2788 1458 ubi
2819 1413 2902 1460 est
2925 1419 3186 1474 pomposa
3231 1404 3502 1466 doctrina,

1913 1496 2159 1565 sequitur
2190 1493 2452 1563 iactantia
2491 1497 2678 1550 animi.
2730 1497 2796 1551 Et
2826 1497 2933 1552 alio
2986 1496 3146 1550 modo
3177 1515 3188 1550 :
3214 1495 3355 1549 Ante
3383 1511 3503 1550 om-

1913 1602 2038 1642 nem
2068 1586 2372 1642 orationem
2427 1589 2716 1657 specialem
2763 1588 3106 1643 sacerdotum
3157 1603 3380 1644 necesse
3421 1598 3508 1643 est

1913 1677 2220 1746 praecedere
2250 1677 2681 1732 misericordiam
2722 1678 2935 1733 Domini
2984 1689 3209 1748 propter
3237 1687 3350 1734 tres
3373 1693 3506 1735 cau-

222 1767 514 1828 postquam
538 1756 834 1810 resurrexit
863 1770 895 1810 a
916 1757 1166 1812 mortuis.
1200 1757 1421 1813 Diaconi
1449 1765 1637 1827 postea
1666 1765 1816 1813 stant
1840 1755 1888 1816 B
1916 1783 2027 1834 sas,
2057 1783 2178 1839 quae
2217 1769 2351 1823 mihi
2381 1769 2436 1823 in
2486 1778 2738 1840 promptu
2768 1777 3083 1826 occurrunt.
3131 1769 3248 1826 Una
3293 1777 3395 1834 est,
3447 1781 3507 1823 ut

225 1847 280 1900 iu
315 1845 528 1913 ordine,
555 1844 751 1915 quibus
786 1844 876 1900 ille
903 1844 1042 1900 dixit
1072 1864 1086 1900 :
1117 1845 1180 1902 Si
1198 1848 1314 1917 quis
1341 1846 1447 1902 vult
1475 1857 1592 1917 post
1615 1864 1698 1902 me
1724 1865 1811 1902 ve-

225 1939 362 2004 nire,
401 1937 616 2008 abneget
656 1939 1008 2007 semetipsum,
1051 1946 1098 1992 et
1129 1937 1280 1992 tollat
1312 1955 1519 1995 crucem
1546 1956 1721 2005 suam,
1762 1950 1812 1995 et

220 2039 476 2099 sequatur
494 2045 576 2084 me
599 2027 815 2102 (Matth.
833 2028 969 2097 xvi).
1000 2029 1102 2096 Qui
1128 2038 1252 2101 post
1267 2045 1393 2086 eum
1415 2038 1582 2098 stant,
1605 2029 1812 2086 ﬁrmati

225 2133 387 2188 sunt,
426 2132 489 2178 ut
524 2138 648 2178 eum
692 2130 990 2192 sequantur
1012 2137 1184 2192 usque
1210 2123 1279 2178 ad
1317 2130 1572 2190 mortem,
1605 2131 1661 2180 et
1689 2138 1813 2180 cum

221 2234 289 2272 eo
320 2223 602 2273 transeant
626 2215 694 2269 ad
715 2221 976 2269 aeternam
1005 2214 1194 2270 vitam.
1227 2213 1400 2283 Major
1417 2230 1548 2284 pars
1591 2215 1648 2270 in
1675 2215 1812 2270 dex-

226 2319 340 2362 tera
381 2314 534 2376 parte
553 2312 680 2368 stat,
728 2312 783 2359 et
808 2306 986 2358 minor
1010 2304 1066 2358 in
1096 2304 1336 2360 sinistra.
1388 2305 1529 2374 Quid
1554 2321 1812 2361 numerus

225 2398 448 2452 illorum
476 2395 764 2467 significet,
815 2395 1132 2465 praedictum
1170 2403 1274 2450 est.
1320 2396 1403 2452 Ad
1433 2397 1810 2452 insinuandum

226 2488 389 2543 nobis
438 2487 608 2541 libere
641 2486 809 2541 Vetus
835 2485 1242 2540 Testamentum
1290 2485 1470 2556 legere
1506 2495 1563 2541 et
1602 2495 1809 2552 tenere,

223 2589 282 2634 ut
313 2578 605 2650 Apostolus
632 2595 646 2633 :
684 2575 875 2630 Omnia
900 2585 1074 2630 autem
1095 2576 1310 2646 probate
1357 2576 1412 2648 (Ι
1439 2576 1642 2648 Thess.)
1671 2596 1682 2630 :
1710 2577 1812 2632 ali-

222 2686 333 2740 qua
378 2685 507 2740 pars
553 2669 926 2723 ministrorum
971 2667 1026 2722 iu
1053 2667 1273 2722 sinistra
1325 2677 1479 2740 parte
1535 2677 1665 2733 stat,
1715 2683 1812 2738 per

223 2737 394 2831 quam
412 2760 726 2830 temporalis
749 2757 1054 2815 benedictio
1080 2737 1414 2829 designatur.
1451 2758 1613 2814 Certe
1635 2769 1689 2813 et
1716 2737 1812 2812 uo-

224 2863 343 2908 stra
379 2852 621 2908 Ecclesia
657 2859 948 2919 utrumque
981 2849 1118 2920 petit
1146 2864 1177 2904 a
1202 2850 1431 2905 Domino
1459 2865 1473 2903 :
1506 2857 1561 2904 et
1601 2857 1809 2919 tempo-

224 2944 397 3000 ralem
425 2943 888 3007 benedictionem,
905 2947 962 2995 et
981 2947 1260 2995 aeternam.
1304 2939 1680 3011 Temporalem
1704 2955 1804 3010 pe-

1914 1871 2200 1918 serenetur
2248 1862 2402 1917 mens
2450 1863 2751 1917 sacerdotis
2795 1862 2862 1916 ad
2909 1876 2974 1916 ea
3016 1862 3341 1917 intendenda
3386 1875 3506 1929 qua:

1912 1969 2009 2010 ore
2033 1954 2165 2010 dicit
2193 1972 2208 2008 :
2254 1954 2428 2009 altera
2470 1963 2531 2009 ut
2559 1955 2751 2024 dignus
2775 1956 2848 2010 sit
2882 1953 3029 2024 loqui
3059 1953 3194 2019 Deo,
3241 1959 3503 2022 quantum

1911 2047 1982 2103 ad
2011 2055 2265 2103 naturam
2289 2047 2586 2102 humanam
2619 2047 2894 2116 pertinet:
2929 2047 3112 2111 tertia,
3144 2045 3308 2116 quod,
3348 2045 3394 2100 si
3419 2053 3509 2099 ue-

1912 2139 2003 2195 dio
2029 2138 2212 2210 aliquo
2243 2138 2512 2209 corporali
2543 2138 2770 2194 all‘ectus
2794 2139 3018 2208 spiritus
3045 2137 3163 2193 sine
3188 2144 3368 2191 mente
3391 2149 3510 2190 ora-

1909 2231 2072 2296 verit,
2100 2230 2362 2286 Dominus
2392 2245 2499 2286 non
2553 2229 2607 2284 in
2656 2229 2840 2285 furore
2882 2244 2985 2284 suo
3032 2227 3294 2299 respiciat
3343 2240 3510 2296 super

1911 2325 2084 2389 illum,
2115 2323 2212 2379 sed
2239 2324 2294 2378 in
2310 2322 2516 2393 judicio
2570 2321 2980 2385 misericordiae,
3025 2327 3246 2390 oportet
3272 2326 3334 2372 ut
3365 2330 3508 2387 prae-

1911 2416 2070 2471 cedat
2114 2414 2318 2483 aliquid
2351 2414 2490 2480 tale,
2539 2413 2684 2483 quod
2711 2412 2940 2482 repellat
2963 2410 3330 2467 redundantes
3357 2407 3506 2478 cogi-

1913 2506 2148 2562 tationes
2173 2520 2202 2559 a
2229 2513 2435 2571 mente,
2468 2519 2588 2574 quae
2611 2504 2864 2559 accidunt
2891 2503 3032 2568 visu,
3061 2500 3247 2557 auditu
3270 2499 3509 2555 caeteris-

1911 2613 2019 2668 que
2054 2598 2325 2663 sensibus,
2378 2605 2441 2651 ut
2491 2597 2546 2651 in
2575 2596 2823 2651 oratione
2858 2609 3014 2649 mens
3061 2592 3173 2648 sola
3214 2589 3508 2646 invisibilia

1910 2689 2114 2759 cogitet
2148 2688 2403 2758 quoniam
2441 2686 2700 2742 invisibili
2742 2685 2999 2755 loquitur.
3052 2683 3130 2738 Ac
3158 2683 3280 2737 idco
3305 2683 3360 2736 in
3390 2697 3510 2735 om--
3609 2722 3614 2726 α

1911 2781 2073 2836 nibus
2113 2781 2351 2850 peractis
2401 2778 2594 2835 ciliciis
2643 2778 2889 2848 sequitur
2925 2775 3090 2847 Kyrie
3139 2774 3344 2830 elcison
3381 2781 3509 2828 ante

1910 2874 2215 2930 orationem
2249 2871 2612 2938 Dominicam,
2659 2879 2722 2926 ut
2749 2878 2836 2927 est
2876 2870 2931 2924 in
2978 2867 3282 2924 matutinali
3334 2875 3390 2921 et
3417 2880 3512 2921 ve-

1911 2966 2197 3037 spertinali
2228 2965 2441 3036 synaxi.
2489 2963 2626 3018 Nam
2655 2963 2800 3034 quod
2852 2978 2952 3018 nos
2978 2961 3138 3026 Galli,
3171 2960 3342 3016 finitis
3363 2959 3510 3030 psal-

225 3038 400 3092 timus
424 3034 642 3105 quando
667 3046 956 3105 precamur
987 3039 1048 3086 ut
1077 3032 1220 3086 Deus
1247 3039 1537 3088 conservet
1557 3031 1810 3087 dominos
1843 3106 1882 3121 ﬂ
1913 3031 2024 3111 “(is
2045 3031 2477 3121 ηοεωηςδιίδηε,
2513 3031 2752 3109 “(cuius
2787 3060 3012 3107 cantare
3069 3050 3376 3106 orationem
3405 3047 3513 3104 υο,

224 3133 466 3188 nostros,
525 3123 666 3180 θιίοε
693 3137 914 3189 eorum,
959 3121 1170 3178 τωοιιιε
1214 3129 1374 3213 terra
1394 3163 1420 3213 ν,
1441 3129 1496 3213 «ξι
1520 3137 1719 3213 μεθ-ι,
1755 3122 1812 3177 in
1839 3106 1884 3169 C
1913 3106 2496 3202 angelieas...
2515 3106 2783 3200 sane.
2805 3141 3185 3213 praetermittit

225 3225 380 3270 terra
415 3222 633 3279 nostra;
667 3220 722 3268 at
749 3219 1028 3276 aeternam,
1061 3210 1277 3281 quando
1287 3209 1579 3279 justitiam,
1609 3211 1819 3280 sapien-

224 3310 363 3363 tiam
383 3316 439 3363 et
461 3305 804 3370 charitatem,
828 3311 933 3359 etc.
957 3301 1102 3358 Inter
1119 3303 1237 3358 haec
1259 3301 1440 3358 omnia
1463 3309 1610 3357 stant
1638 3301 1817 3371 acoly-

224 3398 308 3454 thi
349 3405 406 3453 et
435 3403 621 3452 tenent
649 3409 842 3451 cereos
873 3394 928 3449 in
965 3391 1236 3449 manibus.
1269 3392 1408 3461 Quid
1437 3390 1583 3447 aliud
1610 3391 1817 3462 signiﬁ-

225 3497 339 3554 cat,
375 3487 481 3543 nisi
524 3499 962 3556 unumquemque
991 3485 1269 3544 doctorem
1297 3483 1498 3539 debere
1527 3483 1728 3538 habere
1755 3483 1810 3536 in

222 3581 479 3639 manibus
499 3578 798 3635 doctrinam
824 3584 1075 3642 suam,ut
1099 3575 1273 3647 magis
1300 3575 1516 3630 studeat
1534 3588 1698 3645 opere
1718 3572 1814 3628 do-

221 3685 376 3735 cere,
411 3683 573 3738 quam
603 3665 811 3723 verbis.

833 3774 1062 3832 CAPUT
1101 3775 1190 3831 VI.

769 3867 844 3923 De
868 3865 1034 3938 Hyrie
1066 3866 1279 3922 elcison.

297 3964 416 4021 Hoc
438 3977 602 4034 opere
628 3960 917 4031 completo,
951 3960 1005 4015 id
1027 3967 1130 4025 est,
1174 3958 1411 4013 adunato
1427 3971 1526 4028 per
1551 3956 1814 4027 praedica-

223 4062 430 4116 tionem
471 4055 671 4114 Christi
702 4053 898 4124 populo
942 4053 1038 4108 Dei
1066 4066 1132 4107 ex
1172 4066 1368 4124 magna
1415 4058 1589 4121 parte,
1625 4049 1680 4104 in
1706 4064 1815 4120 quo

221 4159 480 4208 cantores
509 4161 705 4219 magno
745 4145 1043 4202 certamine
1086 4143 1504 4200 laboraverunt:
1536 4158 1606 4198 ne
1632 4141 1812 4212 aliqua

223 4239 578 4312 praesumptio
606 4235 812 4293 inutilis
841 4234 1108 4303 subripiat
1135 4233 1298 4289 corda
1323 4247 1533 4297 eorum,
1562 4231 1815 4287 hortatur

222 4347 326 4388 eos
374 4331 633 4386 Dominus
665 4327 886 4382 dicere:
936 4325 1128 4389 Dicite,
1159 4325 1292 4378 servi
1334 4323 1546 4378 inutiles
1609 4337 1810 4377 sumus.

225 4420 386 4478 Unde
416 4419 560 4474 Beda
589 4418 645 4472 in
681 4423 920 4472 tractatu
948 4428 1108 4482 super
1134 4413 1337 4468 Lucam
1363 4430 1375 4465 :
1427 4411 1572 4467 Servi
1601 4410 1813 4466 inutiles

218 4528 430 4574 sumus,
459 4511 584 4581 quia
603 4526 704 4563 non
721 4515 841 4562 sunt
864 4505 1136 4574 condigna:
1155 4504 1423 4574 passiones
1446 4501 1604 4571 hujus
1619 4512 1816 4570 tempo-

222 4605 301 4657 ris
326 4601 398 4656 ad
433 4607 860 4670 superventuram
898 4594 1120 4664 gloriam
1152 4607 1270 4663 qua!
1296 4589 1608 4644 revelabitur
1631 4591 1687 4644 in
1723 4605 1818 4642 no-

221 4694 304 4747 bis
318 4691 468 4763 (Luc.
499 4706 564 4753 x;
589 4687 743 4742 Rom.
770 4701 898 4748 vm;
927 4683 1020 4738 Ps.
1045 4682 1173 4753 cu).
1198 4681 1263 4735 Et
1291 4679 1418 4734 alibi
1438 4697 1451 4728 :
1471 4679 1576 4744 Qui
1599 4688 1816 4732 coronat

218 4795 274 4838 te
301 4784 359 4836 in
403 4779 737 4834 miseratione
763 4786 812 4830 et
855 4771 1216 4828 misericordia
1259 4768 1475 4842 (Matth.
1524 4767 1640 4838 xx).
1698 4765 1814 4820 Non

218 4877 326 4940 ait,
353 4874 407 4928 in
438 4870 648 4926 meritis
687 4877 743 4924 et
785 4867 1040 4938 operibus
1083 4865 1215 4929 tuis,
1268 4862 1394 4933 quia
1425 4859 1579 4928 cujus
1605 4859 1816 4914 miseri-

217 4966 412 5024 cordia
437 4961 818 5032 praevenimur,
865 4967 924 5012 ut
950 4958 1057 5012 Deo
1081 4955 1400 5019 serviamus,
1443 4953 1562 5023 ejus
1589 4963 1816 5005 munere

218 5067 555 5116 coronemur
579 5094 596 5120 ,
643 5060 705 5108 ut
731 5049 1034 5107 sublimiter
1059 5063 1180 5103 cum
1210 5047 1302 5101 illo
1327 5058 1636 5115 regnemus.
1661 5041 1815 5109 Quod

219 5148 517 5207 debuimus
545 5145 747 5208 Iacere,
777 5141 1022 5197 fecimus.
1068 5138 1148 5193 Re
1173 5152 1300 5192 vera
1331 5135 1653 5190 debuimus:
1687 5133 1813 5201 quia

218 5243 321 5313 qui
369 5253 476 5294 non
511 5237 662 5294 venit
695 5231 994 5290 ministrari
1025 5228 1120 5285 sed
1161 5227 1494 5287 ministrare,
1545 5223 1818 5313 debitores

217 5309 332 5390 sibi
361 5345 462 5386 nos
489 5328 636 5391 fecit,
663 5341 775 5381 non
822 5321 1025 5378 nostris
1068 5317 1318 5373 videlicet
1358 5313 1614 5384 operibus
1649 5309 1818 5366 conli-

223 5427 453 5487 dentes,
514 5420 608 5476 sed
640 5419 708 5472 de
750 5413 868 5483 ejus
911 5424 1126 5479 semper
1152 5404 1399 5461 examine
1420 5414 1694 5471 paventes.
1741 5397 1818 5451 Ac

223 5517 353 5573 ideo
383 5515 563 5569 dicant
587 5517 844 5565 cantores
870 5523 883 5558 :
934 5501 1096 5572 Kyrie
1123 5498 1351 5559 elcison,
1397 5491 1615 5546 Domine
1649 5499 1815 5560 pater.

225 5607 493 5660 miserere.
518 5599 734 5655 .Christe
759 5595 974 5656 elcison,
1018 5591 1277 5649 miserere,
1321 5584 1409 5656 qui
1433 5598 1524 5636 nos
1555 5577 1817 5634 redemisti

217 5692 488 5758 sanguine
511 5700 620 5742 tuo.
656 5684 721 5738 Et
748 5683 976 5738 iterum:
1012 5674 1173 5742 Hyrie
1203 5671 1420 5734 elcison,
1455 5667 1672 5722 Domine
1702 5663 1819 5733 Spi-

2525 3276 2755 3334 CAPUT
2792 3275 2901 3331 VII.

2552 3367 2631 3421 De
2671 3367 2853 3421 cereis.

1988 3481 2305 3539 Dicentibus
2326 3479 2487 3553 Kyrie
2512 3479 2714 3536 elcison
2734 3479 3069 3546 cantoribus,
3085 3476 3317 3549 acolythi
3337 3491 3368 3532 e
3391 3491 3509 3531 ma-

1916 3578 2076 3634 nibus
2100 3583 2309 3646 ponunt
2333 3587 2522 3632 cereos
2552 3573 2605 3628 in
2649 3581 2850 3628 terram
2877 3570 3222 3635 altrinsecus,
3259 3576 3314 3624 et
3339 3582 3507 3622 unum

1937 3687 1974 3726 n
2014 3668 2233 3725 medio:
2290 3666 2548 3737 quoniam
2593 3673 2717 3736 post
2764 3671 2984 3736 peracta
3028 3663 3170 3717 bona
3205 3675 3390 3731 opera,
3441 3659 3512 3713 ad

1943 3769 2126 3817 antam
2155 3757 2518 3814 humilitatem
2565 3771 2666 3811 nos
2710 3753 2928 3811 deducit
2974 3751 3212 3822 Spiritus
3257 3759 3503 3813 sanctus,

1917 3854 2072 3926 cujus
2097 3852 2279 3908 lumen
2309 3850 2556 3922 signatur
2576 3847 2780 3904 lumine
2807 3859 3110 3910 cereorum,
3144 3842 3237 3913 qui
3271 3841 3507 3913 superbis

1919 3946 2132 4010 resistit,
2163 3953 2213 3999 et
2231 3941 2514 3998 humilibus
2533 3941 2624 3996 dat
2646 3941 2874 4012 gratiam
2891 3937 3030 4011 (Jac.
3047 3935 3146 4010 ις’),
3176 3943 3238 3991 ιιι
3255 3949 3384 3990 vere
3409 3948 3509 3990 nos

1919 4051 2309 4109 cognoscamus
2335 4047 2457 4090 esse
2483 4033 2725 4089 cinerem
2751 4038 2806 4086 et
2832 4030 3129 4106 pulverem.
3163 4027 3281 4094 Quo
3307 4024 3510 4080 lumine

1919 4126 2254 4183 illuminatus
2275 4132 2360 4180 est
2386 4121 2695 4194 patriarcha
2717 4120 3016 4183 Abraham,
3043 4115 3258 4187 quando
3285 4121 3409 4183 post
3429 4113 3508 4167 lo-

1918 4220 2190 4276 cutionem
2219 4214 2431 4271 Domini
2465 4213 2533 4268 ad
2561 4227 2620 4266 se
2654 4210 2853 4265 factam
2879 4248 2894 4273 ,
2945 4206 3082 4262 dixit
3113 4222 3127 4259 :
3182 4202 3320 4269 Quia
3347 4200 3508 4258 semel

1922 4309 2069 4379 ccepi,
2107 4306 2294 4376 loquar
2320 4303 2391 4357 ad
2417 4301 2702 4355 Dominum
2746 4313 2941 4361 meum,
2989 4311 3108 4350 cum
3131 4295 3231 4348 sim
3265 4291 3434 4364 pulvis
3460 4301 3511 4347 et

1923 4399 2054 4453 cinis
2083 4391 2234 4467 (Gen.
2267 4391 2448 4464 xvm).
2508 4389 2711 4446 Cereus
2759 4388 2814 4443 in
2860 4387 3039 4442 medio
3063 4393 3232 4449 stans,
3264 4401 3387 4440 eum
3415 4383 3511 4438 de-

1839 4486 1892 4545 D
1919 4488 2097 4558 signat
2119 4483 2213 4555 qui
2244 4483 2417 4538 dixit:
2451 4478 2550 4535 Ubi
2591 4479 2698 4534 duo
2725 4477 2803 4534 vel
2834 4488 2937 4533 tres
2959 4477 3259 4548 congregati
3307 4476 3505 4546 fuerint

1917 4578 1972 4631 in
2003 4575 2210 4630 nomine
2234 4571 2461 4640 meo,_in
2512 4569 2682 4624 medio
2731 4584 2910 4621 eorum
2940 4583 3055 4620 sum
3082 4565 3296 4636 (Matth.
3321 4564 3501 4635 xvm).

1919 4665 2187 4720 Numerus
2227 4667 2655 4719 cereostatarum
2683 4673 2790 4712 non
2821 4655 3115 4727 pertransit
3141 4654 3505 4724 septenarium

1917 4772 2246 4814 numerum:
2292 4752 2550 4823 quoniam
2579 4745 2882 4819 septifOrmi
2923 4745 3128 4816 Spiritu
3174 4744 3509 4798 illuminatur

1919 4848 2096 4904 omnis
2121 4845 2386 4906 Ecclesia,
2421 4842 2514 4912 qui
2541 4838 2873 4911 septiformis
2909 4837 3132 4908 spiritus
3161 4835 3509 4907 singulariter

1920 4940 1976 4995 in
1999 4936 2218 4995 Christo
2256 4935 2483 4992 habitat.
2520 4932 2786 5002 Episcopo
2835 4929 3163 4984 ascendente
3199 4927 3267 4982 ad
3295 4927 3502 4991 sedem,

1918 5034 2219 5084 cereostata
2249 5029 2528 5080 mutantur
2576 5020 2640 5076 de
2695 5019 2828 5074 locis
2877 5018 2990 5074 suis
3035 5018 3089 5072 in
3124 5017 3314 5071 ordine
3348 5016 3506 5070 unius

1909 5117 2095 5182 lineae,
2122 5121 2347 5184 excepto
2370 5112 2547 5182 primo
2570 5125 2743 5180 usque
2765 5108 2830 5164 ad
2854 5109 3045 5163 altare.
3075 5107 3178 5162 Per
3197 5113 3504 5163 ccreostata

1917 5209 2071 5263 varia
2119 5208 2260 5262 dona
2319 5203 2618 5274 gratiarum
2667 5199 2901 5270 Spiritus
2951 5197 3125 5254 sancti
3180 5197 3500 5265 ﬁgurantur,

1915 5313 2014 5369 per
2049 5311 2169 5367 qua:
2202 5294 2534 5349 illuminatur
2588 5291 2851 5346 Ecclesia.
2909 5289 2968 5344 In
3005 5288 3159 5342 donis
3190 5283 3504 5340 memoratis

1919 5390 2027 5445 duo
2052 5388 2307 5443 debemus
2345 5381 2658 5448 memorari,
2711 5381 2765 5435 id
2817 5389 2901 5434 est
2937 5375 3228 5433 multifaria
3259 5374 3416 5435 dona,
3446 5377 3502 5425 et

1917 5477 2178 5533 unitatem
2208 5473 2450 5543 spiritus.
2512 5471 2615 5525 Per
2666 5475 2967 5525 ccreostata
3028 5462 3348 5518 altrinsecus
3405 5474 3501 5528 po-

1915 5569 2017 5623 sita
2047 5581 2217 5636 usque
2248 5579 2389 5618 nunc
2416 5560 2703 5616 distributa
2725 5557 2864 5611 dona
2894 5569 2989 5624 per
3017 5551 3176 5607 corda
3203 5549 3498 5605 electorum

1917 5660 2215 5730 signantur.
2254 5654 2354 5710 Per
2400 5649 2842 5724 compositionem
2894 5643 3054 5698 unius
3093 5639 3267 5708 linem,
3323 5639 3502 5697 unitas
