3938 6178
446 322 587 383 Hi5

1486 318 1810 377 AMALABH
1849 314 2288 374 PRESBYTER!
2329 312 2677 372 METENSIS

3580 316 3729 372 iiiﬁ

438 438 677 507 Spiritus
733 420 905 492 sancti
944 434 998 490 in
1033 428 1259 504 singulis
1309 433 1494 498 donis,
1535 446 1658 502 quae
1702 430 2025 501 compositio
2052 426 2104 486 A
2130 430 2294 484 versi.
2326 428 2472 495 Quos
2496 428 2797 483 salutamus
2823 427 2905 482 eis
2931 426 3127 483 faciem
3152 434 3594 497 przesentamus:
3633 442 3737 483 es-

441 529 771 583 examnssim
819 526 982 581 habet
1036 541 1066 579 a
1104 525 1284 595 primo
1335 538 1524 589 cereo,
1585 538 1748 594 quem
1801 523 2036 578 diximus

442 619 751 692 signiﬁcare
779 615 1090 681 Christum,
1146 631 1176 669 a
1203 630 1312 685 quo
1345 615 1592 686 procedit
1624 613 1861 685 Spiritus
1908 628 2035 668 san-

441 719 583 774 ctus,
615 715 672 761 et
697 707 750 760 in
777 720 884 777 quo
905 704 1239 760 mternaliter
1256 713 1458 759 manet.
1490 704 1575 759 Ab
1598 704 1712 774 ipso
1741 704 1889 758 enim
1910 703 2038 759 mis-

443 815 537 855 sus
565 806 652 854 est
673 799 760 853 die
787 797 1139 853 Pentecostes
1164 812 1262 853 ceu
1291 812 1462 867 usque
1482 798 1551 852 ad
1588 796 1757 851 altare
1778 836 1794 860 ,
1841 796 2032 862 idest,

444 904 616 959 usque
665 889 732 944 ad
760 889 926 944 corda
983 887 1279 943 electorum
1324 887 1693 956 apostolorum
1750 886 1803 940 in
1859 887 2033 955 igneis

441 977 665 1050 linguis.
699 978 782 1032 Ac
811 979 933 1033 idco
960 976 1103 1049 quod
1131 985 1318 1047 postea
1340 978 1518 1049 agitur
1554 977 1609 1031 in
1631 976 1814 1032 cilicio
1834 976 2034 1043 missa,

442 1068 572 1123 illud
610 1077 823 1138 tempus
848 1067 1078 1139 ﬁgurate
1101 1067 1359 1139 exprimit
1379 1082 1488 1137 quo
1514 1066 1737 1137 apostoli
1769 1065 2038 1135 apoStolo-

441 1171 673 1231 rumque
717 1174 1066 1216 successores
1106 1160 1318 1231 negotia
1350 1158 1564 1214 Domini
1599 1169 1854 1214 exercent
1897 1155 2035 1229 (Act.

441 1252 502 1322 ιι)
530 1265 544 1304 :
570 1253 715 1320 quod
741 1248 926 1303 linitur
953 1247 1247 1318 Evangelio
1297 1247 1556 1318 perleeto.
1609 1246 1798 1303 Potest
1822 1254 1878 1302 et
1908 1246 2041 1302 sim-

386 1378 393 1381 -
442 1339 905 1409 pliciterintelligi
937 1339 1222 1409 dispositio
1250 1350 1534 1394 ceruorum
1554 1376 1571 1403 ,
1601 1337 1887 1408 expeditus
1914 1351 2040 1393 cur-

443 1447 539 1488 sus
571 1432 716 1488 circa
739 1431 914 1486 altare
941 1429 1310 1484 ministrandi.

1043 1519 1271 1575 CAPUT
1300 1519 1434 1576 Vill.

929 1610 1005 1666 De
1033 1611 1218 1667 Gloria
1242 1612 1299 1666 in
1325 1608 1565 1665 excelsis.

518 1702 884 1774 Telesphorus
912 1703 1136 1759 natione
1185 1701 1409 1758 Graecus
1436 1715 1505 1758 ex
1532 1702 1872 1768 auachorlta,
1900 1716 2037 1757 con-

2137 529 2297 589 cepto
2326 520 2381 574 in
2406 534 2532 585 uno,
2573 519 2719 589 quod
2741 528 2828 575 est
2848 518 2904 573 in
2954 518 3353 589 praeparatione
3396 516 3589 589 hymni
3606 531 3739 575 ante

2138 608 2209 663 Te
2234 608 2415 678 igitur.
2448 609 2524 663 lbi
2568 607 2681 679 jam
2733 608 2983 678 occupati
3013 608 3160 664 circa
3189 607 3385 673 altare,
3416 609 3492 664 ita
3522 618 3581 664 ut
3608 626 3740 665 con-

2136 698 2417 768 gruentius
2449 697 2521 752 sit
2540 711 2649 751 uno
2672 696 2836 752 modo
2857 708 3043 751 versos
3085 711 3185 751 nos
3213 711 3355 764 esse,
3387 712 3560 768 quam
3588 706 3741 753 retro

2136 791 2383 860 aspicere
2405 792 2473 847 ad
2503 791 2887 846 insin‘uandam
2914 791 3268 846 intentionem
3297 790 3739 859 devotissimam,

2135 898 2299 953 quam
2347 885 2613 940 habemus
2661 885 2716 939 in
2755 884 3032 941 oll'erendo
3074 885 3363 941 sacrificio.
3406 886 3526 944 Nec
3580 889 3743 944 debet

2138 984 2323 1031 arator
2355 976 2577 1046 dignum
2623 989 2760 1048 opus
2793 990 3081 1042 exercens,
3133 978 3340 1033 vultum
3365 981 3419 1035 in
3447 995 3547 1036 sua
3583 988 3736 1052 terga

2138 1064 2348 1121 referre
2385 1063 2537 1136 (Luc.
2568 1065 2668 1135 Ix).
2692 1064 2770 1122 De
2800 1066 2918 1122 istis
2945 1074 3031 1122 sat
3058 1077 3166 1133 est,
3196 1069 3539 1125 revertamur
3563 1071 3638 1125 ad
3659 1086 3737 1127 sa-

2137 1152 2477 1210 lutationem.
2525 1155 2797 1212 Salutavit
2843 1158 2988 1213 enim
3038 1157 3091 1214 in
3148 1160 3334 1215 Veteri
3383 1161 3739 1218 Testamento

2126 1243 2364 1315 .angelus
2404 1241 2655 1313 ‘cheon,
2688 1245 2919 1303 dicens:
2953 1244 3213 1305 Dominus
3259 1259 3463 1318 tecum,
3504 1253 3741 1307 virorum

2136 1335 2427 1405 fortissime
2457 1332 2610 1408 (Iud.
2634 1337 2732 1409 vr).
2763 1337 2831 1393 Et
2850 1340 3049 1395 iterum
3079 1360 3092 1395 :
3128 1340 3275 1397 Dixit
3302 1340 3604 1400 Dominus:
3630 1342 3743 1401 P’oz

2139 1436 2328 1482 tecum.
2368 1426 2438 1483 Et
2470 1428 2667 1483 iterum
2713 1428 2767 1484 in
2799 1427 2990 1487 Ruth:
3043 1429 3197 1486 Dixit
3239 1431 3383 1487 Boos
3422 1432 3743 1491 messoribus

2138 1518 2270 1573 suis:
2294 1518 2550 1574 Dominus
2577 1519 2837 1574 uobiscum
2862 1535 2881 1572 :
2905 1519 2973 1575 Et
2997 1520 3375 1591 responderunt
3404 1527 3454 1580 ei
3475 1539 3493 1577 :
3520 1524 3745 1580 Benedi-

2140 1616 2225 1662 cat
2251 1615 2303 1661 te
2326 1607 2584 1663 Dominus
2613 1607 2797 1679 (Ruth.
2831 1609 2893 1681 ιι)
2919 1626 2934 1663 :
2966 1609 3212 1681 nullique
3230 1612 3452 1668 dubium
3471 1655 3485 1680 ,
3518 1617 3659 1686 quin
3689 1617 3738 1672 in

2139 1693 2284 1752 Dooz
2315 1697 2433 1766 ipse
2483 1697 2735 1755 Christus
2775 1699 3084 1765 salutasset,
3133 1702 3226 1772 qui
3275 1703 3331 1758 in
3381 1703 3592 1761 lumbis
3636 1708 3747 1777 ejus

458 1794 635 1850 suum
659 1802 720 1849 ιιι
743 1796 977 1868 hymnus
1000 1795 1275 1850 diceretur
1306 1795 1605 1866 angelicas,
1637 1795 1742 1850 hoc
1766 1802 1886 1860 est,
1913 1791 2043 1847 ato-
2068 1777 2117 1837 B
2143 1793 2291 1841 erat;
2326 1786 2599 1858 Scriptum
2624 1799 2712 1845 est
2738 1790 2792 1845 in
2816 1790 2956 1847 libro
2983 1788 3435 1862 Paralipomenon
3467 1800 3740 1854 secundo:

450 1887 535 1941 ria
582 1887 639 1941 in
677 1886 895 1942 excelsis
932 1887 1042 1942 Deo
1091 1895 1217 1942 ante
1267 1886 1622 1943 sacrificium.
1679 1885 2042 1959 Symmachus

448 1979 895 2049 quadragesimus
934 1979 1155 2050 quintus
1184 1986 1309 2048 post
1335 1978 1726 2048 Telesphorum
1758 1979 2043 2035 constituit

454 2080 519 2126 ιιι
557 2071 705 2126 omni
735 2070 824 2126 die
866 2070 1167 2133 Dominico,
1195 2068 1460 2124 natalitiis
1506 2076 1843 2140 martyrum,
1898 2069 2041 2123 idem

448 2162 684 2233 hymnus
711 2168 1047 2216 cantaretur.
1079 2159 1345 2231 llymnus,
1373 2156 1558 2214 Gloria
1582 2159 1636 2213 in
1665 2157 1886 2213 excelsis
1906 2157 2039 2224 Deo,

448 2249 567 2308 laus
592 2251 812 2318 Deiest,
847 2251 984 2305 utin
1015 2249 1306 2320 Evangelia
1347 2249 1616 2320 legimus:
1657 2247 1726 2302 Et
1751 2247 1922 2303 subito
1958 2247 2044 2317 fa-

447 2354 534 2399 cta
562 2351 638 2398 est
658 2359 777 2397 cum
800 2341 985 2412 angelo
1004 2338 1286 2395 multitudo
1315 2339 1522 2395 militia!
1564 2338 1782 2395 caelestis
1812 2339 2043 2394 laudan-

451 2436 583 2490 tium
605 2434 774 2489 Deum
816 2443 866 2488 et
895 2434 1199 2497 dicentium,
1228 2431 1413 2487 Gloria
1442 2432 1499 2487 in
1528 2431 1720 2487 excisis
1744 2430 1855 2485 Deo
1885 2428 2039 2502 (Luc.

456 2522 540 2595 ιι).
596 2522 866 2579 Sacerdos
884 2522 1102 2592 quando
1151 2522 1308 2586 dicit,
1336 2519 1522 2577 Gloria
1561 2522 1621 2575 in
1643 2519 1863 2575 excelsis
1894 2518 2007 2574 Deo
2026 2558 2042 2585 ,

452 2617 680 2672 arieatis
721 2624 906 2686 partes
934 2614 1072 2670 solet
1124 2614 1417 2685 respicere,
1463 2613 1519 2668 in
1545 2612 1743 2682 quibus
1779 2611 1854 2666 ita
1902 2610 2046 2667 sole-

451 2722 574 2762 mus
586 2706 875 2761 Dominum
898 2706 1193 2776 requirere,
1221 2705 1376 2775 quasi
1398 2704 1471 2759 ibi
1496 2702 1716 2775 propria
1736 2703 1855 2774 ejus
1886 2701 2045 2758 sedes

452 2799 546 2864 sit,
584 2814 709 2854 cum
744 2797 926 2867 potius
963 2813 1087 2852 eum
1121 2796 1360 2853 sciamus
1402 2795 1605 2865 ubique
1625 2808 1766 2850 esse.
1815 2791 1935 2847 Non
1958 2799 2046 2848 est

449 2891 606 2957 ordo,
643 2898 706 2944 ut
731 2890 824 2959 qui
876 2890 1164 2945 Dominum
1206 2888 1430 2944 laudare
1456 2887 1690 2944 voluerit
1716 2895 1931 2959 tergum
1977 2884 2045 2939 ad

452 2994 578 3035 eum
618 2986 814 3044 vertat,
866 2989 923 3034 et
950 2987 1140 3050 pectus
1174 2980 1241 3035 ad
1269 2994 1477 3036 servos.
1517 2980 1697 3050 Ipsum
1732 2985 1934 3035 statum
1975 2992 2044 3032 ex

450 3069 714 3139 qualitate
757 3068 881 3134 loci,
939 3068 1032 3123 ubi
1083 3070 1263 3140 angeli
1308 3070 1637 3125 cecinerunt
1682 3076 2043 3124 muneratam

457 3121 719 3233 unus
1065 3121 1818 3230 sanguisuga
1838 3121 2044 3229 an...
2071 3121 2116 3184 C

457 3259 564 3316 est,
596 3249 890 3306 secundum
926 3248 1154 3315 fortnam
1185 3250 1329 3309 servi
1374 3250 1429 3305 in
1456 3249 1729 3305 Bethleem
1758 3257 1898 3313 erat,
1924 3263 2046 3318 quas

457 3342 734 3398 Bethleem
766 3350 1005 3397 nostram
1046 3340 1341 3397 Ecclesium
1366 3340 1568 3411 signat,
1596 3354 1718 3410 quae
1743 3347 1828 3394 est
1854 3339 2046 3395 domus

452 3433 630 3503 panis.
661 3432 849 3503 Angeli
876 3432 943 3486 ad
971 3432 1247 3487 Orientem
1277 3432 1612 3488 cecinerunt.
1663 3431 1741 3485 De
1768 3445 1879 3501 quo
1902 3437 2046 3487 statu

456 3523 589 3579 dicit
611 3523 875 3578 Micheas:
897 3522 962 3577 Et
994 3532 1071 3587 tu,
1089 3523 1252 3577 turris
1270 3523 1440 3594 gregis
1464 3520 1735 3587 nebulosa,
1761 3518 1877 3590 filia
1893 3514 2044 3586 Sion,

457 3630 620 3685 usque
650 3614 719 3667 ad
739 3624 789 3668 te
810 3615 1010 3669 uenient
1033 3612 1221 3682 (Mich.
1256 3612 1353 3685 tv).
1404 3611 1595 3667 Turris
1623 3612 1824 3682 quippe
1848 3610 2044 3682 gregis,

451 3719 578 3772 quae
622 3703 887 3760 ilebraice
921 3705 1120 3760 dicitur
1141 3705 1308 3759 turris
1330 3704 1479 3759 Adcr
1505 3703 1654 3759 mille
1679 3702 1899 3758 circiter
1926 3714 2051 3772 pas-

453 3796 607 3848 sibus
632 3808 661 3848 a
690 3780 910 3849 civitate
938 3794 1214 3850 Bethleem
1252 3794 1320 3849 ad
1364 3794 1643 3851 Orientem
1669 3792 1854 3847 distat.
1903 3791 2053 3846 Dixi-

457 3899 581 3939 mus
611 3884 877 3951 superius,
905 3884 1197 3938 transitum
1220 3883 1458 3952 episcopi
1496 3883 1564 3937 de
1591 3880 1763 3936 altari
1780 3882 1836 3937 in
1865 3880 2053 3939 dexte-

459 3989 580 4029 ram
631 3982 843 4046 partcm
890 3975 1204 4045 significare
1252 3974 1458 4030 Christi
1502 3973 1794 4029 transitum
1834 3972 1903 4030 de
1928 3984 2057 4045 pas:

356 4115 367 4124 .
457 4064 708 4123 sionc'ad
738 4075 1000 4121 aeternam
1025 4066 1191 4119 vitam
1221 4082 1235 4119 :
1278 4079 1344 4121 ac
1386 4066 1507 4120 ideo
1531 4065 1637 4121 hoc
1673 4065 1727 4119 in
1756 4064 1877 4120 loco
1917 4064 2055 4120 diel-

457 4172 603 4222 mns,
650 4153 833 4211 Gloria
871 4157 927 4211 in
957 4155 1177 4210 excelsis
1208 4154 1318 4210 Deo
1370 4155 1700 4211 cantandum
1730 4193 1746 4221 ,
1795 4154 2052 4222 quoniam

455 4247 625 4318 gloria
650 4245 936 4302 ineliabilis
972 4246 1027 4300 iu
1055 4244 1287 4302 excelsis
1324 4244 1465 4300 facta
1493 4252 1599 4311 est,
1651 4243 1872 4315 quando
1896 4242 2054 4299 Chri—

456 4325 576 4395 stus
622 4339 853 4395 transitu
881 4354 981 4393 suo
1017 4339 1229 4393 animas
1282 4345 1595 4394 sanctorum
1622 4334 1898 4407 copulavit
1924 4349 2055 4390 con-

2144 1875 2286 1932 Audi
2315 1895 2417 1944 me,
2449 1878 2558 1934 Asa
2594 1888 2643 1934 et
2676 1881 2845 1936 omnis
2869 1881 3036 1947 Iuda,
3072 1891 3121 1937 et
3141 1882 3457 1953 Beniamin:
3483 1885 3744 1943 Dominus

2145 1969 2428 2038 uobiscum,
2484 1972 2610 2042 quia
2632 1973 2807 2043 fuistis
2852 1990 2969 2029 cum
2992 1992 3051 2030 eo
3082 1974 3171 2047 (II
3201 1973 3338 2031 Par.
3387 1977 3506 2045 xv).
3556 1979 3743 2036 Nostra

2144 2059 2450 2131 responsio,
2478 2060 2691 2117 Etcum
2722 2063 2912 2134 spiritu
2943 2076 3033 2120 tuo
3060 2107 3076 2132 ,
3122 2082 3191 2122 ex
3218 2064 3370 2123 Pauli
3400 2070 3640 2139 epistola
3666 2087 3744 2127 se—

2144 2153 2319 2207 cunda
2346 2153 2414 2208 ad
2439 2151 2785 2211 Timotheum
2817 2164 3033 2227 sumpta
3062 2166 3167 2214 est.
3223 2160 3316 2216 Sic
3356 2163 3505 2217 enim
3567 2165 3623 2219 in
3662 2164 3746 2219 illa

2145 2242 2409 2314 scriptum
2432 2251 2563 2299 est:
2610 2244 2873 2301 Dominus
2905 2246 3063 2303 Iesus
3110 2246 3352 2306 Christus
3396 2269 3518 2306 cum
3563 2256 3749 2325 spirits

2144 2342 2256 2389 tuo.
2316 2333 2544 2402 Quando
2592 2337 2852 2393 sacerdos
2888 2338 3041 2406 dicit,
3095 2338 3215 2397 Pax
3262 2344 3403 2399 vobis
3452 2349 3741 2403 secundum

2146 2424 2516 2496 Evangelicam
2563 2425 2925 2500 Scriptorum,
2984 2432 3096 2488 sive
3145 2433 3405 2491 Dominus
3451 2438 3743 2501 vobiscum,

2146 2518 2251 2573 hoc
2274 2519 2388 2588 agit
2415 2521 2557 2589 quod
2581 2519 2781 2577 Paulus
2825 2525 3042 2593 quando
3065 2525 3195 2581 dicit
3222 2544 3236 2581 :
3291 2526 3555 2584 Dominus
3592 2529 3745 2585 Iesus

2146 2609 2390 2666 Christus
2418 2628 2538 2667 cum
2590 2613 2779 2683 spiritu
2830 2624 2920 2670 tuo
2957 2613 3044 2687 (11
3085 2614 3221 2671 Tim.
3253 2618 3350 2689 tv).
3400 2618 3517 2674 Hac
3546 2622 3747 2677 saluta.

2144 2700 2296 2756 tione
2343 2701 2580 2772 episcopi
2630 2710 2687 2757 et
2750 2706 3099 2773 responsione
3144 2706 3326 2778 populi
3382 2708 3743 2782 intelligimus

2147 2806 2316 2847 unum
2339 2791 2538 2847 debere
2558 2807 2681 2849 esse
2708 2792 2958 2849 affectum
2987 2797 3229 2867 episcOpi
3257 2805 3314 2853 et
3350 2780 3537 2869 populi
3561 2780 3594 2865 ξ
3611 2803 3747 2857 sicut

2146 2883 2419 2954 hospitum
2445 2883 2607 2940 unius
2631 2884 2672 2954 -ι-
2698 2883 2930 2941 Domini.
2965 2885 3258 2957 Postquam
3289 2887 3549 2945 Christus
3578 2906 3746 2947 resnr.

2147 2975 2308 3041 rexit,
2337 2974 2684 3031 manifestum
2732 2985 2815 3031 est
2839 2976 3041 3034 dixisse
3069 2979 3380 3049 discipulis,
3411 2978 3538 3035 Pas
3582 2976 3760 3091 rebus!

2147 3066 2348 3091 n-:_.r-
2394 3070 2687 3091 _-_‘.-_n!4-_..
2741 3070 3021 3091 ‘_'_a__-___-
3057 3071 3122 3091 -.1
3176 3071 3376 3091 -..ε-...-
3398 3086 3433 3091 ,Α
3520 3083 3569 3091 Δ-
3620 3074 3724 3091 νέα.

2145 3066 2351 3124 Deinde
2394 3070 2688 3124 rchrtitur
2735 3070 3023 3140 episeopus
3054 3071 3123 3126 ad
3170 3071 3463 3136 orientem,
3510 3083 3574 3127 et
3603 3066 3744 3139 diciti

2149 3156 2406 3214 Oremus:
2434 3174 2498 3214 ac
2520 3144 2643 3219 dein
2667 3158 2913 3230 sequitur
2933 3160 3261 3218 benedictio.
3294 3159 3387 3218 Sic
3417 3172 3475 3217 et
3500 3162 3748 3219 Christus

2148 3257 2438 3320 antequam
2468 3250 2786 3306 ascenderet
2822 3251 2878 3306 in
2901 3250 3101 3306 malum
3129 3253 3407 3309 benedicit
3428 3268 3526 3310 eos
3556 3297 3574 3319 ,
3617 3256 3751 3310 sicut

2149 3341 2410 3411 scriptum
2433 3350 2518 3397 est
2545 3342 2600 3396 in
2636 3336 2929 3414 Evangelia
2952 3340 3155 3399 Luem:
3196 3343 3399 3399 Eduxit
3452 3356 3639 3401 autem
3671 3364 3750 3401 eos

2150 3432 2295 3501 foras
2321 3432 2376 3486 in
2404 3422 2719 3488 Det/laniem
2751 3450 2771 3498 ;
2819 3443 2866 3489 et
2900 3433 3112 3490 elevatis
3138 3437 3381 3491 manibus
3407 3437 3522 3492 suis
3541 3480 3558 3503 ,
3608 3439 3751 3493 bene-

2146 3519 2285 3574 dixit
2304 3521 2378 3576 eis
2398 3519 2551 3591 (Luc.
2584 3521 2758 3595 xxiv).
2791 3522 3032 3594 Utroque
3052 3524 3310 3591 nomine;
3342 3525 3395 3580 id
3415 3536 3504 3581 est
3525 3528 3750 3583 benedi-

2151 3610 2349 3665 ctionis
2376 3620 2433 3666 et
2475 3611 2741 3668 orationis
2793 3622 3021 3669 vocatur
3072 3616 3251 3673 oratio
3294 3618 3630 3673 sacerdotis.
3680 3620 3751 3674 De

2151 3699 2530 3757 benedictione
2560 3703 2694 3759 dicit
2713 3702 3044 3775 Apostolus:
3095 3704 3158 3761 Si
3189 3706 3746 3781 benedixeris’spiritu.

2150 3794 2240 3865 qui
2259 3793 2459 3864 supplet
2484 3794 2659 3849 locum
2685 3794 2888 3863 idiom,
2913 3798 3175 3867 quomodo
3205 3799 3335 3853 dicit
3370 3799 3565 3864 Amen,
3602 3816 3750 3870 super

2152 3893 2298 3938 tuam
2337 3884 2766 3951 benedictionem,
2812 3885 2939 3958 quia
2977 3889 3141 3943 nescit
3177 3891 3306 3959 quid
3353 3890 3505 3945 dicas
3535 3890 3598 3964 (ι
3626 3891 3744 3945 Cor.

2152 3976 2267 4045 xiv)
2293 3974 2317 4028 i
2340 3973 2498 4031 lianc
2524 3974 2960 4033 benedictionem
2984 3986 3148 4034 vorat
3193 3978 3520 4037 Ambrosius
3546 3982 3747 4037 oratio-

2153 4080 2279 4122 nem
2327 4066 2548 4122 dicens:
2580 4066 2869 4138 Imperitos
2893 4067 3039 4125 enim
3077 4069 3304 4127 audiens
3331 4070 3481 4142 quod
3529 4087 3651 4127 non
3676 4072 3747 4127 is-

2154 4155 2366 4226 telligit,
2419 4155 2602 4212 nescit
2650 4156 2815 4213 linem
2849 4158 3139 4227 orationis,
3188 4168 3245 4215 et
3293 4174 3415 4216 non
3434 4162 3749 4233 respondet,

2153 4245 2343 4311 Amen,
2382 4246 2435 4301 id
2463 4253 2567 4312 est,
2601 4261 2794 4302 verum
2822 4255 2883 4303 ut
2907 4246 3265 4306 conﬁrmetur
3287 4249 3625 4307 benedictio.
3657 4250 3751 4308 Per

2154 4336 2256 4390 hos
2306 4336 2452 4391 enim
2501 4336 2760 4407 impletur
2785 4338 3132 4396 conﬁrmatio
3177 4341 3361 4411 procis
3402 4341 3495 4396 cui
3527 4357 3750 4414 respon-

458 4429 628 4484 sortlo
668 4427 1002 4498 angelorum.
1046 4427 1161 4484 Hoc
1202 4427 1459 4499 gaudium
1496 4425 1838 4482 annuntiavit
1887 4439 2052 4496 ange-
2074 4466 2129 4527 Β
2158 4425 2313 4527 dent,
2344 4426 2625 4527 Aurem"?
2651 4427 2805 4483 Finis
2855 4431 3143 4500 praesentis
3175 4430 3338 4487 cilicii
3384 4433 3646 4489 noscitur
3667 4448 3751 4489 ex.

454 4521 541 4577 ius
570 4522 625 4576 in
655 4521 939 4576 nativitate
982 4518 1103 4590 eius
1139 4521 1370 4576 dicens:
1420 4519 1559 4575 Ecce
1605 4535 1701 4590 ego
1750 4516 2051 4589 evangelise

455 4612 598 4666 vobis
625 4611 876 4681 gaudium
902 4626 1192 4682 magnum;
1237 4611 1366 4684 quia
1408 4620 1573 4665 natus
1599 4616 1679 4664 est
1725 4608 1867 4663 vobis
1896 4607 2050 4662 hodie

460 4700 704 4756 Salvator
748 4702 901 4774 (Luc.
933 4701 1019 4774 ιι).
1074 4700 1417 4758 Manifestum
1466 4709 1572 4766 est,
1613 4699 1810 4770 quibus
1841 4699 2050 4754 exstitit

453 4788 741 4846 Salvator:
771 4792 988 4861 quando
1008 4791 1178 4868 gloria
1200 4791 1617 4849 resurrectionis
1635 4789 1754 4859 ejus
1776 4789 2048 4845 celebrata

452 4884 558 4940 est,
592 4886 718 4934 tunc
751 4880 807 4933 in
838 4887 983 4934 terra
1024 4896 1133 4951 pax
1165 4881 1474 4936 hominibus
1496 4879 1601 4935 fuit
1623 4920 1637 4945 ,
1681 4879 1878 4949 quibus
1902 4877 2047 4935 dice-

344 5020 371 5033 __
456 4967 550 5020 lrat
580 4985 592 5020 :
627 4965 746 5021 Pas:
766 4969 927 5024 vobis.
953 4970 1068 5026 Pax
1088 4987 1280 5042 magna
1307 4979 1413 5038 est,
1437 4971 1655 5041 quando
1681 4971 1784 5026 sub
1808 4986 1919 5026 uno
1944 4972 2050 5027 Do-

456 5057 604 5111 mino
626 5059 946 5129 copulantur
972 5061 1215 5118 ctelestia
1234 5071 1290 5119 et
1317 5071 1557 5118 terrena.
1584 5062 1667 5118 Ita
1693 5062 1899 5117 factum
1925 5076 2049 5118 esse

455 5162 583 5224 post
611 5156 1062 5212 resurrectionem
1113 5171 1269 5213 suam
1317 5158 1604 5213 denuntiat
1644 5157 1915 5223 Salvator,
1969 5156 2053 5211 di-

456 5259 624 5301 cens:
653 5245 794 5300 Data
818 5256 893 5300 est
913 5248 1041 5302 mihi
1065 5249 1237 5304 omnis
1262 5256 1492 5321 potestas
1513 5250 1568 5304 in
1596 5249 1724 5304 coelo
1750 5258 1799 5304 et
1825 5249 1882 5304 in
1911 5258 2052 5304 terra

458 5334 679 5410 (Matth.
713 5335 932 5409 xxvnr).

1081 5427 1310 5487 CAPUT
1337 5428 1431 5485 IX.

876 5520 953 5576 De
976 5522 1149 5594 prima
1173 5524 1413 5578 oratione
1441 5524 1636 5579 missis.

532 5610 757 5676 Quando
807 5611 1058 5680 dicimus,
1116 5609 1237 5667 Pas:
1290 5612 1576 5676 uobiscum,
1627 5614 1743 5669 sive
1794 5613 2048 5669 Dominus

464 5700 721 5756 ιευιοὶδεηεηι
750 5743 764 5767 ,
800 5704 942 5775 quod
983 5713 1064 5762 est
1093 5704 1392 5782 salutatio,
1445 5707 1512 5763 ad
1556 5707 1812 5778 populum
1862 5711 2049 5762 sumus

2151 4516 2455 4586 perimento
2506 4517 2737 4574 aliorum
2771 4518 3100 4576 ofﬁciorum.
3138 4523 3195 4577 In
3240 4522 3349 4578 line
3384 4523 3627 4580 aliorum
3672 4540 3753 4580 so-

2151 4607 2328 4663 lemus
2351 4607 2535 4664 dicere
2572 4606 2740 4678 Hyrie
2766 4609 2984 4677 eleisou,
3013 4627 3080 4668 ac
3125 4612 3386 4684 deinceps
3417 4616 3749 4675 cntionem.

2149 4706 2208 4753 et
2235 4698 2317 4753 sic
2343 4698 2560 4754 tandem
2595 4714 3036 4772 unumquemque
3063 4716 3311 4758 remeare
3341 4703 3410 4758 ad
3439 4719 3563 4758 sua.
3599 4704 3754 4758 Euat-

2151 4789 2275 4844 dem
2314 4789 2383 4844 ad
2411 4789 2897 4846 demonstrandum
2947 4790 3110 4848 tinem
3157 4800 3444 4848 mutantur
3490 4796 3644 4849 cerei
3691 4795 3752 4847 de

2150 4878 2270 4935 loco
2296 4882 2350 4935 iu
2377 4880 2577 4936 locum.
2610 4881 2769 4936 Libet
2810 4882 2901 4938 hic
2927 4882 3177 4953 proferre
3217 4884 3606 4939 auctoritatem
3635 4901 3755 4941 ssn-

2148 4971 2224 5026 cti
2252 4970 2563 5042 Augustini,
2589 4987 2765 5043 quare
2786 4988 2908 5029 mos
2933 4974 3172 5030 obtinuit
3190 4975 3453 5031 Ecclesiae
3478 4992 3612 5033 suas
3635 4992 3753 5031 ora-

2151 5060 2326 5115 tiones
2360 5075 2577 5116 versum
2622 5060 2893 5118 orientem
2932 5064 3189 5135 dirigere.
3244 5065 3389 5122 Dicit
3410 5068 3468 5121 in
3504 5083 3753 5124 sermone

2154 5149 2328 5222 (Tom.
2370 5149 2478 5216 ιν,
2525 5168 2573 5206 c.
2605 5152 2662 5219 9)
2699 5152 2912 5208 Domini
2943 5154 2998 5209 in
3024 5163 3210 5211 monte
3231 5174 3247 5212 :
3270 5156 3415 5212 Cum
3438 5160 3512 5214 ad
3543 5159 3749 5213 oratio-

2153 5257 2279 5297 nem
2306 5250 2536 5306 ﬁamus,
2570 5244 2945 5299 convertimur
2965 5246 3034 5301 ad
3053 5247 3345 5312 orientem,
3368 5248 3521 5304 unde
3547 5248 3746 5304 emtum

2154 5337 2350 5408 surgit,
2396 5350 2506 5390 non
2538 5344 2801 5406 tanquam
2851 5337 2923 5392 ibi
2952 5338 3028 5393 sit
3052 5337 3196 5393 Deus
3221 5347 3280 5394 et
3326 5340 3490 5410 quasi
3518 5347 3743 5395 cates-as

2156 5426 2341 5482 mundi
2396 5433 2581 5498 partes
2629 5427 2955 5494 desemerit,
3013 5427 3107 5497 qui
3150 5428 3351 5498 ubique
3388 5444 3635 5500 prmseus
3661 5434 3745 5482 est

2156 5537 2263 5576 non
2290 5521 2528 5576 locorum
2574 5522 2783 5591 spatiis,
2824 5522 2921 5591 sed
2967 5521 3266 5592 majestatis
3295 5524 3585 5593 potentia:
3645 5519 3742 5575 scd

2156 5623 2219 5669 ut
2273 5614 2629 5668 admoneatur
2683 5613 2898 5667 animus
2954 5612 3023 5666 ad
3075 5620 3327 5667 natumut
3383 5609 3739 5667 excelan

2159 5718 2272 5759 rem
2305 5718 2363 5759 se
2386 5710 2724 5769 convertere,
2767 5701 2818 5757 id
2847 5708 2948 5768 cst,
2979 5700 3046 5757 ad
3072 5701 3378 5770 Dominum,
3409 5715 3527 5756 cum
3557 5699 3743 5768 ipsum
