3938 6178
331 360 475 425 ΗΠ

1073 357 1162 421 Ds
1201 360 1753 422 ECCLESIAS'I‘ICIS
1793 365 2082 422 omcns
2116 365 2293 423 unm
2331 369 2419 424 1v.
2459 347 2528 410 4-
2566 372 2693 426 LIB.
2736 372 2820 427 ιιι.

3453 380 3588 435 IilS

321 495 520 552 corpus
547 478 664 550 ejus
690 477 832 546 quod
861 487 1132 532 terrenum
1163 488 1276 540 est,
1312 479 1378 532 ad
1409 494 1606 546 corpus
1635 477 1904 532 excellcn-
1929 484 1980 542 Α
2007 493 2202 535 nomen
2234 482 2414 536 habet.
2473 482 2784 539 Lectioncm
2822 502 2942 556 quze
2994 487 3192 558 legitur
3231 498 3352 558 post
3392 495 3581 546 sessio-

323 574 456 638 tins,
486 571 540 626 id
571 577 672 634 est,
703 570 770 623 ad
795 584 990 638 corpus
1019 570 1237 625 caeleste
1261 577 1626 624 convertatur.
1660 567 1785 623 Ideo
1813 568 1899 622 di-

322 665 466 718 citur
492 662 636 716 Deus
662 661 715 714 in
747 659 901 713 caelis
953 659 1216 725 habitare,
1270 659 1395 729 quia
1443 657 1616 727 major
1664 657 1900 727 cognitio

318 761 406 809 est
428 753 483 806 in
513 751 668 806 cmlis
697 749 839 804 illius
867 763 1090 803 summa
1142 747 1441 816 maiestatis
1468 757 1522 803 et
1568 749 1818 803 essentiaa
1844 748 1899 802 in

319 843 530 914 angelis
556 841 642 897 vel
691 842 744 896 in
775 839 1058 894 animabus
1086 847 1426 904 sanctorum,
1458 854 1619 908 quam
1671 839 1725 893 in
1756 847 1900 892 terra

322 931 691 986 habitantibus
719 930 924 984 sanctis
974 937 1198 998 propter
1257 929 1609 1000 gravedinem
1665 927 1900 983 carnalis

314 1019 692 1085 habitationis,
743 1035 864 1090 quae
909 1019 998 1073 vix
1031 1019 1298 1088 permittit
1327 1019 1563 1074 animam
1611 1017 1679 1073 ad
1706 1033 1901 1088 purum

320 1111 570 1166 veritatis
596 1111 778 1166 lumen
806 1109 1080 1165 advolare.

947 1195 1171 1255 CAPUT
1209 1198 1278 1253 Χ.

802 1289 880 1344 De
906 1291 1134 1344 sessione
1160 1290 1405 1360 episcopi.

391 1380 594 1436 Deinde
620 1379 868 1436 Christus
904 1380 1148 1436 ascendit
1176 1381 1231 1435 in
1276 1381 1496 1447 ctelum,
1534 1389 1594 1435 ut
1617 1381 1804 1436 sedeat
1831 1381 1900 1437 ad

318 1471 594 1526 dexteram
621 1469 819 1526 Patris.
843 1470 1146 1540 Episcopus
1169 1471 1299 1540 quia
1323 1470 1562 1525 vicarius
1584 1481 1668 1526 est
1695 1470 1898 1526 Christi

317 1563 372 1616 in
393 1561 645 1616 omnibus
672 1562 988 1616 memoratis
1016 1562 1284 1630 superius,
1313 1562 1473 1618 debet
1498 1572 1554 1616 et
1577 1563 1666 1618 hic
1691 1563 1758 1617 ad
1786 1578 1897 1618 me-

318 1652 548 1707 moriam
599 1651 756 1706 nobis
804 1651 1175 1708 inthroaizare
1206 1651 1412 1707 Christi
1437 1653 1814 1708 ascensionem
1843 1660 1899 1706 et

315 1743 520 1797 sedem.
549 1742 888 1813 Quapropter
931 1744 1177 1800 ascendit
1207 1744 1262 1797 in
1291 1743 1472 1799 sedem
1494 1754 1619 1813 post
1665 1759 1803 1812 opus
1843 1753 1898 1799 et

312 1834 556 1889 laborem
622 1834 906 1890 ministerii
965 1835 1260 1890 commissi.
1328 1834 1576 1890 Christus
1632 1835 1894 1905 disposito
1923 1835 1970 1894 B
1997 1832 2238 1887 dicentes
2288 1850 2302 1886 :

313 1939 479 1978 curru
508 1939 608 1979 suo
640 1939 738 1993 per
761 1924 1136 1979 convenientia
1176 1924 1315 1991 loca,
1346 1925 1398 1979 id
1423 1933 1530 1990 est,
1554 1924 1897 1995 presbyteros

314 2016 370 2071 in
394 2030 494 2069 suo
529 2015 716 2070 ordine
741 2034 754 2068 :
793 2017 1154 2072 subdiaconos
1181 2016 1235 2071 in
1262 2032 1380 2081 suo,
1415 2025 1750 2086 ceterosque
1779 2033 1899 2088 gra-

312 2107 415 2161 dus
445 2107 499 2160 iu
539 2106 672 2171 suis,
705 2122 915 2162 necnon
945 2115 1000 2162 et
1026 2108 1326 2174 auditores,
1361 2123 1800 2178 unumquemque
1844 2109 1897 2162 in

311 2213 411 2253 suo
438 2197 682 2252 ascendit
708 2198 776 2252 ad
807 2199 1010 2265 sedem,
1040 2207 1098 2253 et
1118 2199 1288 2254 sedet.
1322 2198 1526 2254 Sedent
1543 2213 1666 2253 cum
1691 2213 1757 2252 eo
1779 2199 1898 2268 qui-

312 2288 415 2343 bus
439 2289 683 2356 promisit
715 2288 881 2344 :Cum
901 2290 1089 2344 sederit
1116 2288 1288 2343 Filius
1315 2291 1542 2343 hominis
1564 2291 1619 2342 in
1648 2290 1767 2342 sede
1787 2306 1897 2342 ma-

305 2378 514 2446 jcstatis
557 2397 700 2443 suae,
754 2373 995 2434 sedebitis
1034 2389 1082 2434 et
1123 2397 1210 2434 vos
1237 2397 1394 2448 super
1425 2381 1571 2434 sedes
1593 2378 1892 2442 duodecim,

304 2469 606 2536 judicantes
659 2469 935 2522 duodecim
987 2471 1152 2522 tribus
1209 2449 1382 2522 Israel
1433 2468 1648 2540 (Matth.
1683 2468 1761 2535 x).
1820 2467 1895 2521 De

311 2560 509 2628 quibus
535 2560 664 2614 dicit
697 2560 892 2615 Paulus
934 2559 1209 2630 apostolus
1247 2560 1315 2614 ad
1342 2559 1606 2630 Ephesios
1635 2577 1647 2611 :
1680 2558 1747 2611 Et
1770 2574 1895 2612 con-

314 2653 637 2706 resuscituvit
659 2663 705 2706 et
733 2653 1010 2706 consedere
1033 2652 1152 2720 fecit
1180 2653 1233 2707 in
1273 2651 1562 2706 ccelestibus
1591 2653 1645 2705 in
1673 2651 1892 2706 Chris'o

307 2743 438 2797 Jcsu
470 2743 627 2814 (Eph.
662 2744 742 2812 ιι).
797 2744 870 2797 De
902 2744 989 2798 his
1017 2744 1107 2812 qui
1139 2745 1502 2799 ascenderunt
1531 2759 1714 2799 secum
1743 2759 1756 2797 :
1788 2743 1888 2798 ali-

311 2835 402 2902 qui
425 2834 633 2896 sedent,
665 2842 718 2888 et
748 2833 916 2902 aliqui
945 2843 1113 2887 stant.
1149 2833 1255 2888 Per
1280 2850 1376 2889 eos
1403 2835 1495 2903 qui
1527 2835 1747 2899 sedent,
1797 2834 1890 2888 de-

308 2931 644 2977 monstratur
689 2925 930 2977 membra
980 2923 1182 2978 Christi
1228 2924 1281 2977 in
1332 2939 1464 2993 pace
1510 2925 1884 2994 quiescentia:

306 3030 407 3085 per
452 3030 548 3070 eos
597 3016 687 3085 qui
741 3023 908 3079 stant,
947 3016 1002 3069 in
1055 3016 1353 3071 certamine
1386 3017 1581 3086 posita.
1638 3015 1811 3086 Caput
1834 3025 1891 3072 et

308 3105 552 3160 membra
586 3120 749 3160 unum
779 3120 976 3175 corpus
1001 3123 1014 3161 :
1048 3107 1316 3176 quomodo
1340 3105 1588 3161 Christus
1616 3107 1670 3160 in
1695 3105 1889 3177 aliqui-

2005 586 2151 640 nem,
2207 574 2452 642 sequitur
2503 586 2717 641 cantus,
2774 579 2863 647 qui
2922 587 3147 634 vocatur
3185 585 3579 650 responsorius.

2005 660 2425 732 Responsorium
2477 674 2536 719 ut
2590 667 2730 720 idem
2781 669 2873 736 qui
2926 683 3127 738 supra,
3188 670 3305 724 Itali
3349 675 3582 727 tradide-

2004 762 2149 808 runt.
2227 756 2376 822 Quos
2441 758 2567 812 inde
2636 762 3009 828 rcsponsorios
3077 770 3269 817 cantus
3346 776 3576 828 vocant,

2001 843 2145 911 quod
2196 843 2304 899 alio
2355 845 2674 912 desinente,
2740 849 2794 904 id
2849 851 2988 905 alter
3036 854 3376 922 respondeat.
3440 855 3580 910 Usus

2001 931 2251 990 lectionis
2301 943 2358 990 et
2417 945 2662 991 cantus:
2719 949 2963 1010 sumptus
3020 950 3104 996 est
3162 958 3193 997 e
3251 944 3429 998 Veteri
3482 943 3583 1000 Te-

2000 1029 2290 1088 stamento,
2347 1033 2409 1079 ut
2461 1025 2657 1096 legitur
2709 1028 2763 1083 in
2819 1030 2959 1084 libro
3007 1031 3228 1097 Esdrtc,
3292 1035 3434 1102 quod
3486 1051 3581 1104 po-

1999 1114 2234 1168 nendum
2259 1122 2344 1170 est
2387 1117 2440 1170 in
2483 1119 2787 1174 nocturnali
2817 1121 3014 1186 cilicio,
3045 1123 3090 1177 si
3119 1121 3380 1178 Dominus
3409 1125 3575 1179 dede-

2002 1202 2072 1256 rit
2099 1201 2184 1274 (Il
2225 1202 2388 1258 Esdr.
2432 1205 2572 1278 vni).
2603 1203 2900 1264 Possumus
2927 1211 3090 1265 etiam
3119 1210 3294 1266 ofﬁcio
3336 1214 3577 1268 cantoris

2001 1291 2233 1347 ofﬁcium
2255 1294 2533 1364 prophetae
2555 1295 2874 1366 intelligere.
2898 1297 3082 1354 Lectio
3108 1299 3241 1370 legis
3266 1309 3320 1355 et
3340 1299 3570 1370 prophe-

2001 1388 2180 1436 tarum
2243 1381 2696 1453 frequentabatur
2749 1401 2782 1440 a
2849 1388 3046 1458 populo
3114 1391 3356 1459 antiquo.
3425 1391 3576 1446 Unde

1999 1473 2260 1542 scriptum
2289 1482 2372 1527 est
2418 1474 2472 1528 in
2520 1475 2746 1530 Actibus
2791 1477 3158 1547 apostolorum
3195 1497 3209 1532 :
3254 1479 3322 1532 Et
3355 1480 3575 1550 ingrcssi

1999 1578 2320 1632 synagogam
2341 1563 2426 1616 die
2454 1563 2812 1629 sabbatorum,
2841 1567 3107 1620 sederunt.
3132 1567 3264 1622 Post
3287 1568 3574 1623 lectionem
3649 1563 3664 1574 ’

1998 1661 2180 1706 autem
2240 1652 2374 1723 legis
2424 1662 2478 1706 ει
2541 1655 2930 1723 prophetarum
2985 1659 3251 1713 miserunt
3301 1661 3574 1730 principes

2000 1741 2300 1813 Synagogac
2331 1742 2397 1797 ad
2424 1758 2542 1810 eos,
2569 1743 2623 1798 id
2657 1753 2760 1810 est,
2787 1744 2855 1799 ad
2883 1745 3108 1800 Paulum
3149 1755 3204 1800 et
3242 1747 3568 1814 Barnabam,

2356 1831 2469 1887 Viri
2511 1832 2728 1902 fratres,
2781 1835 2827 1887 si
2855 1836 2972 1905 quis
3020 1845 3095 1888 est
3140 1836 3195 1888 in
3224 1837 3367 1890 vobis
3402 1854 3571 1891 sermo

1997 1924 2374 1979 exhortationis
2446 1926 2516 1978 ad
2571 1924 2768 1996 plebem
2801 1967 2816 1991 ,
2875 1926 3051 1979 dicite.
3107 1924 3346 1996 Surgens
3395 1937 3568 1980 autent

1999 2012 2227 2079 Paulus,
2263 2025 2313 2068 et
2340 2032 2502 2068 manu
2547 2016 2812 2069 silentium
2844 2015 3104 2082 indicens,
3152 2019 3246 2081 ait,
3292 2027 3395 2072 etc.
3427 2017 3565 2090 (Act.

1997 2105 2142 2177 xm.)
2197 2105 2442 2172 Quandiu
2486 2107 2602 2161 haec
2646 2106 2752 2162 duo
2781 2105 3148 2173 celebrantur,
3180 2108 3232 2161 id
3263 2115 3364 2172 est,
3410 2107 3569 2160 lectio

2652 2157 2745 2162 νη
3180 2157 3232 2161 __

1995 2208 2051 2250 et
2103 2196 2408 2266 prophetia,
2454 2197 2690 2252 solemus
2746 2198 2935 2252 sedere
2991 2214 3142 2253 more
3197 2157 3621 2268 antiquorum.)

1997 2287 2151 2342 Unde
2191 2287 2510 2343 Ambrosius
2555 2289 2608 2342 in
2656 2297 2888 2344 tractatu
2937 2288 3005 2343 ad
3049 2288 3359 2344 Corinthios
3400 2288 3568 2344 :Hzcc

1995 2377 2216 2431 traditio
2245 2377 2542 2448 Synagogae
2571 2387 2674 2442 est,
2706 2393 2868 2448 quam
2905 2392 3005 2433 nos
3033 2378 3147 2432 vult
3189 2379 3386 2434 sectari
3417 2378 3565 2448 Apo-

1994 2468 2186 2533 stolus,
2219 2469 2345 2536 quia
2374 2467 2700 2524 Christianis
2727 2469 2945 2539 quidem
2976 2469 3187 2532 scribit,
3213 2470 3306 2524 sed
3338 2484 3402 2523 ex
3434 2485 3563 2538 gen-

1993 2559 2136 2614 tibus
2184 2559 2361 2626 faetis,
2410 2576 2516 2615 non
2561 2575 2630 2615 ex
2677 2560 2876 2616 Iudaeis
2921 2571 2978 2616 ut
3017 2561 3266 2616 sedentes
3293 2561 3569 2630 disputent

1992 2651 2234 2706 seniores
2260 2651 2519 2722 dignitate
2545 2652 2600 2706 in
2626 2651 2931 2716 cathedris;
2958 2660 3267 2722 sequentes,
3292 2652 3345 2705 in
3361 2653 3568 2706 subsel-

1989 2743 2110 2810 liis;
2145 2745 2423 2799 novissimi
2460 2746 2512 2798 in
2552 2744 2865 2815 pavimento
2905 2759 3066 2813 super
3096 2751 3314 2798 mattas.
3359 2743 3427 2798 Et
3470 2744 3566 2797 itc—

1988 2850 2112 2889 rum
2161 2852 2174 2888 :
2227 2833 2333 2888 Per
2379 2835 2596 2889 lectoris
2645 2833 2878 2889 omcium
2908 2843 2964 2890 et
2996 2835 3233 2888 cantoris
3280 2849 3566 2905 possumus

1989 2922 2290 2997 intelligere
2320 2924 2788 2994 patremfamilias,
2833 2926 2925 2996 qui
2969 2925 3170 2996 profert
3214 2925 3278 2978 de
3321 2925 3565 2978 thesauro

1989 3035 2086 3073 suo
2133 3034 2263 3073 nova
2295 3027 2344 3071 et
2389 3028 2584 3072 vetera.
2619 3017 2770 3073 Unde
2817 3016 3109 3088 Gregorius
3139 3017 3190 3071 in
3243 3017 3356 3072 suis
3385 3016 3562 3070 homi-

1990 3110 2079 3165 Iiis
2110 3152 2122 3164 .
2153 3110 2211 3164 In
2242 3125 2308 3165 eo
2337 3109 2480 3180 quod
2509 3109 2722 3165 Veritas
2762 3109 2892 3164 dicit
2923 3127 2935 3161 :
2975 3106 3157 3162 Omnis
3179 3106 3352 3161 seriba
3377 3107 3558 3160 doctus

305 3195 409 3250 bus
441 3195 614 3260 sedet,
653 3195 708 3248 in
733 3195 1001 3263 aliquibus
1038 3205 1148 3251 stat
1202 3197 1283 3267 (ut
1309 3197 1456 3251 illum
1483 3198 1617 3251 vidit
1654 3196 1888 3266 Steph»
1915 3180 1960 3241 Ο
1993 3199 2047 3252 in
2074 3215 2232 3270 regno
2283 3199 2552 3264 caelorum,
2602 3199 2790 3253 similis
2817 3207 2893 3253 est
2929 3197 3306 3268 patrifamilias
3344 3196 3561 3267 (Matth.

307 3302 410 3341 nus
445 3287 498 3340 in
527 3287 820 3344 sartamine
846 3289 1053 3356 positus
1075 3288 1214 3360 (Act.
1240 3289 1359 3358 vn),
1389 3290 1555 3360 aliqui
1599 3289 1890 3346 ascenden-

308 3378 444 3432 tium
469 3378 676 3442 sedent,
701 3379 866 3448 aliqui
898 3388 1064 3435 stant.
1094 3381 1356 3436 Dominus
1384 3382 1437 3435 in
1469 3382 1580 3437 alto
1625 3382 1885 3436 cmlorum

306 3468 504 3522 sedens
537 3469 775 3523 custodit
801 3484 1018 3524 currum
1049 3485 1230 3535 suum,
1275 3471 1328 3525 id
1357 3480 1458 3534 est,
1491 3472 1788 3536 civitatem,
1820 3473 1888 3527 de

306 3573 414 3626 qua
441 3557 572 3611 dicit
606 3557 885 3614 Psalmista
917 3577 928 3611 :
961 3557 1080 3612 Nisi
1123 3558 1380 3614 Dominus
1410 3560 1716 3614 custodierit
1761 3561 1890 3615 civi-

308 3664 501 3708 tatem:
531 3653 729 3724 {rustra
754 3654 931 3724 vigilat
958 3655 1047 3725 qui
1071 3655 1299 3708 custodit
1333 3672 1447 3708 eam
1478 3653 1650 3727 (Psal.
1677 3656 1881 3726 cxxvr).

309 3744 526 3809 Paulus,
557 3745 682 3814 quia
713 3746 830 3800 vice
854 3745 1055 3800 Christi
1090 3743 1434 3816 fungebatur,
1462 3746 1674 3801 dicente
1697 3745 1882 3816 Augu-

310 3835 455 3889 stino
480 3836 535 3888 in
562 3835 754 3904 psalm.
785 3851 972 3900 cxxvt,
1013 3834 1226 3889 dicebat
1258 3853 1271 3888 :
1307 3834 1482 3890 Timeo
1505 3853 1568 3890 ne
1593 3836 1729 3905 forte
1749 3837 1886 3890 sicut

310 3942 518 3994 serpens
547 3925 708 3979 Evam
749 3926 954 3980 seduxit
982 3927 1181 3980 astutia
1204 3942 1324 3990 sua,
1361 3927 1437 3979 sic
1467 3935 1513 3979 et
1534 3935 1714 3980 vestrm
1737 3942 1884 3979 men-

312 4028 388 4071 tes
410 4027 817 4086 corrumpantur
866 4035 899 4070 α
945 4017 1218 4081 castitate,
1251 4033 1368 4088 qua:
1395 4026 1471 4070 cst
1500 4017 1555 4069 in
1601 4016 1808 4070 Christo
1832 4015 1884 4087 (I

312 4108 437 4162 Cor.
481 4107 581 4179 ιι).
631 4107 994 4172 Custodiebat,
1031 4117 1216 4164 custos
1247 4117 1385 4174 erat,
1431 4108 1689 4180 vigilabat
1712 4123 1886 4177 quan-

311 4209 426 4255 tum
454 4208 664 4270 poterat
697 4214 858 4268 super
891 4214 986 4255 eos
1029 4201 1226 4272 quibus
1254 4209 1484 4270 praeerat
1514 4219 1526 4253 :
1567 4207 1622 4254 et
1649 4199 1886 4269 episcopi

312 4290 415 4346 hoc
443 4289 666 4345 faciunt.
697 4285 829 4344 Nam
860 4291 978 4345 ideo
1003 4291 1163 4347 altior
1189 4291 1339 4346 locus
1363 4283 1578 4362 positus"
1590 4298 1674 4346 est
1695 4291 1750 4345 in
1773 4291 1888 4360 epi-

313 4383 510 4453 scopis,
544 4390 603 4435 ut
653 4382 752 4452 ipsi
783 4383 1063 4437 intendant
1097 4391 1153 4438 et
1179 4391 1434 4453 tanquam
1457 4384 1766 4440 custodiant
1790 4398 1889 4454 po-

311 4475 514 4543 pulum.
544 4471 679 4526 Nam
723 4481 778 4526 et
807 4472 996 4529 Graece
1025 4474 1169 4544 quod
1198 4475 1395 4528 dicitur
1441 4475 1742 4544 episcopus,
1782 4475 1887 4529 hoc

312 4566 501 4620 Latine
539 4565 942 4634 superintentor
991 4566 1403 4634 interpretatur,
1456 4566 1582 4634 quia
1639 4564 1884 4634 superin-

313 4655 519 4719 tendat,
550 4656 675 4723 quia
708 4656 941 4724 desuper
961 4653 1127 4709 videt.
1169 4655 1447 4720 Quomodo
1494 4656 1640 4709 enim
1667 4656 1887 4710 vinitori

305 4747 472 4803 altior
507 4743 562 4798 fit
590 4742 736 4799 locus
766 4746 830 4798 all
858 4743 1268 4798 custodiendam
1295 4744 1508 4798 vineam
1541 4762 1554 4797 :
1589 4745 1669 4798 sic
1695 4753 1751 4798 et
1773 4745 1888 4813 epi-

308 4837 488 4906 scopis
515 4837 676 4889 altior
722 4835 872 4889 locus
902 4834 1078 4889 factus
1121 4842 1223 4889 est.
1266 4834 1333 4888 Et
1361 4835 1428 4889 de
1477 4835 1580 4888 isto
1609 4833 1728 4888 loco
1773 4835 1886 4890 alto

309 4926 607 4998 periculosa
642 4926 778 4979 ratio
805 4925 1065 4991 redditur,
1096 4925 1202 4979 nisi
1227 4940 1292 4980 eo
1317 4925 1480 4980 corde
1521 4933 1725 4980 stemus
1769 4925 1880 4992 hic,

309 5027 368 5071 ut
394 5016 697 5071 humilitate
723 5016 822 5070 sub
847 5015 1070 5084 pedibus
1095 5015 1292 5070 vestris
1316 5016 1506 5079 simus,
1533 5024 1589 5070 et
1612 5030 1710 5084 pro
1737 5016 1890 5070 vobis

306 5120 545 5161 oremus.

917 5194 1143 5250 CAPUT
1190 5195 1276 5248 XI.

662 5285 740 5340 De
771 5285 949 5354 ofﬁcio
979 5285 1186 5338 lectoris
1213 5296 1258 5339 et
1289 5296 1536 5339 coruom.

383 5376 580 5432 Lector
606 5377 825 5439 dicitur,
868 5375 992 5442 quia
1018 5373 1248 5429 lectione
1275 5374 1535 5441 fungitur,
1565 5385 1623 5428 ut
1653 5376 1886 5432 Isidorus

313 5470 410 5522 ait.
439 5469 621 5523 Lectio
647 5467 861 5526 dicitur,
884 5466 1008 5533 quia
1040 5480 1144 5518 non
1172 5474 1422 5520 cantatur
1457 5476 1511 5521 ut
1538 5468 1776 5536 psalmus
1802 5469 1885 5522 vel

315 5557 567 5626 hymnus,
603 5557 696 5610 sed
731 5555 932 5625 legitur
959 5561 1186 5606 tantum.
1240 5554 1350 5608 Illic
1395 5557 1537 5609 enim
1568 5557 1885 5620 modulatio,

315 5646 402 5699 hic
431 5647 539 5698 sola
570 5643 940 5714 pronuntiatio
963 5642 1242 5710 quaeritur.
1285 5644 1487 5698 Cantor
1509 5645 1670 5698 multa
1707 5645 1883 5699 ofﬁcia

317 5737 493 5790 haler
535 5735 963 5804 Unmnqtunlque
1005 5731 1241 5787 ofﬁcium
1295 5752 1359 5790 cx
1397 5735 1484 5791 illo
1535 5737 1673 5805 quod
1699 5737 1880 5803 efficit,

1991 3290 2135 3363 xm),
2163 3292 2384 3361 intelligi
2423 3291 2567 3346 valet
2592 3292 2717 3360 quia
2745 3306 2850 3345 non
2882 3290 2948 3345 de
2971 3290 3056 3344 his
3084 3290 3174 3359 qui
3205 3288 3440 3352 fuerant,
3467 3289 3564 3343 sed

1990 3383 2058 3437 de
2096 3383 2181 3437 his
2209 3383 2301 3450 qui
2346 3397 2468 3437 esse
2513 3382 2566 3435 in
2593 3382 2833 3437 Ecclesia
2865 3389 3135 3454 poterant,
3177 3381 3558 3450 loquebantur.

1989 3472 2089 3537 Qui
2141 3480 2271 3524 tunc
2321 3486 2458 3524 nova
2488 3481 2545 3525 et
2587 3480 2768 3526 vetera
2801 3470 3085 3540 proferunt
3109 3485 3232 3524 cum
3283 3470 3566 3539 utriusque
3619 3459 3628 3466 ’

1990 3565 2323 3620 Testamenti
2353 3564 2771 3634 prtedicamenta
2820 3564 3042 3619 vocibus
3092 3571 3146 3618 et
3198 3562 3442 3618 moribus
3486 3562 3566 3614 Io-

1987 3664 2247 3725 quuntur.
2312 3654 2418 3709 Per
2476 3655 2784 3717 lectionem,
2846 3653 3284 3724 praedicationem
3353 3652 3565 3706 Veteris

1990 3747 2322 3802 Testamenti
2348 3761 2470 3817 quae
2498 3747 2755 3802 humilior
2778 3755 2880 3812 est,
2906 3760 3195 3817 possumus
3223 3744 3560 3814 intelligere;

1986 3852 2085 3906 per
2112 3839 2538 3908 responsorium,
2556 3837 2689 3893 Novi
2717 3836 3071 3902 Testamenti,
3087 3852 3206 3907 qua:
3219 3835 3567 3891 excellentior

1987 3936 2089 3984 est.
2148 3927 2274 3984 ﬂare
2313 3929 2420 3984 duo
2446 3930 2864 4000 praedicamenta
2907 3944 3005 4000 per
3039 3927 3262 3983 Joannis
3303 3927 3470 3982 vitam
3509 3932 3567 3982 et

1987 4016 2188 4072 Christi
2226 4017 2599 4086 designantur.
2647 4018 2807 4085 Nam,
2835 4018 2976 4089 quod
3019 4019 3098 4072 ait
3122 4018 3296 4073 Lucas
3335 4031 3567 4088 evange-

1987 4109 2132 4176 lista,
2166 4108 2612 4175 Lamentavimus,
2657 4121 2706 4165 et
2731 4127 2834 4165 non
2870 4109 3118 4180 plorastis
3155 4106 3306 4179 (Luc.
3338 4107 3461 4177 vn),
3495 4107 3562 4161 ad

1987 4200 2250 4257 Joannem
2277 4203 2536 4270 pertinet,
2567 4202 2722 4271 cujus
2753 4199 3080 4255 abstinentia
3119 4213 3150 4252 a
3180 4197 3317 4252 cibis
3345 4205 3400 4251 et
3430 4205 3561 4267 potu

1987 4291 2191 4346 luctum
2233 4291 2565 4358 poenitentia:
2617 4286 2974 4360 significabat.
3032 4287 3186 4354 Quod
3234 4294 3414 4341 autem
3464 4287 3558 4352 ait,

1989 4381 2329 4436 Cantnrimus
2349 4381 2510 4444 tibiis,
2527 4388 2575 4434 et
2594 4395 2696 4433 non
2707 4378 2962 4444 saltastis,
2979 4377 3044 4432 ad
3062 4377 3235 4446 ipsum
3252 4376 3560 4442 Dominum,

1995 4473 2086 4543 qui
2116 4474 2316 4526 utendo
2338 4487 2460 4527 cum
2491 4471 2704 4526 caeteris
2731 4471 2852 4526 cibo
2881 4477 2935 4526 et
2960 4477 3113 4540 potu,
3143 4469 3384 4523 lmtitiam
3411 4467 3565 4538 regni

1986 4563 2388 4638 praetigurabat.
2442 4563 2509 4616 At
2546 4560 2715 4616 Judaei
2747 4576 2848 4616 nec
2880 4560 3155 4617 humiliari
3189 4574 3310 4614 cum
3335 4557 3561 4621 Joanne,

1988 4643 2091 4712 nec
2136 4672 2258 4711 cum
2305 4654 2522 4710 Christo
2551 4655 2788 4725 gaudere
2814 4653 3120 4709 voluerunt.
3159 4652 3311 4708 Sicut
3345 4653 3563 4707 suavius

1987 4756 2072 4802 est
2102 4746 2313 4801 Novum
2344 4746 2751 4801 Testamentum
2799 4745 3002 4810 Veteri,
3037 4745 3111 4798 ita
3138 4743 3298 4814 vulgo
3346 4742 3563 4797 suavior

1995 4846 2189 4893 cantus
2234 4837 2482 4891 lectione.
2545 4833 2848 4890 Prmscntes
2899 4835 3132 4890 lectores
3180 4841 3237 4888 et
3293 4840 3560 4896 cantores,

1989 4933 2189 5003 quibus
2216 4941 2301 4987 est
2322 4947 2566 5002 surgere,
2591 4929 2731 4986 sicut
2761 4930 2827 4985 de
2852 4929 3020 4984 Paulo
3041 4928 3268 4999 legimus
3289 4926 3558 4997 Superius,

1987 5021 2198 5093 negotia
2224 5021 2432 5074 Domini
2461 5021 2679 5083 habent,
2725 5019 2921 5090 quibus
2949 5019 3166 5084 dicitur,
3200 5016 3557 5088 Negotiamini

1991 5113 2118 5165 dum
2157 5110 2306 5163 venio
2338 5109 2488 5179 (Luc.
2542 5109 2680 5180 xix).
2713 5109 2912 5164 Lector
2955 5107 3126 5180 legem
3158 5107 3371 5163 Domini
3400 5107 3560 5160 debet

1991 5201 2205 5254 tradere
2251 5198 2609 5262 auditoribus,
2661 5197 2814 5266 quasi
2848 5197 3231 5268 incipientibus
3281 5197 3334 5250 in
3375 5194 3559 5249 schola

1991 5290 2202 5344 Domini
2233 5289 2498 5343 exerceri.
2527 5287 2709 5357 Nuper
2740 5289 2916 5342 vocati
2947 5297 3074 5343 sunt
3103 5303 3199 5358 per
3223 5285 3394 5340 ofﬁcia
3428 5299 3560 5336 cano

1991 5388 2168 5433 torum
2198 5379 2262 5431 ad
2287 5378 2523 5447 nuptias.
2558 5376 2829 5431 Neoterici
2858 5385 3006 5439 sunt,
3033 5377 3252 5429 audiant
3282 5375 3557 5429 doctorem

1991 5483 2212 5523 necesse
2259 5476 2360 5523 est.
2397 5467 2593 5522 Doctor
2622 5477 2675 5522 ct
2703 5468 2874 5522 lector
2901 5481 3064 5520 unum
3107 5474 3249 5518 sunt.
3288 5465 3360 5518 De
3391 5463 3560 5517 Esdra

1989 5559 2132 5612 enim
2172 5557 2432 5627 scriptum
2480 5557 2730 5625 estquod
2757 5557 2872 5624 ipse
2902 5555 3071 5624 legem
3106 5552 3315 5607 Domini
3355 5552 3558 5606 faceret

1989 5657 2042 5700 et
2067 5647 2284 5700 doceret
2317 5647 2368 5698 in
2401 5645 2581 5699 Israel.
2614 5644 2872 5698 Eumdem
2897 5642 3118 5696 Esdram
3151 5642 3288 5696 idem
3318 5643 3452 5698 liber
3479 5642 3559 5697 in-

1991 5737 2132 5790 ducit
2157 5745 2350 5805 postea
2367 5736 2627 5804 legentem
2652 5735 2704 5789 in
2727 5733 2893 5806 gradu
2920 5733 3110 5807 ligneo.
3153 5733 3227 5790 Dc
3250 5734 3558 5792 doctoribus
