3938 6178
433 283 573 342 1119

1459 275 1798 333 AMALARII
1832 273 2267 330 PRESBYTEBI
2307 268 2656 329 METENSIS

3542 275 3692 333 “20

429 397 567 453 dicit
588 394 906 451 Ambrosius
937 395 989 449 in
1027 392 1265 463 Epistola
1297 392 1364 446 ad
1389 391 1702 447 Corinthios
1733 407 1748 442 :
1777 389 1901 443 Illos
1926 386 2007 442 di—
2033 387 2086 448 Α
2109 387 2292 442 dicens
2323 405 2337 443 :
2369 386 2499 452 Quis
2527 395 2702 442 autem
2725 396 2950 442 uestrum
2977 389 3170 443 habens
3193 406 3400 444 servum
3421 403 3684 454 arentem.

429 489 512 544 cit
535 490 806 551 doctores,
850 485 1044 554 inquit,
1078 483 1295 548 Paulus,
1328 482 1420 552 qui
1450 482 1503 536 in
1540 480 1783 536 Ecclesia
1812 477 2007 532 litteris

431 591 490 638 et
512 581 831 637 lectionibus
853 577 1151 634 retinendis
1173 591 1370 647 pueros
1392 575 1704 629 imbuebant
1730 587 1882 627 more
1910 569 2009 640 Sy-

434 686 680 740 nanoga',
705 671 828 739 quia
855 667 1071 724 traditio
1095 667 1306 722 illorum
1331 667 1397 721 ad
1418 682 1517 721 nos
1541 665 1829 719 transitum
1859 663 2004 718 fecit.

429 761 634 818 lterum
662 761 794 816 mihi
831 760 1044 815 videtur
1069 775 1189 814 esse
1219 759 1358 812 inter
1387 757 1674 812 lectionem
1700 765 1755 810 et
1780 769 2007 823 respon-

431 851 656 911 sorium,
689 849 833 918 quod
855 857 939 903 est
968 849 1111 903 inter
1139 847 1408 901 elementa
1437 853 1492 900 et
1515 853 1660 899 artes
1698 845 1862 913 ipsas.
1897 842 2006 896 Ars

433 955 652 1010 quoque
704 939 910 994 musica
960 939 1124 992 habet
1152 937 1415 991 elementa
1463 939 1667 1002 sua,'et
1711 932 2009 1004 geometria

437 1032 506 1086 ab
552 1029 838 1084 elementis
890 1027 1082 1098 incipit
1126 1026 1413 1090 linearum,
1453 1033 1508 1078 et
1543 1023 1824 1079 dialectica
1846 1029 2009 1090 atque

435 1122 702 1177 medicina
742 1121 946 1175 habent
975 1119 1220 1188 isagogas
1270 1131 1416 1170 suas.
1458 1113 1550 1168 Sic
1593 1111 1879 1168 elementis
1906 1111 2010 1167 Ve-

436 1213 568 1272 teris
600 1209 953 1274 Testamenti,
1000 1219 1060 1262 ut
1113 1209 1178 1261 ad
1213 1204 1580 1275 evangelicam
1619 1200 2009 1272 plenitudinem

435 1305 644 1365 veniat,
673 1301 846 1357 sancti
875 1299 977 1353 viri
1017 1297 1262 1352 eruditur
1306 1294 1554 1349 infantia.
1597 1293 1878 1346 Elementa
1924 1288 2010 1346 lex

436 1393 635 1464 Moysis
671 1399 725 1446 et
755 1403 915 1444 omne
944 1389 1112 1444 Vetus
1148 1387 1570 1441 lustrumentum
1601 1382 2006 1452 intelligendum

317 1509 334 1525 θ
431 1497 539 1552 est,
586 1485 782 1554 quibus
829 1483 984 1552 quasi
1030 1480 1312 1535 elementis
1358 1487 1412 1532 et
1457 1475 1732 1545 religionis
1770 1473 2010 1528 exordiis

437 1577 608 1632 Deum
643 1573 918 1630 discimus.
961 1571 1098 1625 Dent
1131 1568 1388 1632 lectores,
1427 1565 1542 1620 sive
1581 1563 1852 1627 doctores,
1881 1575 2008 1632 pre-

441 1670 576 1722 tium
607 1665 840 1730 Domini,
865 1663 919 1718 id
942 1670 1044 1727 est,
1071 1663 1235 1717 verba
1270 1659 1423 1731 legis,
1459 1665 1516 1714 et
1549 1656 1817 1727 recipiant
1844 1655 2007 1710 scho-

2105 491 2199 533 aut
2240 490 2558 551 pascentem,
2582 480 2674 550 qui
2703 497 2934 551 regresso
2972 481 3036 535 de
3062 499 3190 551 agro
3217 485 3346 536 dicit
3369 484 3454 537 illi
3479 486 3689 551 statim,

2110 572 2300 626 Transi
2323 581 2372 626 et
2395 571 2654 638 recumbe,
2677 581 2724 626 et
2765 589 2870 626 non
2889 572 3017 626 dicit
3050 574 3120 638 ei,
3150 573 3296 627 Para
3327 575 3471 644 quod
3489 593 3692 632 cenem

2108 664 2260 736 (Luc.
2308 664 2490 732 xvn)?
2524 664 2656 720 Arat
2685 665 2779 735 qui
2807 673 2990 720 aratro
3025 669 3455 735 oompunctionis
3482 669 3693 724 scindit

2105 755 2290 810 corda.
2321 753 2465 808 Nulli
2493 755 2716 810 dubium
2757 755 2888 825 quin
2913 769 3012 825 per
3035 756 3418 812 modulationis
3440 758 3688 814 dulcedi-

2107 863 2229 903 nem
2273 847 2588 902 scindantur
2613 849 2798 912 corda,
2837 849 3004 904 etiam
3041 849 3303 915 carnalia,
3327 857 3384 904 et
3410 866 3534 906 sese
3559 867 3689 920 ape-

2106 936 2254 992 riant
2275 952 2426 992 more
2446 936 2580 992 sulci
2603 938 2656 992 in
2683 938 3024 993 confessione
3050 940 3196 994 vocis
3220 948 3275 994 et
3296 940 3686 1011 lacrymarum.

2108 1029 2311 1085 Musica
2336 1031 2497 1085 habet
2510 1031 2796 1099 quamdam
2817 1032 3115 1086 naturalem
3136 1034 3246 1087 vim
3270 1034 3336 1087 ad
3355 1032 3688 1090 ﬂectendum

2109 1123 2370 1185 animum,
2417 1121 2558 1177 sicut
2582 1120 2803 1176 Boetius
2821 1122 2877 1176 in
2907 1138 3006 1177 suo
3029 1122 3166 1178 libro
3196 1125 3386 1179 scribit
3419 1140 3585 1193 quem
3621 1126 3689 1178 de

2110 1211 2309 1267 Musica
2336 1212 2465 1268 fecit
2499 1230 2512 1265 :
2556 1213 2841 1282 Vulgatum
2871 1215 3069 1284 quippe
3095 1223 3179 1270 est
3205 1230 3364 1282 quam
3393 1232 3538 1286 saepe
3579 1217 3688 1270 ira-

2107 1305 2334 1360 cundias
2377 1305 2647 1359 cantilena
2691 1306 3032 1374 represserit,
3079 1322 3238 1375 quam
3293 1307 3464 1361 multa
3497 1308 3585 1362 vel
3630 1311 3686 1361 in

2106 1409 2395 1464 corporum
2447 1395 2531 1450 vel
2565 1396 2618 1450 in
2669 1397 2974 1451 animorum
3013 1396 3384 1471 aﬂ‘ectionibus
3433 1398 3685 1453 miranda

2108 1485 2420 1558 perfecerit.
2463 1486 2620 1542 Absit
2668 1495 2728 1542 ut
2787 1487 3024 1558 vigorem
3070 1487 3368 1543 Christiani
3415 1491 3586 1543 animi
3630 1492 3684 1544 in

2111 1575 2396 1632 mollitiem
2441 1576 2704 1632 caducam
2754 1578 2925 1647 possit
2964 1587 3298 1644 convertere,
3325 1581 3470 1649 quod
3515 1596 3687 1651 genus

2111 1664 2278 1720 etiam
2310 1663 2410 1734 ipsi
2457 1664 2683 1734 gentiles
2722 1666 2982 1721 vitabant.
3031 1667 3186 1723 Unde
3214 1669 3476 1738 scriptum
3512 1679 3601 1724 est
3630 1673 3683 1724 in

433 1757 656 1814 lasticas
682 1763 914 1820 mentes,
937 1753 1144 1809 scilicet
1167 1760 1425 1807 vacantes
1453 1751 1523 1805 ab
1548 1749 1822 1818 emptione
1844 1733 2003 1812 villae,
2035 1742 2084 1802 B
2111 1761 2414 1810 memorato
2460 1733 2601 1810 libro
2651 1757 2916 1825 superiori
2953 1757 3091 1823 loco,
3142 1733 3347 1814 idcirco
3399 1759 3687 1814 Timotheo

433 1850 506 1904 ab
532 1848 802 1918 emptione
827 1845 994 1900 boum
1015 1845 1252 1914 quinque
1269 1840 1545 1913 iugorum,
1573 1854 1602 1892 a
1636 1841 1799 1894 ductu
1819 1837 2006 1891 uxoris

441 1939 595 2010 (Luc.
629 1937 764 2007 xiv).
795 1935 993 1992 Schola
1029 1933 1239 1989 vacatio
1265 1932 1483 1986 dicitur.
1522 1929 1594 1984 At
1621 1929 1668 1984 si
1697 1929 1876 1983 adhuc
1903 1926 2006 1981 ali~

431 2032 558 2101 quis
603 2029 800 2086 surdus
837 2026 1104 2084 obturatis
1143 2024 1366 2078 auribus
1407 2022 1588 2078 cordis
1611 2021 1891 2092 torpescit,
1915 2035 2009 2076 ve-

432 2129 552 2176 niat
595 2129 788 2176 cantor
838 2135 960 2175 cum
989 2117 1206 2173 excelsa
1255 2117 1381 2171 tuba
1418 2129 1569 2170 more
1596 2114 2004 2184 prophetarum,

440 2220 707 2280 sonetque
728 2210 783 2264 in
806 2224 968 2264 aures
984 2206 1104 2277 ejus
1127 2205 1462 2261 dulcedinem
1483 2204 1745 2268 melodize,
1776 2202 2005 2258 forsitan

430 2294 776 2358 excitabitur.
830 2300 951 2355 Fiat
989 2299 1043 2354 in
1085 2313 1150 2353 eo
1192 2297 1336 2368 quod
1391 2297 1457 2351 de
1512 2296 1708 2366 populo
1753 2304 2008 2350 narratur

441 2395 642 2450 factum
685 2407 806 2449 esse
847 2393 902 2447 in
932 2392 1073 2447 libro
1108 2390 1313 2446 Esdrm.
1349 2388 1442 2444 Sic
1474 2387 1618 2443 enim
1641 2387 1904 2456 scriptum
1923 2396 2009 2442 est

439 2489 498 2542 in
524 2502 592 2542 eo
626 2503 641 2539 :
675 2484 943 2540 Steterunt
967 2483 1263 2538 sacerdotes
1277 2483 1341 2536 'in
1383 2490 1573 2535 ornatu
1598 2497 1694 2534 suo
1725 2496 1840 2532 cum
1871 2478 2007 2534 tubis

436 2589 486 2633 et
516 2577 709 2632 Levita:
739 2574 841 2645 ﬁlii
861 2575 1036 2646 Asaplt
1068 2575 1123 2628 in
1157 2571 1425 2644 cymbalis,
1455 2581 1511 2625 ut
1542 2570 1820 2624 laudarent
1839 2569 2009 2623 Deum

431 2686 530 2740 per
547 2684 735 2723 manus
750 2666 920 2721 David
942 2667 1076 2736 regis
1105 2663 1359 2730 Israel,et
1372 2661 1712 2718 concinebant
1729 2660 1936 2731 hymnis
1959 2667 2008 2714 et

432 2755 754 2826 confessione
801 2753 1051 2820 Domino,
1108 2753 1357 2824 quoniam
1405 2752 1592 2816 bonus,
1651 2750 1903 2817 quoniam
1951 2749 2009 2803 in

432 2856 690 2902 (sternunt
703 2845 1063 2899 misericordia
1085 2845 1202 2914 ejus
1218 2859 1374 2913 super
1395 2841 1585 2896 Israel.
1603 2841 1790 2896 Omnis
1807 2856 2011 2912 quoque

440 2937 668 3009 populus
704 2935 1090 3007 vociferabatur
1129 2934 1360 2990 clamore
1401 2950 1592 3005 magno
1646 2933 1704 2988 in
1739 2931 2010 2987 laudando

435 3028 743 3093 Dominum,
772 3027 828 3081 in
851 3042 911 3080 eo
946 3025 1086 3096 quod
1113 3025 1392 3095 fundatum
1414 3033 1491 3079 est
1513 3022 1762 3094 templum
1793 3021 2008 3076 Domini

433 3117 492 3192 (Ι
521 3117 653 3172 Esd.
691 3118 797 3189 ιιι).
845 3117 914 3174 Ει
936 3093 1265 3188 paulo—post
1307 3132 1322 3170 :
1361 3113 1519 3169 Hulti
1559 3093 1906 3184 vociferantes
1951 3113 2007 3168 in
2033 3093 2079 3156 Ο

432 3208 622 3272 ltetitia
652 3206 892 3262 levabant
929 3223 1125 3272 uacent,
1155 3222 1248 3261 nec
1270 3213 1477 3276 poterat
1520 3205 1798 3277 quisquam
1844 3220 2011 3276 agno-

435 3316 579 3355 scere
616 3315 788 3354 vocem
815 3297 1061 3355 clamoris
1099 3298 1414 3365 lwtautium,
1443 3308 1492 3354 et
1518 3315 1694 3354 vocem
1722 3300 1880 3369 ﬂetus
1913 3316 2007 3365 po-

434 3390 550 3461 puli
581 3390 792 3464 (Ibid.).
831 3390 986 3448 Unde
1032 3389 1176 3447 Beda
1202 3391 1256 3446 in
1285 3399 1523 3446 tractatu
1557 3392 1781 3448 ESdl'tB:
1810 3391 2005 3448 Sacer-

443 3481 598 3536 dotes
633 3481 853 3552 quidem
895 3481 1098 3537 sanctis
1136 3481 1316 3537 ornati
1350 3482 1615 3549 vestibus,
1638 3492 1800 3552 prout
1833 3491 2012 3540 stante

442 3570 624 3626 adhuc
667 3571 866 3642 templo
908 3580 1304 3628 consueverant
1352 3572 1498 3629 tubis
1533 3581 1912 3642 personantes,
1955 3581 2014 3630 et

440 3679 538 3719 cor
555 3663 737 3735 populi
771 3663 841 3720 ad
882 3665 1205 3721 suavitatem
1246 3677 1496 3736 supernae
1517 3665 1692 3723 laudis
1715 3665 2011 3723 accenden-

438 3764 553 3823 tes;
597 3753 799 3810 Levita;
851 3762 1034 3811 autem
1082 3754 1139 3810 in
1185 3755 1445 3827 cymbalis
1491 3755 1632 3811 bene
1686 3755 2007 3812 sonantibus

443 3846 672 3917 hymnos
705 3843 930 3900 Domino
955 3844 1303 3902 concinentes
1329 3862 1342 3896 :
1364 3845 1594 3916 populus
1617 3860 1746 3900 vero
1769 3845 2012 3900 clamore

440 3934 720 3992 communi
742 3935 990 3989 allectum
1032 3935 1114 3990 sui
1137 3935 1318 3991 cordis
1345 3934 1402 3989 in
1437 3934 1702 3990 laudando
1723 3935 2011 3990 Dominum

446 4026 760 4083 ostendens.
801 4025 1065 4083 Cantores
1088 4026 1182 4096 qui
1213 4026 1541 4096 respondent
1560 4026 1736 4096 primo
1769 4027 2009 4096 canenti,

443 4131 632 4174 vocem
676 4117 980 4173 auditorum
1001 4115 1306 4186 proferunt,
1339 4130 1476 4185 quos
1515 4113 1875 4171 testiﬁcantur
1895 4117 2013 4171 lau-

371 4253 377 4257 η
445 4209 576 4265 dare
621 4209 927 4268 Dominum.
971 4207 1088 4262 Non
1120 4207 1390 4263 immerito
1428 4205 1530 4276 ipsi
1555 4215 1806 4262 cantores
1845 4215 2012 4278 agunt

446 4314 639 4354 causas
667 4301 1076 4370 prophetarum,
1105 4299 1232 4368 quia
1259 4300 1327 4354 de
1353 4298 1479 4354 ﬁliis
1516 4297 1780 4369 principis
1798 4313 2009 4363 eorum,

2107 1845 2315 1902 Milesio
2360 1844 2662 1916 Spartiatas
2704 1848 3094 1910 succensuisse,
3148 1851 3292 1919 quod
3326 1850 3680 1918 multiplicem

2107 1937 2372 1991 musicam
2397 1937 2650 2002 reddens,
2695 1951 2986 2006 puerorum
3029 1939 3246 2002 animis,
3285 1955 3425 2008 quos
3458 1955 3684 2010 accepe-

2108 2036 2196 2082 rat
2237 2028 2582 2091 erudiendos,
2637 2028 2899 2094 olliceret,
2949 2037 3006 2084 et
3061 2045 3091 2082 a
3147 2030 3365 2084 virtutis
3418 2031 3683 2084 modestia

2106 2117 2450 2188 przepediret,
2492 2125 2549 2173 et
2588 2119 2732 2188 quod
2775 2119 3136 2183 harmoniam,
3187 2135 3349 2188 quam
3379 2122 3683 2175 modestam

2108 2218 2442 2279 susceperat,
2485 2210 2539 2264 in
2588 2226 2758 2281 genus
2785 2212 3196 2274 cliromaticum,
3235 2213 3378 2281 quod
3421 2220 3507 2267 est
3546 2212 3682 2266 mol-

2109 2299 2232 2363 lius,
2263 2300 2592 2354 invertisset.
2632 2299 2803 2354 Tanta
2836 2300 3001 2370 igitur
3033 2301 3172 2370 apud
3204 2317 3299 2356 eos
3330 2303 3558 2357 musice
3581 2302 3682 2356 fuit

2109 2389 2400 2459 diligentia,
2431 2395 2492 2442 ut
2517 2405 2640 2444 eam
2681 2372 2892 2445 animos
2915 2404 3130 2459 quoque
3161 2391 3408 2446 obtinere
3443 2392 3682 2446 arbitra-

2107 2490 2314 2539 rentur.
2362 2482 2643 2538 Sul‘liciant
2668 2484 2783 2537 haec
2821 2493 2988 2553 pauos
3018 2483 3082 2538 de
3106 2484 3337 2537 naturali
3367 2484 3419 2538 vi
3464 2485 3685 2538 musice

2109 2575 2424 2639 inseruisse,
2449 2576 2828 2630 revertendum
2853 2585 2937 2630 est
2961 2577 3026 2630 ad
3054 2577 3420 2646 evangelicam
3444 2577 3676 2646 parabo-

2108 2669 2238 2724 lam.
2273 2668 2474 2723 Servus
2500 2669 2593 2739 qui
2616 2680 2735 2723 arat
2759 2684 2864 2724 non
2889 2669 3049 2724 debet
3071 2670 3237 2731 illico,
3259 2669 3325 2724 de
3347 2685 3480 2739 agro
3505 2685 3682 2723 rever-

2109 2768 2251 2824 tens,
2301 2760 2639 2825 recumbere,
2671 2761 2766 2816 sed
2806 2775 3001 2829 parare
3055 2776 3265 2815 orenam
3294 2760 3499 2814 domini
3527 2759 3677 2826 (Lar.

2108 2847 2265 2921 xvn).
2293 2848 2366 2904 De
2402 2865 2508 2918 quo
2536 2864 2693 2904 servo
2721 2850 2854 2905 dicit
2871 2849 3015 2904 Beda
3059 2850 3112 2904 in
3139 2856 3368 2904 tractatu
3395 2865 3562 2919 super
3581 2849 3686 2903 Lu-

2111 2955 2230 2996 cam
2261 2959 2275 2994 :
2312 2940 2514 2997 Servus
2543 2941 2610 2996 de
2649 2956 2779 3011 agro
2813 2939 3127 3005 revertitur,
3171 2955 3314 3004 cum,
3369 2940 3685 2994 intermisso

2113 3033 2183 3088 ad
2203 3041 2416 3102 tempus
2443 3047 2609 3102 opere
2631 3032 2980 3102 praedicandi,
3005 3031 3073 3086 ad
3088 3031 3472 3086 conscientiam
3498 3030 3683 3084 doctor

2109 3125 2358 3189 recurrit,
2395 3133 2581 3196 atque,
2615 3139 2646 3179 a
2677 3123 2894 3194 publico
2914 3123 3202 3178 locutionis
3229 3121 3296 3176 ad
3324 3121 3535 3176 curiam
3563 3134 3684 3176 cor-

2109 3216 2195 3272 dis
2219 3217 2456 3282 rediens,
2503 3231 2601 3272 sua
2627 3229 2814 3272 secum
2865 3220 3110 3270 secretus
3147 3218 3268 3266 acta
3301 3210 3389 3265 vel
3415 3210 3558 3265 dicta
3599 3223 3686 3264 re-

2109 3314 2329 3364 tractat.
2376 3305 2536 3361 Justa
2570 3304 2910 3374 disciplinam
2948 3303 3093 3359 servi
3123 3301 3332 3356 arantis
3361 3300 3684 3355 admonetur

2109 3405 2306 3455 cantor
2347 3405 2410 3454 ut
2433 3413 2542 3454 non
2588 3396 2731 3452 illico
2754 3403 2879 3467 post
2919 3402 3099 3450 actum
3126 3393 3212 3449 sui
3239 3391 3402 3448 oﬂicii
3439 3391 3683 3460 requiem

2109 3498 2341 3562 spectet,
2390 3498 2446 3548 et
2495 3497 2711 3559 torpore
2761 3485 3072 3543 securitatis
3109 3491 3401 3555 torpescat.
3451 3481 3686 3538 Perfecit

2110 3581 2255 3637 enim
2299 3595 2437 3650 opus
2469 3594 2646 3644 suum,
2695 3576 2912 3647 quando
2950 3573 3346 3645 quodammodo
3372 3587 3468 3626 sua
3491 3571 3686 3641 iubila-

2113 3669 2264 3725 tione
2286 3670 2461 3724 bonos
2488 3667 2544 3722 in
2575 3666 2897 3722 exercitium
2922 3663 3088 3719 aratri
3111 3661 3345 3726 induxit,
3370 3661 3424 3715 id
3451 3666 3538 3714 est
3556 3673 3683 3713 can-

2113 3770 2263 3816 tores
2285 3757 2604 3830 provocavit
2633 3764 2698 3811 ut
2739 3755 3048 3811 scinderent
3089 3754 3256 3808 corda
3304 3759 3492 3804 aratro
3539 3761 3684 3803 com-

2108 3849 2438 3923 punctionis.
2465 3847 2543 3904 Ac
2564 3854 2750 3918 postea
2785 3858 2976 3900 versus
3013 3841 3278 3913 sequitur.
3311 3839 3372 3894 ln
3399 3853 3562 3893 versu
3585 3851 3681 3892 ne-

2111 3959 2264 4002 cesse
2306 3951 2391 4000 est
2430 3950 2492 3998 ut
2538 3955 2667 3998 suas
2713 3938 3064 4010 cogitationes
3114 3937 3182 3991 ad
3219 3950 3279 3992 se
3323 3932 3587 3994 retrahat,
3630 3939 3680 3986 et

2113 4051 2297 4092 secum
2327 4033 2528 4104 cogitet
2564 4031 2838 4103 quomodo
2881 4037 2973 4084 aut
3001 4028 3130 4099 quid
3171 4043 3203 4082 a
3236 4025 3502 4097 magistro
3546 4023 3681 4078 didi-

2112 4127 2295 4183 cisset.
2354 4126 2556 4182 Versus
2603 4123 2799 4178 timore
2846 4136 2957 4177 non
3010 4128 3095 4176 est
3134 4134 3299 4174 ausus
3343 4117 3454 4172 alte
3506 4116 3684 4171 levare

2111 4217 2547 4288 responsorium;
2603 4213 2778 4270 nescit
2829 4211 3100 4282 quomodo
3148 4209 3301 4264 ﬁniat
3337 4223 3576 4263 versum.
3617 4205 3684 4261 Et

2113 4306 2204 4361 hic
2233 4304 2477 4360 imitatur
2505 4302 2650 4358 aliud
2679 4301 2983 4370 exemplum
3023 4300 3282 4355 doctrina!
3306 4296 3548 4361 Domini,
3577 4311 3682 4365 qua

445 4391 627 4492 idest,
657 4389 848 4492 .Asaph
877 4391 1138 4492 scriptum
1159 4390 1317 4447 estin
1351 4389 1800 4492 Paralipomenon
1830 4405 1846 4444 :
1881 4388 2012 4444 Filii
2036 4431 2092 4492 υ
2109 4393 2331 4466 iubetur
2373 4399 2434 4446 ut
2487 4392 2578 4460 qui
2633 4391 2864 4446 voluerit
2923 4389 3117 4444 turrim
3181 4387 3474 4448 aediﬁcare,
3537 4385 3687 4456 prius

442 4483 557 4552 ejus
588 4481 679 4536 sub
703 4498 862 4551 many
886 4483 1048 4553 ipsius
1075 4489 1244 4547 erant,
1268 4481 1807 4552 prophetantesjuxta
1837 4497 2010 4552 regem
2044 4477 2089 4492 “’
2114 4491 2363 4553 sumptus
2409 4482 2629 4553 cogitet,
2659 4481 2706 4537 si
2744 4481 2908 4536 habet
2934 4495 3054 4548 quae
3101 4477 3409 4534 necessaria
3445 4485 3575 4531 sunt
3621 4477 3687 4531 ad

441 4574 497 4644 (Ι
528 4572 659 4628 Par.
685 4573 814 4646 xv);
849 4573 954 4643 ipsi
993 4572 1234 4627 exaltant
1268 4587 1458 4628 vocem
1495 4578 1557 4626 ut
1584 4571 1746 4635 tuba,
1773 4570 1906 4639 ipsis
1931 4570 2013 4625 di-

440 4664 586 4718 citur
614 4665 674 4718 in
715 4664 924 4734 psalmo
951 4663 1342 4732 octuagesimo,
1371 4661 1520 4716 Tuba
1560 4661 1750 4725 canite,
1775 4660 1882 4714 hoc
1903 4669 2010 4728 est,

443 4761 504 4808 ut
533 4752 862 4824 Augustinus
899 4755 996 4819 ait,
1021 4754 1223 4808 clarius
1243 4762 1301 4808 et
1324 4753 1577 4808 fidentius
1602 4749 1916 4822 praedicam,
1942 4767 2014 4808 ne

445 4844 781 4909 terreamini,
805 4845 946 4900 sicut
981 4845 1057 4898 ait
1085 4845 1345 4914 pmpheta
1370 4843 1604 4913 quodam
1633 4842 1774 4907 loco,
1806 4840 2007 4896 Excla-

445 4952 533 4990 ma
572 4945 621 4989 et
645 4935 818 4990 exulta
856 4952 1031 4991 vocem
1056 4947 1201 4990 tuam
1220 4938 1354 4990 sicut
1380 4933 1506 4988 tuba
1534 4933 1667 5003 (Isa.
1692 4933 1866 4998 Lvlri).
1902 4933 2015 4988 Lex

445 5023 592 5078 enim
616 5022 816 5091 scripta
837 5024 960 5078 data
982 5033 1066 5080 est
1091 5024 1143 5077 in
1168 5023 1382 5078 tabulis.
1409 5019 1688 5090 Scriptura
1721 5020 1867 5076 enim
1889 5033 2014 5088 per-

448 5118 586 5171 tinet
609 5116 676 5171 ad
697 5116 916 5182 lectoris
937 5114 1171 5170 cilicium
1206 5133 1218 5168 :
1243 5114 1526 5186 prophetia
1555 5113 1721 5167 menti
1750 5111 2012 5180 inscripta

447 5216 588 5274 erat,
613 5223 772 5278 quam
795 5221 928 5263 voce
960 5207 1143 5261 fidenti
1176 5191 1450 5276 propheta:
1473 5201 1840 5273 proferebant,
1871 5200 2014 5271 quod

446 5298 680 5360 pertinet
700 5297 767 5352 ad
790 5297 1029 5352 cantoris
1047 5294 1299 5350 cilicium.
1329 5293 1479 5348 Fidei
1504 5290 1873 5362 praedicatoris
1896 5288 2013 5344 oili-

448 5390 592 5443 cium
631 5388 772 5460 gerit
800 5395 1011 5452 cantor,
1059 5401 1218 5458 quem
1246 5391 1457 5455 oportet
1491 5390 1615 5453 post
1649 5381 2013 5436 obedientiam

453 5476 759 5531 auditorum
783 5490 999 5532 versum
1049 5481 1288 5530 cantare.
1339 5471 1482 5538 Quid
1520 5467 1788 5544 signiﬁcet
1826 5483 2016 5524 versus

454 5569 511 5622 in
539 5567 711 5624 cilicio
741 5569 1133 5640 praedicatoris,
1185 5582 1253 5623 ex
1280 5564 1591 5635 evangelica
1624 5562 1881 5633 parabola
1915 5562 2014 5618 ad-

451 5657 662 5713 discere
687 5673 976 5732 possumus
1013 5674 1132 5732 qua
1161 5663 1350 5714 narrat
1375 5656 1442 5712 de
1497 5668 1655 5711 servo
1681 5660 1893 5721 arante,
1943 5652 2015 5707 ita

2111 4570 2521 4644 perﬁciendum.
2569 4569 2825 4639 Sequitur
2860 4567 3004 4624 Beda
3030 4575 3360 4623 memoratus
3387 4582 3404 4621 :
3433 4565 3568 4622 Post
3592 4581 3685 4637 pa-

2112 4670 2257 4719 stum
2294 4668 2458 4730 atque
2498 4658 2906 4730 agriculturam,
2952 4657 3095 4713 domi
3137 4655 3242 4710 sibi
3286 4655 3445 4723 jubet
3492 4669 3684 4725 parare

2113 4752 2255 4822 quod
2277 4759 2474 4816 coenet,
2499 4750 2602 4804 hoc
2638 4754 2746 4814 est,
2765 4755 2886 4817 post
2903 4746 3142 4801 laborem
3169 4753 3371 4814 apertae
3400 4743 3686 4799 locutionis

2115 4843 2480 4899 humilitatem
2521 4855 2736 4910 quoque
2775 4838 3006 4909 propriae
3048 4835 3499 4892 considerationis
3544 4833 3687 4887 exhi-

2109 4936 2257 4990 bere.
2287 4933 2400 4987 Hoc
2420 4932 2547 4987 facit
2572 4931 2662 4986 ille
2690 4931 2781 4999 qui
2807 4944 3022 4985 versum
3043 4934 3245 4983 cantat.
3271 4925 3332 4980 In
3364 4927 3682 4995 repetitione

2111 5023 2443 5095 responsorii
2484 5021 2688 5077 exaltat
2724 5035 2912 5075 vocem
2961 5017 3299 5079 ﬁducialiter,
3332 5016 3447 5086 jam
3477 5031 3586 5070 non
3620 5014 3684 5066 ti-

2114 5130 2266 5169 mens
2303 5129 2542 5168 versum.
2573 5112 2726 5166 lllum
2773 5110 2863 5181 qui
2895 5108 3306 5178 praedicatorem
3342 5106 3544 5176 signat,
3588 5103 3674 5173 qui

2112 5220 2329 5260 cursum
2354 5219 2508 5258 suum
2534 5211 2967 5258 consummatum
2988 5198 3170 5262 habet,
3201 5196 3377 5266 qualis
3400 5204 3521 5250 erat
3548 5193 3680 5247 Pau-

2118 5295 2205 5350 lus
2231 5309 2354 5350 cum
2378 5294 2640 5360 diceret:
2671 5291 2877 5346 Bonum
2915 5299 3173 5342 certamen
3221 5285 3439 5350 certavi,
3478 5297 3682 5339 cursum

2119 5383 2490 5446 consummavi,
2519 5380 2676 5450 ﬁdem
2719 5364 2940 5442 seruaui,
2985 5377 3042 5429 in
3099 5375 3298 5445 reliquo
3349 5376 3580 5444 reposita
3617 5380 3685 5425 est

2119 5473 2247 5528 mihi
2277 5487 2469 5526 corona
2507 5469 2732 5540 justitiw
2779 5466 2866 5537 (II
2921 5464 3055 5518 Tim.
3098 5463 3197 5535 iv).
3255 5463 3500 5518 Diximus
3549 5458 3684 5531 quod

2123 5562 2423 5617 excitentur
2444 5574 2542 5630 per
2573 5555 2996 5628 responsorium,
3019 5553 3110 5623 qui
3142 5561 3268 5609 sunt
3290 5549 3685 5622 quodammodo

2124 5651 2268 5708 surdi
2291 5650 2358 5706 ad
2380 5647 2707 5721 Epistulam;
2735 5646 2980 5704 dicamus
3016 5644 3251 5715 qualiter
3276 5643 3588 5700 obedientes
3615 5639 3681 5695 il-
