3938 6178
255 291 381 347 1121

1000 276 1085 331 DE
1123 265 1676 329 ECCLESIASTICIS
1715 264 2002 324 OFFICIIS
2037 261 2219 320 LIBRI
2255 261 2344 319 IV.
2384 290 2454 300 —
2489 259 2616 315 LIB.
2658 258 2742 314 III.

3358 253 3497 309 “22

253 407 358 460 lico
381 397 786 474 proﬁciantper
799 385 1226 458 responsorium.
1244 382 1302 435 In
1332 380 1564 434 lectione
1591 377 1834 447 pascitur
1859 391 1910 448 Α
1936 377 2003 430 Ει
2031 383 2152 445 post
2176 388 2347 444 pauca
2380 391 2393 427 :
2429 372 2562 428 Item
2602 388 2722 425 cum
2761 372 2963 425 intrans
2994 367 3291 425 cubiculum
3316 369 3500 424 clauso

252 466 472 548 auditor
492 484 646 556 quasi
677 475 1074 552 quodammodo
1103 473 1220 527 bos.
1246 471 1328 525 Ad
1354 471 1457 524 hoc
1486 468 1630 556 enim
1652 466 1825 535 pasci-

1931 469 2064 520 ostio
2092 482 2183 518 oro
2210 473 2410 534 patrem
2438 465 2492 517 in
2518 461 2817 516 abscondito
2857 460 3072 533 (Matth.
3105 461 3206 532 γι),
3229 469 3496 516 turturem

250 592 343 636 tur
368 581 488 641 bos,
512 583 572 627 ut
602 573 656 626 in
693 583 761 623 eo
804 570 1126 622 exerceatur
1153 574 1290 629 opus
1329 554 1690 626 agricultura.
1721 552 1827 606 Bos
1932 556 2122 618 onero,
2149 564 2205 609 at
2227 570 2349 609 cum
2375 552 2614 621 ejusdem
2663 553 2842 621 operis
2882 567 3165 621 compares
3191 567 3376 621 quam
3404 567 3496 607 ca-

255 669 402 724 enim
456 661 773 734 Praedicator
807 663 907 709 θει-
965 650 1119 707 Unde
1164 648 1424 716 8c"illium
1457 653 1541 699 εει
1586 643 1639 696 in
1691 642 1829 734 “MO
1931 647 2108 702 uendo
2143 661 2266 701 cum
2309 645 2576 715 PrOpheta
2617 645 2851 698 :V’enitc
2892 642 3176 698 adoremus
3226 652 3281 698 et
3315 644 3496 712 proci-

260 760 393 832 .egis
421 772 438 811 :
463 733 591 809 Non
621 747 863 819 alligabis
913 762 970 798 os
999 743 1116 796 bovi
1155 739 1428 794 trituranti
1459 735 1638 808 (Deut.
1677 733 1828 805 xxv).

1932 735 2124 790 damus
2172 743 2297 788 ante
2342 735 2540 797 Deum;
2579 733 2850 802 ploremus
2888 746 3070 786 coram
3110 731 3357 795 Domino,
3405 732 3500 800 qui

261 821 458 906 Pastus
485 851 569 899 est
596 839 742 895 enim
775 836 894 900 bos,
917 837 1238 887 exerceatur
1265 841 1420 896 Opus.
1456 825 1658 878 Cantor
1689 821 1836 875 enim
1935 824 2064 879 fecit
2101 840 2201 878 nos
2237 821 2410 895 (Psal.
2449 822 2614 893 xcrv),
2651 822 2928 877 columbas
2953 822 3019 875 ad
3056 821 3225 876 altare
3251 823 3498 891 deporto.

263 946 349 994 est
375 933 532 1005 quasi
551 927 835 989 bubulcus,
854 922 944 993 qui
963 919 1157 990 juhilat
1175 917 1367 981 bobus,
1391 922 1451 969 ut
1465 913 1691 967 hilarius
1706 927 1832 966 ara-

263 1001 411 1082 trum
436 1024 676 1078 trahant.
704 1017 906 1072 Cantor
933 1020 1018 1066 est
1038 1011 1104 1064 de
1130 1007 1216 1062 his
1243 1007 1308 1061 de
1327 1005 1524 1075 quibus
1545 1003 1677 1057 dicit
1694 1001 1833 1056 Pau-

263 1117 391 1171 lus:
425 1112 521 1166 Dei
568 1109 836 1177 adjutores
863 1115 1045 1156 sumus
1091 1096 1143 1168 (I
1177 1094 1302 1150 Cor.
1355 1093 1460 1165 tn).
1494 1091 1666 1146 Boves
1712 1097 1839 1145 sunt

265 1206 361 1277 qui
390 1200 717 1273 respondent
756 1195 932 1266 primo
963 1189 1198 1254 cantori,
1226 1188 1293 1242 de
1318 1186 1514 1256 quibus
1537 1184 1732 1238 iterum
1759 1181 1840 1236 di-

267 1270 346 1353 cit
368 1315 382 1350 :
407 1270 504 1347 Dei
541 1285 868 1359 agricultura
894 1283 1017 1337 estis
1049 1279 1262 1350 (Ibid.).
1286 1273 1646 1330 'I‘rabentibus
1671 1270 1843 1326 bobus

269 1399 534 1452 aratrum,
576 1379 841 1438 scinditur
883 1385 1048 1437 terra,
1074 1371 1290 1442 quando
1319 1375 1592 1432 cantores,
1621 1364 1842 1419 intimos

281 1480 552 1538 anhelitus
584 1475 1006 1532 commoventes,
1036 1464 1246 1518 dulcem
1290 1459 1510 1514 trahunt
1551 1469 1760 1519 vocem,
1787 1461 1844 1508 et

275 1569 557 1645 proferunt
579 1564 646 1618 ad
669 1559 966 1631 publicum,
989 1569 1095 1624 qua
1121 1551 1288 1606 corda
1325 1561 1548 1603 suorum
1592 1544 1706 1600 sive
1733 1557 1844 1597 cat--

271 1634 516 1718 ierorum
540 1657 906 1724 compungunt
931 1648 1000 1703 ad
1020 1646 1310 1716 lacrymas,
1347 1641 1460 1696 sive
1487 1639 1557 1692 ad
1583 1634 1842 1692 conﬁten.

1938 915 2148 986 Moyses
2175 914 2326 983 quasi
2372 922 2599 967 tractum
2662 913 2914 967 decantat
2970 912 3348 976 tribulationis,
3407 913 3500 982 qui

1938 1005 2084 1061 solus
2101 1003 2342 1058 ascendit
2363 1003 2430 1056 ad
2453 1002 2760 1067 Dominum,
2778 1010 2831 1055 et
2850 1017 2917 1055 ne
2933 1002 3071 1056 idem
3098 1003 3323 1072 populus
3345 1003 3507 1058 feria-

1942 1103 2048 1158 tur,
2062 1092 2380 1163 lacrymosis
2391 1092 2641 1162 precibus
2656 1092 2904 1161 impetrat
2919 1091 3113 1162 (Exod.
3139 1109 3228 1146 ιιι
3243 1102 3289 1146 et
3306 1093 3504 1163 xxxu).

1941 1181 2127 1237 Daniel
2175 1189 2409 1234 tractum
2464 1179 2662 1234 latitia
2707 1151 2936 1245 cantat,‘
2968 1181 3182 1249 quando
3213 1182 3378 1246 solus,
3426 1151 3512 1235 fu-

1941 1269 2210 1338 gientihus
2255 1267 2434 1330 sociis,
2493 1267 2635 1320 inter
2671 1267 2890 1337 angelos
2937 1278 3179 1323 remanet
3223 1269 3383 1342 (Dan.
3429 1270 3510 1338 ι).

1945 1358 2107 1414 Solus
2138 1357 2387 1412 Ezechiel
2412 1357 2704 1427 quadrigas
2728 1357 2989 1426 cherubin
3027 1367 3084 1412 et
3111 1363 3357 1428 superna
3385 1359 3517 1412 civi-

1946 1450 2072 1505 tatis
2092 1449 2315 1505 adillcia
2335 1448 2477 1504 celsa
2500 1449 2729 1502 miratur
2756 1447 2971 1519 (Ezech.
2997 1448 3110 1520 ιι).

2472 1556 2738 1614 CAPUT
2803 1557 2985 1612 XIII.

2546 1647 2624 1702 De
2650 1645 2903 1700 Alleluia.

275 1753 347 1808 da
375 1756 598 1823 peccata
629 1745 786 1816 quasi
815 1747 1026 1798 secreta
1057 1734 1429 1808 patefacicudo
1449 1740 1628 1786 terra.
1650 1728 1720 1782 Et
1741 1725 1848 1823 alio
1879 1755 1925 1814 Β
2023 1738 2274 1806 Alleluia,
2304 1738 2449 1809 quod
2490 1744 2744 1792 cantatur
2773 1751 2871 1807 per
2894 1734 3058 1792 festos
3099 1737 3214 1792 dies
3256 1737 3309 1792 in
3338 1752 3522 1794 recor-

277 1819 443 1907 modo
473 1861 488 1896 :
518 1840 644 1896 Ideo
667 1836 978 1893 scribuntur
1005 1830 1221 1894 litterae,
1246 1835 1309 1881 ut
1332 1839 1432 1896 per
1455 1838 1548 1879 eas
1574 1819 1850 1876 memoria

279 1933 536 1990 reddatur
577 1929 721 2000 quod
755 1917 1027 1982 oblivione
1053 1921 1288 1977 deletam
1321 1925 1423 1974 est.
1475 1913 1653 1970 Simili
1690 1911 1852 1967 modo

278 2040 346 2080 ex
390 2023 601 2093 pictura
641 2017 992 2074 recordamur
1025 2010 1170 2083 quod
1217 2009 1445 2066 interius
1485 2002 1852 2061 commendari

278 2114 561 2173 memoria
587 2117 782 2184 potest.
809 2109 889 2164 Ita
909 2116 964 2162 et
999 2102 1346 2176 responsorio
1374 2100 1696 2155 admonetur
1717 2111 1854 2166 pra-

279 2208 491 2264 dicator
503 2203 774 2276 quomodo
786 2198 1086 2255 doctrinam
1103 2209 1222 2266 qua
1236 2192 1516 2265 praecessit
1533 2191 1588 2245 in
1601 2189 1853 2253 lectione,

280 2302 553 2352 exerceat.
594 2293 800 2357 Primo,
830 2298 893 2345 ut
933 2286 1216 2344 dulcedine
1253 2298 1365 2340 sua
1402 2280 1720 2337 imitationis
1741 2277 1860 2349 plna

281 2386 456 2440 rimos
479 2383 584 2440 sibi
603 2380 833 2436 asciscat
857 2395 870 2432 :
894 2374 1190 2446 conjuncti,
1215 2371 1380 2427 corda
1401 2369 1694 2425 multorum
1714 2366 1862 2423 exci—
1931 2369 1934 2372 ’

283 2487 403 2534 teut
422 2476 491 2531 ad
519 2470 988 2544 compunctionem
1015 2475 1070 2521 et
1089 2465 1392 2535 lacrymas;
1426 2468 1483 2516 et
1512 2475 1581 2515 ne
1609 2474 1670 2513 se
1691 2454 1862 2512 extol-

284 2571 400 2626 lere
424 2569 614 2624 debeat
658 2565 726 2620 de
750 2575 914 2633 opere
941 2555 1341 2631 pradicationis
1380 2551 1627 2624 pulsatur
1665 2563 1858 2612 versu;

288 2665 556 2728 quatenus
570 2652 638 2708 ad
661 2649 979 2707 memoriam
1003 2646 1228 2701 reducat
1251 2643 1355 2699 sibi
1382 2642 1448 2698 de
1474 2638 1711 2712 propriis
1735 2652 1866 2691 cau-

289 2751 368 2807 sis
387 2746 736 2822 iudicandum
757 2751 881 2798 ante
911 2739 1222 2795 Dominum.

885 2828 1112 2888 CAPUT
1149 2827 1264 2883 XII.

507 2927 648 2995 Quid
678 2927 906 2982 sitinter
926 2918 1309 2992 responsorium
1330 2925 1378 2970 et
1402 2923 1650 2969 tractum.

363 3023 480 3078 Hoc
517 3018 698 3076 diti'ert
743 3017 886 3072 inter
923 3009 1346 3082 responsorium,
1394 3006 1482 3060 cui
1535 3004 1734 3060 chorus
1782 3015 1869 3055 re-

293 3117 550 3190 spondet,
591 3123 648 3169 et
684 3120 934 3173 tractum,
968 3109 1055 3164 cui
1094 3120 1275 3170 nemo,
1297 3102 1442 3174 quod
1480 3108 1564 3156 est
1602 3101 1744 3154 inter
1765 3098 1872 3152 duo
1899 3105 1944 3167 ρ

294 3209 584 3275 sacriﬁcia,
617 3205 825 3262 scilicet
849 3201 1218 3258 columbarum
1251 3203 1306 3249 et
1328 3200 1619 3247 turturum.
1645 3190 1875 3244 Tractus

297 3308 468 3362 verba
511 3298 860 3371 congruentia
885 3297 967 3352 sui
999 3290 1160 3349 cilicii
1198 3289 1420 3342 habent.
1468 3284 1562 3339 Illa
1590 3297 1710 3352 qua
1750 3290 1876 3335 sunt

300 3402 360 3455 in
399 3393 807 3466 Septuagesima
843 3385 1238 3448 tribulationem
1265 3385 1476 3441 sonant,
1519 3381 1580 3428 ut
1617 3379 1700 3427 est
1722 3370 1874 3436 illud,

307 3491 388 3544 De
412 3463 690 3559 profundis
705 3479 927 3537 clamavi
942 3476 1010 3531 ad
1031 3484 1100 3538 te,
1130 3471 1349 3527 Domine
1370 3465 1487 3538 (Ps.
1509 3463 1729 3531 cxxtx);
1759 3475 1880 3531 qua

304 3581 361 3632 in
411 3555 776 3644 Sexagesima,
817 3562 1274 3636 opportunitatem
1318 3555 1456 3625 fugae
1501 3557 1769 3623 quarunt,
1821 3555 1882 3602 ut

306 3676 393 3723 est
433 3638 609 3719 illudi:
638 3659 704 3715 Ut
740 3657 944 3728 fugiant
987 3670 1020 3707 a
1048 3651 1185 3722 faeie
1211 3663 1367 3701 arcus
1395 3643 1512 3716 (Ps.
1551 3641 1687 3712 ιιι),
1715 3648 1772 3695 et
1804 3638 1884 3694 sic

307 3766 506 3814 catera
530 3754 783 3822 deinceps
807 3744 1078 3815 conjicere
1101 3753 1406 3812 possumus.
1437 3735 1677 3791 Laudate
1696 3731 1885 3786 Domi-

312 3863 440 3903 num
466 3860 642 3900 omnes
663 3850 837 3913 gentes
869 3837 987 3911 (Ps.
1016 3832 1187 3905 cxvt),
1211 3829 1454 3886 latitiam
1484 3824 1886 3895 neopbytorum

310 3947 369 3995 et
402 3950 573 4006 nuper
605 3933 979 3989 'ordinatorum
1025 3921 1313 3996 signiﬁcat.
1363 3920 1439 3973 De
1486 3916 1609 3972 istis
1653 3921 1738 3969 sat
1781 3921 1885 3966 est.

311 4027 716 4087 Bevertendum
755 4031 840 4078 est
883 4021 950 4075 ad
985 4017 1256 4079 volucres,
1301 4011 1510 4068 scilicet
1537 4007 1816 4064 columbas
1835 4010 1893 4059 et

316 4131 581 4183 turtures,
612 4131 732 4187 qua
755 4111 1064 4184 signiﬁcant
1086 4104 1491 4177 responsorium
1537 4107 1594 4155 et
1635 4107 1890 4161 tractum,

317 4217 387 4270 de
418 4211 616 4283 quibus
655 4205 782 4261 dicit
805 4202 949 4258 Beda
979 4201 1032 4255 in
1063 4205 1299 4253 tractatu
1329 4208 1494 4264 super
1519 4191 1722 4246 Lucam
1749 4205 1761 4240 :
1795 4187 1898 4243 Vo-

318 4275 500 4358 lucres
518 4301 601 4354 ha
626 4311 728 4367 pro
747 4299 910 4350 cantu
943 4287 1172 4362 gemitus
1207 4285 1429 4341 habent.
1460 4281 1578 4337 Non
1617 4275 1898 4334 immerito

320 4395 591 4464 lacrymas
616 4385 899 4442 humilium
928 4380 1234 4450 designant,
1280 4374 1476 4444 quibus
1515 4370 1808 4443 plurimum
1837 4367 1894 4420 in

323 4459 459 4558 ipsis
480 4483 644 4539 etiam
661 4478 820 4535 bonis
839 4474 1092 4546 operibus
1118 4468 1452 4539 indigemus;
1479 4463 1604 4532 quia
1624 4459 1728 4515 etsi
1753 4459 1894 4514 bona

322 4549 446 4635 esse
468 4590 588 4644 qua
611 4571 840 4642 agimus,
872 4562 1201 4626 noverimus,
1225 4571 1331 4628 qua
1349 4563 1530 4608 tamen
1556 4549 1899 4606 districtione

327 4679 361 4719 a
394 4664 624 4720 Domino
650 4639 1028 4718 examinanda,
1076 4665 1182 4721 qua
1219 4663 1250 4702 a
1285 4645 1444 4701 nobis
1490 4639 1901 4713 perseverantia

326 4757 439 4812 sint
460 4749 902 4810 consummanda,
934 4743 1222 4800 nescimus.
1260 4737 1330 4792 Et
1354 4736 1550 4790 iterum
1583 4750 1597 4786 :
1626 4731 1742 4785 Hoc
1771 4744 1904 4784 sane

329 4850 473 4904 inter
501 4841 725 4899 turturis
746 4849 800 4893 et
822 4835 1083 4893 columba
1104 4827 1521 4901 signiﬁcantium
1546 4823 1736 4886 distat,
1760 4818 1906 4889 quod

332 4935 603 5001 columba,
639 4946 760 5002 qua
800 4925 1063 5000 gregatim
1111 4916 1444 4981 conversari,
1486 4912 1694 4978 volare,
1731 4919 1786 4966 et
1811 4924 1907 4981 ge-

334 5041 486 5084 mere
530 5000 841 5084 consuevit,
895 5029 948 5072 et
991 5013 1182 5068 activa
1232 5009 1358 5063 vita
1399 5005 1759 5075 frequentiam
1811 5000 1908 5054 de-

338 5123 626 5179 monstrat,
669 5113 736 5167 de
775 5125 878 5181 qua
924 5106 1166 5163 dicitur:
1203 5098 1558 5156 Multitudinis
1585 5093 1910 5150 credentium

338 5220 454 5266 erat
499 5224 587 5262 cor
620 5219 782 5258 unum
830 5209 877 5254 et
922 5197 1101 5252 anima
1128 5209 1256 5256 una,
1286 5205 1378 5243 nec
1420 5187 1697 5257 quisquam
1727 5197 1912 5238 eorum

341 5315 460 5372 qua:
483 5294 836 5369 possidebant,
859 5288 1058 5360 aliquid
1081 5300 1236 5340 suum
1261 5297 1370 5337 esse
1389 5277 1616 5342 dicebat,
1649 5275 1739 5330 sed
1766 5279 1917 5328 erant

341 5363 451 5445 illis
483 5363 674 5440 omnia
723 5380 1021 5436 communia
1071 5375 1209 5448 (Act.
1261 5371 1368 5444 tv);
1407 5376 1584 5423 turtur
1630 5381 1782 5428 vero,
1823 5363 1918 5433 qui

344 5477 726 5549 singularitate
747 5472 965 5545 gaudet,
993 5469 1125 5524 adeo
1152 5473 1212 5520 ut
1237 5464 1281 5520 si
1316 5460 1601 5530 coniugem
1639 5471 1771 5512 casu
1793 5469 1918 5523 per-

347 5544 570 5633 diderit,
615 5544 770 5621 solus
801 5561 997 5618 exinde
1037 5559 1370 5628 permaneat,
1415 5547 1760 5621 spcculativa
1795 5544 1922 5598 vita

349 5661 586 5720 culmina
607 5661 908 5724 denuntiat,
934 5655 1060 5728 quia
1087 5661 1143 5709 et
1168 5660 1466 5722 paucorum
1487 5651 1570 5699 est
1593 5630 1695 5697 ista
1723 5639 1918 5693 virtus.

1921 4427 2032 4512 D9

1952 1831 2173 1886 datione
2221 1837 2438 1885 aeterna
2493 1827 2716 1892 latitia,
2783 1835 2896 1881 tam
2937 1826 3178 1881 latitiam
3225 1827 3520 1883 electorum

1952 1936 2117 1994 quam
2143 1920 2357 1975 laudem
2385 1918 2600 1974 Domini
2630 1917 2698 1972 ad
2728 1917 3045 1972 memoriam
3071 1917 3301 1972 reducit.
3331 1917 3389 1971 In
3412 1933 3525 1988 quo

1953 2026 2063 2066 non
2105 2017 2319 2080 oportet
2363 2006 2568 2078 aliquid
2612 2006 2892 2062 sinistrum
2947 2020 3161 2071 sonare,
3207 2006 3303 2062 sed
3350 2015 3524 2062 totum

1955 2103 2226 2167 dextrum,
2249 2099 2410 2171 quale
2436 2109 2522 2155 est
2539 2099 2596 2154 in
2616 2096 2798 2152 futura
2821 2097 2955 2151 vita.
2983 2096 3066 2151 Illi
3099 2106 3224 2152 sunt
3251 2098 3386 2153 recti
3409 2112 3530 2152 ver-

1956 2207 2054 2262 sus
2086 2206 2184 2262 per
2211 2205 2350 2260 quos
2396 2189 2719 2245 revertimur
2771 2187 2842 2243 ad
2865 2185 3112 2251 Alleluia,
3151 2186 3244 2256 qui
3289 2187 3532 2242 latitiam

1959 2286 2217 2342 Ecclesia
2257 2292 2313 2339 et
2354 2282 2568 2339 Domini
2602 2281 2820 2337 laudem
2847 2281 2966 2337 sine
3006 2281 3230 2336 tristitia
3275 2281 3536 2348 retinent,

1960 2381 2100 2436 sicut
2135 2387 2283 2445 sunt,
2308 2377 2568 2432 Dominus
2610 2375 2863 2446 regnauit,
2897 2373 3138 2429 decorem
3162 2373 3332 2427 induit
3357 2372 3534 2444 (Psal.

1961 2489 2118 2538 ιιιι,
2164 2469 2333 2542 ιονι).
2370 2469 2458 2533 Ει,
2506 2467 2763 2521 Dominus
2813 2465 3073 2535 regnavit,
3111 2463 3337 2518 exsultet
3391 2472 3534 2517 terra

1964 2561 2138 2636 (Psal.
2152 2560 2334 2632 cxnv).
2353 2560 2440 2625 Et,
2458 2557 2670 2623 Lauda,
2693 2557 2871 2610 anima
2890 2571 3026 2621 mea,
3053 2555 3335 2608 Dominum
3357 2553 3532 2626 (Psal.

1963 2655 2136 2725 χιιι).
2179 2653 2265 2717 Ει,
2291 2649 2528 2706 Jubilate
2561 2649 2671 2703 Deo
2713 2647 2882 2702 omnis
2904 2655 3045 2700 terra
3071 2644 3244 2716 (Psal.
3268 2647 3456 2714 cxxv),
3483 2653 3540 2701 et

1968 2746 2147 2804 cateri
2174 2744 2328 2800 tales.
2353 2743 2410 2796 In
2434 2739 2778 2811 respousorio
2807 2736 3210 2801 seminavimus,
3241 2737 3295 2789 in
3325 2736 3541 2799 alleluia

1969 2839 2244 2894 metimus.
2279 2836 2354 2890 De
2381 2848 2486 2904 qua
2529 2848 2590 2886 re
2615 2831 2748 2886 dicit
2779 2828 3065 2884 Psalmista
3100 2847 3113 2880 :
3147 2826 3249 2892 Qui
3288 2827 3546 2880 seminans

1971 2930 2023 2983 in
2046 2926 2315 2998 lacrymis,
2342 2924 2395 2977 in
2421 2919 2769 2977 exsultatione
2794 2926 3004 2971 metent.

2559 3025 2786 3085 CAPUT
2824 3023 2963 3082 XIV.

2245 3121 2387 3188 Quid
2415 3119 2482 3173 sit
2511 3119 2651 3171 inter
2675 3113 2904 3169 Alleluia
2925 3122 2972 3166 et
3003 3110 3278 3166 Tractum.

2048 3237 2162 3292 Hoc
2191 3245 2275 3291 est
2317 3236 2458 3289 inter
2482 3229 2712 3284 Alleluia
2753 3235 2808 3283 et
2849 3235 3100 3289 tractum,
3131 3225 3273 3293 quod
3325 3222 3553 3277 Alleluia

1977 3327 2220 3383 latitiam
2241 3325 2354 3379 sive
2379 3321 2590 3375 laudem
2617 3317 2865 3379 Domino,
2889 3324 3088 3368 tractus
3108 3328 3238 3368 vero
3259 3313 3552 3382 aliquando

1982 3415 2407 3491 tribulationem,
2441 3407 2732 3477 aliquando
2759 3405 3001 3460 latitiam
3026 3411 3201 3458 sonat.
3233 3401 3553 3456 Tribulalio-

1980 3523 2136 3570 nem,
2171 3514 2256 3566 ut,
2311 3503 2386 3557 De
2421 3498 2735 3572 profundis;
2769 3503 2860 3560 ut,
2912 3492 3277 3559 Commovisti;
3323 3503 3402 3558 ut,
3451 3493 3558 3558 Qui

1983 3599 2217 3660 habitat;
2243 3604 2322 3659 ut,
2347 3594 2426 3648 Ad
2456 3601 2507 3646 te
2533 3588 2698 3644 levavi
2719 3585 2896 3641 oculos
2932 3600 3104 3649 meos;
3127 3593 3204 3647 ut,
3236 3582 3384 3653 Smpe
3405 3600 3564 3654 expu.

1985 3695 2272 3762 gnaverunt
2312 3701 2429 3748 me;
2473 3689 2553 3746 ut,
2599 3678 2767 3744 Deus,
2808 3675 2951 3730 Deus
2979 3690 3142 3728 meus.
3177 3673 3469 3738 Latitiam,
3501 3681 3563 3726 ut

1985 3761 2220 3833 Jubilate
2260 3774 2525 3836 Domino;
2554 3777 2640 3834 ut,
2671 3767 2776 3832 Qui
2800 3763 3069 3834 conﬁdunt
3107 3763 3163 3817 in
3188 3761 3448 3826 Domino;
3477 3771 3559 3826 ut,

1989 3867 2229 3925 Laudate
2270 3865 2577 3919 Dominum.
2611 3859 2743 3914 Post
2788 3858 2923 3912 duos
2963 3853 3330 3910 tribulationis
3373 3853 3569 3908 tertius

1991 3957 2234 4016 occurrit
2259 3955 2478 4019 latitia,
2517 3949 2775 4022 quoniam
2801 3955 2926 4018 post
2945 3946 3084 4000 duos
3108 3945 3227 4000 dies
3251 3943 3565 4014 sepultura,

1994 4049 2189 4107 tertius
2238 4045 2479 4102 occurrit
2515 4039 2951 4098 resurrectionis.
3013 4035 3152 4091 Sunt
3215 4036 3411 4090 etenim
3461 4034 3569 4089 duo

1999 4155 2200 4214 genera
2247 4133 2678 4206 compunctionis
2708 4144 2723 4184 :
2753 4143 2921 4184 unum
2964 4126 3196 4188 timoris,
3240 4132 3296 4178 et
3342 4123 3571 4176 alterum

1999 4211 2222 4287 amoris.
2263 4227 2454 4282 Timor
2481 4225 2537 4278 in
2565 4222 2776 4277 duobus
2801 4216 3080 4280 dividitur,
3107 4214 3174 4268 de
3215 4213 3412 4284 quibus
3441 4211 3574 4266 dicit

1997 4321 2204 4377 Isaias:
2235 4316 2372 4370 Ecce
2393 4329 2487 4383 ego
2527 4311 2692 4373 venio,
2722 4305 3063 4376 cogitationes
3087 4310 3136 4357 et
3162 4317 3319 4372 opera
3350 4311 3410 4354 ut
3443 4317 3570 4355 con-

2039 4422 2206 4478 regem
2243 4403 2379 4476 (Isa.
2422 4399 2591 4470 ιινι).
2639 4396 2816 4452 Verba
2858 4394 2913 4448 in
2961 4391 3380 4462 cogitationibus
3427 4405 3580 4445 eom-

2004 4496 2433 4570 prehenduntur.
2483 4487 2853 4559 Cogitationes
2905 4483 3073 4538 verba
3114 4490 3241 4536 sunt
3292 4481 3478 4546 animi,
3525 4488 3581 4535 ct

2007 4591 2218 4647 radices
2258 4587 2548 4641 verborum
2584 4580 2916 4637 sonantium.
2944 4577 3114 4631 Amor
3149 4575 3439 4643 singularis
3469 4583 3574 4629 est.

2009 4682 2187 4739 Unum
2211 4679 2313 4735 scit
2341 4669 2527 4731 amare
2555 4681 2610 4729 et
2639 4680 2850 4742 petere,
2877 4684 3043 4724 unum
3072 4666 3202 4722 illud
3227 4667 3294 4721 de
3325 4681 3432 4736 quo
3455 4681 3585 4736 pro-

2009 4776 2174 4846 pheta
2196 4771 2330 4828 dicit
2357 4786 2371 4823 :
2403 4765 2576 4822 Unam
2591 4764 2715 4836 petii
2745 4781 2778 4816 a
2818 4761 3062 4824 Domino,
3083 4760 3220 4813 Itane
3243 4759 3503 4829 requiram
3532 4768 3589 4811 ut

2011 4863 2294 4920 inhabitem
2313 4862 2371 4915 in
2397 4859 2552 4914 domo
2580 4854 2791 4911 Domini
2818 4850 2992 4923 (Psal.
3022 4850 3194 4904 xxtvl.

2605 4962 2833 5021 CAPUT
2872 4961 2987 5016 XV.

2386 5059 2466 5114 De
2489 5053 2867 5127 exspoliatione
2889 5049 3210 5105 casularum.

2089 5171 2322 5228 Ministri
2362 5167 2546 5225 casula
2599 5180 2658 5221 se
2703 5169 2909 5219 exuunt
2958 5160 3172 5230 quando
3213 5159 3434 5214 lectoris
3481 5155 3597 5209 sive

2021 5265 2265 5323 cantoris
2301 5262 2539 5317 olIicium
2585 5262 2886 5314 assumunt.
2940 5253 2998 5307 In
3055 5250 3274 5306 lectoris
3317 5246 3492 5301 ollicio
3539 5253 3596 5297 et

2022 5356 2263 5414 cantoris
2283 5351 2502 5423 aliquod
2525 5365 2695 5421 genus
2729 5345 2935 5400 militia
2955 5339 3296 5411 exprimitur,
3321 5334 3418 5388 soli
3450 5333 3594 5387 enim

2023 5446 2280 5505 militanti
2303 5445 2359 5499 in
2379 5421 2642 5505 lectione,
2667 5439 2782 5493 sive
2806 5437 2861 5490 in
2893 5432 3044 5488 vocis
3067 5427 3446 5484 modulatione.
3471 5421 3598 5477 liae

2025 5541 2202 5600 olIlcia
2230 5536 2437 5609 agendo
2462 5541 2618 5589 extra
2645 5530 2871 5585 chorum
2903 5528 3120 5578 exeunt.
3149 5517 3289 5585 Quid
3317 5519 3420 5572 hoc
3454 5513 3598 5568 aliud

2028 5634 2321 5705 signiﬁcat,
2367 5627 2472 5684 nisi
2520 5625 2623 5678 iter
2651 5618 2796 5690 quod
2825 5615 3154 5685 arripuimus
3185 5622 3285 5680 pro
3329 5603 3600 5664 cotmnuui
