3938 6178
441 278 580 333 1125
1470 275 1799 330 AEIALARH
1839 272 2271 330 PRESBYTER!
2312 271 2654 328 METENSIS
2919 317 2925 322 .
3545 282 3684 335 iii}

438 395 761 451 necessitate
781 392 1011 447 fratrum
1029 393 1052 446 ἲ
1073 401 1129 447 et
1143 390 1256 461 jam
1287 391 1415 446 talia
1440 400 1568 447 sunt
1593 392 1679 445 illa
1703 406 1867 460 opera
1889 405 2011 459 qua:
2037 394 2090 453 Α
2111 385 2210 459 in).
2242 385 2520 454 Siquidem
2547 384 2752 440 fecerat
2786 385 3038 440 Salomon
3067 388 3242 444 basim
3264 405 3492 456 aeneam,
3513 404 3564 448 et
3591 413 3690 465 po-

439 484 727 556 signantur
749 497 847 552 per
885 481 1144 546 casulam,
1173 489 1236 535 ut
1262 495 1368 535 non
1399 484 1609 552 possint
1655 479 1933 535 observari
1957 480 2013 533 in
2112 483 2298 530 suerat
2319 490 2437 529 eam
2462 475 2514 528 in
2541 475 2718 528 medio
2741 475 2996 542 basilicae,
3024 479 3309 534 habentem
3340 484 3580 552 quinque
3601 502 3690 540 cu-

438 577 653 633 itinere.
695 573 848 628 Unde
894 571 1037 626 Beda
1077 588 1134 626 in
1179 579 1413 625 tractatu
1461 587 1626 642 super
1666 572 1867 625 Lucam
1899 589 1910 623 :
1939 569 2010 623 At

439 681 568 720 vero
617 663 836 726 famem,
876 662 1045 727 sitim,
1077 662 1307 732 vigilias,
1349 663 1666 726 nuditatem,
1702 662 2008 725 lectionem,

438 755 817 828 psalmodiam,
847 755 1174 820 orationem,
1207 754 1449 810 laborem
1484 755 1768 826 operandi,
1805 755 2009 810 doctri-

439 860 584 908 nam,
615 844 912 909 silentium,
935 853 990 897 et
1015 853 1209 898 caetera
1230 845 1557 912 huiusmodi,
1583 844 1629 898 si
1653 845 1774 913 quis
1797 857 2010 912 semper

437 933 779 1002 exsequenda
827 934 1114 1000 putaverit,
1147 949 1254 987 non
1295 934 1455 988 modo
1486 949 1544 988 se
1593 933 1783 986 borum
1825 931 2007 986 fructu

436 1022 690 1092 privabit,
720 1021 815 1075 scd
841 1029 895 1076 et
921 1030 1104 1076 notam
1126 1022 1430 1077 indiscreta:
1454 1022 1856 1087 obstinationis,
1899 1022 2008 1075 imo

437 1111 679 1166 stultitiae
708 1111 1026 1180 pervicacis,
1067 1113 1306 1166 incurret
1332 1113 1390 1181 τ.
1435 1112 1626 1166 Albam
1675 1113 1790 1166 sine
1821 1111 2006 1166 casula

437 1213 614 1273 portat
651 1205 821 1259 lector
849 1219 942 1258 seu
971 1211 1163 1258 cantor
1187 1204 1242 1257 in
1267 1203 1526 1274 singulari
1565 1204 1762 1269 ofﬁcio,
1792 1206 2006 1274 quando

436 1295 728 1366 prudenter
755 1303 810 1348 et
839 1301 1059 1348 strenue
1082 1292 1193 1362 agit
1219 1301 1406 1347 contra
1432 1293 1825 1348 oblectamenta
1852 1309 2009 1348 mun-

437 1385 508 1446 di,
558 1392 614 1438 et
660 1383 820 1438 talem
863 1400 923 1439 se
951 1382 1164 1452 praebet
1195 1382 1452 1438 fratribus
1487 1384 1539 1438 in
1588 1385 2006 1465 necessitatibus

437 1476 842 1544 temporalibus,
874 1484 933 1530 ut
960 1491 991 1529 a
1010 1475 1253 1546 pluribus
1276 1477 1445 1544 possit
1469 1477 1693 1532 imitari.

1013 1585 1240 1640 CAPUT
1275 1585 1410 1640 XVI.

1046 1674 1124 1729 De
1157 1674 1368 1728 tabulis.

368 1829 374 1836 .
410 1797 422 1808 κ
507 1778 709 1836 Scribit
730 1784 872 1839 Beda
899 1785 951 1838 in
977 1792 1212 1839 tractatu
1236 1785 1421 1841 Esdra:
1444 1802 1456 1838 :
1481 1786 1801 1842 Laudabunt
1821 1795 2003 1842 autem

437 1868 720 1923 Dominum
751 1870 949 1926 Levita:
976 1887 1074 1942 per
1108 1889 1301 1929 manus
1329 1874 1519 1939 David,
1559 1877 1676 1931 sive
1705 1878 1760 1931 in
1783 1879 2004 1948 organis

433 1974 550 2026 qua:
571 1959 685 2029 ipse
710 1958 858 2026 fecit,
887 1963 1000 2017 sive
1020 1964 1255 2033 psalmos
1277 1981 1412 2035 quos
1435 1967 1550 2037 ipse
1581 1969 1839 2034 instituit,
1871 1985 2005 2024 con-

433 2050 693 2106 cinentes.
727 2053 925 2107 Eorum
954 2055 1069 2109 vice
1099 2064 1290 2111 cantor
1318 2057 1434 2113 sive
1467 2059 1644 2128 aliqua
1678 2062 2002 2117 necessitate

432 2139 642 2208 legendi
689 2151 834 2197 tenet
877 2143 1087 2199 tabulas
1143 2147 1198 2200 in
1254 2148 1524 2214 manibus,
1553 2158 1613 2204 ut
1643 2150 1840 2221 figuret
1869 2153 2000 2209 illud

430 2227 726 2284 Psalmistte
749 2249 762 2283 :
791 2231 1026 2287 Laudent
1047 2251 1234 2289 nomen
1255 2237 1369 2307 ejus
1399 2239 1454 2293 in
1477 2239 1634 2292 choro
1656 2249 1705 2294 et
1727 2249 1994 2312 tympano,

428 2328 478 2372 et
513 2319 759 2389 psalterio
787 2322 1016 2392 psallunt
1059 2326 1128 2379 ei.
1165 2325 1315 2382 Unde
1361 2327 1694 2399 Augustinus
1723 2331 1776 2385 in
1807 2332 1997 2387 eodem

427 2413 636 2482 psalmo
684 2432 697 2467 :
731 2416 907 2483 Quare
951 2417 1181 2472 assumit
1204 2428 1518 2491 tympanum
1549 2429 1605 2476 et
1637 2423 1998 2493 psalterium?

428 2511 488 2556 ut
517 2519 624 2558 non
658 2503 772 2559 sola
798 2521 934 2561 voce
958 2504 1156 2572 laudet,
1187 2510 1281 2565 sed
1309 2519 1366 2565 et
1393 2525 1577 2580 opere.
1604 2512 1827 2568 Tabula:
1855 2530 1994 2586 quas

427 2601 617 2646 cantor
646 2593 698 2647 in
726 2610 898 2650 manu
917 2604 1082 2661 tenet,
1109 2597 1286 2654 solent
1313 2599 1428 2654 fieri
1454 2603 1521 2657 de
1545 2619 1688 2668 osse,
1714 2606 1840 2674 quia
1885 2605 1995 2661 for-

427 2693 534 2738 tem
561 2689 1016 2754 perseverantiam
1059 2691 1275 2761 signant
1302 2694 1565 2750 bonarum
1605 2699 1994 2768 cogitationum

425 2783 481 2830 et
504 2777 766 2832 bonorum
796 2794 1041 2848 operum,
1067 2781 1221 2850 juxta
1248 2785 1598 2858 Evangelium
1631 2808 1644 2843 :
1677 2790 1782 2856 Qui
1820 2803 1995 2846 autem

424 2869 822 2934 perseveraverit
855 2885 1018 2939 usque
1054 2872 1108 2925 in
1136 2873 1316 2941 ﬁnem,
1347 2876 1431 2931 hic
1471 2878 1646 2934 salvus
1671 2883 1768 2936 erit
1820 2881 1992 2954 (Psal.

425 2955 629 3026 cxux).
675 2955 769 3011 Vel
806 2959 1022 3029 signant
1072 2962 1417 3020 dilectionem
1455 2969 1566 3023 ‘Dei
1611 2981 1666 3024 et
1707 2974 1940 3042 proximi
1978 2993 1990 3028 :

426 3043 556 3111 Qua:
589 3045 803 3102 dilectio
829 3049 931 3102 nisi
961 3065 1123 3119 Opera
1145 3052 1360 3120 habeat,
1392 3073 1528 3112 vana
1555 3069 1640 3114 est
1665 3061 1880 3133 (Matt/1.
1914 3065 1989 3138 x).

425 3134 766 3208 Quapropter
828 3147 1080 3196 tenentur
1131 3143 1184 3197 in
1234 3161 1419 3213 manu,
1471 3160 1530 3203 ut
1583 3151 1799 3208 dilectio
1844 3134 1992 3212 vocis

425 3239 744 3284 exerceatur
792 3248 892 3302 per
953 3249 1107 3304 opus.
1166 3237 1318 3294 Unde
1367 3240 1510 3297 idem
1575 3245 1666 3314 qui
1727 3262 1889 3318 supra
1937 3249 1994 3304 in

425 3318 636 3389 psalmo
657 3323 950 3378 centesimo
971 3326 1386 3398 quadragesimo
1399 3347 1571 3388 nono:
1592 3333 1816 3401 Quando
1838 3353 1993 3393 assu-

423 3409 520 3463 mit
543 3417 852 3482 tympanum
875 3425 929 3469 et
951 3416 1286 3485 psalterium,
1311 3436 1507 3478 manus
1527 3427 1820 3482 concinunt
1840 3429 1989 3484 voci:

423 3500 502 3555 sic
529 3509 584 3554 et
611 3510 664 3556 tu
709 3503 752 3557 si
780 3508 996 3574 quando
1023 3517 1215 3566 cantas
1243 3511 1495 3578 Alleluia,
1543 3518 1789 3589 porrigas
1813 3528 1868 3574 et
1900 3535 1995 3590 pa-

425 3607 548 3647 nem
598 3595 880 3663 esurienti,
937 3600 1137 3655 vestias
1183 3603 1406 3670 nudum,
1437 3607 1702 3676 suscipias
1750 3613 1994 3681 peregri-

423 3699 572 3750 num,
611 3701 717 3740 non
755 3688 867 3742 sola
899 3706 1002 3745 vox
1043 3701 1222 3758 sonat,
1247 3696 1341 3750 sed
1365 3704 1420 3751 et
1449 3714 1642 3753 manus
1670 3714 1994 3770 consonant,

423 3774 550 3842 quia
574 3776 754 3831 verbis
783 3775 923 3833 facta
955 3783 1308 3838 concordant.
1338 3785 1377 3853 -ι-
1399 3785 1600 3842 Versus
1619 3787 1848 3844 Alleluia
1876 3800 1997 3847 tan—

424 3865 503 3934 git
528 3875 806 3922 cantorem
841 3870 1090 3937 interius,
1119 3881 1180 3926 ut
1213 3874 1415 3945 cogitet
1443 3876 1499 3930 in
1525 3892 1631 3946 quo
1659 3879 1852 3934 debeat
1881 3881 1998 3937 lau-

425 3955 556 4010 dare
586 3956 893 4025 Dominum,
944 3971 1038 4016 aut
1082 3963 1137 4016 in
1187 3979 1295 4032 quo
1322 3965 1513 4023 laetari.
1562 3968 1687 4026 Hmc
1719 3971 1994 4042 jubilatio,

425 4061 587 4116 quam
628 4057 879 4105 cantores
908 4049 1241 4123 Sequentiam
1284 4066 1499 4124 vocant,
1527 4069 1725 4116 statum
1748 4063 1896 4120 illum
1927 4068 1997 4123 ad

426 4147 661 4195 mentem
686 4151 926 4198 nostram
969 4145 1139 4210 ducit,
1180 4148 1396 4216 quando
1420 4165 1526 4206 non
1557 4154 1660 4207 erit
1689 4160 1997 4230 necessaria

424 4227 624 4284 locutio
648 4232 961 4298 verborum,
991 4236 1086 4290 sed
1129 4235 1243 4291 sola
1271 4240 1600 4310 cogitatione
1648 4227 1800 4302 mens
1827 4250 1994 4304 menti

425 4323 768 4390 monstrabit,
799 4327 943 4395 quod
977 4327 1174 4382 retinet
1198 4329 1250 4384 in
1295 4347 1374 4387 se.
1406 4333 1622 4391 Finitur
1643 4338 1731 4394 hic
1756 4344 1994 4398 secunda

424 4411 676 4479 periocha
731 4416 1146 4483 praedicationis.
1184 4419 1364 4491 Usque
1396 4424 1466 4479 ad
1504 4438 1862 4486 memoratum
1891 4441 2003 4488 sta-
2025 4435 2078 4496 D

425 4509 538 4555 tum
585 4507 754 4558 currit
805 4522 983 4563 sermo
1032 4509 1454 4583 pmdicatiouis,
1509 4533 1630 4590 quae
1681 4522 1820 4578 ultra
1870 4533 1997 4580 sunt

429 4593 603 4650 velata
628 4605 756 4651 sunt
793 4599 892 4654 alis
918 4605 1217 4672 seraphin.-

1014 4711 1241 4769 CAPUT
1281 4717 1440 4774 XV".

851 4799 928 4853 De
960 4818 1178 4857 ascensu
1203 4806 1256 4858 in
1283 4808 1559 4879 pulpitum.

498 4899 692 4954 Lector
711 4912 765 4957 et
785 4915 974 4960 cautor
1008 4909 1060 4962 in
1099 4913 1320 4980 gradum
1352 4918 1650 4973 ascendunt
1683 4938 1830 4978 more
1860 4928 1994 4980 anti-

422 5005 678 5060 quorum,
712 4992 864 5061 juxta
895 5001 1037 5066 quod
1083 5003 1341 5072 scriptum
1379 5017 1464 5062 est
1501 5010 1554 5063 in
1591 5011 1758 5068 Esdra
1793 5034 1806 5069 :
1839 5015 1990 5072 Stetit

425 5087 602 5132 autem
647 5079 848 5138 Esdras
887 5089 1056 5143 scriba
1099 5108 1256 5162 super
1289 5097 1510 5164 gradum
1544 5099 1792 5170 ligneum,
1839 5123 1990 5176 quem

422 5167 620 5266 θεαῖσι
649 5171 719 5224 ad
745 5171 1057 5244 loquendum
1084 5180 1167 5252 (II
1190 5182 1321 5238 Esd.
1352 5187 1488 5257 vm).
1623 5167 1785 5261 paulo
1811 5167 1932 5266 post
1973 5216 1986 5252 :

424 5255 595 5331 Super
641 5264 934 5318 universum
974 5271 1158 5340 quippe
1201 5255 1455 5345 populum'
1495 5255 1768 5339 eminebat.
1811 5255 1993 5356 -Hujus

423 5349 549 5417 loci,
587 5361 647 5406 ut
670 5352 810 5409 Beda
838 5356 915 5410 ait
945 5359 997 5412 iu
1026 5363 1240 5426 eodem,
1270 5367 1484 5423 videtur
1513 5377 1823 5430 meminisse
1849 5377 1994 5432 Scri-

423 5451 584 5510 ptura
625 5445 1090 5519 Paralipomenon,
1142 5455 1228 5509 ubi
1281 5458 1480 5514 dictum
1529 5471 1631 5528 est,
1673 5467 1802 5533 quia
1847 5469 1996 5523 stetit

427 5533 677 5590 Salomon
707 5554 888 5593 coram
926 5542 1082 5597 altari
1122 5547 1330 5603 Domini
1367 5566 1434 5606 ex
1477 5554 1704 5611 adverso
1732 5559 1996 5616 universae

424 5625 783 5683 multitudinis
811 5630 1000 5698 Israel,
1031 5643 1085 5689 et
1111 5637 1350 5694 extendit
1373 5655 1565 5700 manus
1591 5659 1714 5700 suas
1742 5646 1827 5718 (II
1860 5647 1990 5703 Par.

2109 568 2250 622 bitus
2286 566 2638 636 longitudinis
2657 606 2673 630 .
2701 575 2754 620 et
2781 569 3019 638 quinque
3049 571 3260 627 cubitos
3290 573 3615 641 latitudinis,
3637 591 3693 634 et

2113 665 2220 712 tres
2242 658 2450 714 cubitos
2479 658 2531 713 in
2567 657 2733 712 altum
2771 660 3028 730 stetitque
3060 677 3220 732 super
3243 679 3385 719 eam.
3429 667 3488 721 In
3518 671 3694 725 medio

2110 763 2341 816 namque
2371 747 2627 813 basilicae,
2679 749 2732 802 in
2780 751 2959 804 medio
2996 751 3131 807 dicit
3165 756 3288 809 atrii
3322 762 3693 827 sacerdotum,

2109 851 2231 905 qum
2268 837 2486 891 basilica
2526 837 2700 908 major
2750 839 3014 894 atrioruin
3064 845 3396 902 exteriorum
3430 851 3587 905 omni
3627 866 3694 910 ex

2107 933 2259 991 parte
2287 924 2468 992 templi
2497 935 2614 978 erat
2638 926 2992 983 circumdata.
3036 930 3112 986 De
3139 935 3336 1003 quibus
3360 941 3615 1009 superius
3641 943 3692 996 in

2107 1014 2294 1068 eodem
2325 1014 2464 1068 libro
2506 1017 2766 1086 scriptum
2789 1027 2910 1073 est:
2943 1018 3088 1075 Fecit
3117 1025 3277 1078 etiam
3302 1030 3497 1084 atrium
3521 1048 3694 1086 sacer-

2107 1103 2308 1166 dotum,
2342 1115 2387 1158 et
2424 1105 2694 1161 basilicam
2723 1109 2999 1177 grandem.
3051 1113 3252 1168 Verum
3280 1119 3406 1186 quia
3436 1121 3690 1181 Salomon

2106 1194 2260 1261 quasi
2307 1209 2421 1259 rex,
2455 1196 2639 1251 basem
2675 1197 2802 1252 fecit
2833 1215 3061 1268 aeneam,
3099 1219 3266 1273 porro
3303 1209 3503 1266 Esdras
3537 1217 3693 1282 quasi

2107 1285 2331 1339 minoris
2365 1287 2620 1355 potentiae
2645 1328 2659 1351 ,
2699 1291 2924 1358 gradum
2969 1293 3038 1346 ad
3088 1295 3416 1365 loquendum
3449 1301 3692 1371 ligneum

2103 1375 2406 1431 constituit.
2443 1375 2597 1430 Sicut
2626 1378 2787 1432 etiam
2834 1380 3089 1438 Salomon
3133 1387 3248 1442 sive
3277 1388 3484 1459 Moyses
3514 1393 3691 1450 altare

2103 1469 2400 1526 holocausti
2445 1471 2690 1528 fecerunt
2737 1490 2981 1542 mueum,
3018 1495 3117 1548 pro
3159 1497 3267 1551 quo
3304 1483 3395 1538 filii
3433 1490 3692 1542 transmi-

2103 1565 2366 1633 grationis
2392 1575 2750 1634 reposuerunt
2779 1568 3069 1639 lapideum.
3091 1572 3210 1628 Sed
3248 1592 3354 1632 non
3383 1587 3466 1633 est
3491 1592 3688 1649 putan-

2104 1656 2272 1723 dum,
2323 1657 2552 1712 minoris
2602 1670 3005 1716 sacramentum
3049 1664 3400 1733 perfectionis
3449 1671 3688 1741 ligneum

2033 1735 2081 1792 Β
2107 1746 2354 1816 gradum,
2397 1763 2562 1817 quam
2602 1749 2788 1804 basem
2835 1752 3037 1808 habere
3072 1771 3298 1811 aeneam.
3344 1735 3517 1826 Quod
3541 1765 3687 1818 enim

2107 1851 2247 1905 saepe
2285 1837 2487 1892 dictum
2526 1847 2630 1903 est,
2676 1840 2818 1894 sicut
2853 1857 2928 1896 aes
2975 1859 3074 1912 pro
3109 1847 3466 1904 diuturnitate
3493 1855 3687 1920 perdu-

2105 1929 2281 1993 randi,
2305 1928 2389 1984 vel
2413 1930 2680 1986 suavitate
2708 1933 2956 1998 sonandi,
2985 1933 3183 1990 divinis
3208 1941 3468 2009 competit
3501 1958 3686 1997 sacra-

2103 2020 2318 2084 mentis,
2347 2034 2466 2089 qua:
2489 2020 2633 2075 nulla
2672 2023 2992 2079 saeculorum
3036 2026 3372 2098 longitudine
3401 2033 3680 2101 deﬁciunt,

2102 2119 2157 2163 et
2185 2110 2239 2164 in
2267 2125 2482 2166 omnem
2519 2120 2722 2166 terram
2746 2113 2914 2168 exivit
2948 2130 3114 2170 sonus
3142 2133 3329 2174 eorum
3352 2119 3471 2191 (Ps.
3501 2127 3680 2196 uin),

2101 2199 2172 2256 ita
2201 2200 2362 2255 etiam
2384 2200 2587 2271 lignum
2615 2201 2818 2257 eisdem
2848 2205 3128 2272 aptissime
3151 2213 3424 2281 congruit,
3460 2228 3682 2287 propter

2099 2288 2344 2344 videlicet
2383 2291 2683 2359 troplneum
2710 2292 3004 2349 Dominicae
3038 2298 3325 2365 passionis.
3361 2299 3538 2371 Super
3567 2309 3685 2360 uni-

2097 2391 2315 2433 versum
2343 2393 2472 2449 ergo
2496 2379 2752 2450 populum
2779 2383 3019 2451 pontifex
3039 2386 3242 2444 eminet
3265 2393 3485 2458 quando
3515 2395 3568 2448 is
3591 2398 3680 2466 qui

2097 2469 2324 2537 gradum
2370 2469 2610 2526 doctoris
2658 2471 2874 2543 accipit,
2926 2475 3122 2531 merito
3165 2477 3291 2534 vitae
3336 2481 3682 2550 perfectioris

2097 2559 2366 2614 actionem
2413 2560 2556 2632 vulgi
2601 2565 2954 2620 transcendit.
3000 2565 3120 2622 Stat
3157 2577 3350 2624 autem
3399 2573 3457 2628 in
3509 2577 3681 2644 gradu

2094 2648 2294 2720 ligneo,
2328 2666 2488 2722 quem
2515 2651 2719 2708 fecerat
2755 2653 2825 2708 ad
2865 2654 3212 2725 loquendum,
3239 2663 3463 2729 quando
3499 2666 3682 2737 singu-

2095 2741 2196 2796 lari
2267 2743 2570 2799 imitatione
2631 2744 2924 2802 Dominicte
2982 2749 3251 2818 passionis
3318 2753 3577 2810 altiorem
3626 2773 3682 2813 se

2097 2834 2310 2889 caneris
2349 2834 2496 2890 facit.
2545 2836 2699 2892 Unde
2734 2839 2930 2893 merito
2967 2839 3218 2895 fiduciam
3246 2843 3416 2899 libere
3455 2849 3678 2902 verbum

2099 2922 2195 2978 Dei
2225 2925 2552 2994 prmdicandi
2579 2927 2811 2983 obtinet.
2841 2927 2974 2983 Nam
3003 2931 3096 3000 qui
3121 2933 3436 3001 passionem
3467 2937 3678 2994 Domini

2093 3027 2194 3082 pro
2225 3030 2324 3070 suo
2359 3017 2574 3072 modulo
2604 3021 2901 3075 contemnit
2933 3021 3159 3089 imitari,
3188 3027 3420 3080 necdum
3451 3031 3679 3099 gradum

2023 3092 2068 3154 C
2099 3104 2358 3175 ligneum,
2382 3108 2524 3164 unde
2560 3108 2761 3166 infimis
2789 3114 3212 3181 superemineat,
3241 3092 3507 3174 ascendit.
3534 3121 3682 3177 Ideo-

2098 3210 2203 3265 que
2247 3213 2471 3254 necesse
2509 3208 2594 3254 est
2635 3201 2758 3256 talis
2787 3203 2966 3259 scriba
2995 3206 3239 3276 trepidus
3275 3221 3548 3281 praecepta
3587 3213 3684 3268 Do-

2097 3286 2231 3342 mini
2257 3289 2532 3356 pradicet,
2574 3290 2770 3346 timens
2796 3294 2908 3349 sive
2942 3298 3271 3354 erubescens
3319 3316 3384 3356 ea
3423 3319 3546 3373 qua:
3575 3305 3684 3374 ipse

2099 3391 2206 3431 non
2231 3375 2377 3442 fecit,
2415 3377 2536 3433 aliis
2563 3377 2808 3435 facienda
2833 3397 3166 3451 praeponere.

2665 3469 2892 3526 CAPUT
2929 3473 3113 3530 XVIII.

2392 3561 2464 3615 De
2490 3562 2699 3618 diaconi
2731 3568 3034 3622 ascensione
3057 3569 3112 3624 in
3139 3572 3393 3626 tribunal.

2169 3649 2429 3706 Tribunal
2483 3661 2640 3708 vocat
2684 3652 2988 3724 Cyprianus
3035 3659 3278 3728 gradum,
3307 3676 3476 3733 super
3520 3679 3680 3735 quem

2099 3741 2350 3796 ascendit
2377 3743 2640 3800 diaconus
2673 3745 2740 3800 ad
2776 3747 3085 3818 legendum,
3113 3752 3359 3810 scribens
3381 3757 3450 3810 ad
3478 3758 3678 3814 clerum

2098 3839 2154 3886 et
2180 3831 2393 3900 plebem
2427 3833 2495 3888 de
2527 3833 2775 3891 Celerino
2816 3837 3126 3896 confessore
3164 3841 3371 3898 lectore
3408 3847 3675 3903 ordinato.

2097 3920 2446 3978 Estimatum
2474 3933 2566 3998 est.
2600 3941 2631 3979 a
2666 3942 2784 3982 mea
2814 3931 3102 3999 parvitate,
3131 3942 3192 3986 ut
3217 3937 3459 3991 sanctior
3481 3954 3680 4010 cogno-

2098 4019 2283 4067 scatur
2305 4014 2537 4084 dignitas
2559 4015 2791 4083 diaconi,
2821 4027 2878 4073 et
2914 4021 3229 4091 magnitudo
3253 4026 3539 4084 ministerii
3563 4031 3678 4099 ejus

2098 4105 2266 4160 verba
2312 4105 2478 4174 ipsius
2527 4105 2783 4178 Cypriani
2814 4113 3078 4180 ponenda,
3109 4129 3175 4170 ac
3211 4125 3398 4186 postea
3433 4132 3677 4177 nostrum

2097 4195 2344 4250 ordinem
2391 4215 2404 4251 :
2458 4196 2610 4254 Hunc
2651 4198 2720 4254 ad
2763 4215 2882 4268 nos,
2923 4202 3123 4260 fratres
3167 4207 3524 4278 dilectissimi,
3557 4229 3677 4268 eum

2097 4293 2246 4342 tanta
2291 4287 2504 4342 Domini
2551 4290 2860 4359 dignatione
2908 4296 3215 4353 venientem
3272 4304 3586 4360 testimonio
3625 4315 3679 4361 ct

2105 4376 2368 4433 miraculo
2387 4378 2506 4448 ejus
2538 4380 2728 4450 ipsius,
2763 4383 2854 4452 qui
2879 4400 2937 4441 se
2969 4399 3291 4457 persecutus
3323 4392 3526 4459 fuerat,
3559 4396 3678 4449 illu-

2105 4475 2306 4534 strem,
2355 4471 2486 4539 quid
2534 4471 2678 4527 aliud
2728 4489 2893 4544 quam
2937 4492 3098 4548 super
3141 4481 3451 4553 pulpitum?
3492 4486 3546 4542 id
3597 4497 3679 4542 est

2098 4573 2262 4628 super
2308 4561 2547 4615 tribunal
2593 4562 2849 4620 Ecclesia:
2893 4571 3177 4636 oportebat
3217 4573 3441 4643 imponi,
3480 4585 3541 4631 ut
3573 4577 3676 4632 loci

2101 4650 2308 4708 altioris
2335 4655 2579 4710 celsitate
2601 4657 2881 4724 subnixus,
2909 4669 2964 4714 et
2989 4661 3127 4730 plebi
3159 4665 3424 4723 universa:
3453 4684 3552 4738 pro
3575 4670 3674 4724 ho-

2101 4741 2250 4797 noris
2294 4745 2376 4798 sui
2421 4745 2671 4801 claritate
2709 4750 3032 4817 conspicuus
3057 4791 3074 4816 ,
3119 4753 3261 4824 legat
3304 4769 3574 4830 praecepta
3621 4771 3676 4815 et

2102 4829 2448 4902 Evangelium
2478 4835 2710 4902 Domini,
2748 4853 2870 4907 quae
2904 4838 3118 4897 fortiter
3139 4859 3202 4899 ac
3240 4844 3474 4903 ﬁdeliter
3488 4829 3674 4920 sequi-

2099 4929 2188 4975 tur
2222 4941 2234 4976 :
2272 4924 2384 4978 Vox
2430 4924 2714 4982 Dominum
2741 4929 3011 4998 confessa,
3041 4933 3094 4987 in
3138 4935 3222 4991 his
3256 4953 3377 5006 quae
3415 4939 3670 4996 Dominus

2098 5013 2310 5068 locutus
2352 5023 2437 5068 est
2470 5017 2756 5073 audiatur?
2787 5020 2993 5077 Viderit
3019 5037 3088 5077 an
3123 5026 3193 5078 sit
3225 5028 3451 5085 ulterior
3472 5033 3669 5102 gradus

2097 5104 2164 5158 ad
2184 5119 2342 5172 quem
2365 5106 2665 5175 profiscisai
2692 5109 2926 5184 [profici]
2951 5113 3005 5168 in
3024 5115 3266 5172 Ecclesia
3291 5123 3497 5188 possit?
3525 5123 3665 5178 Nihil

2096 5202 2180 5247 est
2218 5194 2268 5246 in
2299 5211 2407 5263 quo
2433 5198 2603 5267 magis
2643 5198 2924 5255 confessor
2967 5201 3228 5261 fratribus
3262 5211 3467 5277 prosit,
3505 5228 3663 5281 quam

2098 5301 2157 5339 ut
2183 5301 2304 5339 cum
2329 5287 2652 5357 Evangelica
2693 5289 2852 5346 lectio
2876 5294 2942 5347 de
2967 5309 3065 5349 ore
3091 5296 3210 5366 ejus
3239 5300 3480 5366 auditur,
3504 5302 3662 5358 lecto—

2099 5377 2173 5430 ris
2201 5377 2358 5432 fidem
2386 5380 2633 5449 quisquis
2674 5380 2942 5450 audierit,
2976 5385 3234 5442 imitetur.
3276 5389 3585 5462 Jungendus
3607 5393 3658 5445 in

2097 5465 2326 5520 lectione
2353 5468 2573 5524 Aurelio
2606 5467 2803 5538 fuerat,
2848 5488 2972 5528 cum
3005 5491 3115 5544 quo
3146 5486 3203 5533 et
3241 5480 3410 5536 divini
3447 5482 3659 5537 honoris

2097 5561 2354 5616 societate
2379 5562 2700 5632 eonjunctus
2730 5575 2835 5621 est.
2867 5566 2936 5622 Et
2961 5569 3123 5638 paulo
3145 5581 3270 5641 post
3295 5591 3309 5626 :
3339 5573 3450 5631 llos
3484 5583 3656 5628 tamen

2099 5651 2329 5707 lectores
2366 5647 2582 5710 iiiterim
2609 5658 2934 5718 constitutos
2972 5662 3190 5730 sciatis,
3230 5665 3356 5735 quia
3384 5667 3656 5737 oportebat

3865 1537 3885 1564 ν
