3938 6178
308 237 442 296 “'25

1029 237 1116 292 DE
1155 237 1708 294 ECCLESIASTICIS
1747 237 2034 295 OFFICIIS
2073 239 2251 325 LIBRI
2289 243 2376 298 IV.
2417 274 2489 286 σ-
2527 246 2655 300 LIB.
2685 247 2770 302 IIl.

3450 254 3585 312 “9.6

303 357 526 411 lucerna
567 367 732 424 super
754 351 1138 408 candelabrum
1175 352 1323 423 poni,
1356 352 1500 406 unde
1524 352 1776 408 omnibus
1807 352 1886 406 lu-
1916 357 1962 416 Α
1992 353 2134 424 gelii,
2161 354 2343 408 δέοι-ξω
2378 356 2491 420 tibi,
2521 357 2742 411 Domine
2770 357 2923 429 (Luc.
2951 360 3094 431 vui).
3113 358 3227 418 Hoc
3254 373 3430 430 orato,
3461 383 3584 422 mu-

298 455 421 503 ceat
459 445 612 516 (Luc.
644 444 722 515 xi)
765 462 778 497 :
826 453 881 498 ct
924 444 1190 515 gloriosos
1232 444 1412 499 vultus
1450 445 1503 498 in
1540 444 1659 499 loco
1695 445 1888 500 altiore

297 537 600 601 constitui,
649 536 740 590 ubi
774 533 859 588 ab
905 535 1055 588 omni
1109 534 1452 589 fraternitate
1498 534 1888 589 circumstante

293 627 575 696 conspecti
606 625 1018 682 incitamentum
1044 624 1230 694 glorim
1253 624 1562 680 videntibus
1583 625 1882 695 praebeant.

297 717 452 776 Nunc
489 726 831 772 revertamur
862 718 930 771 ad
963 717 1232 772 ordinem.
1267 716 1449 787 Usque
1476 733 1618 772 nunc
1647 718 1887 774 sedimus

293 823 448 863 more
476 807 679 863 veteris
723 806 1132 864 consuetudinis
1158 846 1172 870 ,
1213 815 1272 860 ut
1300 807 1636 877 prmtulimus
1661 807 1774 862 sive
1814 808 1885 862 ob

294 898 741 963 admonitionem,
771 912 877 967 qua
903 912 1210 963 monemur,
1231 899 1502 967 quomodo
1531 899 1642 954 Deo
1662 909 1886 954 cantare

294 991 592 1046 debeamus
619 991 919 1045 secundum
944 989 1262 1058 Apostolum
1292 990 1595 1055 dicentem,
1625 990 1885 1046 Canentes

292 1091 342 1134 et
368 1079 650 1150 psallentes
689 1080 745 1133 in
777 1079 1020 1133 cordibus
1049 1082 1242 1138 vestris.
1276 1079 1438 1150 (Eph.
1472 1080 1548 1151 v).
1581 1081 1738 1136 Modo
1764 1096 1884 1136 sur-

292 1171 528 1240 gendum
558 1171 734 1226 estad
763 1170 926 1226 verba
957 1169 1255 1240 Evangelii.
1302 1170 1626 1225 Anastasius
1656 1171 1880 1226 natione

295 1265 594 1330 Romanus,
624 1279 688 1318 ex
721 1271 872 1333 patre
902 1262 1155 1328 Maximo,
1181 1271 1242 1317 ut
1270 1262 1466 1332 legitur
1495 1263 1548 1316 in
1581 1264 1750 1334 gestis
1774 1264 1886 1333 cpi-

295 1354 602 1424 scopalibus
634 1371 645 1406 ;
680 1351 778 1406 llic
805 1352 1120 1416 constituit,
1159 1358 1219 1406 ut
1242 1352 1674 1421 quotiescunque
1701 1353 1880 1406 Evan—

295 1446 432 1516 gelia
455 1452 644 1500 sancta
667 1445 989 1508 recitantur,
1019 1443 1333 1498 sacerdotes
1353 1459 1460 1498 non
1486 1444 1760 1509 sederent,
1786 1443 1880 1498 sed

208 1557 258 1593 /
293 1537 446 1591 curvi
477 1544 706 1590 starent.
753 1534 956 1590 Deinde
985 1534 1139 1603 ponit
1164 1535 1454 1604 episc0pus
1481 1535 1782 1606 thymiama
1824 1535 1880 1590 in

299 1631 635 1688 thuribulum
663 1645 826 1700 super
845 1645 1068 1701 prunas,
1091 1637 1152 1684 ut
1174 1644 1394 1686 suavem
1417 1631 1641 1686 odorem
1655 1631 1875 1686 excitet.

1989 445 2106 498 niat
2131 461 2190 498 se
2219 445 2372 516 signo
2402 457 2601 501 sancta:
2632 449 2816 505 crucis
2840 451 2908 503 ad
2941 451 3310 510 conﬁrmanda
3341 473 3427 523 ea,
3458 475 3582 529 quze

1987 535 2125 590 bene
2156 538 2441 607 cogitando
2467 547 2521 591 et
2543 538 2808 608 loquendo
2833 541 3097 610 plantavit
3125 545 3179 598 in
3207 557 3407 602 mente.
3435 549 3573 617 Quia

1987 629 2192 684 mentio
2230 631 2376 686 facta
2408 639 2494 686 est
2530 632 2599 688 de
2641 633 2797 702 signo
2842 635 3021 690 crucis
3050 636 3104 690 in
3134 637 3332 706 fronte,
3376 642 3579 700 bonum

1985 728 2070 773 est
2101 720 2360 776 intimare
2385 735 2484 776 cur
2511 736 2633 776 eam
2659 723 2998 792 potissimum
3025 725 3078 779 in
3111 742 3175 781 ea
3203 739 3358 798 parte
3387 746 3582 801 corpo-

1987 807 2064 860 ris
2091 806 2374 864 faciamus.
2407 809 2577 867 Sedes
2599 813 2936 867 verecundia:
2966 814 3020 866 in
3054 813 3232 870 fronte
3261 818 3399 872 solet
3434 836 3575 876 esse.

1986 895 2265 967 Siquidem
2291 899 2461 955 Judaei
2501 903 2827 958 erubescunt
2867 906 3092 960 credere
3134 907 3188 960 in
3223 907 3374 963 illum
3417 927 3580 980 quem

1985 997 2186 1042 norunt
2212 991 2534 1046 cruciﬁxum
2565 1010 2578 1045 :
2625 1002 2686 1047 ut
2712 995 2988 1062 apostolus
3029 995 3228 1052 Paulus
3253 998 3420 1054 dicit:
3462 1001 3578 1056 Nos

1983 1088 2155 1132 autem
2183 1081 2535 1150 prccdicamus
2560 1082 2826 1139 Christum
2861 1087 3194 1154 cruciﬁxum,
3229 1089 3433 1146 Juda’is
3461 1096 3580 1161 qui-

1982 1169 2099 1223 dem
2147 1172 2458 1226 scandalum
2513 1174 2564 1244 (I
2608 1173 2730 1228 Cor.
2768 1176 2831 1245 ι).
2877 1177 2984 1231 Sed
3033 1195 3131 1233 nos
3172 1183 3443 1237 credimus
3482 1200 3580 1254 per

1980 1262 2312 1317 Cruciﬁxum
2363 1265 2582 1332 salvari,
2613 1268 2680 1322 de
2717 1269 2874 1338 cujus
2909 1271 3127 1326 nomine
3165 1271 3336 1327 Judaei
3387 1277 3575 1330 erube-

1981 1363 2162 1418 scunt,
2193 1356 2417 1426 ejusque
2445 1357 2664 1412 nomine
2699 1375 2798 1413 nos
2824 1361 3096 1416 credimus
3136 1364 3354 1418 muniri.
3397 1365 3575 1436 Atque

1981 1443 2103 1498 ideo
2133 1444 2188 1497 in
2225 1444 2405 1500 fronte
2431 1447 2645 1517 signum
2677 1447 2906 1503 facimus
2935 1491 2949 1514 ,
2991 1451 3082 1505 ubi
3125 1452 3282 1507 sedes
3308 1469 3572 1510 verecun-

1979 1533 2082 1589 dia?
2110 1543 2214 1601 est,
2249 1545 2392 1590 s1cut
2414 1535 2529 1604 jam
2555 1537 2811 1594 diximus.
2852 1539 3036 1610 Usque
3065 1542 3133 1595 ad
3158 1541 3303 1597 istud
3331 1543 3571 1600 ofﬁciunt

1979 1625 2189 1681 baculis
2238 1628 2722 1694 sustentabamur;
2773 1631 2954 1696 modo,
3014 1640 3074 1686 ut
3125 1643 3341 1702 oportet
3387 1651 3576 1692 servos

293 1723 651 1779 Thuribulum
675 1737 872 1792 corpus
891 1723 1090 1777 Christi
1118 1721 1412 1793 signiﬁcat,
1429 1722 1481 1776 in
1508 1738 1617 1792 quo
1639 1730 1722 1777 est
1745 1723 1886 1793 ignis
1912 1709 1960 1768 Β
1988 1725 2114 1771 ante
2142 1716 2430 1772 Dominum
2460 1727 2609 1774 stare
2627 1759 2642 1784 ,
2676 1719 2955 1774 humiliter
2985 1729 3213 1788 stamus,
3243 1708 3575 1792 deponentcs

293 1816 505 1870 scilicet
552 1813 790 1884 Spiritus
829 1823 1052 1869 sanctus
1089 1832 1105 1868 :
1153 1829 1221 1868 ex
1255 1829 1365 1884 quo
1394 1815 1566 1870 bonus
1593 1815 1730 1869 odor
1758 1830 1882 1884 pro-

291 1907 453 1970 cedit,
476 1921 637 1976 quem
661 1905 1033 1975 unusquisque
1054 1905 1350 1960 electorum
1373 1906 1440 1960 ad
1461 1920 1519 1960 se
1534 1905 1650 1959 vult
1669 1919 1876 1975 rapere.

290 1997 436 2052 Idem
461 1996 596 2051 odor
623 1997 820 2051 bonam
848 1996 1221 2065 operationem
1253 1997 1320 2050 de
1358 1996 1576 2051 Christo
1602 1996 1754 2050 exire
1787 1995 1881 2049 de-
1907 2016 1920 2027 -

289 2095 578 2151 monstrat,
611 2100 800 2156 quam,
831 2086 925 2154 qui
967 2086 1147 2141 vivere
1176 2086 1322 2152 vult,
1365 2086 1418 2140 in
1459 2101 1616 2142 suum
1645 2102 1741 2142 cor
1771 2095 1880 2141 tra-

280 2176 425 2246 jicit.
457 2178 587 2234 Post
609 2179 712 2233 hoc
737 2178 998 2233 diaconus
1023 2178 1209 2248 petita
1234 2178 1516 2234 sacerdote
1543 2178 1879 2234 benedictio-

289 2285 436 2336 nem,
469 2271 728 2326 sacerdos
748 2271 800 2325 ei
826 2270 960 2326 dicit
991 2289 1002 2324 :
1035 2270 1293 2324 Dominus
1324 2272 1393 2324 sit
1419 2271 1473 2324 in
1501 2270 1657 2324 corde
1680 2280 1792 2335 tuo,
1827 2280 1878 2325 et

285 2359 341 2414 in
392 2360 546 2416 labiis
591 2363 718 2416 tuis.
759 2361 1009 2417 Intendat
1051 2361 1338 2431 diligenter
1376 2361 1638 2416 diaconus
1682 2370 1742 2415 ut
1783 2377 1880 2417 cor

287 2449 406 2519 ejus
450 2467 572 2506 cum
619 2451 914 2507 Dominicis
950 2451 1132 2506 verbis
1158 2451 1340 2516 vadat,
1373 2459 1430 2507 et
1461 2466 1570 2505 non
1607 2452 1680 2506 sit
1707 2449 1878 2506 infru-

285 2550 480 2598 ctuosa
503 2543 680 2597 oratio
708 2541 1030 2598 sacerdotis.
1057 2541 1344 2596 Dominum
1373 2540 1429 2596 in
1456 2547 1639 2595 mente
1676 2548 1873 2606 teneat,

285 2651 448 2706 quem
477 2636 704 2705 suscipit
747 2650 846 2705 per
883 2635 1319 2690 benedictionem
1347 2634 1679 2697 sacerdotis,
1722 2642 1778 2688 et
1816 2640 1876 2688 ut

287 2741 395 2782 non
423 2726 678 2792 exhalent
696 2727 862 2782 verba
891 2725 1164 2795 imposita,
1193 2739 1330 2781 neve
1359 2725 1632 2780 introeant
1659 2724 1873 2790 nociva,

290 2819 449 2887 signo
480 2819 660 2874 crucis
686 2818 832 2873 facto
868 2834 1030 2873 manu
1063 2819 1362 2874 sacerdotis
1393 2833 1554 2888 super
1597 2825 1762 2887 caput
1795 2817 1876 2886 ip-

285 2909 424 2975 sius,
457 2911 715 2964 munitur.
759 2911 961 2965 Deinde
992 2910 1141 2965 vadit
1167 2910 1236 2964 ad
1261 2910 1435 2964 altare
1463 2918 1522 2963 ut
1551 2908 1680 2963 inde
1697 2917 1877 2963 sumat

285 2999 642 3068 Evangelium
678 3001 746 3056 ad
779 3001 1083 3072 legendum.
1114 2999 1299 3054 Altare
1322 2998 1661 3053 Hierusalem
1695 3007 1874 3067 potest

284 3061 597 3162 designare,
628 3100 690 3147 ut
716 3061 1049 3162 praatvulimus
1068 3131 1082 3156 ,
1109 3090 1178 3145 de
1209 3106 1314 3159 qua
1342 3090 1512 3145 exivit
1546 3061 1870 3159 Evangelica
1899 3061 1942 3123 Ο

285 3184 600 3254 praedicatio
619 3225 634 3249 ,
677 3184 816 3239 sicut
852 3184 1113 3252 scriptum
1143 3191 1228 3238 est
1253 3200 1266 3236 :
1312 3172 1386 3235 De
1414 3180 1545 3237 Sion
1575 3182 1732 3235 exivit
1759 3181 1870 3245 τετε,

284 3285 333 3328 et
363 3275 571 3329 verbum
595 3275 806 3329 Domini
833 3275 897 3328 de
929 3272 1263 3328 Hierusalem
1289 3270 1423 3342 (Isa.
1454 3270 1514 3341 ιι)
1545 3289 1557 3323 :
1588 3270 1672 3324 vel
1704 3270 1873 3340 ipsius

284 3366 500 3421 Domini
528 3381 750 3436 corpus,
769 3366 823 3420 in
849 3379 956 3434 quo
981 3371 1106 3419 sunt
1125 3363 1284 3417 verba
1308 3360 1604 3430 Evangelii,
1621 3358 1874 3428 videlicet

285 3458 442 3512 bona:
465 3456 839 3511 nuntiationis.
867 3456 985 3524 Ipse
1004 3453 1262 3524 praecepit
1292 3450 1550 3521 apostolis
1573 3449 1871 3517 przedicare

287 3547 644 3616 Evangelium
680 3546 828 3600 omni
855 3553 1124 3601 creatura
1149 3543 1345 3613 (Marc.
1379 3541 1512 3615 XVI).
1551 3542 1669 3610 Ipse
1695 3540 1866 3595 dixit:

298 3638 464 3693 Verba
505 3655 622 3710 qua:
669 3654 760 3708 ego
811 3638 998 3708 loquor
1046 3637 1204 3698 vobis,
1239 3634 1454 3706 spiritus
1497 3642 1544 3687 et
1591 3633 1699 3686 vita
1746 3640 1869 3686 sunt

285 3729 472 3800 (Joan.
499 3729 599 3799 vi).
649 3728 900 3784 Christus
929 3728 1058 3782 vita.
1110 3726 1285 3782 Verba
1314 3739 1433 3794 quae
1461 3724 1675 3779 locutus
1699 3730 1784 3779 est
1812 3722 1868 3777 in

287 3820 577 3892 Evangelio
602 3820 966 3875 continentur.
1007 3818 1277 3873 Diaconus
1297 3817 1389 3886 qui
1415 3822 1597 3884 portat
1626 3815 1868 3883 Evange-

283 3913 481 3985 gelium
509 3913 712 3968 Christi
734 3927 829 3984 pes
848 3920 952 3968 est.
978 3909 1170 3965 Portat
1187 3907 1537 3980 Evangelium
1564 3907 1620 3960 in
1643 3906 1868 3960 sinistro

284 4003 529 4069 brachio,
555 4017 654 4072 per
696 4003 840 4073 quod
893 3999 1226 4073 signiﬁcatur
1267 3996 1582 4066 temporalis
1609 3995 1742 4059 vita,
1773 3994 1866 4048 ubi

286 4110 510 4151 necesse
552 4105 638 4150 est
680 4095 964 4166 praedicari
1014 4091 1384 4163 Evangelium.
1437 4089 1721 4144 Salutante
1751 4087 1867 4142 dia-

283 4203 443 4254 cono,
473 4188 723 4259 congruit
749 4195 808 4242 ut
831 4186 1011 4242 omnis
1035 4185 1265 4256 populus
1295 4182 1363 4237 ad
1401 4198 1526 4237 eum
1557 4195 1744 4235 versus
1771 4181 1861 4235 sit.

283 4284 412 4339 Post
449 4284 550 4338 hoc
592 4281 842 4337 sacerdos
886 4288 944 4336 et
987 4279 1165 4334 omnis
1215 4276 1446 4347 populus
1497 4273 1662 4329 vertit
1701 4287 1760 4328 se
1796 4272 1864 4327 ad

281 4374 567 4436 orientem,
601 4387 771 4442 usque
795 4371 922 4426 dum
949 4370 1210 4425 diaconus
1241 4352 1463 4437 incipiat
1483 4366 1552 4420 ad
1576 4364 1861 4420 Dominum

282 4464 461 4533 loqui,
487 4470 543 4517 et
573 4461 779 4516 faciunt
801 4476 1020 4516 crucem
1053 4461 1106 4514 in
1139 4459 1407 4513 frontibus
1431 4471 1640 4510 eorum.
1679 4454 1864 4524 Neque

279 4558 387 4611 hoc
417 4556 619 4610 frustra
662 4554 1033 4624 accipiendum
1071 4560 1155 4606 est
1186 4565 1201 4604 :
1237 4548 1381 4618 quod
1407 4547 1583 4602 inﬁxit
1609 4547 1864 4602 sacerdos

279 4663 379 4718 per
435 4661 586 4701 suam
635 4645 1069 4716 deprecationem
1127 4643 1181 4696 in
1219 4641 1382 4696 corde
1432 4640 1641 4695 diaconi
1692 4655 1706 4694 :
1761 4640 1865 4694 hoc

280 4739 654 4805 unusquisque
682 4735 854 4792 ﬁdelis
881 4734 1094 4788 studeat
1121 4732 1346 4803 inﬁgere
1375 4731 1558 4785 animo
1585 4746 1701 4785 suo.
1740 4731 1861 4783 Βίας

281 4840 422 4881 cono
448 4824 575 4894 quia
602 4839 709 4878 non
737 4832 820 4877 est
855 4823 1060 4877 licitum
1093 4829 1313 4892 propter
1351 4821 1516 4875 verba
1539 4818 1854 4887 composita,

280 4915 569 4988 sequentia
611 4915 786 4971 sancti
829 4914 1101 4984 Evangelii
1151 4912 1448 4968 secundum
1493 4923 1871 4980 quemcunque

281 5007 683 5079 Evangelistam
724 5020 916 5071 orare,
964 5005 1222 5075 praevenit
1260 5019 1385 5058 eum
1432 5001 1606 5071 major
1651 4999 1871 5056 benedi-

281 5115 409 5156 cere
433 5114 446 5151 :
473 5099 586 5154 sive
613 5099 739 5168 quia
770 5095 975 5167 majore
997 5097 1372 5152 benedictione
1396 5095 1622 5164 indiget,
1652 5094 1745 5163 qui
1769 5103 1873 5147 tra-

281 5192 364 5246 dit
383 5191 589 5247 semina
615 5190 914 5261 Evangelii,
937 5205 1102 5259 quam
1126 5188 1218 5258 qui
1246 5188 1464 5257 accipit.
1512 5187 1618 5241 Sed
1641 5185 1870 5256 populus

282 5284 504 5339 interim
557 5284 878 5353 deprecetur
936 5282 1102 5336 Deum
1129 5322 1144 5345 ,
1211 5296 1282 5335 ne
1342 5278 1590 5333 diabolus
1657 5277 1870 5332 auferat

282 5378 450 5432 verba
481 5376 756 5446 Evangelii
798 5376 865 5430 de
903 5375 1066 5430 corde
1109 5373 1245 5444 ejus,
1285 5385 1462 5442 neque
1502 5379 1719 5440 petrosa
1760 5370 1870 5425 sint

278 5470 468 5533 corda,
499 5483 636 5525 neve
667 5468 892 5522 dumosa
914 5466 1000 5521 vel
1029 5466 1246 5535 spinosa
1273 5483 1286 5519 :
1315 5465 1410 5520 sed
1440 5471 1585 5516 terra
1610 5463 1769 5525 bona,
1811 5473 1872 5519 ut

282 5559 519 5614 fructum
549 5559 750 5615 bonum
778 5557 951 5628 possit
973 5557 1222 5626 accipere
1247 5563 1303 5610 et
1327 5551 1678 5608 fructiﬁcare.
1715 5553 1870 5608 Dicat

289 5649 506 5714 saltem,
533 5648 623 5717 qui
647 5647 946 5717 promptior
966 5658 1073 5700 non
1097 5651 1203 5710 est,
1226 5651 1286 5697 ut
1311 5643 1489 5712 capiat
1509 5642 1674 5698 verba
1701 5640 1870 5695 Evan-

1980 1807 2203 1862 baculos
2251 1823 2282 1863 e
2327 1810 2600 1866 manibus.
2635 1809 2790 1878 Quod
2835 1820 3018 1881 potest
3053 1828 3154 1867 nos
3201 1828 3458 1884 separare
3506 1818 3574 1870 ab

1979 1915 2144 1970 opere
2190 1899 2531 1966 Iudaeorum,
2571 1903 2665 1973 qui
2703 1903 2905 1958 dabant
2941 1906 3263 1961 arundinem
3310 1908 3366 1961 in
3405 1925 3572 1963 manu

1979 1990 2203 2047 Christi.
2240 1985 2348 2047 Sed
2374 2008 2484 2048 non
2517 1993 2778 2049 abhorret
2805 2009 2836 2048 a
2860 2009 3013 2059 vero,
3040 1996 3086 2050 si
3134 2005 3321 2052 nostra
3351 1998 3574 2052 humili-

1981 2091 2065 2138 tas
2091 2098 2190 2154 per
2217 2084 2538 2140 bacqurum
2569 2085 2899 2155 positionem
2925 2086 3333 2142 demonstretur
3361 2089 3416 2143 in
3443 2105 3572 2144 con-

1979 2183 2166 2247 spectu
2191 2174 2425 2231 Domini.
2458 2176 2574 2231 Duo
2603 2177 2770 2242 cerei,
2803 2177 2896 2246 qui
2925 2185 3210 2247 portantur
3233 2186 3358 2234 ante
3390 2179 3572 2234 Evan-

1979 2266 2179 2336 geIium
2231 2266 2406 2338 legem
2443 2275 2499 2322 et
2539 2269 2836 2337 prophetas
2885 2268 3175 2339 designant
3221 2270 3571 2339 prmcessisse

1977 2358 2356 2430 Evangelicam
2389 2360 2698 2416 doctrinam
2737 2377 2750 2414 :
2802 2361 3138 2415 thuribulum
3163 2377 3326 2426 vero,
3363 2362 3573 2431 opinio-

1979 2464 2102 2503 nem
2149 2450 2415 2504 bonarum
2458 2451 2722 2505 virtutum
2755 2469 2766 2504 :
2815 2451 3200 2520 procedentem
3230 2454 3297 2508 de
3327 2453 3566 2508 Christo.

1975 2539 2156 2610 Ipsum
2182 2540 2514 2596 thuribulum
2544 2542 2598 2596 in
2632 2541 2868 2597 tribunal
2895 2543 3143 2598 ascendit
3170 2552 3297 2598 ante
3325 2545 3570 2616 Evange-

1976 2633 2127 2701 lium,
2157 2643 2216 2688 ut
2237 2635 2314 2690 ibi
2342 2650 2564 2690 suavem
2594 2636 2817 2691 odorem
2855 2637 3146 2692 ministret.
3188 2636 3388 2692 Christi
3421 2639 3568 2693 enim

1974 2729 2116 2782 bona
2159 2742 2323 2797 opera
2375 2739 2776 2797 praecesserunt
2813 2727 3193 2800 Evangelicam
3241 2730 3569 2794 doctrinam,

1975 2824 2035 2870 ut
2071 2817 2248 2872 Lucas
2283 2825 2519 2872 testatur
2547 2818 2601 2872 in
2640 2819 2760 2874 Act.
2797 2821 3050 2889 apostol.:
3083 2820 3216 2886 Quae
3235 2823 3385 2891 capit
3407 2821 3569 2876 Iesus

1977 2906 2149 2977 facere
2172 2917 2219 2962 et
2254 2908 2440 2962 docere
2474 2907 2614 2979 (Act.
2649 2909 2716 2982 1).
2758 2909 2917 2966 Prius
2963 2910 3092 2966 fecit
3113 2950 3128 2976 ,
3174 2919 3232 2964 et
3259 2920 3446 2981 postea
3475 2913 3573 2967 do-

1977 3000 2106 3055 cuit.
2135 3000 2499 3056 Excellentior
2524 3002 2708 3069 locus,
2737 3003 2794 3057 in
2817 3019 2927 3073 quo
2953 3003 3305 3074 Evangelium
3342 3004 3564 3074 legit-ir,

1974 3091 2460 3148 eminentissimam
2505 3094 2809 3148 doctrinam
2848 3095 3184 3166 Evangeliczr
3229 3095 3572 3166 praedicatio-

1972 3180 2078 3246 nis,
2118 3189 2283 3251 atque
2325 3181 2830 3239 manifestissimam
2876 3185 3260 3240 auctoritatem
3284 3185 3569 3253 iudicandi

1973 3269 2170 3340 signat.
2211 3269 2398 3324 Status
2432 3285 2719 3326 cereorum
2765 3281 3034 3328 monstrat
3079 3273 3391 3328 inferiorem
3446 3290 3569 3330 esse

1970 3359 2144 3428 legem
2191 3368 2247 3414 et
2290 3362 2586 3430 prepbetas
2635 3363 2949 3433 Evangelio.
2987 3364 3284 3435 Evangelio
3324 3367 3566 3436 reposito

1970 3460 2093 3520 post
2115 3451 2404 3507 lectionem
2431 3453 2486 3505 in
2518 3453 2637 3508 loco
2664 3469 2765 3508 suo
2791 3455 2938 3509 cerei
2968 3457 3412 3526 exstinguuntur,
3434 3458 3564 3526 quia

1969 3539 2124 3593 finita
2148 3539 2537 3608 prmdicatione
2567 3541 2845 3613 Evangelii
2873 3582 2888 3608 ,
2927 3543 3014 3598 lex
3044 3551 3099 3598 et
3125 3545 3412 3614 prophetia
3439 3559 3563 3600 ces-

1970 3629 2188 3686 sabunt.
2230 3631 2586 3702 Evangelium
2617 3635 2761 3702 quod
2800 3649 2831 3688 a
2870 3636 3047 3705 primo
3081 3643 3327 3706 tempore
3361 3638 3567 3693 adven-

1972 3730 2061 3778 tus
2084 3723 2329 3794 episcopi
2359 3723 2568 3794 quievit
2615 3726 2669 3780 in
2715 3726 2873 3782 altari
2914 3743 3086 3797 usque
3112 3728 3180 3783 ad
3212 3730 3568 3786 novissimam

1970 3813 2154 3869 tubam
2182 3814 2394 3870 diaconi
2421 3856 2436 3881 ,
2467 3815 2598 3870 illud
2629 3824 2842 3887 tempus
2867 3818 3160 3888 signiﬁcat,
3191 3835 3299 3890 quo
3329 3836 3558 3876 necesse

1969 3913 2052 3960 est
2076 3906 2206 3960 illud
2231 3907 2537 3976 prmdicari.
2570 3909 2892 3966 Praecedens
2917 3910 3153 3966 otﬁcium
3176 3914 3568 3983 praedicatione

1967 3997 2170 4053 Christi
2210 4014 2381 4068 usque
2420 4001 2488 4055 ad
2534 4001 2726 4056 horam
2778 4004 3050 4073 passionis
3087 4005 3458 4072 demonstrat,
3508 4016 3567 4062 et

1966 4102 2189 4142 suorum
2238 4089 2661 4158 praedicatorum
2706 4108 2878 4163 usque
2925 4095 2981 4149 in
3031 4094 3195 4150 finem
3241 4097 3465 4162 mundi,
3509 4107 3566 4151 et

1967 4180 2130 4235 ultra.
2161 4180 2408 4252 Sequens
2435 4199 2572 4252 opus
2592 4185 2864 4253 passionis
2889 4185 3092 4242 Christi
3118 4195 3173 4240 et
3197 4189 3562 4243 resurrectio-

1967 4269 2074 4335 nis,
2119 4279 2284 4341 atque
2331 4272 2387 4325 in
2425 4272 2596 4326 ccelos
2643 4274 2996 4338 ascensionis,
3045 4275 3301 4330 similiter
3339 4293 3564 4333 suorum

1967 4364 2057 4416 vel
2090 4363 2450 4426 sacriﬁcium,
2483 4364 2566 4418 vel
2593 4364 3067 4421 mortiﬁcationem
3088 4407 3104 4433 ,
3126 4375 3181 4422 et
3211 4370 3567 4424 resurrectio-

1971 4465 2096 4506 nem
2135 4468 2233 4522 per
2279 4451 2680 4511 confessionem
2717 4465 2880 4529 atque
2927 4459 3220 4531 suspirium
3267 4461 3322 4516 in
3361 4462 3563 4517 ccelum

1971 4542 2060 4597 ubi
2090 4543 2328 4599 audituri
2355 4553 2481 4600 sunt
2508 4564 2521 4600 :
2558 4545 2762 4614 Venite,
2780 4548 3034 4604 benedicti
3061 4548 3242 4606 Patris
3269 4552 3412 4618 mei;
3441 4569 3563 4622 pos-

1971 4637 2132 4691 sidete
2161 4646 2406 4705 paratum
2429 4637 2570 4692 vobis
2603 4655 2818 4710 regnum
2843 4639 3058 4710 (Matth.
3092 4640 3243 4713 xxv).

2558 4729 2787 4784 CAPUT
2827 4731 2968 4785 XIX.
3006 4755 3008 4758 ν

2266 4818 2338 4872 De
2375 4819 2540 4889 ofﬁcio
2567 4819 2706 4890 quod
2733 4830 2951 4874 vocatur
2974 4822 3277 4891 o/ferenda.

2045 4910 2240 4965 Finitis
2265 4910 2541 4980 prioribus
2568 4910 2759 4966 oﬂiciis
2797 4913 3048 4982 superius
3077 4915 3415 4981 memoratis,
3446 4915 3563 4970 oili-

1973 5002 2115 5057 cium
2145 5002 2532 5068 introducitur,
2564 5003 2619 5056 in
2642 5018 2754 5072 quo
2790 5003 3100 5060 celebratur
3122 5004 3324 5061 oblatio
3345 5020 3560 5074 eorum,

1973 5095 2064 5164 qui
2090 5095 2318 5151 Domino
2345 5105 2470 5150 vota
2497 5110 2594 5150 sua
2617 5097 2953 5166 persolvunt.
2984 5097 3228 5153 Primum
3260 5099 3329 5154 ad
3353 5114 3568 5154 memo-

1972 5185 2108 5240 riam
2134 5185 2439 5241 reducenda
2462 5195 2547 5242 est
2571 5187 2773 5244 oblatio
2802 5187 3013 5260 legalis,
3043 5205 3108 5246 ac
3135 5191 3330 5246 deinde
3356 5189 3560 5245 Christi

1969 5285 2246 5347 postremo
2268 5286 2476 5333 nostra.
2501 5277 2714 5336 Oblatio
2738 5281 2926 5353 legalis
2949 5282 3183 5339 habebat
3203 5283 3309 5337 duo
3331 5281 3555 5340 altaria:

1970 5381 2138 5421 unum
2183 5367 2238 5421 in
2277 5368 2505 5424 introitu
2538 5369 2910 5438 tabernaculi,
2951 5373 3180 5426 alterum
3213 5373 3266 5425 in
3306 5371 3530 5424 taberna

1972 5458 2112 5512 culo.
2152 5457 2338 5514 Altare
2383 5460 2439 5513 in
2484 5459 2710 5516 introitu
2751 5461 3134 5532 przeﬁgurabat
3170 5475 3409 5530 praesens
3443 5459 3560 5514 oili-

1970 5550 2132 5615 cium,
2166 5550 2235 5607 de
2258 5565 2368 5621 quo
2396 5552 2658 5622 scriptum
2684 5559 2769 5607 est
2799 5553 2852 5605 in
2882 5551 3022 5605 libro
3050 5550 3219 5605 Exodi
3253 5568 3264 5603 :
3303 5549 3484 5604 Posuit
3509 5562 3560 5606 et

1973 5644 2252 5698 tentorium
2283 5644 2337 5697 in
2365 5644 2586 5697 introitu
2619 5642 2968 5705 tabernaculi,
3008 5649 3056 5693 et
3093 5639 3262 5694 altore
3299 5640 3555 5694 holocan.
