3938 6178
353 235 384 290 ’1
404 231 500 288 ῑΞἾ

1391 212 1724 273 AMALARII
1756 207 2195 271 PRESBYTER!
2233 205 2578 264 METENSIS

3474 200 3625 258 1128

357 349 426 402 sti
454 347 508 398 in
536 339 781 398 vestibulo
803 334 1132 398 testimonii,
1165 333 1388 402 on‘erens
1410 332 1465 384 in
1494 347 1553 385 eo
1575 329 1934 383 holocaustum
1963 330 2014 389 Α
2040 325 2288 389 pandum,
2318 337 2577 393 ponesque
2609 318 2743 374 illud
2781 320 2838 373 in
2869 317 3208 374 tabernaculo
3235 319 3518 374 testimonii
3545 320 3629 371 ad

354 449 407 494 et
435 435 694 504 sacriﬁcia
717 442 771 487 ut
795 430 1051 485 Dominus
1072 428 1293 496 imperat
1319 422 1516 495 (Exod.
1544 421 1643 493 xi).

434 527 538 582 Pro
563 525 758 593 quibus
800 517 980 574 causis
1015 514 1367 576 offerebatur,
1401 510 1760 564 Numerorum
1800 508 1938 562 liber

357 615 686 676 manifestat,
715 612 902 664 dicens
932 608 986 661 in
1029 605 1265 674 capitulo
1312 603 1524 658 decimo
1552 601 1740 670 quinto
1781 617 1794 652 :
1837 598 1938 651 Lo-

360 723 514 779 quere
539 703 608 756 ad
636 701 773 772 ﬁlios
805 697 995 762 Israel,
1021 706 1068 750 ct
1093 696 1234 749 dices
1266 695 1335 748 ad
1372 710 1458 748 eos
1499 706 1516 744 :
1557 691 1689 745 Cum
1719 687 1940 779 ingressi

362 777 564 865 fueritis
605 803 798 846 terram
838 786 1174 842 habitationis
1206 795 1386 838 vestra:
1412 824 1426 848 ,
1473 797 1630 853 quant
1667 795 1761 849 ego
1801 777 1934 830 dabo

357 885 522 947 vobis,
553 893 601 937 et
637 880 860 951 feceritis
887 876 1199 930 oblationem
1230 873 1452 926 Domino
1474 872 1528 924 in
1575 868 1936 922 holocaustum

366 984 414 1029 et
446 973 706 1028 victimam
738 966 1010 1039 paciﬁcum
1028 1005 1042 1029 ,
1072 973 1189 1016 vota
1217 961 1489 1025 solventes,
1513 957 1588 1013 vel
1611 965 1792 1026 sponte
1812 956 1941 1025 offe-

359 1059 533 1121 i'entes
571 1079 811 1118 munera.
857 1059 954 1113 Est
987 1065 1041 1110 et
1068 1055 1298 1110 alterum
1337 1067 1506 1121 genus
1531 1048 1779 1104 sacriﬁcii
1813 1048 1940 1118 quia

362 1158 483 1210 dua:
507 1162 634 1211 sunt
664 1159 861 1206 nostra:
889 1146 1191 1201 oblationes
1217 1163 1230 1197 :
1261 1158 1368 1196 una
1401 1150 1485 1196 est
1515 1155 1616 1210 per
1643 1137 1939 1193 mortiﬁca-

361 1247 564 1301 tionem
588 1242 791 1306 carnis,
822 1239 991 1293 altera
1017 1237 1070 1290 in
1099 1233 1370 1289 oblatione
1396 1232 1664 1286 bonorum
1691 1241 1934 1297 operum,

365 1352 487 1406 qua:
518 1341 762 1401 utrmque
781 1329 1088 1384 ollicruntur
1129 1326 1183 1380 in
1210 1324 1436 1378 introitu
1475 1318 1808 1375 tabernaculi
1835 1333 1849 1383 ;
1882 1317 1937 1371 in

364 1424 619 1496 praesenti
665 1423 776 1475 vita
824 1417 1153 1473 mortiﬁcare
1188 1427 1406 1468 carnem
1441 1417 1657 1480 Oportet
1698 1419 1755 1462 et
1797 1407 1937 1461 bona

361 1531 530 1586 opera
580 1513 820 1567 reddere.
881 1508 956 1560 De
1003 1506 1240 1561 secundo
1287 1501 1556 1557 sacriﬁcio
1608 1506 1938 1554 memoratus

363 1605 500 1660 liber
535 1604 608 1658 ita
649 1606 914 1655 memorat
953 1615 966 1650 :
1013 1595 1128 1649 Erit
1159 1591 1480 1661 sacriﬁcium
1511 1588 1682 1644 simile
1711 1589 1937 1642 duarum

2036 415 2204 469 altare
2229 429 2246 464 :
2291 422 2340 467 et
2388 413 2548 466 missa
2582 427 2720 481 aqua
2748 410 2993 464 lavabunt
3032 411 3088 463 in
3125 427 3187 463 ea
3231 409 3412 462 Aaron
3436 418 3484 462 et
3516 409 3633 476 [itii

2035 507 2150 576 ejus
2194 518 2380 559 manus
2413 520 2536 557 suas
2569 513 2620 557 et
2666 501 2852 573 pedes_,
2893 503 3103 572 quando
3154 503 3448 572 ingressuri
3495 510 3628 553 sunt

2037 595 2429 650 tabernaculum
2474 594 2794 652 testimonii.
2826 601 2877 646 et
2908 592 3122 658 quando
3150 593 3414 645 acccssuri
3443 591 3516 644 ad
3548 590 3631 643 al-

2039 694 2170 738 τανε.

2105 775 2392 831 Sutiiciant
2430 775 2537 830 ista
2567 775 2782 830 interim
2811 774 2878 829 de
2899 773 3176 828 oblatione
3211 773 3382 828 veteri
3419 790 3435 826 :
3478 787 3631 826 nunc

2036 868 2315 922 videamus
2342 866 2546 921 Christi
2573 865 2921 920 oblationem.
2953 863 3204 919 Ofﬁcium
3232 865 3377 933 quod
3405 879 3507 918 nos
3535 864 3628 917 d2-

2037 955 2210 1010 cimus
2236 955 2527 1018 oilerenda,
2553 954 2622 1008 ab
2644 954 2736 1010 illo
2766 955 2887 1009 loco
2925 954 3212 1009 inchoatur
3240 952 3332 1007 ubi
3361 952 3626 1007 sacerdos

2037 1045 2185 1108 dicit,
2211 1044 2467 1099 Dominus
2487 1045 2748 1099 vobiscum
2777 1058 2794 1096 :
2831 1051 2885 1097 et
2912 1044 3098 1098 ﬁnitur
3126 1043 3216 1098 ubi
3241 1043 3456 1098 excelsa
3489 1056 3629 1098 voce

2037 1132 2188 1197 dicit,
2221 1129 2328 1186 Per
2353 1133 2527 1186 omnia
2555 1131 2750 1186 stecula
2773 1130 3108 1185 stt-culorum.
3136 1131 3260 1186 ideo
3287 1131 3505 1186 excelse
3523 1147 3628 1185 no-

2001 1240 2014 1251 '
2037 1224 2316 1278 vissimum
2347 1221 2644 1294 profertur,
2670 1231 2734 1277 ut
2763 1222 3016 1277 audiatur
3050 1238 3080 1276 a
3106 1221 3323 1291 populo,
3351 1228 3404 1277 et
3434 1220 3624 1292 populi

2036 1314 2386 1384 responsione
2409 1313 2769 1368 conﬁrmetur
2787 1313 2982 1368 oratio.

2107 1405 2355 1463 Christus
2376 1406 2518 1460 enim
2558 1405 2745 1460 venire
2773 1405 3024 1476 dignatus
3049 1413 3135 1459 est
3159 1402 3501 1458 Hierusalem
3531 1401 3630 1458 die

2037 1496 2381 1558 Palmarum,
2440 1504 2496 1552 et
2546 1496 2620 1551 ibi
2668 1503 2987 1565 exspectare
3035 1495 3177 1549 diem
3230 1493 3632 1548 immolationis

2039 1602 2170 1642 suae.
2221 1585 2413 1642 Omnis
2461 1593 2612 1640 retro
2659 1584 2959 1639 immolatio
2991 1583 3140 1638 illum
3185 1582 3573 1654 praeﬁgurabat
3608 1599 3626 1636 :

362 1695 683 1748 decimarum
713 1705 828 1762 qua
863 1701 1142 1756 conspersa
1179 1684 1246 1738 sit
1287 1682 1401 1737 oleo
1427 1681 1595 1736 tertia
1622 1680 1786 1750 partis
1824 1679 1939 1742 hin,
1969 1678 2016 1738 B
2045 1680 2100 1734 in
2124 1678 2222 1734 illo
2247 1683 2622 1735 consummata
2660 1683 2745 1732 est
2771 1676 2948 1730 omnis
2977 1673 3292 1730 immolatio.
3336 1673 3396 1727 1n
3433 1687 3504 1728 eo
3539 1674 3633 1727 die

362 1795 413 1840 et
441 1784 615 1839 uinum
643 1779 712 1834 ad
745 1778 1079 1834 libamentum
1115 1775 1282 1829 tertia:
1325 1773 1490 1844 partis
1529 1770 1760 1841 ejusdem
1795 1785 1941 1823 men-

363 1893 502 1931 sura:
523 1875 702 1944 oﬂ'eret
730 1873 786 1927 in
815 1871 1027 1925 odorem
1055 1866 1329 1922 suauitatis
1355 1864 1579 1918 Domino
1603 1861 1793 1933 (Num.
1823 1858 1940 1931 xv).

365 1971 434 2025 Et
455 1967 598 2039 quod
634 1981 733 2039 per
759 1961 1064 2019 sacerdotis
1099 1972 1320 2014 manum
1358 1956 1554 2011 debeat
1577 1952 1762 2009 oﬂ‘erri
1781 1992 1798 2019 ,
1826 1966 1942 2006 ma-

364 2059 652 2114 nll'eslatur
697 2056 754 2110 in
798 2053 929 2108 Lev.
976 2049 1144 2120 capit.
1205 2047 1416 2103 decimo
1471 2044 1703 2114 septimo
1747 2060 1762 2097 :
1812 2040 1944 2096 Ideo

364 2149 552 2218 o/ferre
573 2144 754 2198 debent
783 2141 1043 2197 sacerdoti
1071 2138 1171 2208 ﬁlii
1204 2134 1375 2191 Israel
1399 2135 1598 2189 hostias
1626 2149 1751 2188 suas
1768 2173 1783 2196 ,
1812 2147 1944 2198 quos

363 2239 605 2294 occidunt
631 2238 686 2290 in
717 2250 844 2306 agro
864 2273 879 2299 ,
913 2241 968 2286 ut
992 2228 1388 2309 sanctiﬁcentur
1407 2225 1637 2280 Domino
1663 2224 1731 2278 ad
1753 2224 1944 2278 ostium

364 2327 688 2384 tabernaculi
715 2324 1020 2389 testimonii,
1041 2331 1089 2376 et
1110 2317 1378 2375 immolent
1402 2333 1493 2373 eas
1522 2315 1720 2371 hostias
1756 2313 1946 2386 pacifi-

367 2437 462 2477 cas
485 2420 709 2474 Domino
731 2416 784 2489 (1
791 2416 818 2471 1
846 2413 975 2468 Par.
1000 2412 1086 2485 tt).

440 2513 508 2567 Et
531 2513 727 2566 iterum
743 2510 797 2564 in
809 2506 1256 2577 Paralipomenon
1269 2508 1623 2566 monstratur,
1638 2514 1739 2570 pro
1751 2498 1948 2570 quibus

365 2602 527 2657 rebus
549 2600 622 2654 sit
643 2595 979 2654 oﬂerendum
998 2613 1011 2648 :
1030 2593 1262 2664 Ingressi
1289 2601 1411 2647 sunt
1433 2607 1636 2662 quoque
1652 2588 1948 2644 sacerdotes

364 2693 436 2748 ad
466 2689 750 2745 Ezechiam
782 2703 974 2757 regem,
999 2695 1046 2739 et
1084 2684 1326 2738 dixerunt
1364 2681 1413 2736 ei
1437 2697 1456 2736 :
1491 2679 1948 2748 Sanctiﬁcavimus

367 2797 574 2843 omnem
611 2780 824 2832 domum
848 2777 1087 2841 Domini,
1125 2785 1178 2831 et
1213 2773 1380 2830 altare
1399 2772 1708 2835 holocausti,
1742 2780 1795 2828 et
1827 2780 1950 2842 post

365 2885 538 2943 pauca
562 2887 578 2923 :
605 2865 1036 2937 Consurgensque
1061 2863 1294 2918 diluculo
1321 2863 1579 2917 Ezechias
1609 2878 1721 2926 rex,
1747 2863 1950 2916 aduna-

365 2964 438 3018 uit
457 2977 631 3015 omnes
643 2959 900 3029 principes
914 2957 1160 3021 civitatis,
1175 2963 1223 3009 et
1240 2953 1471 3008 ascendit
1485 2953 1698 3007 domum
1714 2953 1946 3024 Domini,

367 3050 764 3120 obtuleruntque
774 3046 932 3102 simul
944 3056 1122 3100 tauros
1135 3055 1349 3116 septem,
1362 3044 1547 3098 arietes
1561 3055 1772 3114 septem,
1787 3060 1949 3114 agnos

283 3201 300 3210 _
369 3151 582 3214 septem,
611 3149 660 3195 et
687 3139 858 3195 hircos
881 3147 1095 3209 septem,
1129 3153 1221 3208 pro
1251 3146 1485 3206 peccato,
1510 3151 1604 3206 pro
1643 3152 1822 3206 regno,
1855 3152 1949 3204 pro

381 3231 709 3295 sanctuario,
731 3245 826 3299 pro
851 3227 1014 3283 Iuda.
1041 3226 1190 3281 Dixit
1222 3241 1424 3297 quoque
1449 3225 1802 3279 sacerdotibus
1825 3224 1951 3294 ﬁliis

371 3323 571 3386 Aaron,
595 3329 652 3373 ut
673 3320 918 3389 oﬁ'errent
945 3333 1104 3387 super
1130 3315 1297 3370 altare
1324 3314 1569 3370 Domino.
1587 3314 1739 3370 Docti
1764 3331 1951 3371 smnus

371 3410 554 3466 Veteri
585 3409 963 3474 Testamento;
978 3423 1079 3478 pro
1101 3407 1300 3477 quibus
1329 3405 1524 3461 oti'erre
1551 3408 1842 3463 debeamus
1866 3424 1952 3464 sa-

372 3503 598 3565 criﬁcia.
631 3502 854 3564 scilicet,
887 3515 985 3571 pro
1007 3500 1168 3564 votis,
1203 3513 1305 3569 pro
1331 3499 1664 3567 spontaneis,
1699 3514 1797 3569 pro
1823 3512 1951 3568 pec-

373 3601 517 3658 cato,
564 3606 662 3662 pro
690 3605 879 3662 regno,
909 3604 1010 3658 pro
1043 3587 1372 3649 sanctuario,
1403 3600 1503 3657 pro
1538 3585 1694 3641 Juda.
1727 3586 1952 3653 Quando

375 3680 732 3751 adimplemur
754 3693 962 3748 eaquae
1001 3678 1056 3732 in
1081 3675 1430 3731 tribulatione
1452 3675 1825 3745 promisimus,
1853 3689 1952 3743 pro

375 3772 518 3827 votis
545 3770 774 3824 iacimus
799 3783 816 3822 :
859 3767 1075 3838 quando
1103 3767 1306 3838 gratias
1340 3767 1550 3837 agimus
1572 3765 1637 3820 de
1661 3766 1950 3835 perceptis,

377 3875 477 3932 pro
505 3857 858 3929 spontaneis:
891 3857 1108 3926 quando
1136 3857 1552 3926 compungimur
1590 3856 1658 3912 de
1701 3857 1955 3913 commis-

377 3952 486 4016 sis,
517 3964 618 4019 pro
645 3955 910 4017 peccato:
939 3947 1156 4016 quando
1181 3954 1330 4001 recta
1354 3947 1519 4002 corda
1553 3947 1787 4017 petimus
1814 3947 1954 4018 regi-

382 4044 506 4108 bus,
535 4055 636 4113 pro
659 4053 828 4109 regno
852 4057 866 4093 :
900 4038 1118 4108 quando
1145 4037 1494 4094 stabilitatem
1525 4052 1803 4094 sacrorum
1831 4054 1955 4110 gra-

377 4135 564 4198 duum,
588 4147 686 4204 pro
711 4129 1018 4187 sanctuario
1050 4147 1064 4185 :
1093 4130 1310 4200 quando
1331 4144 1521 4200 pacem
1545 4139 1602 4186 et
1622 4131 1953 4185 unanimita-

383 4234 496 4282 tem
519 4224 719 4296 populi,
763 4239 862 4294 pro
887 4222 1046 4278 Juda.
1077 4221 1301 4278 Interim
1338 4231 1528 4278 cantus
1562 4223 1868 4279 celebratus
1897 4225 1953 4279 in

382 4316 582 4386 templo
646 4315 884 4380 Domini,
940 4314 1154 4370 dicente
1203 4315 1394 4370 eodem
1439 4315 1886 4385 Paralipomenon
1935 4335 1949 4371 :

2042 1771 2322 1828 descendit
2364 1769 2626 1826 Dominus
2671 1769 2740 1824 de
2787 1776 2969 1825 monte
3010 1767 3229 1832 Oliveti,
3278 1767 3534 1821 veniente
3569 1768 3623 1821 ei

2041 1864 2257 1920 obviam
2305 1864 2463 1918 turba
2511 1861 2679 1917 multa
2726 1860 2943 1933 (Matth.
2982 1860 3068 1930 ιι).
3123 1859 3238 1916 Non
3265 1867 3352 1916 est
3377 1860 3623 1922 dubium,

2043 1956 2173 2025 quin
2206 1955 2468 2011 salutaret
2508 1967 2631 2008 eam
2672 1951 2968 2008 secundum
3000 1966 3206 2007 morem
3239 1951 3448 2006 bonum
3480 1953 3626 2005 antio

2043 2061 2164 2116 quas
2188 2044 2498 2100 traditionis
2517 2082 2534 2109 ,
2563 2058 2726 2113 quem
2767 2042 2934 2098 etiam
2962 2050 3147 2096 nostra
3175 2057 3282 2097 non
3311 2041 3491 2097 solum
3531 2056 3627 2111 pe—

2042 2137 2150 2192 rita
2198 2133 2470 2198 Ecclesia,
2517 2133 2612 2188 sed
2647 2133 2814 2187 etiam
2846 2132 3085 2204 vulgaris
3124 2140 3290 2188 tenet.
3339 2130 3494 2187 Solet
3529 2133 3628 2186 sibi

2044 2226 2285 2288 obvianti
2335 2225 2539 2296 aliquid
2573 2225 2773 2280 bonum
2815 2232 3008 2294 optare
3053 2239 3214 2279 causa
3261 2223 3628 2278 salutationis.

2045 2319 2114 2374 Et
2138 2317 2436 2388 praecipue,
2473 2324 2763 2387 propterea
2789 2316 3020 2372 dicimus
3046 2314 3336 2372 Dominum
3366 2314 3634 2370 salutasse

2045 2408 2263 2464 turbam
2289 2407 2597 2463 venientem
2638 2407 2742 2462 sibi
2771 2407 3005 2472 obviam,
3053 2407 3309 2478 quoniam
3351 2408 3480 2462 talis
3513 2418 3634 2462 erat

2047 2498 2380 2556 consuetudo
2407 2496 2749 2565 Iudaeorum,
2794 2508 2889 2554 aut
2915 2499 3252 2569 Augustinus
3292 2500 3348 2554 in
3398 2500 3630 2568 psalmo.

2049 2592 2201 2665 Sapo
2228 2603 2653 2664 expugnaverunt
2684 2609 2764 2647 me
2790 2591 2907 2665 (Ps.
2933 2592 3185 2664 cxxvut).
3218 2591 3433 2646 Nostris
3462 2593 3631 2654 enim,

2050 2685 2147 2750 ait,
2199 2683 2417 2746 fratres,
2467 2683 2685 2753 quando
2738 2683 3002 2738 transitur
3047 2697 3166 2753 per,
3193 2692 3504 2752 operantes,
3552 2692 3636 2736 est

2049 2775 2381 2832 consuetudo
2408 2783 2470 2830 ut
2496 2775 2711 2830 dicatur
2737 2775 2840 2830 illis
2864 2794 2876 2828 :
2910 2774 3212 2830 Benedictio
3239 2773 3455 2828 Domini
3481 2790 3640 2843 super

2050 2883 2157 2922 vos.
2198 2865 2268 2920 Et
2299 2865 2472 2936 magis
2504 2865 2609 2921 ista
2647 2867 2980 2922 consuetudo
3010 2874 3130 2920 erat
3157 2866 3211 2919 in
3237 2873 3399 2937 gente
3425 2863 3640 2920 Judaeu-

2053 2974 2193 3014 rum.
2252 2957 2422 3014 Nemo
2451 2957 2752 3022 transibat,
2798 2967 2852 3011 et
2879 2956 3097 3011 videbat
3143 2955 3358 3024 aliquod
3401 2970 3539 3026 opus
3583 2957 3636 3009 in

1977 3021 2022 3084 C
2054 3064 2203 3120 agro,
2231 3048 2317 3104 vel
2350 3049 2404 3102 in
2449 3049 2629 3112 vinea,
2656 3047 2740 3101 vel
2787 3048 2842 3101 in
2891 3061 3086 3110 messe,
3117 3046 3202 3099 vel
3238 3045 3445 3115 aliquid
3492 3044 3638 3112 ejus-

2051 3141 2230 3206 modi,
2260 3153 2368 3195 non
2403 3139 2599 3194 licebat
2648 3137 2879 3192 transire
2913 3137 3034 3192 sine
3075 3135 3473 3190 benedictione.
3514 3133 3640 3188 Hau:

2051 3229 2388 3287 consuetudo
2431 3236 2616 3282 manet
2659 3242 2830 3296 usque
2860 3226 3020 3281 hodie
3058 3226 3112 3280 in
3152 3233 3341 3279 nostra
3373 3223 3635 3289 Ecclesia,

2052 3323 2266 3393 quando
2289 3318 2574 3375 transitum
2604 3316 2832 3372 facimus
2859 3316 2926 3371 de
2952 3331 3062 3370 uno
3081 3314 3265 3370 oi‘iicio
3287 3314 3353 3368 ad
3381 3313 3638 3373 alterum.

2053 3411 2205 3483 quasi
2235 3424 2408 3479 nuper
2435 3408 2768 3462 introeamus
2792 3405 2859 3461 ad
2887 3405 3187 3476 operarios,
3219 3403 3521 3458 salutamus
3547 3417 3639 3456 eos

2050 3502 2234 3558 verbis
2278 3497 2657 3555 benedictione
2697 3496 2892 3566 plenis.
2949 3495 3144 3550 Postea
3186 3494 3317 3550 dicit
3361 3491 3638 3552 sacerdos,

2055 3592 2296 3648 Oremus.
2328 3589 2444 3643 Nisi
2480 3587 2680 3644 Christi
2717 3587 2890 3641 virtus
2921 3585 3185 3656 replesset
3226 3583 3394 3639 corda
3447 3583 3636 3636 turba-

2053 3699 2174 3738 rum
2201 3681 2268 3737 ad
2293 3680 2596 3737 orationem
2621 3720 2635 3746 ,
2669 3694 2778 3734 non
2803 3679 2851 3733 ei
2888 3686 3150 3733 canerent
3181 3686 3294 3731 tam
3326 3674 3639 3748 magniﬁcas

2053 3774 2260 3830 laudes.
2293 3770 2552 3828 Oratione
2590 3772 2736 3826 enim
2777 3779 3064 3826 serenatur
3094 3785 3189 3825 cor
3217 3769 3286 3824 ad
3311 3783 3640 3840 cognoscen-

2054 3867 2182 3922 dum
2231 3865 2540 3921 Dominum.
2594 3863 2812 3920 Puritas
2844 3863 2998 3919 lintei
3028 3864 3171 3934 quod
3223 3865 3444 3934 ponitur
3472 3864 3528 3917 in
3558 3861 3636 3916 al-

2055 3958 2184 4022 tari,
2227 3956 2517 4026 puritatem
2545 3955 2806 4010 mentium
2836 3969 3025 4010 eorum
3053 3955 3254 4026 signat,
3287 3954 3377 4024 qui
3410 3952 3639 4006 Domino

2055 4048 2368 4105 cantabant.
2393 4046 2647 4124 Eamdem
2675 4046 2989 4116 puritatem,
3007 4061 3113 4114 qua
3141 4044 3451 4114 repleverat
3475 4042 3640 4098 corda

2055 4140 2432 4204 cantantium,
2485 4139 2800 4208 requirebat
2846 4139 2903 4192 in
2953 4137 3154 4207 templo
3210 4136 3430 4207 quando
3482 4135 3642 4204 eiecit

2056 4232 2182 4286 inde
2206 4229 2502 4284 vendentes
2539 4237 2596 4284 et
2622 4236 2898 4293 ementes,
2939 4228 3169 4284 dicens:
3200 4226 3468 4296 Scriptum
3513 4235 3590 4280 est
3621 4239 3639 4275 :

2059 4322 2254 4376 Domus
2283 4335 2396 4373 mea
2433 4319 2620 4374 domus
2662 4321 2915 4374 orationis
2946 4319 3218 4373 vocabitur
3251 4316 3468 4390 (Matth.
3500 4317 3639 4382 ut).

382 4405 662 4461 Constituit
691 4421 892 4476 quoque
923 4403 1129 4458 Levites
1151 4405 1206 4458 iu
1242 4404 1396 4459 domo
1437 4405 1650 4460 Domini
1676 4423 1794 4460 cum
1815 4423 1957 4478 cgm-
1981 4378 2032 4438 D
2059 4411 2194 4464 Dum
2245 4409 2390 4462 enim
2439 4409 2692 4464 sacerdos
2734 4411 2961 4478 suscipit
3004 4378 3340 4469 oblationes.
3393 4378 3643 4463 cantores

385 4495 514 4551 halis
536 4504 585 4550 et
613 4494 876 4566 psalteriis
901 4502 948 4554 et
978 4493 1225 4559 citharis,
1250 4494 1536 4548 secundum
1564 4495 1962 4565 dispositionem

383 4586 556 4642 David
587 4585 676 4658 (II
699 4585 828 4640 Par.
855 4584 1028 4655 xxix).
1079 4584 1146 4638 Et
1177 4583 1338 4654 paulo
1357 4593 1516 4654 post:
1549 4583 1781 4655 Cumque
1807 4585 1957 4652 offer-

383 4687 563 4730 rentur
598 4676 924 4741 holocausta,
975 4685 1234 4746 coeperunt
1262 4673 1444 4728 laudes
1489 4691 1675 4729 canere
1715 4673 1962 4740 Domino,

385 4776 434 4820 et
461 4766 700 4838 clangere
726 4767 886 4831 tubis,
908 4776 1064 4838 atque
1093 4767 1146 4821 in
1167 4765 1384 4820 diversis
1404 4767 1632 4836 organis,
1655 4781 1774 4834 qui?
1793 4765 1965 4818 David

388 4871 481 4911 rea:
504 4866 796 4926 repererat,
827 4873 1158 4927 concrepare.
1210 4855 1368 4910 Omni
1413 4866 1587 4910 autem
1635 4855 1791 4910 turba
1837 4857 1967 4910 ado-

388 4954 556 5008 rante,
583 4955 820 5000 cantores
839 4947 930 5016 qui
955 4946 1196 5000 tenebant
1233 4946 1387 5000 tubas
1415 4954 1564 5000 erant
1583 4946 1639 5000 in
1661 4946 1826 5015 oﬁicio
1849 4961 1965 5010 suo,

2055 4507 2298 4555 cantant.
2320 4499 2575 4566 Quandiu
2612 4500 2756 4554 enim
2799 4501 2956 4555 turba
2995 4501 3272 4563 cantabat,
3299 4499 3557 4554 Hosanna
3587 4502 3640 4552 in

2057 4589 2272 4644 excelsis
2309 4587 2493 4660 (Joan.
2527 4589 2591 4658 ι),
2625 4589 2875 4645 Christus
2923 4601 3045 4644 vota
3081 4605 3270 4645 eorum
3291 4589 3640 4659 suscipiebat.

2059 4680 2339 4737 Oblatione
2376 4688 2646 4747 suscepta,
2679 4681 2934 4736 sacerdos
2967 4680 3107 4735 redit
3141 4680 3210 4734 ad
3241 4679 3435 4743 altare,
3490 4689 3551 4732 ut
3589 4680 3638 4732 in

2060 4785 2126 4826 eo
2174 4770 2425 4839 disponat
2449 4771 2563 4825 sive
2602 4772 2737 4841 ipse,
2787 4773 2900 4827 sive
2931 4772 3191 4827 diaconus
3231 4771 3533 4828 oblationes
3557 4786 3643 4827 co-

2066 4875 2183 4915 ram
2209 4860 2456 4925 Domino,
2485 4875 2624 4930 quas
2649 4862 2725 4916 illi
2755 4861 3129 4917 immolaturus
3158 4872 3241 4916 est
3282 4863 3336 4916 in
3375 4862 3644 4932 sequenti-

2065 4954 2167 5008 bus
2193 4953 2371 5007 missa:
2419 4952 2574 5024 (Esa.
2605 4953 2736 5024 Lvt).
2789 4953 3040 5010 Christus
3071 4954 3238 5019 enim,
3277 4963 3400 5024 post
3432 4961 3642 5022 accepta

388 5035 553 5089 donec
589 5035 936 5104 complentur
971 5034 1355 5090 holocaustum.
1396 5033 1631 5105 Cumque
1659 5034 1813 5104 ﬁnita
1841 5042 1971 5088 esset
2067 5051 2190 5096 vota
2217 5043 2571 5108 cantantium,
2605 5044 2943 5101 Hierusalem
2964 5054 3020 5101 et
3047 5046 3307 5117 templum
3331 5047 3545 5102 Domni
3570 5047 3645 5101 in.

390 5125 608 5191 oblatio,
635 5125 936 5179 incurvatus
962 5135 1037 5180 est
1060 5142 1168 5191 rex,
1192 5135 1241 5180 et
1264 5142 1440 5180 omnes
1459 5127 1548 5196 qui
1575 5134 1863 5180 erantcum
1887 5141 1969 5189 eo,

387 5229 440 5276 et
468 5219 840 5275 adoraverunt.

2070 5132 2254 5198 travit,
2287 5132 2343 5187 in
2371 5149 2478 5203 quo
2505 5142 2626 5189 erat
2646 5135 2838 5201 altare,
2861 5136 3043 5207 ibique
3065 5152 3124 5192 se
3145 5138 3494 5208 praesentavit
3523 5135 3640 5197 sibi,

2073 5225 2292 5296 Deoque
2318 5224 2469 5281 Patri
2495 5227 2564 5282 ad
2585 5227 3009 5286 immolationem
3044 5230 3300 5284 futuram.
3352 5229 3546 5286 Postea
3569 5229 3645 5282 di-

463 5307 572 5366 Sed
597 5317 889 5380 antequam
924 5309 1338 5381 ingrederentur
1366 5311 1676 5367 sacerdotes
1721 5309 1790 5364 ad
1815 5307 1970 5364 holo-
2073 5315 2153 5372 cit
2177 5317 2432 5372 sacerdos
2453 5314 2754 5382 secretam,
2793 5328 2854 5374 ut
2890 5329 3098 5375 secreta
3133 5319 3359 5382 Christi,
3406 5336 3528 5390 qua:
3562 5317 3645 5373 illo

393 5411 615 5467 cauata,
665 5403 923 5459 lavabant
961 5419 1156 5458 manus
1191 5419 1351 5467 suas,
1396 5412 1460 5458 ut
1492 5404 1754 5474 scriptum
1800 5413 1886 5458 est
1916 5405 1972 5458 in
2077 5413 2318 5473 tempore
2343 5405 2665 5475 agebantur,
2716 5407 2870 5462 nobis
2898 5407 2965 5461 ad
3019 5409 3340 5463 memoriam
3367 5409 3638 5463 ducantur.

395 5492 532 5548 libro
564 5493 754 5548 Exodi.
783 5493 1118 5566 Locutusque
1141 5504 1218 5549 est
1243 5495 1501 5549 Dominus
1521 5495 1592 5548 ad
1618 5493 1855 5564 Moysen.
1892 5495 1976 5550 di-

398 5592 528 5634 cens
557 5597 572 5636 :
605 5581 793 5638 Facies
820 5595 866 5640 et
905 5585 1107 5639 labrum
1140 5599 1359 5640 a-nteum
1390 5599 1508 5637 cum
1539 5583 1648 5638 basi
1685 5600 1782 5638 sua
1807 5585 1877 5637 ad
1901 5585 1976 5639 la-

2075 5491 2430 5563 Augustinum
2461 5494 2702 5566 legamus
2723 5511 2887 5566 super
2918 5494 3178 5552 Joannem
3206 5496 3406 5568 (Τί-αα.
3423 5498 3535 5569 28),
3561 5496 3643 5552 ubi

2079 5585 2302 5655 exponit
2333 5585 2608 5644 Christum
2633 5588 2849 5646 venisse
2877 5588 2945 5644 ad
2981 5588 3122 5644 diem
3158 5587 3356 5645 festum
3398 5604 3639 5659 secumre-
