3938 6178
326 168 464 224 1129

1071 157 1159 213 DE
1199 150 1766 212 ECCLESIASTICIS
1802 146 2094 205 OFFlCllS
2134 143 2313 200 LIBRI
2349 143 2440 198 ιν.
2482 173 2551 183 --
2590 141 2718 196 LIB.
2761 140 2845 195 ΠΙ.

3463 137 3517 193 Η
3530 140 3598 196 30

323 282 442 351 giae,
470 292 581 332 non
602 272 906 339 manifeste,
935 269 1193 342 sedquasi
1221 268 1276 324 in
1298 267 1532 330 occulto,
1558 267 1653 331 ita,
1682 264 1856 334 inquit
1885 277 1900 316 :
1933 267 1978 323 Α
2010 260 2276 315 trinsccus
2296 259 2447 313 latet.
2479 255 2633 313 Unde
2647 255 2981 326 Augustinus
3016 255 3070 309 in
3108 254 3248 311 iiiiro
3284 254 3495 312 decimo
3530 258 3599 313 de

327 368 700 425 Slanifestetur
746 378 896 435 ergo,
938 362 1159 418 tollatur
1199 359 1398 426 velum,
1437 364 1718 428 appareat,
1765 354 1911 424 quod

322 469 446 517 erat
478 465 772 515 secretum.
826 453 1021 510 Omnia
1042 467 1164 523 qua:
1209 451 1352 507 dicta
1398 456 1528 503 sunt
1566 446 1791 516 antiquo
1816 459 1911 514 po—

321 553 452 624 pqu
476 548 642 607 lsrael
667 549 721 603 in
748 545 1033 617 multiplici
1063 543 1341 615 Scriptura
1377 548 1579 596 sanctae
1606 539 1759 610 legis,
1791 552 1911 608 quae

324 651 549 716 agerent
577 643 691 697 sive
725 640 781 695 in
810 637 1113 707 sacriﬁciis,
1139 636 1255 690 sive
1280 634 1335 689 in
1349 630 1692 697 sacerdotiis,
1716 630 1832 685 sive
1855 629 1910 683 in

323 737 515 790 diebus
539 733 716 797 festis,
747 740 802 787 et
823 730 1046 787 omnino
1070 729 1126 784 in
1151 725 1480 799 quibuslibet
1503 724 1686 787 rebus,
1714 722 1913 792 quibus

324 829 496 884 Deum
538 825 809 889 colebant,
862 835 1197 893 quaecunque
1226 819 1335 874 illis
1368 818 1509 874 dicta
1543 825 1599 872 et
1641 823 1911 887 praecepta

323 928 472 984 sunt,
499 918 705 973 umbrte
731 917 952 971 fuerunt
1000 911 1328 974 futurorum,
1360 923 1481 980 qua:
1528 907 1817 977 implentur
1858 906 1911 959 in

321 1011 541 1067 Christo
572 1009 713 1062 unde
738 1006 871 1060 dicit
889 1002 1211 1072 Apostolus:
1247 1000 1512 1069 Quotquot
1534 997 1669 1052 enim
1693 996 1912 1065 promis-

321 1108 495 1159 siones
525 1101 642 1165 Dei,
671 1101 726 1154 in
747 1097 839 1152 illo
857 1094 1013 1150 etiam
1036 1092 1125 1163 (II
1150 1090 1272 1147 Cor.
1309 1092 1372 1163 ι),
1404 1093 1455 1148 id
1481 1099 1586 1157 est,
1613 1091 1666 1144 in
1695 1088 1914 1144 Christo

325 1195 558 1264 impleta:
590 1201 734 1248 sunt.
799 1190 876 1243 Ex
918 1188 1009 1242 ius
1048 1185 1210 1241 dictis
1250 1182 1549 1252 intelligere
1605 1194 1910 1250 possumus,

324 1290 478 1359 cujus
501 1288 621 1341 vice
640 1291 905 1339 secretam
935 1279 1081 1334 dicat
1100 1276 1377 1333 sacerdos.
1425 1275 1611 1344 Agnus
1645 1271 1916 1343 paschalis

324 1378 528 1435 latebat
558 1377 612 1431 in
651 1374 890 1437 Christo,
922 1371 1013 1439 qui
1060 1364 1426 1423 immolandus
1464 1370 1603 1418 erat.
1650 1360 1764 1416 Hoc
1795 1366 1916 1415 erat

323 1480 595 1529 secretum
619 1465 896 1539 apostolis,
946 1469 1064 1517 erat
1092 1467 1363 1516 secretum
1411 1455 1623 1512 caeteris
1667 1452 1916 1509 ﬁdelibus

324 1565 417 1636 qui
441 1576 565 1618 cum
595 1575 661 1615 eo
690 1564 847 1612 erant
877 1571 891 1607 :
928 1560 1047 1608 erat
1090 1557 1362 1606 secretum
1390 1545 1587 1618 populo
1606 1542 1913 1599 Judzeorum

2011 351 2243 407 Civitate
2272 350 2389 413 Dei,
2413 365 2463 404 e.
2489 349 2556 405 l9
2582 366 2595 401 :
2644 346 2747 414 Qui
2788 357 2966 401 autem
2997 356 3187 417 putant
3217 347 3335 405 huic
3362 346 3598 404 visibilia

2012 443 2279 498 sacriﬁcia
2324 440 2426 497 diis
2449 439 2571 495 aliis
2600 454 2898 511 congruere
2924 458 2938 492 :
2969 437 3045 493 illi
3065 454 3197 493 vero
3234 447 3492 510 tanquam
3519 440 3601 496 in-

2012 534 2208 590 visibili
2225 532 2538 596 invisibilia,
2555 530 2990 603 majoravnajori,
3019 530 3336 601 melioriquc
3352 531 3596 597 meliora,

2013 626 2193 696 qualia
2243 633 2369 681 sunt
2396 640 2546 695 pura:
2573 623 2770 679 mentis
2802 632 2858 679 et
2882 622 3035 678 bona:
3069 623 3363 679 voluntatis
3396 623 3599 689 ofﬁcia,

2013 718 2256 789 profecto
2280 718 2528 773 nesciunt
2560 719 2676 772 haec
2730 717 2800 771 ita
2829 731 2949 770 esse
2992 715 3153 784 signa
3178 715 3415 779 illorum,
3461 717 3607 773 sicut

2014 807 2179 863 verba
2231 806 2479 863 sonantia
2530 806 2680 874 signa
2711 816 2837 859 sunt
2878 820 3080 859 rerum.
3155 804 3422 872 Quocirca
3461 806 3606 861 sicut

2013 905 2235 955 orantes
2280 904 2441 967 atque
2470 896 2750 952 laudantes
2780 897 2846 949 ad
2890 911 3014 951 eum
3057 894 3341 966 dirigimus
3398 897 3604 953 sacriﬁ-

2014 997 2201 1044 cantes
2228 1003 2390 1043 voces
2435 987 2522 1041 cui
2554 1002 2641 1041 res
2686 988 2834 1056 ipsas
2884 987 2936 1041 in
2963 989 3125 1043 corde
3152 1003 3288 1058 quas
3335 987 3607 1058 signiﬁca-

2015 1093 2154 1141 mus,
2190 1076 2468 1132 oderimus
2500 1094 2511 1128 :
2546 1077 2629 1130 ita
2656 1075 3025 1131 sacriﬁcantes
3051 1093 3158 1132 non
3192 1078 3349 1133 alteri
3392 1076 3606 1133 visibile

2014 1165 2341 1221 sacriﬁcium
2384 1165 2718 1220 oll‘erendum
2758 1180 2878 1240 esse
2929 1169 3256 1233 noverimus,
3313 1183 3480 1238 quam
3505 1168 3606 1234 illi,

2016 1257 2167 1327 cujus
2189 1260 2244 1314 in
2290 1258 2544 1313 cordibus
2595 1258 2799 1314 nostris
2846 1258 3115 1314 invisibile
3149 1259 3476 1316 sacrificium
3505 1274 3607 1315 nos

2017 1351 2118 1423 ipsi
2149 1365 2273 1405 esse
2298 1350 2580 1406 debemus.
2630 1351 2670 1421 1'
2698 1350 2975 1420 Susceptis
3003 1351 3387 1417 oblationibus,
3420 1366 3607 1407 rever-

2018 1443 2149 1496 titur
2198 1441 2265 1497 ad
2303 1441 2474 1495 altare
2500 1480 2514 1503 ,
2563 1441 2881 1510 disponente
2920 1442 3150 1496 diacono
3193 1442 3404 1498 oblatas
3446 1456 3610 1512 super

2018 1533 2208 1599 altare,
2241 1548 2392 1587 more
2416 1532 2717 1602 primorum
2752 1540 2960 1602 septem
2986 1534 3362 1590 diaconorum.
3435 1535 3609 1591 Lavat

323 1625 496 1727 usque
526 1653 594 1709 ad
631 1652 775 1707 diem
803 1664 994 1710 coeme,
1019 1661 1127 1714 quo
1153 1645 1269 1715 ipse
1294 1640 1537 1711 apertius
1561 1636 1910 1693 manifestare
1940 1630 1986 1688 Β
2013 1625 2268 1699 sacerdos
2302 1640 2495 1680 manus
2517 1640 2646 1680 suas
2673 1640 2825 1681 more
2860 1626 3103 1694 priorum
3145 1629 3514 1696 sacerdotum,
3544 1640 3607 1685 ut

268 1734 271 1737 ’
325 1750 577 1819 dignatus
602 1753 687 1800 est
712 1742 1016 1813 passionem
1043 1751 1219 1792 suam.
1276 1734 1460 1803 Usque
1485 1730 1551 1785 ad
1584 1731 1733 1785 illum
1767 1730 1909 1785 diem

324 1840 665 1912 protenditur
719 1846 925 1893 secreta
987 1832 1304 1888 sacerdotis.
1364 1829 1641 1884 Moraliter
1689 1827 1740 1881 in
1774 1843 1913 1896 prm-

326 1932 466 1987 senti
512 1929 688 1986 ollicio
738 1928 909 1982 altare
955 1933 1199 1980 nostrum
1230 1921 1606 1992 pueﬁguratur
1643 1918 1712 1973 ab
1755 1918 1911 1971 altari

324 2022 647 2085 holocausti,
696 2036 803 2091 quo
828 2017 1246 2073 immolabantur
1290 2014 1524 2091 victima:
1548 2026 1647 2082 pro
1669 2019 1909 2081 peccato,

326 2132 426 2189 pro
456 2130 644 2187 regno.
679 2088 780 2183 pro
808 2108 1139 2172 sanctuario,
1180 2120 1281 2178 pro
1307 2088 1468 2168 Juda,
1494 2118 1595 2174 pro
1622 2102 1781 2165 votis,
1814 2116 1914 2171 pro

326 2206 663 2279 spontaneis.
720 2202 830 2258 Has
852 2200 1154 2257 oblationes
1180 2196 1421 2266 quotidie
1447 2194 1709 2250 habemus
1732 2192 1787 2246 in
1817 2206 1914 2246 no-

326 2308 440 2354 stra
465 2296 746 2353 Ecclesia:
776 2293 994 2349 easdem
1018 2306 1118 2361 per
1161 2303 1356 2344 manus
1398 2284 1699 2342 sacerdotis
1735 2283 1916 2339 oﬁ'eri-

327 2406 469 2445 mus.
529 2388 717 2442 Altare
746 2391 991 2439 nostrum
1036 2380 1285 2452 designat
1313 2379 1369 2433 in
1403 2374 1658 2448 prtesenti
1686 2387 1916 2445 genera-

327 2480 435 2536 lem
465 2479 631 2534 vitam
670 2477 963 2548 justorum,
1011 2472 1103 2542 qui
1136 2484 1358 2526 carnem
1410 2483 1566 2524 suam
1597 2464 1916 2537 crucifigere

328 2571 572 2643 quotidie
598 2584 719 2625 cum
748 2567 893 2622 vitiis
916 2573 970 2622 et
997 2561 1481 2634 concupiscentiis,
1535 2567 1701 2630 atque
1733 2559 1787 2613 in
1821 2558 1918 2612 ho-

327 2667 493 2722 stiam
518 2664 786 2718 viventem
817 2661 927 2715 Deo
975 2655 1170 2713 oﬁ‘erre
1196 2654 1413 2711 solent:
1472 2652 1519 2708 si
1560 2650 1730 2706 altare
1771 2649 1918 2720 quod

327 2754 707 2827 przeﬁguratnr
725 2754 794 2808 ab
817 2751 973 2806 altari
1003 2747 1328 2813 holocausti,
1383 2742 1655 2816 signiﬁcat
1694 2755 1919 2811 genera-

329 2849 441 2904 lem
469 2838 631 2902 vitam
660 2844 950 2915 justorum,
1009 2841 1313 2896 oblationes
1339 2854 1458 2909 qua:
1507 2838 1560 2892 in
1590 2852 1655 2892 eo
1682 2834 1912 2891 oll'erun-

329 2949 442 3003 tur,
481 2952 669 2994 eorum
717 2936 1075 3007 cogitationes
1120 2942 1176 2988 et
1218 2933 1358 2987 bona
1407 2945 1569 3000 Opera
1613 2927 1915 2999 designant.

2012 1729 2243 1797 extersui
2288 1720 2400 1774 sint
2431 1734 2463 1772 a
2519 1727 2666 1774 tactu
2691 1720 3062 1775 communium
3110 1736 3387 1790 manuum,
3443 1732 3615 1794 atque

2016 1819 2229 1864 terreno
2265 1824 2424 1879 pane.
2482 1807 2614 1875 Quae
2642 1808 2841 1865 lavatio
2870 1827 3079 1875 manus,
3129 1812 3451 1867 munditiam
3480 1828 3608 1869 cor-

2013 1900 2096 1953 dis
2129 1900 2307 1970 signat
2334 1915 2429 1970 per
2443 1900 2715 1970 lacrymas
2739 1909 2795 1954 et
2820 1902 3286 1970 compunctiones,
3302 1902 3447 1958 sicut
3460 1901 3606 1958 Beda

2017 1994 2069 2047 in
2093 1993 2231 2048 libro
2263 2010 2343 2057 ut,
2384 2010 2506 2063 cap.
2534 1991 2621 2059 14,
2648 1992 2715 2047 de
2742 1992 3093 2048 tabernaculo
3118 2003 3174 2048 et
3205 1994 3355 2049 vasis
3374 1992 3491 2062 ejus
3518 2009 3607 2049 re—

2015 2082 2141 2136 fert.
2196 2081 2386 2147 Recte,
2439 2081 2636 2152 inquit,
2665 2096 2767 2150 pro
2814 2081 2974 2136 altari
3006 2088 3198 2154 [prope
3227 2083 3421 2156 altare]
3446 2084 3602 2140 holo-
3670 2130 3681 2135 _

2016 2173 2188 2228 causti
2222 2173 2431 2228 labrum
2452 2173 2691 2242 ponitur,
2718 2173 2770 2226 in
2806 2187 2915 2243 quo
2948 2172 3117 2228 abluti
3148 2174 3482 2242 sacerdotes,
3521 2174 3606 2230 in-

2016 2268 2330 2339 grediantur
2343 2265 2773 2331 tabernaculum,
2787 2274 2844 2321 et
2860 2266 3157 2336 thymiama
3171 2266 3401 2322 Domino
3421 2267 3609 2322 incen-

2017 2363 2165 2417 dant.
2230 2361 2451 2416 Duobus
2473 2376 2705 2431 namque
2756 2360 2931 2415 modis
2983 2360 3347 2431 lacrymarum
3377 2369 3434 2416 et
3452 2374 3605 2416 com-

2016 2453 2367 2524 punctionum
2394 2459 2568 2507 status
2591 2450 2960 2522 distinguitur.
3016 2450 3086 2505 Et
3108 2458 3229 2521 post
3255 2464 3464 2520 pauca:
3504 2449 3612 2507 Non

2017 2560 2123 2617 que
2146 2545 2289 2600 enim
2322 2545 2609 2615 quisquam
2640 2544 2707 2601 de
2733 2544 2888 2615 plebe
2906 2544 2980 2599 ibi
3000 2544 3195 2610 lavari,
3223 2545 3317 2600 sed
3337 2544 3454 2616 ipse
3473 2558 3611 2615 pon-

2020 2636 2152 2693 tifex
2166 2637 2351 2709 jussus
2374 2647 2482 2704 est,
2508 2646 2565 2695 et
2589 2638 2685 2694 ﬁlii
2717 2636 2858 2708 ejus,
2882 2637 3137 2695 videlicet
3156 2638 3471 2695 sacerdotes
3481 2654 3608 2711 gra-

2020 2731 2122 2787 dus
2141 2729 2438 2797 inferioris,
2461 2732 2588 2802 quia
2612 2745 2934 2803 magnorum
2964 2733 3226 2799 virorum,
3248 2732 3389 2788 sicut
3418 2732 3605 2804 perfe-

2021 2820 2161 2876 ctior
2184 2821 2319 2887 vita,
2345 2821 2426 2877 sic
2449 2829 2502 2877 et
2524 2823 2866 2893 compunctio
2889 2821 3028 2878 solet
3049 2836 3168 2877 esse
3194 2821 3501 2879 sublimior.
3542 2822 3615 2879 Et

2022 2911 2219 2967 iterum
2252 2929 2265 2965 :
2318 2911 2472 2979 Quod
2499 2912 2547 2968 si
2580 2912 2636 2967 in
2660 2927 2894 2982 persona
2920 2911 3099 2968 Aaron
3141 2913 3315 2984 ipsum
3355 2929 3612 2987 magnum

331 3029 641 3085 Redeamus
663 3028 731 3082 ad
760 2994 973 3082 initium
1001 3023 1286 3095 prtesentis
1313 2994 1501 3077 ofﬁcii.
1555 2994 1769 3075 Salutat
1798 3019 1916 3090 epi-

2024 3003 2337 3075 pontiticem
2369 3002 2657 3059 Dominum
2704 3003 3031 3059 salvatorem
3059 3004 3307 3075 accipere
3341 3005 3612 3070 volumus,
3712 3018 3715 3021 '

332 3136 532 3191 scapus
578 3134 858 3190 populum,
906 3113 1247 3185 deprecando
1273 3122 1332 3167 ut
1365 3112 1649 3191 Dominus],
1678 3111 1749 3166 sit
1796 3125 1920 3167 cum

333 3214 447 3270 illo.
500 3212 738 3283 Populus
763 3227 794 3266 e
818 3218 1008 3266 contra
1033 3216 1155 3262 orat
1195 3198 1294 3277 pro
1320 3172 1637 3269 sacerdote:
1669 3211 1730 3258 ut
1758 3203 1920 3259 simul

333 3320 462 3360 cum
490 3318 590 3360 suo
610 3302 804 3371 spiritu
829 3300 900 3355 sit
929 3298 1190 3354 Dominus
1218 3311 1341 3351 cum
1369 3294 1468 3349 eis.
1510 3291 1637 3347 Haec
1667 3290 1923 3348 salutatio

335 3396 619 3450 introitum
642 3392 980 3447 demonstrat
1000 3389 1066 3444 ad
1088 3387 1234 3443 aliud
1256 3384 1516 3442 ofﬁcium.
1546 3384 1742 3440 Postea
1769 3382 1920 3449 dicit,

335 3482 581 3550 Oremus,
603 3482 964 3549 admonetque
994 3485 1052 3533 ut
1070 3477 1439 3547 unusquisque
1450 3474 1789 3530 oﬁ‘erentium
1803 3488 1924 3529 sese

336 3575 408 3629 ad
433 3589 588 3628 suam
615 3570 1007 3629 conscientiam
1041 3567 1369 3623 introducat.
1431 3565 1488 3621 Si
1525 3566 1649 3636 quis
1674 3564 1840 3620 habet
1855 3564 1926 3619 ad

336 3664 750 3728 immolandum,
793 3660 1053 3726 immolet,
1096 3659 1149 3714 id
1172 3667 1276 3723 est,
1324 3658 1368 3714 si
1409 3660 1532 3729 quis
1565 3656 1819 3733 conscius
1841 3663 1926 3711 est

335 3756 549 3828 proprii
580 3754 720 3821 vitii,
749 3760 903 3825 roget
954 3761 1015 3806 nt
1058 3766 1319 3806 mucrone
1366 3748 1622 3805 invisibili
1653 3738 1921 3810 feriatur;

336 3845 384 3902 si
434 3846 559 3915 quis
587 3843 751 3899 habet
773 3841 1138 3897 voluntarium
1177 3837 1534 3904 sacriﬁcium,
1565 3838 1928 3907 sive‘sponta-

337 3952 530 4000 neum,
552 3935 668 3990 sive
693 3949 791 4004 pro
816 3946 1136 4003 quacunque
1159 3945 1219 3987 re
1247 3932 1338 3996 sit,
1359 3939 1611 4002 precetur
1635 3937 1925 3999 antequam

338 4030 408 4086 de
445 4043 607 4083 manu
629 4026 748 4098 ejus
770 4032 951 4090 exeat,
990 4032 1052 4079 ut
1078 4021 1407 4093 acceptabile
1436 4020 1508 4076 sit
1538 4018 1790 4085 Domino,
1825 4032 1927 4074 nec

339 4120 694 4191 despiciatur,
716 4118 856 4174 sicut
882 4116 1192 4188 despectum
1214 4123 1297 4171 est
1317 4114 1474 4178 Cain,
1501 4113 1625 4184 quia
1644 4128 1749 4168 non
1780 4122 1929 4169 recte

339 4211 606 4268 oﬁ‘erebat
633 4207 899 4282 (Gen.1v).
945 4207 1168 4264 Interim
1189 4201 1410 4277 ponitur
1423 4206 1618 4263 sindon
1648 4206 1700 4261 in
1729 4206 1923 4260 altare.

343 4304 589 4360 Sindone
623 4317 786 4373 quam
808 4300 1047 4358 solemus
1067 4298 1352 4369 corporale
1378 4298 1689 4361 nominare,
1742 4297 1927 4352 admo-

342 4405 508 4453 netur
531 4395 709 4452 cuntis
748 4411 761 4447 :
811 4394 1019 4450 scilicet
1072 4390 1303 4461 populus
1335 4397 1392 4444 et
1435 4389 1671 4443 ministri
1714 4386 1920 4452 altaris,

342 4503 559 4543 necnon
573 4495 629 4541 et
654 4488 930 4550 sacerdos,
951 4494 1010 4539 ut
1033 4483 1176 4538 sicut
1199 4480 1326 4536 illud
1350 4479 1577 4533 linteum
1602 4479 1923 4548 castigatum

342 4588 428 4635 est
442 4578 512 4632 ab
530 4577 678 4631 omni
699 4574 1217 4631 naturaliviriditate
1237 4580 1293 4625 et
1316 4571 1563 4634 humore,
1585 4570 1658 4624 ita
1688 4569 1927 4625 sitmens

343 4670 686 4725 ollisrentium
714 4669 782 4723 ab
806 4668 951 4722 onnii
984 4666 1184 4721 carnali
1211 4664 1523 4735 cupiditate,
1551 4671 1606 4717 ct
1630 4662 1770 4716 sicut
1798 4660 1927 4715 illud

347 4769 487 4824 nitet
521 4780 617 4822 suo
638 4750 943 4831 splendore,
971 4764 1045 4817 ita
1082 4761 1310 4817 intentio
1348 4758 1689 4816 offerentium
1716 4754 1928 4826 simpli.

345 4858 514 4913 citate
542 4855 713 4910 niteat
743 4868 924 4908 coram
954 4852 1082 4907 Deo.
1139 4852 1271 4906 Dein
1323 4848 1521 4904 transit
1561 4846 1817 4903 sacerdos
1866 4845 1935 4901 ad

348 4946 724 5017 suscipiendas
758 4944 1095 5001 oblationes:
1148 4942 1365 4997 interim
1416 4949 1668 4996 cantores
1712 4946 1937 4995 cantant

350 5052 503 5093 more
532 5036 895 5106 antiquorum,
931 5042 990 5089 ut
1042 5034 1155 5103 jam
1189 5032 1542 5103 pnetulimus,
1598 5032 1713 5087 sive
1750 5031 1935 5087 turba—

352 5146 497 5194 rum,
529 5136 649 5197 Qua:
691 5128 986 5183 cantabant
1016 5126 1234 5182 Christo
1280 5124 1518 5178 venienti
1573 5122 1930 5177 Hierusalem.

352 5221 590 5292 Populus
613 5220 705 5275 dat
731 5218 1031 5274 oblationes
1052 5234 1200 5283 suas,
1230 5218 1282 5271 id
1311 5224 1418 5281 est,
1450 5231 1642 5286 panem
1669 5224 1727 5269 et
1746 5215 1931 5270 vinum

352 5316 652 5374 secundum
672 5314 916 5369 ordinem
942 5311 1350 5367 Melchisedech.
1400 5309 1561 5364 Panis
1590 5322 1751 5380 quem
1777 5308 1939 5363 offert

351 5419 412 5465 et
438 5408 619 5460 vinum
648 5406 960 5476 exprimunt
984 5403 1165 5458 omnia
1188 5401 1452 5457 desideria
1489 5400 1577 5470 pia
1607 5400 1937 5455 intrinsecus

354 5497 603 5563 latentia,
654 5498 768 5552 sive
788 5497 900 5551 sint
924 5510 1023 5565 pro
1072 5491 1462 5558 immolatione,
1511 5506 1607 5547 seu
1637 5506 1736 5561 pro
1759 5491 1936 5547 hostia

356 5587 503 5642 viva.
559 5584 713 5654 Quod
739 5585 869 5640 foris
896 5583 1093 5654 agitur,
1140 5583 1357 5655 signum
1386 5592 1469 5638 est
1502 5582 1643 5637 illius
1684 5583 1826 5653 quod
1852 5584 1934 5638 in-

644 5684 915 5745 Pn'nut.
962 5682 1087 5744 CV.

1950 4344 2005 4404 D

2025 3102 2238 3152 constat
2262 3094 2427 3151 etiam
2454 3109 2579 3150 eum
2629 3094 2791 3166 hujus
2817 3110 2958 3165 aqua
2983 3094 3122 3149 labri
3155 3096 3326 3165 prius,
3349 3113 3513 3167 quam
3543 3098 3613 3153 ad

2026 3184 2198 3239 altare
2248 3183 2530 3241 oblaturus
2555 3185 2806 3249 intraret,
2836 3197 2959 3241 esse
3003 3185 3173 3240 lotum
3199 3203 3213 3239 :
3243 3186 3400 3255 Quia,
3434 3188 3613 3258 prius-

2025 3291 2188 3346 quam
2217 3275 2513 3347 thymiama
2538 3276 2621 3331 sui
2648 3277 2981 3332 sacrosancti
3003 3278 3250 3346 corporis
3275 3285 3498 3348 propter
3525 3293 3614 3333 sa-

2027 3370 2207 3443 lutem
2224 3378 2469 3425 nostram
2500 3369 2555 3424 in
2582 3368 2739 3424 altari
2761 3369 2941 3425 crucis
2966 3369 3299 3435 incenderet,
3313 3384 3413 3440 pro
3439 3373 3613 3428 nostri

2026 3478 2212 3519 amore
2249 3462 2415 3519 etiam
2442 3462 2715 3533 lacrymas
2747 3461 2903 3528 fudit,
2942 3464 3087 3533 quod
3112 3463 3166 3517 in
3209 3465 3613 3522 resurrectione

2027 3552 2217 3608 Lazari
2237 3552 2592 3609 celeberrime
2617 3553 2872 3609 innotuit.
2901 3552 3259 3609 Cantantibus
3279 3554 3458 3611 adhuc
3481 3568 3616 3611 can-

2027 3645 2256 3711 toribus,
2288 3646 2439 3700 vadit
2458 3645 2713 3702 sacerdos
2737 3644 2804 3702 ad
2830 3630 3021 3710 altare,
3043 3655 3099 3700 et
3128 3654 3286 3701 orat:
3320 3646 3473 3713 Quod
3502 3660 3610 3703 caa-

2027 3745 2174 3793 teros
2197 3738 2522 3806 praemonuit
2543 3736 2745 3803 facere,
2766 3737 2897 3807 agit.
2955 3737 3090 3792 Orat
3112 3752 3212 3806 pm
3235 3738 3346 3792 suis
3385 3739 3617 3810 propriis

2027 3830 2238 3887 delictis
2261 3828 2656 3895 remissionem,
2669 3836 2730 3884 ut
2743 3829 2939 3900 dignus
2955 3831 3027 3885 sit
3048 3831 3308 3886 accedere
3335 3831 3403 3884 ad
3417 3831 3615 3895 altare,

2027 3933 2083 3979 et
2112 3923 2180 3978 ad
2225 3930 2430 3979 tactum
2448 3921 2777 3987 oblatarum,
2810 3934 2879 3975 ne
2904 3920 3001 3975 ﬁat
3026 3920 3101 3974 illi
3126 3920 3266 3990 quod
3303 3921 3507 3976 tactum
3531 3930 3617 3978 est

2026 4012 2475 4077 Betbsamitibus,
2511 4012 2607 4082 qui
2630 4020 2836 4068 temere
2870 4009 3125 4065 viderunt
3163 4024 3346 4064 arcam
3374 4009 3615 4075 Domini.

2029 4105 2097 4161 de
2116 4120 2232 4176 quo
2257 4102 2516 4159 scribitur
2539 4102 2594 4157 in
2624 4100 2765 4167 libro
2787 4099 3056 4156 Samuelis
3084 4117 3098 4153 :
3140 4097 3412 4157 Percussit
3440 4112 3615 4157 autem

2030 4197 2097 4251 de
2115 4197 2239 4252 uiris
2261 4194 2697 4258 Bethsamitibus,
2736 4209 2797 4249 eo
2827 4193 2968 4265 quod
3004 4194 3252 4249 vidissent
3302 4211 3483 4249 arcam
3519 4195 3622 4251 Do-

2031 4286 2180 4351 mini,
2196 4294 2245 4339 et
2268 4285 2525 4355 percussit
2548 4272 2614 4339 de
2637 4282 2832 4354 populo
2858 4286 3193 4356 septuaginta
3219 4286 3379 4351 viros,
3396 4296 3447 4340 et
3465 4289 3619 4359 quin-

2029 4376 2285 4448 quaginta
2308 4373 2479 4430 millia
2527 4374 2693 4446 plebis
2737 4373 2790 4447 (1
2823 4373 2949 4446 Reg.
2986 4380 3080 4447 vi).
3144 4374 3349 4430 Deinde
3382 4377 3618 4448 suscipit

2029 4480 2334 4538 oblationes
2352 4477 2692 4533 sacerdotum
2718 4486 2776 4532 et
2792 4478 3167 4541 diaconatum,
3197 4476 3392 4546 quibus
3411 4476 3622 4533 licitum

2033 4583 2119 4631 est
2148 4573 2406 4630 accedere
2436 4571 2503 4627 ad
2533 4571 2724 4627 altare.
2798 4570 3009 4640 Accipit
3059 4573 3221 4633 etiam
3248 4570 3316 4625 ab
3352 4569 3622 4625 archidia-

2036 4682 2174 4723 cono
2209 4667 2382 4721 duas:
2416 4680 2578 4720 unam
2622 4679 2722 4735 pro
2759 4678 2838 4728 se,
2868 4672 2923 4717 et
2973 4661 3200 4715 alteram
3230 4678 3327 4733 pro
3366 4662 3618 4718 diacono.

2037 4759 2113 4813 Ex
2143 4755 2418 4812 thuribulo
2438 4756 2581 4825 quod
2600 4755 3144 4825 snperimponit-post
3173 4754 3498 4819 orationem,
3529 4753 3631 4809 de-

2036 4856 2305 4904 monstrat
2327 4862 2425 4917 per
2448 4861 2609 4917 quem
2651 4846 2701 4902 ei
2730 4846 3012 4916 propitiari
3033 4846 3203 4916 possit
3229 4844 3408 4900 Deus:
3441 4844 3624 4899 videli-

2036 4950 2123 4998 cet
2146 4955 2242 5010 per
2268 4939 2555 4995 Dominum
2594 4947 2840 4995 nostrum
2876 4936 3060 4993 Jesum
3103 4935 3413 5002 Christum,
3468 4936 3622 5005 cujus

2034 5046 2233 5102 corpus
2263 5030 2512 5101 designat
2542 5029 2899 5095 thuribulum,
2925 5029 2991 5083 de
3025 5043 3132 5099 quo
3162 5031 3420 5097 scriptum
3449 5035 3531 5081 est
3566 5027 3621 5079 in

2036 5124 2240 5189 Exodo,
2281 5131 2338 5178 ut
2376 5123 2601 5193 offerant
2630 5122 2685 5176 in
2706 5138 2768 5175 ea
2804 5122 3093 5192 thymiama
3121 5120 3367 5183 Domino,
3402 5134 3464 5171 ne
3486 5116 3623 5186 forte

2040 5217 2337 5272 moriantur
2377 5213 2577 5287 (Exod.
2633 5215 2785 5285 xxx).
2877 5214 3029 5270 Unde
3081 5202 3221 5266 Beda
3263 5217 3618 5265 memoratus.

2042 5307 2187 5364 Mors
2223 5306 2422 5363 etenim
2453 5306 2689 5361 timenda
2715 5315 2800 5361 cst
2820 5306 3012 5361 anima:
3027 5303 3288 5373 spiritalis
3315 5311 3371 5355 et
3393 5310 3620 5367 aeterna,

2043 5398 2089 5453 si
2117 5397 2209 5468 qui
2238 5396 2305 5451 ad
2327 5396 2688 5452 ministerium
2711 5393 2901 5449 altaris
2929 5391 3154 5457 electus,
3178 5389 3472 5461 thymiama
3499 5406 3624 5445 ora-

2043 5488 2250 5543 tionum
2265 5487 2375 5542 Deo
2403 5486 2625 5542 reddere
2646 5483 2886 5555 negligit.
2915 5483 3185 5537 Diaconus
3205 5495 3402 5552 aquam
3427 5480 3623 5536 miscet

2046 5584 2191 5638 vino.
2243 5581 2352 5636 Cur
2371 5582 2474 5638 hoc
2519 5574 3225 5650 faciat.Cyprianus(C_vpr.
3252 5576 3344 5632 lib.
3372 5574 3623 5646 n,ep.5)
