  <div class='ocr_page' id='page_1' title='image "/cluster/home/n/w/nwhite01/storage/ocr_20150623/105/hvd.32044054759709/573.png"; bbox 0 0 3938 6178; ppageno 0'>
   <div class='ocr_carea' id='block_1_1' title="bbox 336 348 470 404">
    <p class='ocr_par' dir='ltr' id='par_1_1' title="bbox 336 348 470 404">
     <span class='ocr_line' id='line_1_1' title="bbox 336 348 470 404; baseline 0.007 -1"><span class='ocrx_word' id='word_1_1' title='bbox 336 348 470 404; x_wconf 66' lang='lat' dir='ltr'><strong>“Si</strong></span> 
     </span>
    </p>
   </div>
   <div class='ocr_carea' id='block_1_2' title="bbox 1365 328 2549 391">
    <p class='ocr_par' dir='ltr' id='par_1_2' title="bbox 1365 328 2549 391">
     <span class='ocr_line' id='line_1_2' title="bbox 1365 328 2549 391; baseline -0.007 0"><span class='ocrx_word' id='word_1_2' title='bbox 1365 334 1691 391; x_wconf 65' lang='lat' dir='ltr'><strong>AMALARII</strong></span> <span class='ocrx_word' id='word_1_3' title='bbox 1731 332 2166 389; x_wconf 77' lang='lat' dir='ltr'><strong>PRESBYTERI</strong></span> <span class='ocrx_word' id='word_1_4' title='bbox 2207 328 2549 386; x_wconf 65' lang='lat' dir='ltr'><strong>METE‘NSiS</strong></span> 
     </span>
    </p>
   </div>
   <div class='ocr_carea' id='block_1_3' title="bbox 3456 320 3597 377">
    <p class='ocr_par' dir='ltr' id='par_1_3' title="bbox 3456 320 3597 377">
     <span class='ocr_line' id='line_1_3' title="bbox 3456 320 3597 377; baseline -0.007 0"><span class='ocrx_word' id='word_1_5' title='bbox 3456 320 3597 377; x_wconf 67' lang='lat'><strong>“3‘!</strong></span> 
     </span>
    </p>
   </div>
   <div class='ocr_carea' id='block_1_4' title="bbox 329 437 3600 528">
    <p class='ocr_par' dir='ltr' id='par_1_4' title="bbox 329 437 3600 528">
     <span class='ocr_line' id='line_1_4' title="bbox 329 437 3600 528; baseline -0.009 -9"><span class='ocrx_word' id='word_1_6' title='bbox 329 469 602 519; x_wconf 77' lang='lat' dir='ltr'><strong>monstrat</strong></span> <span class='ocrx_word' id='word_1_7' title='bbox 631 461 697 516; x_wconf 87' lang='lat' dir='ltr'><strong>ad</strong></span> <span class='ocrx_word' id='word_1_8' title='bbox 725 457 1027 528; x_wconf 88' lang='lat' dir='ltr'><strong>Quirinum,</strong></span> <span class='ocrx_word' id='word_1_9' title='bbox 1062 456 1133 511; x_wconf 87' lang='lat' dir='ltr'><strong>de</strong></span> <span class='ocrx_word' id='word_1_10' title='bbox 1161 460 1504 511; x_wconf 83' lang='lat' dir='ltr'><strong>sacramento</strong></span> <span class='ocrx_word' id='word_1_11' title='bbox 1527 450 1790 506; x_wconf 90' lang='lat' dir='ltr'><strong>Dominici</strong></span> <span class='ocrx_word' id='word_1_12' title='bbox 1820 463 1911 505; x_wconf 89' lang='lat' dir='ltr'><strong>ca-</strong></span> <span class='ocrx_word' id='word_1_13' title='bbox 1938 451 1987 512; x_wconf 88' lang='grc' dir='ltr'><strong>Α</strong></span> <span class='ocrx_word' id='word_1_14' title='bbox 2015 462 2176 516; x_wconf 87' lang='lat' dir='ltr'><strong>quam</strong></span> <span class='ocrx_word' id='word_1_15' title='bbox 2204 444 2374 502; x_wconf 89' lang='lat' dir='ltr'><strong>Deum</strong></span> <span class='ocrx_word' id='word_1_16' title='bbox 2412 443 2653 515; x_wconf 80' lang='lat' dir='ltr'><strong>cogitare</strong></span> <span class='ocrx_word' id='word_1_17' title='bbox 2682 442 2901 498; x_wconf 88' lang='lat' dir='ltr'><strong>debere.</strong></span> <span class='ocrx_word' id='word_1_18' title='bbox 2955 437 3252 492; x_wconf 84' lang='lat' dir='ltr'><strong>Claudatur</strong></span> <span class='ocrx_word' id='word_1_19' title='bbox 3273 444 3464 491; x_wconf 84' lang='lat' dir='ltr'><strong>contra</strong></span> <span class='ocrx_word' id='word_1_20' title='bbox 3502 437 3600 491; x_wconf 81' lang='lat' dir='ltr'><strong>ad-</strong></span> 
     </span>
    </p>
   </div>
   <div class='ocr_carea' id='block_1_5' title="bbox 336 541 1909 621">
    <p class='ocr_par' dir='ltr' id='par_1_5' title="bbox 336 541 1909 621">
     <span class='ocr_line' id='line_1_5' title="bbox 336 541 1909 621; baseline -0.01 -12"><span class='ocrx_word' id='word_1_21' title='bbox 336 556 480 621; x_wconf 80' lang='lat' dir='ltr'><strong>ticis,</strong></span> <span class='ocrx_word' id='word_1_22' title='bbox 519 552 743 607; x_wconf 81' lang='lat' dir='ltr'><strong>dicens:</strong></span> <span class='ocrx_word' id='word_1_23' title='bbox 791 547 1019 615; x_wconf 82' lang='lat' dir='ltr'><strong>Quando</strong></span> <span class='ocrx_word' id='word_1_24' title='bbox 1066 552 1248 600; x_wconf 89' lang='lat' dir='ltr'><strong>autem</strong></span> <span class='ocrx_word' id='word_1_25' title='bbox 1287 544 1341 597; x_wconf 93' lang='lat' dir='ltr'><strong>in</strong></span> <span class='ocrx_word' id='word_1_26' title='bbox 1380 542 1551 597; x_wconf 81' lang='lat' dir='ltr'><strong>calice</strong></span> <span class='ocrx_word' id='word_1_27' title='bbox 1602 541 1729 595; x_wconf 85' lang='lat' dir='ltr'><strong>vino</strong></span> <span class='ocrx_word' id='word_1_28' title='bbox 1769 554 1909 609; x_wconf 91' lang='lat' dir='ltr'><strong>aqua</strong></span> 
     </span>
    </p>
   </div>
   <div class='ocr_carea' id='block_1_6' title="bbox 281 632 1913 719">
    <p class='ocr_par' dir='ltr' id='par_1_6' title="bbox 281 632 1913 719">
     <span class='ocr_line' id='line_1_6' title="bbox 281 632 1913 719; baseline -0.012 -15"><span class='ocrx_word' id='word_1_29' title='bbox 281 633 297 719; x_wconf 59' lang='grc' dir='ltr'>ί</span> <span class='ocrx_word' id='word_1_30' title='bbox 334 646 614 709; x_wconf 74' lang='lat' dir='ltr'><strong>miscetur,</strong></span> <span class='ocrx_word' id='word_1_31' title='bbox 646 641 861 697; x_wconf 80' lang='lat' dir='ltr'><strong>Christo</strong></span> <span class='ocrx_word' id='word_1_32' title='bbox 898 638 1126 709; x_wconf 89' lang='lat' dir='ltr'><strong>populus</strong></span> <span class='ocrx_word' id='word_1_33' title='bbox 1159 637 1445 699; x_wconf 88' lang='lat' dir='ltr'><strong>adunatur,</strong></span> <span class='ocrx_word' id='word_1_34' title='bbox 1485 642 1541 688; x_wconf 93' lang='lat' dir='ltr'><strong>et</strong></span> <span class='ocrx_word' id='word_1_35' title='bbox 1578 632 1913 687; x_wconf 78' lang='lat' dir='ltr'><strong>credentium</strong></span> 
     </span>
    </p>
   </div>
   <div class='ocr_carea' id='block_1_7' title="bbox 336 720 1911 808">
    <p class='ocr_par' dir='ltr' id='par_1_7' title="bbox 336 720 1911 808">
     <span class='ocr_line' id='line_1_7' title="bbox 336 720 1911 808; baseline -0.013 -14"><span class='ocrx_word' id='word_1_36' title='bbox 336 739 487 808; x_wconf 80' lang='lat' dir='ltr'><strong>plebs</strong></span> <span class='ocrx_word' id='word_1_37' title='bbox 511 736 581 799; x_wconf 87' lang='lat' dir='ltr'><strong>ei,</strong></span> <span class='ocrx_word' id='word_1_38' title='bbox 604 736 656 788; x_wconf 91' lang='lat' dir='ltr'><strong>in</strong></span> <span class='ocrx_word' id='word_1_39' title='bbox 678 746 839 802; x_wconf 87' lang='lat' dir='ltr'><strong>quem</strong></span> <span class='ocrx_word' id='word_1_40' title='bbox 865 729 1095 786; x_wconf 77' lang='lat' dir='ltr'><strong>credidit</strong></span> <span class='ocrx_word' id='word_1_41' title='bbox 1123 726 1406 797; x_wconf 85' lang='lat' dir='ltr'><strong>copulatur</strong></span> <span class='ocrx_word' id='word_1_42' title='bbox 1418 732 1473 780; x_wconf 90' lang='lat' dir='ltr'><strong>et</strong></span> <span class='ocrx_word' id='word_1_43' title='bbox 1491 722 1758 792; x_wconf 83' lang='lat' dir='ltr'><strong>jungitur.</strong></span> <span class='ocrx_word' id='word_1_44' title='bbox 1781 720 1911 788; x_wconf 66' lang='lat' dir='ltr'><strong>Quae</strong></span> 
     </span>
    </p>
   </div>
   <div class='ocr_carea' id='block_1_8' title="bbox 336 814 1913 899">
    <p class='ocr_par' dir='ltr' id='par_1_8' title="bbox 336 814 1913 899">
     <span class='ocr_line' id='line_1_8' title="bbox 336 814 1913 899; baseline -0.009 -16"><span class='ocrx_word' id='word_1_45' title='bbox 336 827 605 899; x_wconf 75' lang='lat' dir='ltr'><strong>copuiatio</strong></span> <span class='ocrx_word' id='word_1_46' title='bbox 631 833 685 880; x_wconf 91' lang='lat' dir='ltr'><strong>et</strong></span> <span class='ocrx_word' id='word_1_47' title='bbox 705 821 1014 892; x_wconf 77' lang='lat' dir='ltr'><strong>coniunctio</strong></span> <span class='ocrx_word' id='word_1_48' title='bbox 1059 836 1213 889; x_wconf 78' lang='lat' dir='ltr'><strong>aqua:</strong></span> <span class='ocrx_word' id='word_1_49' title='bbox 1237 827 1292 875; x_wconf 90' lang='lat' dir='ltr'><strong>et</strong></span> <span class='ocrx_word' id='word_1_50' title='bbox 1316 817 1426 872; x_wconf 88' lang='lat' dir='ltr'><strong>vini</strong></span> <span class='ocrx_word' id='word_1_51' title='bbox 1458 817 1538 872; x_wconf 90' lang='lat' dir='ltr'><strong>sic</strong></span> <span class='ocrx_word' id='word_1_52' title='bbox 1570 816 1832 871; x_wconf 86' lang='lat' dir='ltr'><strong>miscetur</strong></span> <span class='ocrx_word' id='word_1_53' title='bbox 1859 814 1913 869; x_wconf 90' lang='lat' dir='ltr'><strong>in</strong></span> 
     </span>
    </p>
   </div>
   <div class='ocr_carea' id='block_1_9' title="bbox 328 908 1920 980">
    <p class='ocr_par' dir='ltr' id='par_1_9' title="bbox 328 908 1920 980">
     <span class='ocr_line' id='line_1_9' title="bbox 328 908 1920 980; baseline -0.011 -5"><span class='ocrx_word' id='word_1_54' title='bbox 328 921 503 975; x_wconf 63' lang='lat' dir='ltr'><strong>attice</strong></span> <span class='ocrx_word' id='word_1_55' title='bbox 524 916 753 980; x_wconf 88' lang='lat' dir='ltr'><strong>Domini,</strong></span> <span class='ocrx_word' id='word_1_56' title='bbox 775 923 837 970; x_wconf 90' lang='lat' dir='ltr'><strong>ut</strong></span> <span class='ocrx_word' id='word_1_57' title='bbox 863 913 1169 970; x_wconf 90' lang='lat' dir='ltr'><strong>commistio</strong></span> <span class='ocrx_word' id='word_1_58' title='bbox 1192 911 1276 966; x_wconf 90' lang='lat' dir='ltr'><strong>illa</strong></span> <span class='ocrx_word' id='word_1_59' title='bbox 1307 911 1375 965; x_wconf 90' lang='lat' dir='ltr'><strong>ab</strong></span> <span class='ocrx_word' id='word_1_60' title='bbox 1396 908 1625 964; x_wconf 88' lang='lat' dir='ltr'><strong>invicem</strong></span> <span class='ocrx_word' id='word_1_61' title='bbox 1650 920 1757 960; x_wconf 91' lang='lat' dir='ltr'><strong>non</strong></span> <span class='ocrx_word' id='word_1_62' title='bbox 1792 919 1920 974; x_wconf 79' lang='lat' dir='ltr'><strong>pos-</strong></span> 
     </span>
    </p>
   </div>
   <div class='ocr_carea' id='block_1_10' title="bbox 337 996 1918 1082">
    <p class='ocr_par' dir='ltr' id='par_1_10' title="bbox 337 996 1918 1082">
     <span class='ocr_line' id='line_1_10' title="bbox 337 996 1918 1082; baseline -0.011 -16"><span class='ocrx_word' id='word_1_63' title='bbox 337 1013 409 1066; x_wconf 76' lang='lat' dir='ltr'><strong>sit</strong></span> <span class='ocrx_word' id='word_1_64' title='bbox 437 1009 697 1082; x_wconf 87' lang='lat' dir='ltr'><strong>separari.</strong></span> <span class='ocrx_word' id='word_1_65' title='bbox 752 1007 904 1063; x_wconf 86' lang='lat' dir='ltr'><strong>Unde</strong></span> <span class='ocrx_word' id='word_1_66' title='bbox 929 1005 1251 1068; x_wconf 74' lang='lat' dir='ltr'><strong>Ecclesium,</strong></span> <span class='ocrx_word' id='word_1_67' title='bbox 1277 1002 1329 1057; x_wconf 90' lang='lat' dir='ltr'><strong>id</strong></span> <span class='ocrx_word' id='word_1_68' title='bbox 1364 1009 1469 1067; x_wconf 90' lang='lat' dir='ltr'><strong>est,</strong></span> <span class='ocrx_word' id='word_1_69' title='bbox 1494 999 1703 1082; x_wconf 66' lang='lat' dir='ltr'><strong>plebem</strong></span> <span class='ocrx_word' id='word_1_70' title='bbox 1736 997 1789 1051; x_wconf 93' lang='lat' dir='ltr'><strong>in</strong></span> <span class='ocrx_word' id='word_1_71' title='bbox 1818 996 1918 1051; x_wconf 87' lang='lat' dir='ltr'><strong>Ec-</strong></span> 
     </span>
    </p>
   </div>
   <div class='ocr_carea' id='block_1_11' title="bbox 339 1064 1920 1160">
    <p class='ocr_par' dir='ltr' id='par_1_11' title="bbox 339 1064 1920 1160">
     <span class='ocr_line' id='line_1_11' title="bbox 339 1064 1920 1160; baseline -0.008 -5"><span class='ocrx_word' id='word_1_72' title='bbox 339 1064 896 1160; x_wconf 46' lang='lat' dir='ltr'><strong>clesia‘constitutam,</strong></span> <span class='ocrx_word' id='word_1_73' title='bbox 918 1094 1147 1150; x_wconf 88' lang='lat' dir='ltr'><strong>ﬁdeliter</strong></span> <span class='ocrx_word' id='word_1_74' title='bbox 1167 1102 1222 1148; x_wconf 93' lang='lat' dir='ltr'><strong>et</strong></span> <span class='ocrx_word' id='word_1_75' title='bbox 1239 1064 1470 1147; x_wconf 80' lang='lat' dir='ltr'><strong>ﬁrmiter</strong></span> <span class='ocrx_word' id='word_1_76' title='bbox 1484 1064 1538 1145; x_wconf 68' lang='lat' dir='ltr'><strong>in</strong></span> <span class='ocrx_word' id='word_1_77' title='bbox 1551 1064 1625 1145; x_wconf 55' lang='lat' dir='ltr'><strong>eo]</strong></span> <span class='ocrx_word' id='word_1_78' title='bbox 1632 1090 1774 1160; x_wconf 88' lang='lat' dir='ltr'><strong>quod</strong></span> <span class='ocrx_word' id='word_1_79' title='bbox 1800 1102 1920 1143; x_wconf 86' lang='lat' dir='ltr'><strong>cre-</strong></span> 
     </span>
    </p>
   </div>
   <div class='ocr_carea' id='block_1_12' title="bbox 339 1178 1919 1263">
    <p class='ocr_par' dir='ltr' id='par_1_12' title="bbox 339 1178 1919 1263">
     <span class='ocr_line' id='line_1_12' title="bbox 339 1178 1919 1263; baseline -0.01 -16"><span class='ocrx_word' id='word_1_80' title='bbox 339 1192 475 1247; x_wconf 84' lang='lat' dir='ltr'><strong>didit</strong></span> <span class='ocrx_word' id='word_1_81' title='bbox 522 1197 982 1263; x_wconf 82' lang='lat' dir='ltr'><strong>perseverantem,</strong></span> <span class='ocrx_word' id='word_1_82' title='bbox 1030 1185 1175 1239; x_wconf 91' lang='lat' dir='ltr'><strong>nulla</strong></span> <span class='ocrx_word' id='word_1_83' title='bbox 1210 1198 1299 1237; x_wconf 91' lang='lat' dir='ltr'><strong>res</strong></span> <span class='ocrx_word' id='word_1_84' title='bbox 1333 1195 1587 1251; x_wconf 90' lang='lat' dir='ltr'><strong>separare</strong></span> <span class='ocrx_word' id='word_1_85' title='bbox 1640 1178 1840 1250; x_wconf 91' lang='lat' dir='ltr'><strong>poterit</strong></span> <span class='ocrx_word' id='word_1_86' title='bbox 1887 1191 1919 1231; x_wconf 91' lang='lat' dir='ltr'><strong>a</strong></span> 
     </span>
    </p>
   </div>
   <div class='ocr_carea' id='block_1_13' title="bbox 339 1267 1922 1354">
    <p class='ocr_par' dir='ltr' id='par_1_13' title="bbox 339 1267 1922 1354">
     <span class='ocr_line' id='line_1_13' title="bbox 339 1267 1922 1354; baseline -0.011 -15"><span class='ocrx_word' id='word_1_87' title='bbox 339 1285 579 1350; x_wconf 80' lang='lat' dir='ltr'><strong>Christo,</strong></span> <span class='ocrx_word' id='word_1_88' title='bbox 602 1298 716 1354; x_wconf 88' lang='lat' dir='ltr'><strong>quo</strong></span> <span class='ocrx_word' id='word_1_89' title='bbox 735 1281 913 1335; x_wconf 89' lang='lat' dir='ltr'><strong>minus</strong></span> <span class='ocrx_word' id='word_1_90' title='bbox 937 1280 1140 1333; x_wconf 85' lang='lat' dir='ltr'><strong>h:ereat</strong></span> <span class='ocrx_word' id='word_1_91' title='bbox 1166 1290 1381 1345; x_wconf 89' lang='lat' dir='ltr'><strong>semper</strong></span> <span class='ocrx_word' id='word_1_92' title='bbox 1403 1282 1457 1329; x_wconf 91' lang='lat' dir='ltr'><strong>et</strong></span> <span class='ocrx_word' id='word_1_93' title='bbox 1484 1279 1700 1327; x_wconf 89' lang='lat' dir='ltr'><strong>maneat</strong></span> <span class='ocrx_word' id='word_1_94' title='bbox 1726 1267 1922 1325; x_wconf 87' lang='lat' dir='ltr'><strong>indivi-</strong></span> 
     </span>
    </p>
   </div>
   <div class='ocr_carea' id='block_1_14' title="bbox 338 1359 1921 1429">
    <p class='ocr_par' dir='ltr' id='par_1_14' title="bbox 338 1359 1921 1429">
     <span class='ocr_line' id='line_1_14' title="bbox 338 1359 1921 1429; baseline -0.01 0"><span class='ocrx_word' id='word_1_95' title='bbox 338 1375 444 1429; x_wconf 85' lang='lat' dir='ltr'><strong>dua</strong></span> <span class='ocrx_word' id='word_1_96' title='bbox 465 1373 699 1429; x_wconf 85' lang='lat' dir='ltr'><strong>dilectio.</strong></span> <span class='ocrx_word' id='word_1_97' title='bbox 729 1368 822 1425; x_wconf 85' lang='lat' dir='ltr'><strong>Sic</strong></span> <span class='ocrx_word' id='word_1_98' title='bbox 840 1376 1018 1423; x_wconf 75' lang='lat' dir='ltr'><strong>autem</strong></span> <span class='ocrx_word' id='word_1_99' title='bbox 1036 1368 1088 1422; x_wconf 94' lang='lat' dir='ltr'><strong>in</strong></span> <span class='ocrx_word' id='word_1_100' title='bbox 1107 1364 1496 1421; x_wconf 88' lang='lat' dir='ltr'><strong>sanctitlcando</strong></span> <span class='ocrx_word' id='word_1_101' title='bbox 1520 1362 1689 1418; x_wconf 89' lang='lat' dir='ltr'><strong>calice</strong></span> <span class='ocrx_word' id='word_1_102' title='bbox 1704 1359 1921 1416; x_wconf 84' lang='lat' dir='ltr'><strong>Domini</strong></span> 
     </span>
    </p>
   </div>
   <div class='ocr_carea' id='block_1_15' title="bbox 341 1456 1924 1536">
    <p class='ocr_par' dir='ltr' id='par_1_15' title="bbox 341 1456 1924 1536">
     <span class='ocr_line' id='line_1_15' title="bbox 341 1456 1924 1536; baseline -0.01 -12"><span class='ocrx_word' id='word_1_103' title='bbox 341 1466 525 1523; x_wconf 71' lang='lat' dir='ltr'><strong>oﬂ&#39;erri</strong></span> <span class='ocrx_word' id='word_1_104' title='bbox 558 1480 697 1536; x_wconf 89' lang='lat' dir='ltr'><strong>aqua</strong></span> <span class='ocrx_word' id='word_1_105' title='bbox 724 1463 836 1518; x_wconf 87' lang='lat' dir='ltr'><strong>sola</strong></span> <span class='ocrx_word' id='word_1_106' title='bbox 862 1477 967 1516; x_wconf 91' lang='lat' dir='ltr'><strong>non</strong></span> <span class='ocrx_word' id='word_1_107' title='bbox 1009 1467 1204 1530; x_wconf 86' lang='lat' dir='ltr'><strong>potest,</strong></span> <span class='ocrx_word' id='word_1_108' title='bbox 1235 1456 1504 1528; x_wconf 90' lang='lat' dir='ltr'><strong>quomodo</strong></span> <span class='ocrx_word' id='word_1_109' title='bbox 1533 1465 1588 1510; x_wconf 89' lang='lat' dir='ltr'><strong>et</strong></span> <span class='ocrx_word' id='word_1_110' title='bbox 1625 1456 1808 1509; x_wconf 85' lang='lat' dir='ltr'><strong>vinum</strong></span> <span class='ocrx_word' id='word_1_111' title='bbox 1837 1468 1924 1508; x_wconf 91' lang='lat' dir='ltr'><strong>so-</strong></span> 
     </span>
    </p>
   </div>
   <div class='ocr_carea' id='block_1_16' title="bbox 343 1544 1921 1623">
    <p class='ocr_par' dir='ltr' id='par_1_16' title="bbox 343 1544 1921 1623">
     <span class='ocr_line' id='line_1_16' title="bbox 343 1544 1921 1623; baseline -0.007 -14"><span class='ocrx_word' id='word_1_112' title='bbox 343 1556 456 1610; x_wconf 91' lang='lat' dir='ltr'><strong>lum</strong></span> <span class='ocrx_word' id='word_1_113' title='bbox 490 1570 597 1610; x_wconf 88' lang='lat' dir='ltr'><strong>non</strong></span> <span class='ocrx_word' id='word_1_114' title='bbox 615 1561 813 1623; x_wconf 79' lang='lat' dir='ltr'><strong>potest.</strong></span> <span class='ocrx_word' id='word_1_115' title='bbox 861 1550 994 1605; x_wconf 87' lang='lat' dir='ltr'><strong>Nam</strong></span> <span class='ocrx_word' id='word_1_116' title='bbox 1016 1551 1063 1604; x_wconf 89' lang='lat' dir='ltr'><strong>si</strong></span> <span class='ocrx_word' id='word_1_117' title='bbox 1094 1549 1276 1606; x_wconf 84' lang='lat' dir='ltr'><strong>vinum</strong></span> <span class='ocrx_word' id='word_1_118' title='bbox 1316 1555 1523 1601; x_wconf 89' lang='lat' dir='ltr'><strong>tantum</strong></span> <span class='ocrx_word' id='word_1_119' title='bbox 1554 1546 1678 1618; x_wconf 87' lang='lat' dir='ltr'><strong>quis</strong></span> <span class='ocrx_word' id='word_1_120' title='bbox 1707 1544 1921 1608; x_wconf 86' lang='lat' dir='ltr'><strong>oﬁ‘erat,</strong></span> 
     </span>
    </p>
   </div>
   <div class='ocr_carea' id='block_1_17' title="bbox 343 1638 1924 1717">
    <p class='ocr_par' dir='ltr' id='par_1_17' title="bbox 343 1638 1924 1717">
     <span class='ocr_line' id='line_1_17' title="bbox 343 1638 1924 1717; baseline -0.008 -15"><span class='ocrx_word' id='word_1_121' title='bbox 343 1648 565 1717; x_wconf 76' lang='lat' dir='ltr'><strong>sanguis</strong></span> <span class='ocrx_word' id='word_1_122' title='bbox 591 1644 793 1699; x_wconf 78' lang='lat' dir='ltr'><strong>Christi</strong></span> <span class='ocrx_word' id='word_1_123' title='bbox 822 1642 1009 1711; x_wconf 81' lang='lat' dir='ltr'><strong>incipit</strong></span> <span class='ocrx_word' id='word_1_124' title='bbox 1041 1654 1160 1695; x_wconf 84' lang='lat' dir='ltr'><strong>esse</strong></span> <span class='ocrx_word' id='word_1_125' title='bbox 1199 1639 1319 1693; x_wconf 89' lang='lat' dir='ltr'><strong>sine</strong></span> <span class='ocrx_word' id='word_1_126' title='bbox 1348 1638 1527 1702; x_wconf 86' lang='lat' dir='ltr'><strong>nobis,</strong></span> <span class='ocrx_word' id='word_1_127' title='bbox 1560 1638 1604 1691; x_wconf 89' lang='lat' dir='ltr'><strong>si</strong></span> <span class='ocrx_word' id='word_1_128' title='bbox 1633 1650 1762 1691; x_wconf 86' lang='lat' dir='ltr'><strong>vero</strong></span> <span class='ocrx_word' id='word_1_129' title='bbox 1785 1650 1924 1705; x_wconf 90' lang='lat' dir='ltr'><strong>aqua</strong></span> 
     </span>
    </p>
   </div>
   <div class='ocr_carea' id='block_1_18' title="bbox 2016 524 3605 608">
    <p class='ocr_par' dir='ltr' id='par_1_18' title="bbox 2016 524 3605 608">
     <span class='ocr_line' id='line_1_18' title="bbox 2016 524 3605 608; baseline -0.009 -13"><span class='ocrx_word' id='word_1_130' title='bbox 2016 540 2320 595; x_wconf 80' lang='lat' dir='ltr'><strong>versarium</strong></span> <span class='ocrx_word' id='word_1_131' title='bbox 2361 545 2570 608; x_wconf 90' lang='lat' dir='ltr'><strong>pectus,</strong></span> <span class='ocrx_word' id='word_1_132' title='bbox 2601 544 2658 589; x_wconf 90' lang='lat' dir='ltr'><strong>et</strong></span> <span class='ocrx_word' id='word_1_133' title='bbox 2704 533 2805 589; x_wconf 88' lang='lat' dir='ltr'><strong>soli</strong></span> <span class='ocrx_word' id='word_1_134' title='bbox 2821 532 2933 588; x_wconf 87' lang='lat' dir='ltr'><strong>Deo</strong></span> <span class='ocrx_word' id='word_1_135' title='bbox 2948 536 3151 602; x_wconf 83' lang='lat' dir='ltr'><strong>pateat,</strong></span> <span class='ocrx_word' id='word_1_136' title='bbox 3194 527 3381 582; x_wconf 85' lang='lat' dir='ltr'><strong>necad</strong></span> <span class='ocrx_word' id='word_1_137' title='bbox 3407 541 3469 581; x_wconf 87' lang='lat' dir='ltr'><strong>se</strong></span> <span class='ocrx_word' id='word_1_138' title='bbox 3505 524 3605 582; x_wconf 82' lang='lat' dir='ltr'><strong>ho-</strong></span> 
     </span>
    </p>
   </div>
   <div class='ocr_carea' id='block_1_19' title="bbox 2016 615 3609 698">
    <p class='ocr_par' dir='ltr' id='par_1_19' title="bbox 2016 615 3609 698">
     <span class='ocr_line' id='line_1_19' title="bbox 2016 615 3609 698; baseline -0.011 -12"><span class='ocrx_word' id='word_1_139' title='bbox 2016 639 2153 687; x_wconf 89' lang='lat' dir='ltr'><strong>stem</strong></span> <span class='ocrx_word' id='word_1_140' title='bbox 2179 629 2276 685; x_wconf 91' lang='lat' dir='ltr'><strong>Dei</strong></span> <span class='ocrx_word' id='word_1_141' title='bbox 2296 638 2537 698; x_wconf 90' lang='lat' dir='ltr'><strong>tempore</strong></span> <span class='ocrx_word' id='word_1_142' title='bbox 2565 623 2829 680; x_wconf 91' lang='lat' dir='ltr'><strong>orationis</strong></span> <span class='ocrx_word' id='word_1_143' title='bbox 2874 621 3027 675; x_wconf 87' lang='lat' dir='ltr'><strong>adire</strong></span> <span class='ocrx_word' id='word_1_144' title='bbox 3065 619 3325 689; x_wconf 88' lang='lat' dir='ltr'><strong>patiatur.</strong></span> <span class='ocrx_word' id='word_1_145' title='bbox 3376 615 3609 687; x_wconf 83' lang='lat' dir='ltr'><strong>Obrepit</strong></span> 
     </span>
    </p>
   </div>
   <div class='ocr_carea' id='block_1_20' title="bbox 2016 705 3605 791">
    <p class='ocr_par' dir='ltr' id='par_1_20' title="bbox 2016 705 3605 791">
     <span class='ocr_line' id='line_1_20' title="bbox 2016 705 3605 791; baseline -0.01 -15"><span class='ocrx_word' id='word_1_146' title='bbox 2016 722 2158 776; x_wconf 90' lang='lat' dir='ltr'><strong>enim</strong></span> <span class='ocrx_word' id='word_1_147' title='bbox 2190 719 2527 791; x_wconf 81' lang='lat' dir='ltr'><strong>frequenter,</strong></span> <span class='ocrx_word' id='word_1_148' title='bbox 2564 723 2620 771; x_wconf 88' lang='lat' dir='ltr'><strong>et</strong></span> <span class='ocrx_word' id='word_1_149' title='bbox 2663 719 2932 786; x_wconf 86' lang='lat' dir='ltr'><strong>penetrat,</strong></span> <span class='ocrx_word' id='word_1_150' title='bbox 2982 718 3038 764; x_wconf 91' lang='lat' dir='ltr'><strong>et</strong></span> <span class='ocrx_word' id='word_1_151' title='bbox 3071 707 3346 764; x_wconf 85' lang='lat' dir='ltr'><strong>subtiliter</strong></span> <span class='ocrx_word' id='word_1_152' title='bbox 3385 705 3605 769; x_wconf 83' lang='lat' dir='ltr'><strong>fallens,</strong></span> 
     </span>
    </p>
   </div>
   <div class='ocr_carea' id='block_1_21' title="bbox 2016 799 3608 882">
    <p class='ocr_par' dir='ltr' id='par_1_21' title="bbox 2016 799 3608 882">
     <span class='ocr_line' id='line_1_21' title="bbox 2016 799 3608 882; baseline -0.009 -15"><span class='ocrx_word' id='word_1_153' title='bbox 2016 827 2205 882; x_wconf 83' lang='lat' dir='ltr'><strong>preces</strong></span> <span class='ocrx_word' id='word_1_154' title='bbox 2225 819 2439 867; x_wconf 89' lang='lat' dir='ltr'><strong>nostras</strong></span> <span class='ocrx_word' id='word_1_155' title='bbox 2464 826 2496 864; x_wconf 90' lang='lat' dir='ltr'><strong>a</strong></span> <span class='ocrx_word' id='word_1_156' title='bbox 2542 808 2653 863; x_wconf 90' lang='lat' dir='ltr'><strong>Deo</strong></span> <span class='ocrx_word' id='word_1_157' title='bbox 2682 810 2891 865; x_wconf 85' lang='lat' dir='ltr'><strong>avocat,</strong></span> <span class='ocrx_word' id='word_1_158' title='bbox 2941 809 3004 856; x_wconf 89' lang='lat' dir='ltr'><strong>ut</strong></span> <span class='ocrx_word' id='word_1_159' title='bbox 3032 799 3179 856; x_wconf 88' lang='lat' dir='ltr'><strong>aliud</strong></span> <span class='ocrx_word' id='word_1_160' title='bbox 3216 799 3519 854; x_wconf 86' lang='lat' dir='ltr'><strong>habeamus</strong></span> <span class='ocrx_word' id='word_1_161' title='bbox 3551 800 3608 853; x_wconf 85' lang='lat' dir='ltr'><strong>in</strong></span> 
     </span>
    </p>
   </div>
   <div class='ocr_carea' id='block_1_22' title="bbox 2018 890 3605 969">
    <p class='ocr_par' dir='ltr' id='par_1_22' title="bbox 2018 890 3605 969">
     <span class='ocr_line' id='line_1_22' title="bbox 2018 890 3605 969; baseline -0.011 -10"><span class='ocrx_word' id='word_1_162' title='bbox 2018 903 2199 969; x_wconf 90' lang='lat' dir='ltr'><strong>corde,</strong></span> <span class='ocrx_word' id='word_1_163' title='bbox 2229 910 2285 958; x_wconf 92' lang='lat' dir='ltr'><strong>et</strong></span> <span class='ocrx_word' id='word_1_164' title='bbox 2314 900 2458 956; x_wconf 88' lang='lat' dir='ltr'><strong>aliud</strong></span> <span class='ocrx_word' id='word_1_165' title='bbox 2504 901 2557 954; x_wconf 92' lang='lat' dir='ltr'><strong>in</strong></span> <span class='ocrx_word' id='word_1_166' title='bbox 2613 913 2767 961; x_wconf 85' lang='lat' dir='ltr'><strong>voce,</strong></span> <span class='ocrx_word' id='word_1_167' title='bbox 2805 893 3024 966; x_wconf 87' lang='lat' dir='ltr'><strong>quando</strong></span> <span class='ocrx_word' id='word_1_168' title='bbox 3048 891 3350 947; x_wconf 87' lang='lat' dir='ltr'><strong>intentione</strong></span> <span class='ocrx_word' id='word_1_169' title='bbox 3386 890 3605 945; x_wconf 87' lang='lat' dir='ltr'><strong>sincera</strong></span> 
     </span>
    </p>
   </div>
   <div class='ocr_carea' id='block_1_23' title="bbox 2016 985 3609 1053">
    <p class='ocr_par' dir='ltr' id='par_1_23' title="bbox 2016 985 3609 1053">
     <span class='ocr_line' id='line_1_23' title="bbox 2016 985 3609 1053; baseline -0.011 -2"><span class='ocrx_word' id='word_1_170' title='bbox 2016 996 2187 1053; x_wconf 89' lang='lat' dir='ltr'><strong>Deum</strong></span> <span class='ocrx_word' id='word_1_171' title='bbox 2225 997 2421 1052; x_wconf 85' lang='lat' dir='ltr'><strong>debeat</strong></span> <span class='ocrx_word' id='word_1_172' title='bbox 2470 1009 2575 1049; x_wconf 89' lang='lat' dir='ltr'><strong>non</strong></span> <span class='ocrx_word' id='word_1_173' title='bbox 2600 991 2754 1046; x_wconf 80' lang='lat' dir='ltr'><strong>vocis</strong></span> <span class='ocrx_word' id='word_1_174' title='bbox 2790 1003 2977 1053; x_wconf 89' lang='lat' dir='ltr'><strong>sonus,</strong></span> <span class='ocrx_word' id='word_1_175' title='bbox 3022 986 3115 1041; x_wconf 88' lang='lat' dir='ltr'><strong>sed</strong></span> <span class='ocrx_word' id='word_1_176' title='bbox 3152 985 3365 1039; x_wconf 83' lang='lat' dir='ltr'><strong>animus</strong></span> <span class='ocrx_word' id='word_1_177' title='bbox 3401 991 3455 1038; x_wconf 89' lang='lat' dir='ltr'><strong>et</strong></span> <span class='ocrx_word' id='word_1_178' title='bbox 3481 997 3609 1036; x_wconf 84' lang='lat' dir='ltr'><strong>sen-</strong></span> 
     </span>
    </p>
   </div>
   <div class='ocr_carea' id='block_1_24' title="bbox 2019 1070 3607 1152">
    <p class='ocr_par' dir='ltr' id='par_1_24' title="bbox 2019 1070 3607 1152">
     <span class='ocr_line' id='line_1_24' title="bbox 2019 1070 3607 1152; baseline -0.012 -11"><span class='ocrx_word' id='word_1_179' title='bbox 2019 1101 2113 1141; x_wconf 81' lang='lat' dir='ltr'><strong>sus</strong></span> <span class='ocrx_word' id='word_1_180' title='bbox 2136 1099 2297 1140; x_wconf 70' lang='lat' dir='ltr'><strong>orare</strong></span> <span class='ocrx_word' id='word_1_181' title='bbox 2322 1082 2345 1139; x_wconf 77' lang='grc' dir='ltr'><strong>ε’</strong></span> <span class='ocrx_word' id='word_1_182' title='bbox 2371 1098 2490 1152; x_wconf 67' lang='lat' dir='ltr'><strong>quae</strong></span> <span class='ocrx_word' id='word_1_183' title='bbox 2517 1089 2699 1136; x_wconf 91' lang='lat' dir='ltr'><strong>autem</strong></span> <span class='ocrx_word' id='word_1_184' title='bbox 2732 1076 2959 1147; x_wconf 80' lang='lat' dir='ltr'><strong>segnitia</strong></span> <span class='ocrx_word' id='word_1_185' title='bbox 3005 1079 3089 1128; x_wconf 89' lang='lat' dir='ltr'><strong>est</strong></span> <span class='ocrx_word' id='word_1_186' title='bbox 3114 1091 3128 1125; x_wconf 90' lang='lat'><strong>:</strong></span> <span class='ocrx_word' id='word_1_187' title='bbox 3159 1071 3384 1125; x_wconf 85' lang='lat' dir='ltr'><strong>alienari</strong></span> <span class='ocrx_word' id='word_1_188' title='bbox 3404 1079 3456 1124; x_wconf 89' lang='lat' dir='ltr'><strong>et</strong></span> <span class='ocrx_word' id='word_1_189' title='bbox 3482 1070 3607 1139; x_wconf 84' lang='lat' dir='ltr'><strong>capi</strong></span> 
     </span>
    </p>
   </div>
   <div class='ocr_carea' id='block_1_25' title="bbox 2021 1163 3611 1248">
    <p class='ocr_par' dir='ltr' id='par_1_25' title="bbox 2021 1163 3611 1248">
     <span class='ocr_line' id='line_1_25' title="bbox 2021 1163 3611 1248; baseline -0.013 -15"><span class='ocrx_word' id='word_1_190' title='bbox 2021 1177 2217 1248; x_wconf 87' lang='lat' dir='ltr'><strong>ineptis</strong></span> <span class='ocrx_word' id='word_1_191' title='bbox 2267 1173 2684 1246; x_wconf 82' lang='lat' dir='ltr'><strong>cogitationibus</strong></span> <span class='ocrx_word' id='word_1_192' title='bbox 2729 1178 2783 1224; x_wconf 91' lang='lat' dir='ltr'><strong>et</strong></span> <span class='ocrx_word' id='word_1_193' title='bbox 2829 1166 3094 1239; x_wconf 82' lang='lat' dir='ltr'><strong>profanis,</strong></span> <span class='ocrx_word' id='word_1_194' title='bbox 3134 1177 3259 1219; x_wconf 84' lang='lat' dir='ltr'><strong>eum</strong></span> <span class='ocrx_word' id='word_1_195' title='bbox 3296 1163 3463 1217; x_wconf 86' lang='lat' dir='ltr'><strong>Deum</strong></span> <span class='ocrx_word' id='word_1_196' title='bbox 3515 1163 3611 1214; x_wconf 79' lang='lat' dir='ltr'><strong>de-</strong></span> 
     </span>
    </p>
   </div>
   <div class='ocr_carea' id='block_1_26' title="bbox 2020 1253 3611 1342">
    <p class='ocr_par' dir='ltr' id='par_1_26' title="bbox 2020 1253 3611 1342">
     <span class='ocr_line' id='line_1_26' title="bbox 2020 1253 3611 1342; baseline -0.011 -16"><span class='ocrx_word' id='word_1_197' title='bbox 2020 1268 2297 1342; x_wconf 77' lang='lat' dir='ltr'><strong>preceris?</strong></span> <span class='ocrx_word' id='word_1_198' title='bbox 2321 1267 2474 1338; x_wconf 90' lang='lat' dir='ltr'><strong>quasi</strong></span> <span class='ocrx_word' id='word_1_199' title='bbox 2501 1266 2571 1321; x_wconf 90' lang='lat' dir='ltr'><strong>sit</strong></span> <span class='ocrx_word' id='word_1_200' title='bbox 2592 1263 2758 1329; x_wconf 87' lang='lat' dir='ltr'><strong>aliud,</strong></span> <span class='ocrx_word' id='word_1_201' title='bbox 2782 1258 2926 1331; x_wconf 90' lang='lat' dir='ltr'><strong>quod</strong></span> <span class='ocrx_word' id='word_1_202' title='bbox 2957 1256 3132 1327; x_wconf 84' lang='lat' dir='ltr'><strong>magis</strong></span> <span class='ocrx_word' id='word_1_203' title='bbox 3144 1255 3342 1310; x_wconf 85' lang='lat' dir='ltr'><strong>debeas</strong></span> <span class='ocrx_word' id='word_1_204' title='bbox 3365 1253 3611 1323; x_wconf 81' lang='lat' dir='ltr'><strong>cOgitare</strong></span> 
     </span>
    </p>
   </div>
   <div class='ocr_carea' id='block_1_27' title="bbox 2021 1344 3612 1433">
    <p class='ocr_par' dir='ltr' id='par_1_27' title="bbox 2021 1344 3612 1433">
     <span class='ocr_line' id='line_1_27' title="bbox 2021 1344 3612 1433; baseline -0.013 -15"><span class='ocrx_word' id='word_1_205' title='bbox 2021 1377 2184 1433; x_wconf 90' lang='lat' dir='ltr'><strong>quam</strong></span> <span class='ocrx_word' id='word_1_206' title='bbox 2206 1360 2260 1416; x_wconf 88' lang='lat' dir='ltr'><strong>id</strong></span> <span class='ocrx_word' id='word_1_207' title='bbox 2280 1359 2424 1429; x_wconf 87' lang='lat' dir='ltr'><strong>quod</strong></span> <span class='ocrx_word' id='word_1_208' title='bbox 2446 1373 2566 1413; x_wconf 90' lang='lat' dir='ltr'><strong>cum</strong></span> <span class='ocrx_word' id='word_1_209' title='bbox 2589 1356 2702 1410; x_wconf 87' lang='lat' dir='ltr'><strong>Deo</strong></span> <span class='ocrx_word' id='word_1_210' title='bbox 2729 1351 2990 1422; x_wconf 89' lang='lat' dir='ltr'><strong>loqueris.</strong></span> <span class='ocrx_word' id='word_1_211' title='bbox 3058 1344 3338 1415; x_wconf 86' lang='lat' dir='ltr'><strong>Quomodo</strong></span> <span class='ocrx_word' id='word_1_212' title='bbox 3365 1354 3416 1400; x_wconf 91' lang='lat' dir='ltr'><strong>te</strong></span> <span class='ocrx_word' id='word_1_213' title='bbox 3434 1361 3467 1400; x_wconf 89' lang='lat' dir='ltr'><strong>a</strong></span> <span class='ocrx_word' id='word_1_214' title='bbox 3495 1344 3612 1399; x_wconf 84' lang='lat' dir='ltr'><strong>Deo</strong></span> 
     </span>
    </p>
   </div>
   <div class='ocr_carea' id='block_1_28' title="bbox 2023 1436 3611 1523">
    <p class='ocr_par' dir='ltr' id='par_1_28' title="bbox 2023 1436 3611 1523">
     <span class='ocr_line' id='line_1_28' title="bbox 2023 1436 3611 1523; baseline -0.015 -13"><span class='ocrx_word' id='word_1_215' title='bbox 2023 1453 2200 1510; x_wconf 87' lang='lat' dir='ltr'><strong>audiri</strong></span> <span class='ocrx_word' id='word_1_216' title='bbox 2232 1450 2495 1523; x_wconf 90' lang='lat' dir='ltr'><strong>postulas,</strong></span> <span class='ocrx_word' id='word_1_217' title='bbox 2528 1461 2652 1502; x_wconf 91' lang='lat' dir='ltr'><strong>cum</strong></span> <span class='ocrx_word' id='word_1_218' title='bbox 2705 1453 2758 1498; x_wconf 92' lang='lat' dir='ltr'><strong>te</strong></span> <span class='ocrx_word' id='word_1_219' title='bbox 2804 1444 2920 1512; x_wconf 88' lang='lat' dir='ltr'><strong>ipse</strong></span> <span class='ocrx_word' id='word_1_220' title='bbox 2951 1454 3059 1495; x_wconf 90' lang='lat' dir='ltr'><strong>non</strong></span> <span class='ocrx_word' id='word_1_221' title='bbox 3090 1436 3314 1492; x_wconf 84' lang='lat' dir='ltr'><strong>audias?</strong></span> <span class='ocrx_word' id='word_1_222' title='bbox 3354 1437 3438 1489; x_wconf 80' lang='lat' dir='ltr'><strong>vis</strong></span> <span class='ocrx_word' id='word_1_223' title='bbox 3483 1449 3611 1489; x_wconf 84' lang='lat' dir='ltr'><strong>esse</strong></span> 
     </span>
    </p>
   </div>
   <div class='ocr_carea' id='block_1_29' title="bbox 2025 1525 3609 1603">
    <p class='ocr_par' dir='ltr' id='par_1_29' title="bbox 2025 1525 3609 1603">
     <span class='ocr_line' id='line_1_29' title="bbox 2025 1525 3609 1603; baseline -0.013 -3"><span class='ocrx_word' id='word_1_224' title='bbox 2025 1545 2193 1600; x_wconf 92' lang='lat' dir='ltr'><strong>Deum</strong></span> <span class='ocrx_word' id='word_1_225' title='bbox 2232 1543 2309 1598; x_wconf 88' lang='lat' dir='ltr'><strong>tui</strong></span> <span class='ocrx_word' id='word_1_226' title='bbox 2338 1552 2656 1603; x_wconf 86' lang='lat' dir='ltr'><strong>memorem,</strong></span> <span class='ocrx_word' id='word_1_227' title='bbox 2700 1550 2823 1591; x_wconf 89' lang='lat' dir='ltr'><strong>cum</strong></span> <span class='ocrx_word' id='word_1_228' title='bbox 2855 1547 3037 1602; x_wconf 81' lang='lat' dir='ltr'><strong>rogas,</strong></span> <span class='ocrx_word' id='word_1_229' title='bbox 3068 1529 3283 1600; x_wconf 85' lang='lat' dir='ltr'><strong>quando</strong></span> <span class='ocrx_word' id='word_1_230' title='bbox 3305 1537 3361 1582; x_wconf 93' lang='lat' dir='ltr'><strong>tu</strong></span> <span class='ocrx_word' id='word_1_231' title='bbox 3393 1525 3609 1597; x_wconf 84' lang='lat' dir='ltr'><strong>ipse&#39;tui</strong></span> 
     </span>
    </p>
   </div>
   <div class='ocr_carea' id='block_1_30' title="bbox 2027 1620 3610 1690">
    <p class='ocr_par' dir='ltr' id='par_1_30' title="bbox 2027 1620 3610 1690">
     <span class='ocr_line' id='line_1_30' title="bbox 2027 1620 3610 1690; baseline -0.015 1"><span class='ocrx_word' id='word_1_232' title='bbox 2027 1649 2234 1690; x_wconf 88' lang='lat' dir='ltr'><strong>memor</strong></span> <span class='ocrx_word' id='word_1_233' title='bbox 2263 1648 2370 1687; x_wconf 92' lang='lat' dir='ltr'><strong>non</strong></span> <span class='ocrx_word' id='word_1_234' title='bbox 2399 1630 2521 1686; x_wconf 89' lang='lat' dir='ltr'><strong>sis?</strong></span> <span class='ocrx_word' id='word_1_235' title='bbox 2572 1628 2686 1682; x_wconf 81' lang='lat' dir='ltr'><strong>Hoc</strong></span> <span class='ocrx_word' id='word_1_236' title='bbox 2715 1633 2798 1680; x_wconf 85' lang='lat' dir='ltr'><strong>est</strong></span> <span class='ocrx_word' id='word_1_237' title='bbox 2828 1624 2894 1679; x_wconf 92' lang='lat' dir='ltr'><strong>de</strong></span> <span class='ocrx_word' id='word_1_238' title='bbox 2922 1639 2989 1677; x_wconf 92' lang='lat' dir='ltr'><strong>eo</strong></span> <span class='ocrx_word' id='word_1_239' title='bbox 3018 1624 3176 1677; x_wconf 91' lang='lat' dir='ltr'><strong>hoste</strong></span> <span class='ocrx_word' id='word_1_240' title='bbox 3205 1620 3258 1673; x_wconf 90' lang='lat' dir='ltr'><strong>in</strong></span> <span class='ocrx_word' id='word_1_241' title='bbox 3285 1627 3460 1672; x_wconf 86' lang='lat' dir='ltr'><strong>totum</strong></span> <span class='ocrx_word' id='word_1_242' title='bbox 3500 1631 3610 1670; x_wconf 89' lang='lat' dir='ltr'><strong>non</strong></span> 
     </span>
    </p>
   </div>
   <div class='ocr_carea' id='block_1_31' title="bbox 343 1709 3611 1806">
    <p class='ocr_par' dir='ltr' id='par_1_31' title="bbox 343 1709 3611 1806">
     <span class='ocr_line' id='line_1_31' title="bbox 343 1709 3611 1806; baseline -0.008 -14"><span class='ocrx_word' id='word_1_243' title='bbox 343 1740 415 1792; x_wconf 80' lang='lat' dir='ltr'><strong>sit</strong></span> <span class='ocrx_word' id='word_1_244' title='bbox 444 1709 945 1806; x_wconf 72' lang='lat' dir='ltr'><strong>sola,plebsincipit</strong></span> <span class='ocrx_word' id='word_1_245' title='bbox 962 1746 1085 1787; x_wconf 88' lang='lat' dir='ltr'><strong>esse</strong></span> <span class='ocrx_word' id='word_1_246' title='bbox 1108 1730 1224 1786; x_wconf 89' lang='lat' dir='ltr'><strong>sine</strong></span> <span class='ocrx_word' id='word_1_247' title='bbox 1238 1728 1476 1785; x_wconf 89' lang='lat' dir='ltr'><strong>Christo.</strong></span> <span class='ocrx_word' id='word_1_248' title='bbox 1504 1726 1729 1794; x_wconf 83' lang='lat' dir='ltr'><strong>Quando</strong></span> <span class='ocrx_word' id='word_1_249' title='bbox 1745 1736 1923 1782; x_wconf 89' lang='lat' dir='ltr'><strong>autem</strong></span> <span class='ocrx_word' id='word_1_250' title='bbox 1957 1804 1983 1806; x_wconf 87' lang='lat'><em>_</em></span> <span class='ocrx_word' id='word_1_251' title='bbox 2025 1742 2242 1792; x_wconf 76' lang='lat' dir='ltr'><strong>cavere,</strong></span> <span class='ocrx_word' id='word_1_252' title='bbox 2266 1726 2372 1781; x_wconf 88' lang='lat' dir='ltr'><strong>hoc</strong></span> <span class='ocrx_word' id='word_1_253' title='bbox 2395 1732 2501 1789; x_wconf 88' lang='lat' dir='ltr'><strong>est,</strong></span> <span class='ocrx_word' id='word_1_254' title='bbox 2529 1721 2745 1794; x_wconf 87' lang='lat' dir='ltr'><strong>quando</strong></span> <span class='ocrx_word' id='word_1_255' title='bbox 2768 1734 2893 1774; x_wconf 90' lang='lat' dir='ltr'><strong>oras</strong></span> <span class='ocrx_word' id='word_1_256' title='bbox 2924 1718 3113 1781; x_wconf 89' lang='lat' dir='ltr'><strong>Deum,</strong></span> <span class='ocrx_word' id='word_1_257' title='bbox 3149 1712 3491 1783; x_wconf 75' lang='lat' dir='ltr'><strong>maiestatem</strong></span> <span class='ocrx_word' id='word_1_258' title='bbox 3515 1709 3611 1764; x_wconf 84' lang='lat' dir='ltr'><strong>Dei</strong></span> 
     </span>
    </p>
   </div>
   <div class='ocr_carea' id='block_1_32' title="bbox 343 1804 3614 1896">
    <p class='ocr_par' dir='ltr' id='par_1_32' title="bbox 343 1804 3614 1896">
     <span class='ocr_line' id='line_1_32' title="bbox 343 1804 3614 1896; baseline -0.011 -6"><span class='ocrx_word' id='word_1_259' title='bbox 343 1804 633 1896; x_wconf 76' lang='lat' dir='ltr'><strong>utrumque</strong></span> <span class='ocrx_word' id='word_1_260' title='bbox 669 1825 951 1889; x_wconf 82' lang='lat' dir='ltr'><strong>miscetur.</strong></span> <span class='ocrx_word' id='word_1_261' title='bbox 974 1832 1029 1877; x_wconf 82' lang='lat' dir='ltr'><strong>et</strong></span> <span class='ocrx_word' id='word_1_262' title='bbox 1042 1821 1367 1877; x_wconf 83' lang='lat' dir='ltr'><strong>adunatione</strong></span> <span class='ocrx_word' id='word_1_263' title='bbox 1395 1816 1616 1874; x_wconf 76' lang='lat' dir='ltr'><strong>confusa</strong></span> <span class='ocrx_word' id='word_1_264' title='bbox 1647 1816 1750 1872; x_wconf 86' lang='lat' dir='ltr'><strong>sibi</strong></span> <span class='ocrx_word' id='word_1_265' title='bbox 1780 1816 1920 1871; x_wconf 76' lang='grc' dir='ltr'><strong>ἰητί-</strong></span> <span class='ocrx_word' id='word_1_266' title='bbox 1953 1804 1999 1862; x_wconf 85' lang='grc' dir='ltr'>Β</span> <span class='ocrx_word' id='word_1_267' title='bbox 2024 1819 2284 1875; x_wconf 88' lang='lat' dir='ltr'><strong>orationis</strong></span> <span class='ocrx_word' id='word_1_268' title='bbox 2315 1816 2639 1888; x_wconf 78' lang='lat' dir='ltr'><strong>negligentia</strong></span> <span class='ocrx_word' id='word_1_269' title='bbox 2668 1811 2964 1876; x_wconf 79' lang='lat' dir='ltr'><strong>oti‘endere,</strong></span> <span class='ocrx_word' id='word_1_270' title='bbox 3000 1811 3103 1865; x_wconf 89' lang='lat' dir='ltr'><strong>hoc</strong></span> <span class='ocrx_word' id='word_1_271' title='bbox 3127 1815 3212 1862; x_wconf 84' lang='lat' dir='ltr'><strong>est</strong></span> <span class='ocrx_word' id='word_1_272' title='bbox 3238 1804 3464 1875; x_wconf 82' lang='lat' dir='ltr'><strong>vigilare</strong></span> <span class='ocrx_word' id='word_1_273' title='bbox 3483 1816 3614 1856; x_wconf 86' lang='lat' dir='ltr'><strong>ocu-</strong></span> 
     </span>
    </p>
   </div>
   <div class='ocr_carea' id='block_1_33' title="bbox 339 1898 3614 1987">
    <p class='ocr_par' dir='ltr' id='par_1_33' title="bbox 339 1898 3614 1987">
     <span class='ocr_line' id='line_1_33' title="bbox 339 1898 3614 1987; baseline -0.007 -12"><span class='ocrx_word' id='word_1_274' title='bbox 339 1935 459 1975; x_wconf 86' lang='lat' dir='ltr'><strong>cem</strong></span> <span class='ocrx_word' id='word_1_275' title='bbox 487 1917 769 1987; x_wconf 86' lang='lat' dir='ltr'><strong>copulatur</strong></span> <span class='ocrx_word' id='word_1_276' title='bbox 787 1925 915 1970; x_wconf 90' lang='lat' dir='ltr'><strong>tunc</strong></span> <span class='ocrx_word' id='word_1_277' title='bbox 946 1919 1338 1969; x_wconf 88' lang='lat' dir='ltr'><strong>sacramentum</strong></span> <span class='ocrx_word' id='word_1_278' title='bbox 1367 1908 1607 1980; x_wconf 79' lang='lat' dir='ltr'><strong>spiritale</strong></span> <span class='ocrx_word' id='word_1_279' title='bbox 1623 1916 1676 1963; x_wconf 92' lang='lat' dir='ltr'><strong>et</strong></span> <span class='ocrx_word' id='word_1_280' title='bbox 1705 1907 1924 1963; x_wconf 84' lang='lat' dir='ltr'><strong>caeleste</strong></span> <span class='ocrx_word' id='word_1_281' title='bbox 2025 1912 2111 1978; x_wconf 91' lang='lat' dir='ltr'><strong>lis,</strong></span> <span class='ocrx_word' id='word_1_282' title='bbox 2141 1918 2195 1967; x_wconf 90' lang='lat' dir='ltr'><strong>et</strong></span> <span class='ocrx_word' id='word_1_283' title='bbox 2215 1910 2378 1965; x_wconf 90' lang='lat' dir='ltr'><strong>corde</strong></span> <span class='ocrx_word' id='word_1_284' title='bbox 2404 1905 2639 1961; x_wconf 87' lang='lat' dir='ltr'><strong>dormire</strong></span> <span class='ocrx_word' id='word_1_285' title='bbox 2659 1918 2780 1958; x_wconf 87' lang='lat' dir='ltr'><strong>cum</strong></span> <span class='ocrx_word' id='word_1_286' title='bbox 2806 1901 3000 1956; x_wconf 84' lang='lat' dir='ltr'><strong>debeat</strong></span> <span class='ocrx_word' id='word_1_287' title='bbox 3017 1898 3380 1960; x_wconf 77' lang='lat' dir='ltr'><strong>ChristianUS.</strong></span> <span class='ocrx_word' id='word_1_288' title='bbox 3408 1903 3461 1949; x_wconf 83' lang='lat' dir='ltr'><strong>et</strong></span> <span class='ocrx_word' id='word_1_289' title='bbox 3489 1907 3614 1947; x_wconf 75' lang='lat' dir='ltr'><strong>cum</strong></span> 
     </span>
    </p>
   </div>
   <div class='ocr_carea' id='block_1_34' title="bbox 343 1988 3612 2082">
    <p class='ocr_par' dir='ltr' id='par_1_34' title="bbox 343 1988 3612 2082">
     <span class='ocr_line' id='line_1_34' title="bbox 343 1988 3612 2082; baseline -0.014 0"><span class='ocrx_word' id='word_1_290' title='bbox 343 2009 641 2082; x_wconf 68' lang='grc' dir='ltr'><strong>Ρθνθαίίυτσ</strong></span> <span class='ocrx_word' id='word_1_291' title='bbox 2027 2001 2223 2057; x_wconf 89' lang='lat' dir='ltr'><strong>dormit</strong></span> <span class='ocrx_word' id='word_1_292' title='bbox 2243 1998 2435 2062; x_wconf 90' lang='lat' dir='ltr'><strong>oculis,</strong></span> <span class='ocrx_word' id='word_1_293' title='bbox 2485 1995 2650 2051; x_wconf 90' lang='lat' dir='ltr'><strong>corde</strong></span> <span class='ocrx_word' id='word_1_294' title='bbox 2688 1992 2910 2063; x_wconf 86' lang='lat' dir='ltr'><strong>vigilare</strong></span> <span class='ocrx_word' id='word_1_295' title='bbox 2939 1991 3082 2046; x_wconf 90' lang='lat' dir='ltr'><strong>sicut</strong></span> <span class='ocrx_word' id='word_1_296' title='bbox 3121 1988 3385 2057; x_wconf 88' lang='lat' dir='ltr'><strong>scriptum</strong></span> <span class='ocrx_word' id='word_1_297' title='bbox 3411 1990 3497 2038; x_wconf 88' lang='lat' dir='ltr'><strong>est</strong></span> <span class='ocrx_word' id='word_1_298' title='bbox 3545 1999 3612 2038; x_wconf 77' lang='lat' dir='ltr'><strong>cx</strong></span> 
     </span>
    </p>
   </div>
   <div class='ocr_carea' id='block_1_35' title="bbox 415 2077 1934 2165">
    <p class='ocr_par' dir='ltr' id='par_1_35' title="bbox 415 2091 1923 2165">
     <span class='ocr_line' id='line_1_35' title="bbox 415 2091 1923 2165; baseline -0.009 -7"><span class='ocrx_word' id='word_1_299' title='bbox 415 2103 474 2158; x_wconf 89' lang='lat' dir='ltr'><strong>Si</strong></span> <span class='ocrx_word' id='word_1_300' title='bbox 500 2112 630 2157; x_wconf 88' lang='lat' dir='ltr'><strong>vero</strong></span> <span class='ocrx_word' id='word_1_301' title='bbox 652 2099 794 2155; x_wconf 80' lang='lat' dir='ltr'><strong>calix</strong></span> <span class='ocrx_word' id='word_1_302' title='bbox 823 2094 1035 2152; x_wconf 89' lang='lat' dir='ltr'><strong>Domini</strong></span> <span class='ocrx_word' id='word_1_303' title='bbox 1064 2111 1170 2152; x_wconf 92' lang='lat' dir='ltr'><strong>non</strong></span> <span class='ocrx_word' id='word_1_304' title='bbox 1197 2103 1283 2151; x_wconf 91' lang='lat' dir='ltr'><strong>est</strong></span> <span class='ocrx_word' id='word_1_305' title='bbox 1309 2110 1448 2165; x_wconf 89' lang='lat' dir='ltr'><strong>aqua</strong></span> <span class='ocrx_word' id='word_1_306' title='bbox 1474 2093 1608 2158; x_wconf 91' lang='lat' dir='ltr'><strong>sola,</strong></span> <span class='ocrx_word' id='word_1_307' title='bbox 1626 2099 1716 2147; x_wconf 87' lang='lat' dir='ltr'><strong>aut</strong></span> <span class='ocrx_word' id='word_1_308' title='bbox 1737 2091 1923 2145; x_wconf 81' lang='lat' dir='ltr'><strong>viuum</strong></span> 
     </span>
    </p>
   </div>
   <div class='ocr_carea' id='block_1_36' title="bbox 2037 2077 3611 2165">
    <p class='ocr_par' dir='ltr' id='par_1_36' title="bbox 2037 2077 3611 2162">
     <span class='ocr_line' id='line_1_36' title="bbox 2037 2077 3611 2162; baseline -0.013 -15"><span class='ocrx_word' id='word_1_309' title='bbox 2037 2106 2252 2162; x_wconf 71' lang='lat' dir='ltr'><strong>persona</strong></span> <span class='ocrx_word' id='word_1_310' title='bbox 2305 2087 2558 2143; x_wconf 64' lang='lat' dir='ltr'><strong>Ecclesia:</strong></span> <span class='ocrx_word' id='word_1_311' title='bbox 2605 2084 2871 2154; x_wconf 85' lang='lat' dir='ltr'><strong>loquentis</strong></span> <span class='ocrx_word' id='word_1_312' title='bbox 2899 2084 2952 2136; x_wconf 93' lang='lat' dir='ltr'><strong>in</strong></span> <span class='ocrx_word' id='word_1_313' title='bbox 2973 2081 3199 2138; x_wconf 88' lang='lat' dir='ltr'><strong>Cantico</strong></span> <span class='ocrx_word' id='word_1_314' title='bbox 3220 2077 3562 2133; x_wconf 85' lang='lat' dir='ltr'><strong>canticorum</strong></span> <span class='ocrx_word' id='word_1_315' title='bbox 3598 2094 3611 2126; x_wconf 91' lang='lat'><strong>:</strong></span> 
     </span>
    </p>
   </div>
   <div class='ocr_carea' id='block_1_37' title="bbox 341 2186 1924 2261">
    <p class='ocr_par' dir='ltr' id='par_1_37' title="bbox 341 2186 1924 2261">
     <span class='ocr_line' id='line_1_37' title="bbox 341 2186 1924 2261; baseline -0.009 -10"><span class='ocrx_word' id='word_1_316' title='bbox 341 2196 536 2259; x_wconf 81' lang='lat' dir='ltr'><strong>solum,</strong></span> <span class='ocrx_word' id='word_1_317' title='bbox 558 2192 662 2249; x_wconf 91' lang='lat' dir='ltr'><strong>nisi</strong></span> <span class='ocrx_word' id='word_1_318' title='bbox 705 2200 994 2261; x_wconf 90' lang='lat' dir='ltr'><strong>utrumque</strong></span> <span class='ocrx_word' id='word_1_319' title='bbox 1020 2190 1121 2246; x_wconf 87' lang='lat' dir='ltr'><strong>sibi</strong></span> <span class='ocrx_word' id='word_1_320' title='bbox 1145 2190 1474 2244; x_wconf 88' lang='lat' dir='ltr'><strong>misceatur:</strong></span> <span class='ocrx_word' id='word_1_321' title='bbox 1502 2186 1775 2256; x_wconf 88' lang='lat' dir='ltr'><strong>quomodo</strong></span> <span class='ocrx_word' id='word_1_322' title='bbox 1821 2197 1924 2237; x_wconf 91' lang='lat' dir='ltr'><strong>nec</strong></span> 
     </span>
    </p>
   </div>
   <div class='ocr_carea' id='block_1_38' title="bbox 344 2273 1922 2357">
    <p class='ocr_par' dir='ltr' id='par_1_38' title="bbox 344 2273 1922 2357">
     <span class='ocr_line' id='line_1_38' title="bbox 344 2273 1922 2357; baseline -0.01 -14"><span class='ocrx_word' id='word_1_323' title='bbox 344 2301 541 2357; x_wconf 85' lang='lat' dir='ltr'><strong>corpus</strong></span> <span class='ocrx_word' id='word_1_324' title='bbox 570 2283 783 2341; x_wconf 88' lang='lat' dir='ltr'><strong>Domini</strong></span> <span class='ocrx_word' id='word_1_325' title='bbox 817 2289 994 2353; x_wconf 90' lang='lat' dir='ltr'><strong>potest</strong></span> <span class='ocrx_word' id='word_1_326' title='bbox 1018 2296 1139 2336; x_wconf 89' lang='lat' dir='ltr'><strong>esse</strong></span> <span class='ocrx_word' id='word_1_327' title='bbox 1166 2279 1336 2333; x_wconf 79' lang='lat' dir='ltr'><strong>farina</strong></span> <span class='ocrx_word' id='word_1_328' title='bbox 1369 2277 1484 2333; x_wconf 89' lang='lat' dir='ltr'><strong>sola</strong></span> <span class='ocrx_word' id='word_1_329' title='bbox 1518 2285 1612 2330; x_wconf 90' lang='lat' dir='ltr'><strong>aut</strong></span> <span class='ocrx_word' id='word_1_330' title='bbox 1640 2289 1776 2346; x_wconf 89' lang='lat' dir='ltr'><strong>aqua</strong></span> <span class='ocrx_word' id='word_1_331' title='bbox 1807 2273 1922 2329; x_wconf 86' lang='lat' dir='ltr'><strong>sola</strong></span> 
     </span>
    </p>
   </div>
   <div class='ocr_carea' id='block_1_39' title="bbox 347 2366 1926 2444">
    <p class='ocr_par' dir='ltr' id='par_1_39' title="bbox 347 2366 1926 2444">
     <span class='ocr_line' id='line_1_39' title="bbox 347 2366 1926 2444; baseline -0.009 -11"><span class='ocrx_word' id='word_1_332' title='bbox 347 2376 451 2433; x_wconf 84' lang='lat' dir='ltr'><strong>nisi</strong></span> <span class='ocrx_word' id='word_1_333' title='bbox 492 2384 785 2444; x_wconf 80' lang='lat' dir='ltr'><strong>utrumque</strong></span> <span class='ocrx_word' id='word_1_334' title='bbox 815 2373 1106 2428; x_wconf 89' lang='lat' dir='ltr'><strong>adunatum</strong></span> <span class='ocrx_word' id='word_1_335' title='bbox 1129 2369 1294 2425; x_wconf 77' lang='lat' dir='ltr'><strong>fuerit</strong></span> <span class='ocrx_word' id='word_1_336' title='bbox 1320 2378 1376 2424; x_wconf 92' lang='lat' dir='ltr'><strong>et</strong></span> <span class='ocrx_word' id='word_1_337' title='bbox 1399 2366 1725 2439; x_wconf 85' lang='lat' dir='ltr'><strong>copulatum,</strong></span> <span class='ocrx_word' id='word_1_338' title='bbox 1754 2374 1810 2421; x_wconf 90' lang='lat' dir='ltr'><strong>et</strong></span> <span class='ocrx_word' id='word_1_339' title='bbox 1831 2380 1926 2436; x_wconf 89' lang='lat' dir='ltr'><strong>pa-</strong></span> 
     </span>
    </p>
   </div>
   <div class='ocr_carea' id='block_1_40' title="bbox 353 2460 1928 2536">
    <p class='ocr_par' dir='ltr' id='par_1_40' title="bbox 353 2460 1928 2536">
     <span class='ocr_line' id='line_1_40' title="bbox 353 2460 1928 2536; baseline -0.009 -12"><span class='ocrx_word' id='word_1_340' title='bbox 353 2469 438 2523; x_wconf 87' lang='lat' dir='ltr'><strong>nis</strong></span> <span class='ocrx_word' id='word_1_341' title='bbox 450 2466 612 2523; x_wconf 77' lang='lat' dir='ltr'><strong>unius</strong></span> <span class='ocrx_word' id='word_1_342' title='bbox 626 2479 884 2536; x_wconf 84' lang='lat' dir='ltr'><strong>compage</strong></span> <span class='ocrx_word' id='word_1_343' title='bbox 903 2462 1209 2519; x_wconf 89' lang='lat' dir='ltr'><strong>solidatum.</strong></span> <span class='ocrx_word' id='word_1_344' title='bbox 1253 2460 1371 2529; x_wconf 88' lang='lat' dir='ltr'><strong>Quo</strong></span> <span class='ocrx_word' id='word_1_345' title='bbox 1385 2468 1440 2515; x_wconf 89' lang='lat' dir='ltr'><strong>et</strong></span> <span class='ocrx_word' id='word_1_346' title='bbox 1454 2460 1569 2530; x_wconf 90' lang='lat' dir='ltr'><strong>ipso</strong></span> <span class='ocrx_word' id='word_1_347' title='bbox 1587 2466 1928 2514; x_wconf 85' lang='lat' dir='ltr'><strong>sacramento</strong></span> 
     </span>
    </p>
   </div>
   <div class='ocr_carea' id='block_1_41' title="bbox 352 2550 1923 2632">
    <p class='ocr_par' dir='ltr' id='par_1_41' title="bbox 352 2550 1923 2632">
     <span class='ocr_line' id='line_1_41' title="bbox 352 2550 1923 2632; baseline -0.008 -17"><span class='ocrx_word' id='word_1_348' title='bbox 352 2559 580 2632; x_wconf 85' lang='lat' dir='ltr'><strong>populus</strong></span> <span class='ocrx_word' id='word_1_349' title='bbox 607 2564 794 2613; x_wconf 90' lang='lat' dir='ltr'><strong>noster</strong></span> <span class='ocrx_word' id='word_1_350' title='bbox 819 2554 1124 2613; x_wconf 87' lang='lat' dir='ltr'><strong>ostenditur</strong></span> <span class='ocrx_word' id='word_1_351' title='bbox 1144 2554 1434 2618; x_wconf 88' lang='lat' dir='ltr'><strong>adunatus,</strong></span> <span class='ocrx_word' id='word_1_352' title='bbox 1469 2562 1526 2607; x_wconf 86' lang='lat' dir='ltr'><strong>ut</strong></span> <span class='ocrx_word' id='word_1_353' title='bbox 1569 2550 1923 2622; x_wconf 77' lang='lat' dir='ltr'><strong>quemadmo-</strong></span> 
     </span>
    </p>
   </div>
   <div class='ocr_carea' id='block_1_42' title="bbox 354 2641 1930 2725">
    <p class='ocr_par' dir='ltr' id='par_1_42' title="bbox 354 2641 1930 2725">
     <span class='ocr_line' id='line_1_42' title="bbox 354 2641 1930 2725; baseline -0.01 -17"><span class='ocrx_word' id='word_1_354' title='bbox 354 2653 481 2708; x_wconf 87' lang='lat' dir='ltr'><strong>dum</strong></span> <span class='ocrx_word' id='word_1_355' title='bbox 506 2664 673 2725; x_wconf 84' lang='lat' dir='ltr'><strong>grana</strong></span> <span class='ocrx_word' id='word_1_356' title='bbox 701 2648 866 2706; x_wconf 87' lang='lat' dir='ltr'><strong>multa</strong></span> <span class='ocrx_word' id='word_1_357' title='bbox 895 2648 950 2703; x_wconf 91' lang='lat' dir='ltr'><strong>in</strong></span> <span class='ocrx_word' id='word_1_358' title='bbox 991 2663 1158 2702; x_wconf 90' lang='lat' dir='ltr'><strong>unum</strong></span> <span class='ocrx_word' id='word_1_359' title='bbox 1188 2645 1415 2702; x_wconf 88' lang='lat' dir='ltr'><strong>collecta</strong></span> <span class='ocrx_word' id='word_1_360' title='bbox 1439 2652 1493 2699; x_wconf 90' lang='lat' dir='ltr'><strong>et</strong></span> <span class='ocrx_word' id='word_1_361' title='bbox 1526 2641 1832 2700; x_wconf 90' lang='lat' dir='ltr'><strong>commolita</strong></span> <span class='ocrx_word' id='word_1_362' title='bbox 1874 2648 1930 2693; x_wconf 87' lang='lat' dir='ltr'><strong>et</strong></span> 
     </span>
    </p>
   </div>
   <div class='ocr_carea' id='block_1_43' title="bbox 353 2729 1930 2811">
    <p class='ocr_par' dir='ltr' id='par_1_43' title="bbox 353 2729 1930 2811">
     <span class='ocr_line' id='line_1_43' title="bbox 353 2729 1930 2811; baseline -0.011 -11"><span class='ocrx_word' id='word_1_363' title='bbox 353 2743 637 2798; x_wconf 72' lang='lat' dir='ltr'><strong>mmista</strong></span> <span class='ocrx_word' id='word_1_364' title='bbox 679 2753 873 2811; x_wconf 86' lang='lat' dir='ltr'><strong>panem</strong></span> <span class='ocrx_word' id='word_1_365' title='bbox 899 2753 1064 2792; x_wconf 87' lang='lat' dir='ltr'><strong>unum</strong></span> <span class='ocrx_word' id='word_1_366' title='bbox 1090 2735 1294 2792; x_wconf 82' lang='lat' dir='ltr'><strong>faciunt</strong></span> <span class='ocrx_word' id='word_1_367' title='bbox 1319 2751 1334 2790; x_wconf 88' lang='lat'><strong>:</strong></span> <span class='ocrx_word' id='word_1_368' title='bbox 1363 2736 1442 2791; x_wconf 87' lang='lat' dir='ltr'><strong>sic</strong></span> <span class='ocrx_word' id='word_1_369' title='bbox 1492 2736 1544 2789; x_wconf 91' lang='lat' dir='ltr'><strong>in</strong></span> <span class='ocrx_word' id='word_1_370' title='bbox 1573 2732 1807 2793; x_wconf 88' lang='lat' dir='ltr'><strong>Christo,</strong></span> <span class='ocrx_word' id='word_1_371' title='bbox 1838 2729 1930 2799; x_wconf 90' lang='lat' dir='ltr'><strong>qui</strong></span> 
     </span>
    </p>
   </div>
   <div class='ocr_carea' id='block_1_44' title="bbox 352 2823 1931 2904">
    <p class='ocr_par' dir='ltr' id='par_1_44' title="bbox 352 2823 1931 2904">
     <span class='ocr_line' id='line_1_44' title="bbox 352 2823 1931 2904; baseline -0.008 -16"><span class='ocrx_word' id='word_1_372' title='bbox 352 2842 438 2888; x_wconf 86' lang='lat' dir='ltr'><strong>est</strong></span> <span class='ocrx_word' id='word_1_373' title='bbox 461 2832 620 2904; x_wconf 87' lang='lat' dir='ltr'><strong>panis</strong></span> <span class='ocrx_word' id='word_1_374' title='bbox 646 2829 885 2887; x_wconf 76' lang='lat' dir='ltr'><strong>etelestis</strong></span> <span class='ocrx_word' id='word_1_375' title='bbox 899 2843 1064 2883; x_wconf 87' lang='lat' dir='ltr'><strong>unum</strong></span> <span class='ocrx_word' id='word_1_376' title='bbox 1091 2827 1294 2883; x_wconf 89' lang='lat' dir='ltr'><strong>scimus</strong></span> <span class='ocrx_word' id='word_1_377' title='bbox 1315 2840 1438 2881; x_wconf 88' lang='lat' dir='ltr'><strong>esse</strong></span> <span class='ocrx_word' id='word_1_378' title='bbox 1463 2840 1676 2896; x_wconf 89' lang='lat' dir='ltr'><strong>corpus,</strong></span> <span class='ocrx_word' id='word_1_379' title='bbox 1704 2823 1931 2878; x_wconf 88' lang='lat' dir='ltr'><strong>cuicon—</strong></span> 
     </span>
    </p>
   </div>
   <div class='ocr_carea' id='block_1_45' title="bbox 349 2901 1929 2993">
    <p class='ocr_par' dir='ltr' id='par_1_45' title="bbox 349 2901 1929 2993">
     <span class='ocr_line' id='line_1_45' title="bbox 349 2901 1929 2993; baseline -0.008 -13"><span class='ocrx_word' id='word_1_380' title='bbox 349 2901 573 2993; x_wconf 71' lang='lat' dir='ltr'><strong>iunetus</strong></span> <span class='ocrx_word' id='word_1_381' title='bbox 595 2922 668 2977; x_wconf 90' lang='lat' dir='ltr'><strong>sit</strong></span> <span class='ocrx_word' id='word_1_382' title='bbox 695 2927 881 2975; x_wconf 86' lang='lat' dir='ltr'><strong>uoster</strong></span> <span class='ocrx_word' id='word_1_383' title='bbox 899 2932 1159 2973; x_wconf 88' lang='lat' dir='ltr'><strong>numerus</strong></span> <span class='ocrx_word' id='word_1_384' title='bbox 1192 2927 1249 2973; x_wconf 90' lang='lat' dir='ltr'><strong>et</strong></span> <span class='ocrx_word' id='word_1_385' title='bbox 1270 2917 1557 2971; x_wconf 84' lang='lat' dir='ltr'><strong>adunatus.</strong></span> <span class='ocrx_word' id='word_1_386' title='bbox 1607 2901 1796 2970; x_wconf 71' lang='lat' dir='ltr'><strong>Omnis</strong></span> <span class='ocrx_word' id='word_1_387' title='bbox 1830 2928 1929 2984; x_wconf 89' lang='lat' dir='ltr'><strong>po-</strong></span> 
     </span>
    </p>
   </div>
   <div class='ocr_carea' id='block_1_46' title="bbox 356 3004 1933 3081">
    <p class='ocr_par' dir='ltr' id='par_1_46' title="bbox 356 3004 1933 3081">
     <span class='ocr_line' id='line_1_46' title="bbox 356 3004 1933 3081; baseline -0.008 -12"><span class='ocrx_word' id='word_1_388' title='bbox 356 3012 513 3081; x_wconf 78' lang='lat' dir='ltr'><strong>puius</strong></span> <span class='ocrx_word' id='word_1_389' title='bbox 556 3013 769 3067; x_wconf 85' lang='lat' dir='ltr'><strong>intrans</strong></span> <span class='ocrx_word' id='word_1_390' title='bbox 801 3009 1108 3073; x_wconf 86' lang='lat' dir='ltr'><strong>ecclesiam,</strong></span> <span class='ocrx_word' id='word_1_391' title='bbox 1138 3007 1296 3063; x_wconf 85' lang='lat' dir='ltr'><strong>debet</strong></span> <span class='ocrx_word' id='word_1_392' title='bbox 1341 3007 1670 3062; x_wconf 88' lang='lat' dir='ltr'><strong>sacriﬁcium</strong></span> <span class='ocrx_word' id='word_1_393' title='bbox 1712 3004 1822 3059; x_wconf 88' lang='lat' dir='ltr'><strong>Deo</strong></span> <span class='ocrx_word' id='word_1_394' title='bbox 1851 3004 1933 3057; x_wconf 75' lang='grc' dir='ltr'><strong>οι·-</strong></span> 
     </span>
    </p>
   </div>
   <div class='ocr_carea' id='block_1_47' title="bbox 358 3096 1931 3168">
    <p class='ocr_par' dir='ltr' id='par_1_47' title="bbox 358 3096 1931 3168">
     <span class='ocr_line' id='line_1_47' title="bbox 358 3096 1931 3168; baseline -0.006 -8"><span class='ocrx_word' id='word_1_395' title='bbox 358 3103 501 3159; x_wconf 71' lang='lat' dir='ltr'><strong>ferre</strong></span> <span class='ocrx_word' id='word_1_396' title='bbox 532 3118 548 3157; x_wconf 91' lang='lat'><strong>:</strong></span> <span class='ocrx_word' id='word_1_397' title='bbox 585 3101 655 3157; x_wconf 80' lang='lat' dir='ltr'><strong>At</strong></span> <span class='ocrx_word' id='word_1_398' title='bbox 676 3108 951 3164; x_wconf 87' lang='lat' dir='ltr'><strong>cantores,</strong></span> <span class='ocrx_word' id='word_1_399' title='bbox 965 3097 1056 3168; x_wconf 88' lang='lat' dir='ltr'><strong>qui</strong></span> <span class='ocrx_word' id='word_1_400' title='bbox 1085 3106 1210 3154; x_wconf 90' lang='lat' dir='ltr'><strong>sunt</strong></span> <span class='ocrx_word' id='word_1_401' title='bbox 1228 3112 1425 3168; x_wconf 78' lang='lat' dir='ltr'><strong>genere</strong></span> <span class='ocrx_word' id='word_1_402' title='bbox 1450 3096 1780 3159; x_wconf 87' lang='lat' dir='ltr'><strong>Levitarum,</strong></span> <span class='ocrx_word' id='word_1_403' title='bbox 1803 3111 1931 3166; x_wconf 85' lang='lat' dir='ltr'><strong>pro-</strong></span> 
     </span>
    </p>
   </div>
   <div class='ocr_carea' id='block_1_48' title="bbox 2031 2169 3618 2258">
    <p class='ocr_par' dir='ltr' id='par_1_48' title="bbox 2031 2169 3618 2258">
     <span class='ocr_line' id='line_1_48' title="bbox 2031 2169 3618 2258; baseline -0.013 -16"><span class='ocrx_word' id='word_1_404' title='bbox 2031 2188 2138 2258; x_wconf 74' lang='lat' dir='ltr'><strong>Ego</strong></span> <span class='ocrx_word' id='word_1_405' title='bbox 2165 2187 2387 2245; x_wconf 86' lang='lat' dir='ltr'><strong>dormio,</strong></span> <span class='ocrx_word' id='word_1_406' title='bbox 2414 2192 2461 2237; x_wconf 86' lang='lat' dir='ltr'><strong>et</strong></span> <span class='ocrx_word' id='word_1_407' title='bbox 2490 2199 2582 2235; x_wconf 83' lang='lat' dir='ltr'><strong>cor</strong></span> <span class='ocrx_word' id='word_1_408' title='bbox 2600 2196 2769 2235; x_wconf 86' lang='lat' dir='ltr'><strong>meum</strong></span> <span class='ocrx_word' id='word_1_409' title='bbox 2802 2176 2984 2247; x_wconf 71' lang='lat' dir='ltr'><strong>vigilat</strong></span> <span class='ocrx_word' id='word_1_410' title='bbox 3029 2173 3208 2248; x_wconf 84' lang='lat' dir='ltr'><strong>(Cant.</strong></span> <span class='ocrx_word' id='word_1_411' title='bbox 3237 2172 3318 2243; x_wconf 70' lang='grc' dir='ltr'><strong>ν).</strong></span> <span class='ocrx_word' id='word_1_412' title='bbox 3372 2169 3618 2238; x_wconf 79' lang='lat' dir='ltr'><strong>Quapro-</strong></span> 
     </span>
    </p>
   </div>
   <div class='ocr_carea' id='block_1_49' title="bbox 2025 2258 3613 2347">
    <p class='ocr_par' dir='ltr' id='par_1_49' title="bbox 2025 2258 3613 2347">
     <span class='ocr_line' id='line_1_49' title="bbox 2025 2258 3613 2347; baseline -0.013 -15"><span class='ocrx_word' id='word_1_413' title='bbox 2025 2286 2147 2347; x_wconf 90' lang='lat' dir='ltr'><strong>pter</strong></span> <span class='ocrx_word' id='word_1_414' title='bbox 2197 2274 2426 2330; x_wconf 88' lang='lat' dir='ltr'><strong>sollicite</strong></span> <span class='ocrx_word' id='word_1_415' title='bbox 2472 2280 2527 2328; x_wconf 86' lang='lat' dir='ltr'><strong>et</strong></span> <span class='ocrx_word' id='word_1_416' title='bbox 2567 2278 2725 2326; x_wconf 90' lang='lat' dir='ltr'><strong>caute</strong></span> <span class='ocrx_word' id='word_1_417' title='bbox 2770 2266 3057 2337; x_wconf 80' lang='lat' dir='ltr'><strong>Apostolus</strong></span> <span class='ocrx_word' id='word_1_418' title='bbox 3089 2258 3349 2319; x_wconf 82' lang='lat' dir='ltr'><strong>admonet</strong></span> <span class='ocrx_word' id='word_1_419' title='bbox 3385 2260 3613 2316; x_wconf 87' lang='lat' dir='ltr'><strong>dicens:</strong></span> 
     </span>
    </p>
   </div>
   <div class='ocr_carea' id='block_1_50' title="bbox 2027 2354 3621 2430">
    <p class='ocr_par' dir='ltr' id='par_1_50' title="bbox 2027 2354 3621 2430">
     <span class='ocr_line' id='line_1_50' title="bbox 2027 2354 3621 2430; baseline -0.01 -9"><span class='ocrx_word' id='word_1_420' title='bbox 2027 2366 2292 2421; x_wconf 70' lang='lat' dir='ltr'><strong>Instantcs</strong></span> <span class='ocrx_word' id='word_1_421' title='bbox 2318 2362 2565 2427; x_wconf 83' lang='lat' dir='ltr'><strong>orationi,</strong></span> <span class='ocrx_word' id='word_1_422' title='bbox 2595 2358 2866 2430; x_wconf 71' lang='lat' dir='ltr'><strong>vigilantes</strong></span> <span class='ocrx_word' id='word_1_423' title='bbox 2916 2358 2973 2410; x_wconf 83' lang='lat' dir='ltr'><strong>in</strong></span> <span class='ocrx_word' id='word_1_424' title='bbox 3017 2372 3078 2409; x_wconf 84' lang='lat' dir='ltr'><strong>ea</strong></span> <span class='ocrx_word' id='word_1_425' title='bbox 3127 2354 3264 2426; x_wconf 84' lang='lat' dir='ltr'><strong>(Col.</strong></span> <span class='ocrx_word' id='word_1_426' title='bbox 3302 2355 3375 2427; x_wconf 76' lang='lat' dir='ltr'><strong>iv)</strong></span> <span class='ocrx_word' id='word_1_427' title='bbox 3417 2354 3621 2408; x_wconf 82' lang='lat' dir='ltr'><strong>docens</strong></span> 
     </span>
    </p>
   </div>
   <div class='ocr_carea' id='block_1_51' title="bbox 2027 2444 3619 2520">
    <p class='ocr_par' dir='ltr' id='par_1_51' title="bbox 2027 2444 3619 2520">
     <span class='ocr_line' id='line_1_51' title="bbox 2027 2444 3619 2520; baseline -0.009 -5"><span class='ocrx_word' id='word_1_428' title='bbox 2027 2459 2251 2520; x_wconf 81' lang='lat' dir='ltr'><strong>scilicet,</strong></span> <span class='ocrx_word' id='word_1_429' title='bbox 2302 2463 2357 2511; x_wconf 91' lang='lat' dir='ltr'><strong>et</strong></span> <span class='ocrx_word' id='word_1_430' title='bbox 2383 2453 2670 2509; x_wconf 82' lang='lat' dir='ltr'><strong>ostendens</strong></span> <span class='ocrx_word' id='word_1_431' title='bbox 2697 2464 2791 2505; x_wconf 91' lang='lat' dir='ltr'><strong>eos</strong></span> <span class='ocrx_word' id='word_1_432' title='bbox 2832 2450 3125 2519; x_wconf 88' lang='lat' dir='ltr'><strong>impetrare</strong></span> <span class='ocrx_word' id='word_1_433' title='bbox 3152 2448 3294 2518; x_wconf 85' lang='lat' dir='ltr'><strong>quod</strong></span> <span class='ocrx_word' id='word_1_434' title='bbox 3345 2444 3619 2515; x_wconf 87' lang='lat' dir='ltr'><strong>postulant</strong></span> 
     </span>
    </p>
   </div>
   <div class='ocr_carea' id='block_1_52' title="bbox 2028 2536 3614 2616">
    <p class='ocr_par' dir='ltr' id='par_1_52' title="bbox 2028 2536 3614 2616">
     <span class='ocr_line' id='line_1_52' title="bbox 2028 2536 3614 2616; baseline -0.01 -12"><span class='ocrx_word' id='word_1_435' title='bbox 2028 2550 2094 2604; x_wconf 89' lang='lat' dir='ltr'><strong>de</strong></span> <span class='ocrx_word' id='word_1_436' title='bbox 2115 2563 2181 2603; x_wconf 93' lang='lat' dir='ltr'><strong>eo</strong></span> <span class='ocrx_word' id='word_1_437' title='bbox 2206 2559 2389 2616; x_wconf 87' lang='lat' dir='ltr'><strong>posse,</strong></span> <span class='ocrx_word' id='word_1_438' title='bbox 2417 2556 2555 2613; x_wconf 90' lang='lat' dir='ltr'><strong>quos</strong></span> <span class='ocrx_word' id='word_1_439' title='bbox 2604 2541 2746 2596; x_wconf 88' lang='lat' dir='ltr'><strong>Deus</strong></span> <span class='ocrx_word' id='word_1_440' title='bbox 2772 2538 2954 2594; x_wconf 81' lang='lat' dir='ltr'><strong>videat</strong></span> <span class='ocrx_word' id='word_1_441' title='bbox 2980 2538 3034 2592; x_wconf 90' lang='lat' dir='ltr'><strong>in</strong></span> <span class='ocrx_word' id='word_1_442' title='bbox 3073 2537 3320 2593; x_wconf 88' lang='lat' dir='ltr'><strong>oratione</strong></span> <span class='ocrx_word' id='word_1_443' title='bbox 3371 2536 3614 2607; x_wconf 76' lang='lat' dir='ltr'><strong>vigilare.</strong></span> 
     </span>
    </p>
   </div>
   <div class='ocr_carea' id='block_1_53' title="bbox 2029 2628 3623 2698">
    <p class='ocr_par' dir='ltr' id='par_1_53' title="bbox 2029 2628 3623 2698">
     <span class='ocr_line' id='line_1_53' title="bbox 2029 2628 3623 2698; baseline -0.01 -3"><span class='ocrx_word' id='word_1_444' title='bbox 2029 2637 2260 2695; x_wconf 75' lang='lat' dir='ltr'><strong>Orontes</strong></span> <span class='ocrx_word' id='word_1_445' title='bbox 2302 2644 2503 2698; x_wconf 87' lang='lat' dir='ltr'><strong>autem,</strong></span> <span class='ocrx_word' id='word_1_446' title='bbox 2532 2648 2639 2688; x_wconf 90' lang='lat' dir='ltr'><strong>non</strong></span> <span class='ocrx_word' id='word_1_447' title='bbox 2685 2633 2738 2686; x_wconf 92' lang='lat' dir='ltr'><strong>in</strong></span> <span class='ocrx_word' id='word_1_448' title='bbox 2788 2629 3082 2686; x_wconf 73' lang='lat' dir='ltr'><strong>fructuosis</strong></span> <span class='ocrx_word' id='word_1_449' title='bbox 3103 2636 3157 2684; x_wconf 88' lang='lat' dir='ltr'><strong>et</strong></span> <span class='ocrx_word' id='word_1_450' title='bbox 3180 2630 3340 2684; x_wconf 89' lang='lat' dir='ltr'><strong>nudis</strong></span> <span class='ocrx_word' id='word_1_451' title='bbox 3366 2628 3623 2698; x_wconf 86' lang='lat' dir='ltr'><strong>precibus</strong></span> 
     </span>
    </p>
   </div>
   <div class='ocr_carea' id='block_1_54' title="bbox 2030 2719 3624 2790">
    <p class='ocr_par' dir='ltr' id='par_1_54' title="bbox 2030 2719 3624 2790">
     <span class='ocr_line' id='line_1_54' title="bbox 2030 2719 3624 2790; baseline -0.008 -6"><span class='ocrx_word' id='word_1_452' title='bbox 2030 2729 2098 2784; x_wconf 88' lang='lat' dir='ltr'><strong>ad</strong></span> <span class='ocrx_word' id='word_1_453' title='bbox 2126 2727 2296 2782; x_wconf 89' lang='lat' dir='ltr'><strong>Deum</strong></span> <span class='ocrx_word' id='word_1_454' title='bbox 2324 2725 2561 2779; x_wconf 78' lang='lat' dir='ltr'><strong>veniant.</strong></span> <span class='ocrx_word' id='word_1_455' title='bbox 2633 2719 2881 2776; x_wconf 78' lang='lat' dir='ltr'><strong>lneﬁ‘tcax</strong></span> <span class='ocrx_word' id='word_1_456' title='bbox 2918 2720 3110 2790; x_wconf 85' lang='lat' dir='ltr'><strong>petitio</strong></span> <span class='ocrx_word' id='word_1_457' title='bbox 3135 2728 3243 2783; x_wconf 91' lang='lat' dir='ltr'><strong>est,</strong></span> <span class='ocrx_word' id='word_1_458' title='bbox 3273 2733 3402 2773; x_wconf 91' lang='lat' dir='ltr'><strong>cum</strong></span> <span class='ocrx_word' id='word_1_459' title='bbox 3431 2731 3624 2787; x_wconf 80' lang='lat' dir='ltr'><strong>preca-</strong></span> 
     </span>
    </p>
   </div>
   <div class='ocr_carea' id='block_1_55' title="bbox 2032 2809 3629 2875">
    <p class='ocr_par' dir='ltr' id='par_1_55' title="bbox 2032 2809 3629 2875">
     <span class='ocr_line' id='line_1_55' title="bbox 2032 2809 3629 2875; baseline -0.007 0"><span class='ocrx_word' id='word_1_460' title='bbox 2032 2828 2120 2875; x_wconf 90' lang='lat' dir='ltr'><strong>tur</strong></span> <span class='ocrx_word' id='word_1_461' title='bbox 2157 2820 2325 2874; x_wconf 88' lang='lat' dir='ltr'><strong>Deum</strong></span> <span class='ocrx_word' id='word_1_462' title='bbox 2351 2815 2552 2871; x_wconf 86' lang='lat' dir='ltr'><strong>sterilis</strong></span> <span class='ocrx_word' id='word_1_463' title='bbox 2572 2813 2769 2869; x_wconf 85' lang='lat' dir='ltr'><strong>oratio.</strong></span> <span class='ocrx_word' id='word_1_464' title='bbox 2822 2812 2957 2865; x_wconf 79' lang='lat' dir='ltr'><strong>Nam</strong></span> <span class='ocrx_word' id='word_1_465' title='bbox 2985 2824 3106 2867; x_wconf 90' lang='lat' dir='ltr'><strong>cum</strong></span> <span class='ocrx_word' id='word_1_466' title='bbox 3132 2809 3302 2864; x_wconf 79' lang='lat' dir='ltr'><strong>omnis</strong></span> <span class='ocrx_word' id='word_1_467' title='bbox 3331 2810 3493 2863; x_wconf 80' lang='lat' dir='ltr'><strong>arbor</strong></span> <span class='ocrx_word' id='word_1_468' title='bbox 3520 2825 3629 2864; x_wconf 72' lang='lat' dir='ltr'><strong>non</strong></span> 
     </span>
    </p>
   </div>
   <div class='ocr_carea' id='block_1_56' title="bbox 2033 2902 3625 2981">
    <p class='ocr_par' dir='ltr' id='par_1_56' title="bbox 2033 2902 3625 2981">
     <span class='ocr_line' id='line_1_56' title="bbox 2033 2902 3625 2981; baseline -0.009 -16"><span class='ocrx_word' id='word_1_469' title='bbox 2033 2912 2231 2981; x_wconf 79' lang='lat' dir='ltr'><strong>faciens</strong></span> <span class='ocrx_word' id='word_1_470' title='bbox 2281 2908 2543 2978; x_wconf 76' lang='lat' dir='ltr'><strong>fructum,</strong></span> <span class='ocrx_word' id='word_1_471' title='bbox 2591 2905 2869 2959; x_wconf 74' lang='lat' dir='ltr'><strong>excidatur</strong></span> <span class='ocrx_word' id='word_1_472' title='bbox 2894 2943 2911 2969; x_wconf 93' lang='lat'><strong>,</strong></span> <span class='ocrx_word' id='word_1_473' title='bbox 2956 2913 3007 2957; x_wconf 85' lang='lat' dir='ltr'><strong>et</strong></span> <span class='ocrx_word' id='word_1_474' title='bbox 3056 2904 3111 2957; x_wconf 85' lang='lat' dir='ltr'><strong>in</strong></span> <span class='ocrx_word' id='word_1_475' title='bbox 3170 2903 3339 2973; x_wconf 82' lang='lat' dir='ltr'><strong>ignem</strong></span> <span class='ocrx_word' id='word_1_476' title='bbox 3384 2902 3625 2955; x_wconf 71' lang='lat' dir='ltr'><strong>mittatur</strong></span> 
     </span>
    </p>
   </div>
   <div class='ocr_carea' id='block_1_57' title="bbox 2036 2993 3624 3077">
    <p class='ocr_par' dir='ltr' id='par_1_57' title="bbox 2036 2993 3624 3077">
     <span class='ocr_line' id='line_1_57' title="bbox 2036 2993 3624 3077; baseline -0.007 -19"><span class='ocrx_word' id='word_1_477' title='bbox 2036 3003 2252 3077; x_wconf 69' lang='lat' dir='ltr'><strong>(Matth.</strong></span> <span class='ocrx_word' id='word_1_478' title='bbox 2280 3017 2341 3057; x_wconf 85' lang='grc' dir='ltr'>ιιι</span> <span class='ocrx_word' id='word_1_479' title='bbox 2365 3010 2420 3056; x_wconf 89' lang='lat' dir='ltr'><strong>et.</strong></span> <span class='ocrx_word' id='word_1_480' title='bbox 2449 2999 2548 3070; x_wconf 84' lang='lat' dir='ltr'><strong>vn)</strong></span> <span class='ocrx_word' id='word_1_481' title='bbox 2573 3016 2587 3053; x_wconf 88' lang='lat'><strong>:</strong></span> <span class='ocrx_word' id='word_1_482' title='bbox 2636 3000 2820 3068; x_wconf 87' lang='lat' dir='ltr'><strong>utique</strong></span> <span class='ocrx_word' id='word_1_483' title='bbox 2848 3003 2904 3051; x_wconf 90' lang='lat' dir='ltr'><strong>et</strong></span> <span class='ocrx_word' id='word_1_484' title='bbox 2926 3010 3106 3051; x_wconf 88' lang='lat' dir='ltr'><strong>sermo</strong></span> <span class='ocrx_word' id='word_1_485' title='bbox 3134 3010 3239 3050; x_wconf 90' lang='lat' dir='ltr'><strong>non</strong></span> <span class='ocrx_word' id='word_1_486' title='bbox 3275 2995 3484 3049; x_wconf 76' lang='lat' dir='ltr'><strong>habens</strong></span> <span class='ocrx_word' id='word_1_487' title='bbox 3514 2993 3624 3048; x_wconf 78' lang='lat' dir='ltr'><strong>fru-</strong></span> 
     </span>
    </p>
   </div>
   <div class='ocr_carea' id='block_1_58' title="bbox 2037 3086 3628 3166">
    <p class='ocr_par' dir='ltr' id='par_1_58' title="bbox 2037 3086 3628 3166">
     <span class='ocr_line' id='line_1_58' title="bbox 2037 3086 3628 3166; baseline -0.008 -14"><span class='ocrx_word' id='word_1_488' title='bbox 2037 3105 2182 3152; x_wconf 89' lang='lat' dir='ltr'><strong>ctum</strong></span> <span class='ocrx_word' id='word_1_489' title='bbox 2202 3093 2503 3166; x_wconf 86' lang='lat' dir='ltr'><strong>promereri</strong></span> <span class='ocrx_word' id='word_1_490' title='bbox 2543 3090 2710 3146; x_wconf 91' lang='lat' dir='ltr'><strong>Deum</strong></span> <span class='ocrx_word' id='word_1_491' title='bbox 2740 3105 2847 3145; x_wconf 92' lang='lat' dir='ltr'><strong>non</strong></span> <span class='ocrx_word' id='word_1_492' title='bbox 2868 3096 3067 3159; x_wconf 85' lang='lat' dir='ltr'><strong>potest,</strong></span> <span class='ocrx_word' id='word_1_493' title='bbox 3097 3089 3223 3158; x_wconf 86' lang='lat' dir='ltr'><strong>quia</strong></span> <span class='ocrx_word' id='word_1_494' title='bbox 3256 3086 3401 3142; x_wconf 81' lang='lat' dir='ltr'><strong>nulla</strong></span> <span class='ocrx_word' id='word_1_495' title='bbox 3439 3101 3628 3157; x_wconf 77' lang='lat' dir='ltr'><strong>opera-</strong></span> 
     </span>
    </p>
   </div>
   <div class='ocr_carea' id='block_1_59' title="bbox 362 3155 3629 3263">
    <p class='ocr_par' dir='ltr' id='par_1_59' title="bbox 362 3155 3629 3263">
     <span class='ocr_line' id='line_1_59' title="bbox 362 3155 3629 3263; baseline -0.005 -15"><span class='ocrx_word' id='word_1_496' title='bbox 362 3201 482 3263; x_wconf 78' lang='lat' dir='ltr'><strong>pter</strong></span> <span class='ocrx_word' id='word_1_497' title='bbox 505 3191 792 3247; x_wconf 85' lang='lat' dir='ltr'><strong>instantem</strong></span> <span class='ocrx_word' id='word_1_498' title='bbox 817 3155 1194 3244; x_wconf 73' lang='lat' dir='ltr'><strong>necessitatem</strong></span> <span class='ocrx_word' id='word_1_499' title='bbox 1216 3155 1487 3251; x_wconf 70' lang='lat' dir='ltr'><strong>cantandi,</strong></span> <span class='ocrx_word' id='word_1_500' title='bbox 1519 3200 1623 3241; x_wconf 92' lang='lat' dir='ltr'><strong>non</strong></span> <span class='ocrx_word' id='word_1_501' title='bbox 1649 3155 1848 3240; x_wconf 78' lang='lat' dir='ltr'><strong>habent</strong></span> <span class='ocrx_word' id='word_1_502' title='bbox 1868 3185 1935 3239; x_wconf 89' lang='lat' dir='ltr'><strong>li-</strong></span> <span class='ocrx_word' id='word_1_503' title='bbox 1962 3155 2007 3216; x_wconf 62' lang='grc' dir='ltr'><strong>δ</strong></span> <span class='ocrx_word' id='word_1_504' title='bbox 2043 3187 2189 3241; x_wconf 88' lang='lat' dir='ltr'><strong>tione</strong></span> <span class='ocrx_word' id='word_1_505' title='bbox 2204 3155 2483 3239; x_wconf 47' lang='lat' dir='ltr'><strong>.fecundus</strong></span> <span class='ocrx_word' id='word_1_506' title='bbox 2511 3190 2613 3237; x_wconf 90' lang='lat' dir='ltr'><strong>est.</strong></span> <span class='ocrx_word' id='word_1_507' title='bbox 2664 3180 2733 3235; x_wconf 84' lang='lat' dir='ltr'><strong>Et</strong></span> <span class='ocrx_word' id='word_1_508' title='bbox 2763 3155 2965 3235; x_wconf 81' lang='lat' dir='ltr'><strong>idcirco</strong></span> <span class='ocrx_word' id='word_1_509' title='bbox 3004 3155 3283 3249; x_wconf 78' lang='lat' dir='ltr'><strong>Scriptura</strong></span> <span class='ocrx_word' id='word_1_510' title='bbox 3324 3155 3509 3232; x_wconf 66' lang='lat' dir='ltr'><strong>divina</strong></span> <span class='ocrx_word' id='word_1_511' title='bbox 3546 3178 3629 3232; x_wconf 80' lang='lat' dir='ltr'><strong>in-</strong></span> 
     </span>
    </p>
   </div>
   <div class='ocr_carea' id='block_1_60' title="bbox 364 3272 1941 3347">
    <p class='ocr_par' dir='ltr' id='par_1_60' title="bbox 364 3272 1941 3347">
     <span class='ocr_line' id='line_1_60' title="bbox 364 3272 1941 3347; baseline -0.005 -11"><span class='ocrx_word' id='word_1_512' title='bbox 364 3278 600 3337; x_wconf 83' lang='lat' dir='ltr'><strong>centiam</strong></span> <span class='ocrx_word' id='word_1_513' title='bbox 634 3280 740 3334; x_wconf 89' lang='lat' dir='ltr'><strong>huc</strong></span> <span class='ocrx_word' id='word_1_514' title='bbox 760 3277 992 3346; x_wconf 83' lang='lat' dir='ltr'><strong>illucque</strong></span> <span class='ocrx_word' id='word_1_515' title='bbox 1028 3275 1461 3341; x_wconf 89' lang='lat' dir='ltr'><strong>discurrendi,ut</strong></span> <span class='ocrx_word' id='word_1_516' title='bbox 1495 3275 1691 3347; x_wconf 87' lang='lat' dir='ltr'><strong>singuli</strong></span> <span class='ocrx_word' id='word_1_517' title='bbox 1710 3272 1941 3331; x_wconf 80' lang='lat' dir='ltr'><strong>offerant</strong></span> 
     </span>
    </p>
   </div>
   <div class='ocr_carea' id='block_1_61' title="bbox 363 3366 1941 3437">
    <p class='ocr_par' dir='ltr' id='par_1_61' title="bbox 363 3366 1941 3437">
     <span class='ocr_line' id='line_1_61' title="bbox 363 3366 1941 3437; baseline -0.003 -12"><span class='ocrx_word' id='word_1_518' title='bbox 363 3386 487 3427; x_wconf 83' lang='lat' dir='ltr'><strong>cum</strong></span> <span class='ocrx_word' id='word_1_519' title='bbox 504 3369 737 3425; x_wconf 67' lang='lat' dir='ltr'><strong>«cteris.</strong></span> <span class='ocrx_word' id='word_1_520' title='bbox 789 3367 1065 3423; x_wconf 87' lang='lat' dir='ltr'><strong>Statutum</strong></span> <span class='ocrx_word' id='word_1_521' title='bbox 1101 3374 1186 3422; x_wconf 85' lang='lat' dir='ltr'><strong>est</strong></span> <span class='ocrx_word' id='word_1_522' title='bbox 1210 3367 1316 3433; x_wconf 88' lang='lat' dir='ltr'><strong>eis,</strong></span> <span class='ocrx_word' id='word_1_523' title='bbox 1342 3375 1406 3422; x_wconf 85' lang='lat' dir='ltr'><strong>ut</strong></span> <span class='ocrx_word' id='word_1_524' title='bbox 1438 3367 1655 3437; x_wconf 79' lang='lat' dir='ltr'><strong>penitus</strong></span> <span class='ocrx_word' id='word_1_525' title='bbox 1688 3382 1796 3421; x_wconf 90' lang='lat' dir='ltr'><strong>non</strong></span> <span class='ocrx_word' id='word_1_526' title='bbox 1832 3366 1941 3421; x_wconf 89' lang='lat' dir='ltr'><strong>sint</strong></span> 
     </span>
    </p>
   </div>
   <div class='ocr_carea' id='block_1_62' title="bbox 362 3457 1939 3528">
    <p class='ocr_par' dir='ltr' id='par_1_62' title="bbox 362 3457 1939 3528">
     <span class='ocr_line' id='line_1_62' title="bbox 362 3457 1939 3528; baseline -0.004 -10"><span class='ocrx_word' id='word_1_527' title='bbox 362 3470 609 3519; x_wconf 80' lang='lat' dir='ltr'><strong>extorres</strong></span> <span class='ocrx_word' id='word_1_528' title='bbox 634 3475 667 3515; x_wconf 91' lang='lat' dir='ltr'><strong>a</strong></span> <span class='ocrx_word' id='word_1_529' title='bbox 700 3458 987 3524; x_wconf 87' lang='lat' dir='ltr'><strong>sacriﬁcio,</strong></span> <span class='ocrx_word' id='word_1_530' title='bbox 1014 3458 1290 3514; x_wconf 88' lang='lat' dir='ltr'><strong>custodire</strong></span> <span class='ocrx_word' id='word_1_531' title='bbox 1314 3472 1510 3528; x_wconf 92' lang='lat' dir='ltr'><strong>aquam</strong></span> <span class='ocrx_word' id='word_1_532' title='bbox 1535 3464 1590 3512; x_wconf 88' lang='lat' dir='ltr'><strong>et</strong></span> <span class='ocrx_word' id='word_1_533' title='bbox 1611 3457 1752 3512; x_wconf 88' lang='lat' dir='ltr'><strong>hanc</strong></span> <span class='ocrx_word' id='word_1_534' title='bbox 1777 3471 1939 3511; x_wconf 88' lang='lat' dir='ltr'><strong>unam</strong></span> 
     </span>
    </p>
   </div>
   <div class='ocr_carea' id='block_1_63' title="bbox 362 3547 1942 3623">
    <p class='ocr_par' dir='ltr' id='par_1_63' title="bbox 362 3547 1942 3623">
     <span class='ocr_line' id='line_1_63' title="bbox 362 3547 1942 3623; baseline -0.004 -14"><span class='ocrx_word' id='word_1_535' title='bbox 362 3553 561 3609; x_wconf 72' lang='lat' dir='ltr'><strong>offerre</strong></span> <span class='ocrx_word' id='word_1_536' title='bbox 582 3567 685 3623; x_wconf 86' lang='lat' dir='ltr'><strong>pro</strong></span> <span class='ocrx_word' id='word_1_537' title='bbox 716 3550 949 3607; x_wconf 65' lang='lat' dir='ltr'><strong>caeteris.</strong></span> <span class='ocrx_word' id='word_1_538' title='bbox 1008 3549 1245 3620; x_wconf 84' lang='lat' dir='ltr'><strong>Populus</strong></span> <span class='ocrx_word' id='word_1_539' title='bbox 1268 3547 1424 3604; x_wconf 79' lang='lat' dir='ltr'><strong>oﬁ&#39;ert</strong></span> <span class='ocrx_word' id='word_1_540' title='bbox 1449 3549 1656 3615; x_wconf 89' lang='lat' dir='ltr'><strong>vinum,</strong></span> <span class='ocrx_word' id='word_1_541' title='bbox 1689 3556 1942 3604; x_wconf 85' lang='lat' dir='ltr'><strong>cantores</strong></span> 
     </span>
    </p>
   </div>
   <div class='ocr_carea' id='block_1_64' title="bbox 366 3640 1936 3715">
    <p class='ocr_par' dir='ltr' id='par_1_64' title="bbox 366 3640 1936 3715">
     <span class='ocr_line' id='line_1_64' title="bbox 366 3640 1936 3715; baseline -0.003 -15"><span class='ocrx_word' id='word_1_542' title='bbox 366 3659 581 3715; x_wconf 86' lang='lat' dir='ltr'><strong>aquam.</strong></span> <span class='ocrx_word' id='word_1_543' title='bbox 648 3643 802 3699; x_wconf 83' lang='lat' dir='ltr'><strong>Sicut</strong></span> <span class='ocrx_word' id='word_1_544' title='bbox 819 3641 1005 3699; x_wconf 88' lang='lat' dir='ltr'><strong>vinum</strong></span> <span class='ocrx_word' id='word_1_545' title='bbox 1035 3650 1089 3697; x_wconf 93' lang='lat' dir='ltr'><strong>et</strong></span> <span class='ocrx_word' id='word_1_546' title='bbox 1115 3655 1257 3711; x_wconf 85' lang='lat' dir='ltr'><strong>aqua</strong></span> <span class='ocrx_word' id='word_1_547' title='bbox 1297 3656 1465 3696; x_wconf 91' lang='lat' dir='ltr'><strong>unum</strong></span> <span class='ocrx_word' id='word_1_548' title='bbox 1506 3641 1643 3696; x_wconf 83' lang='lat' dir='ltr'><strong>ﬁunt</strong></span> <span class='ocrx_word' id='word_1_549' title='bbox 1666 3640 1720 3696; x_wconf 89' lang='lat' dir='ltr'><strong>in</strong></span> <span class='ocrx_word' id='word_1_550' title='bbox 1747 3641 1936 3706; x_wconf 89' lang='lat' dir='ltr'><strong>calice,</strong></span> 
     </span>
    </p>
   </div>
   <div class='ocr_carea' id='block_1_65' title="bbox 366 3730 1943 3806">
    <p class='ocr_par' dir='ltr' id='par_1_65' title="bbox 366 3730 1943 3806">
     <span class='ocr_line' id='line_1_65' title="bbox 366 3730 1943 3806; baseline -0.003 -15"><span class='ocrx_word' id='word_1_551' title='bbox 366 3736 448 3791; x_wconf 87' lang='lat' dir='ltr'><strong>sie</strong></span> <span class='ocrx_word' id='word_1_552' title='bbox 470 3733 698 3806; x_wconf 82' lang='lat' dir='ltr'><strong>populus</strong></span> <span class='ocrx_word' id='word_1_553' title='bbox 715 3741 773 3790; x_wconf 87' lang='lat' dir='ltr'><strong>et</strong></span> <span class='ocrx_word' id='word_1_554' title='bbox 789 3740 1043 3788; x_wconf 87' lang='lat' dir='ltr'><strong>cantores</strong></span> <span class='ocrx_word' id='word_1_555' title='bbox 1066 3732 1120 3787; x_wconf 87' lang='lat' dir='ltr'><strong>iu</strong></span> <span class='ocrx_word' id='word_1_556' title='bbox 1150 3745 1379 3803; x_wconf 90' lang='lat' dir='ltr'><strong>corpore</strong></span> <span class='ocrx_word' id='word_1_557' title='bbox 1401 3731 1624 3787; x_wconf 88' lang='lat' dir='ltr'><strong>Christi.</strong></span> <span class='ocrx_word' id='word_1_558' title='bbox 1682 3730 1943 3787; x_wconf 87' lang='lat' dir='ltr'><strong>Cantores</strong></span> 
     </span>
    </p>
   </div>
   <div class='ocr_carea' id='block_1_66' title="bbox 367 3823 1940 3893">
    <p class='ocr_par' dir='ltr' id='par_1_66' title="bbox 367 3823 1940 3893">
     <span class='ocr_line' id='line_1_66' title="bbox 367 3823 1940 3893; baseline -0.003 -12"><span class='ocrx_word' id='word_1_559' title='bbox 367 3840 516 3881; x_wconf 76' lang='lat' dir='ltr'><strong>more</strong></span> <span class='ocrx_word' id='word_1_560' title='bbox 550 3825 832 3881; x_wconf 79' lang='lat' dir='ltr'><strong>levitarum</strong></span> <span class='ocrx_word' id='word_1_561' title='bbox 878 3824 1247 3892; x_wconf 83' lang='lat' dir='ltr'><strong>antiquorum,</strong></span> <span class='ocrx_word' id='word_1_562' title='bbox 1281 3823 1373 3893; x_wconf 90' lang='lat' dir='ltr'><strong>qui</strong></span> <span class='ocrx_word' id='word_1_563' title='bbox 1406 3823 1587 3879; x_wconf 86' lang='lat' dir='ltr'><strong>omnia</strong></span> <span class='ocrx_word' id='word_1_564' title='bbox 1633 3825 1940 3880; x_wconf 84' lang='lat' dir='ltr'><strong>necessaria</strong></span> 
     </span>
    </p>
   </div>
   <div class='ocr_carea' id='block_1_67' title="bbox 369 3914 1937 3987">
    <p class='ocr_par' dir='ltr' id='par_1_67' title="bbox 369 3914 1937 3987">
     <span class='ocr_line' id='line_1_67' title="bbox 369 3914 1937 3987; baseline -0.001 -15"><span class='ocrx_word' id='word_1_565' title='bbox 369 3916 701 3973; x_wconf 87' lang='lat' dir='ltr'><strong>tabernaculi</strong></span> <span class='ocrx_word' id='word_1_566' title='bbox 730 3916 1100 3987; x_wconf 86' lang='lat' dir='ltr'><strong>providebant,</strong></span> <span class='ocrx_word' id='word_1_567' title='bbox 1138 3924 1386 3985; x_wconf 60' lang='lat' dir='ltr'><strong>quaerant</strong></span> <span class='ocrx_word' id='word_1_568' title='bbox 1406 3928 1603 3985; x_wconf 86' lang='lat' dir='ltr'><strong>aquam</strong></span> <span class='ocrx_word' id='word_1_569' title='bbox 1624 3915 1694 3970; x_wconf 86' lang='lat' dir='ltr'><strong>ad</strong></span> <span class='ocrx_word' id='word_1_570' title='bbox 1712 3914 1937 3981; x_wconf 77' lang='lat' dir='ltr'><strong>fontem,</strong></span> 
     </span>
    </p>
   </div>
   <div class='ocr_carea' id='block_1_68' title="bbox 368 4009 1940 4080">
    <p class='ocr_par' dir='ltr' id='par_1_68' title="bbox 368 4009 1940 4080">
     <span class='ocr_line' id='line_1_68' title="bbox 368 4009 1940 4080; baseline 0 -16"><span class='ocrx_word' id='word_1_571' title='bbox 368 4020 424 4064; x_wconf 89' lang='lat' dir='ltr'><strong>et</strong></span> <span class='ocrx_word' id='word_1_572' title='bbox 463 4015 680 4064; x_wconf 89' lang='lat' dir='ltr'><strong>servent</strong></span> <span class='ocrx_word' id='word_1_573' title='bbox 718 4023 839 4063; x_wconf 89' lang='lat' dir='ltr'><strong>eam</strong></span> <span class='ocrx_word' id='word_1_574' title='bbox 860 4015 1168 4077; x_wconf 85' lang='lat' dir='ltr'><strong>coopertam</strong></span> <span class='ocrx_word' id='word_1_575' title='bbox 1206 4023 1378 4079; x_wconf 87' lang='lat' dir='ltr'><strong>usque</strong></span> <span class='ocrx_word' id='word_1_576' title='bbox 1421 4010 1486 4063; x_wconf 78' lang='lat' dir='ltr'><strong>ad</strong></span> <span class='ocrx_word' id='word_1_577' title='bbox 1514 4017 1726 4080; x_wconf 89' lang='lat' dir='ltr'><strong>tempus</strong></span> <span class='ocrx_word' id='word_1_578' title='bbox 1768 4009 1940 4066; x_wconf 89' lang='lat' dir='ltr'><strong>sacri-</strong></span> 
     </span>
    </p>
   </div>
   <div class='ocr_carea' id='block_1_69' title="bbox 370 4097 1943 4169">
    <p class='ocr_par' dir='ltr' id='par_1_69' title="bbox 370 4097 1943 4169">
     <span class='ocr_line' id='line_1_69' title="bbox 370 4097 1943 4169; baseline -0.002 -14"><span class='ocrx_word' id='word_1_579' title='bbox 370 4100 502 4165; x_wconf 88' lang='lat' dir='ltr'><strong>ﬁcii,</strong></span> <span class='ocrx_word' id='word_1_580' title='bbox 524 4107 581 4155; x_wconf 88' lang='lat' dir='ltr'><strong>et</strong></span> <span class='ocrx_word' id='word_1_581' title='bbox 609 4106 737 4154; x_wconf 88' lang='lat' dir='ltr'><strong>tunc</strong></span> <span class='ocrx_word' id='word_1_582' title='bbox 753 4097 1007 4155; x_wconf 88' lang='lat' dir='ltr'><strong>mundam</strong></span> <span class='ocrx_word' id='word_1_583' title='bbox 1028 4110 1149 4153; x_wconf 87' lang='lat' dir='ltr'><strong>eam</strong></span> <span class='ocrx_word' id='word_1_584' title='bbox 1167 4097 1413 4154; x_wconf 78' lang='lat' dir='ltr'><strong>oﬁ&#39;erant.</strong></span> <span class='ocrx_word' id='word_1_585' title='bbox 1463 4098 1658 4154; x_wconf 88' lang='lat' dir='ltr'><strong>Postea</strong></span> <span class='ocrx_word' id='word_1_586' title='bbox 1683 4100 1833 4169; x_wconf 87' lang='lat' dir='ltr'><strong>ponit</strong></span> <span class='ocrx_word' id='word_1_587' title='bbox 1852 4113 1943 4152; x_wconf 87' lang='lat' dir='ltr'><strong>ca-</strong></span> 
     </span>
    </p>
   </div>
   <div class='ocr_carea' id='block_1_70' title="bbox 370 4188 1943 4258">
    <p class='ocr_par' dir='ltr' id='par_1_70' title="bbox 370 4188 1943 4258">
     <span class='ocr_line' id='line_1_70' title="bbox 370 4188 1943 4258; baseline -0.002 -11"><span class='ocrx_word' id='word_1_588' title='bbox 370 4193 526 4258; x_wconf 87' lang='lat' dir='ltr'><strong>licem</strong></span> <span class='ocrx_word' id='word_1_589' title='bbox 553 4191 607 4246; x_wconf 87' lang='lat' dir='ltr'><strong>iu</strong></span> <span class='ocrx_word' id='word_1_590' title='bbox 630 4189 785 4245; x_wconf 87' lang='lat' dir='ltr'><strong>altari</strong></span> <span class='ocrx_word' id='word_1_591' title='bbox 800 4188 1087 4252; x_wconf 86' lang='lat' dir='ltr'><strong>diaconus,</strong></span> <span class='ocrx_word' id='word_1_592' title='bbox 1107 4197 1163 4243; x_wconf 92' lang='lat' dir='ltr'><strong>et</strong></span> <span class='ocrx_word' id='word_1_593' title='bbox 1189 4188 1467 4244; x_wconf 90' lang='lat' dir='ltr'><strong>sudarlum</strong></span> <span class='ocrx_word' id='word_1_594' title='bbox 1484 4203 1645 4244; x_wconf 85' lang='lat' dir='ltr'><strong>suum</strong></span> <span class='ocrx_word' id='word_1_595' title='bbox 1660 4188 1716 4242; x_wconf 91' lang='lat' dir='ltr'><strong>in</strong></span> <span class='ocrx_word' id='word_1_596' title='bbox 1749 4188 1943 4244; x_wconf 84' lang='lat' dir='ltr'><strong>dextro</strong></span> 
     </span>
    </p>
   </div>
   <div class='ocr_carea' id='block_1_71' title="bbox 368 4278 1943 4350">
    <p class='ocr_par' dir='ltr' id='par_1_71' title="bbox 368 4278 1943 4350">
     <span class='ocr_line' id='line_1_71' title="bbox 368 4278 1943 4350; baseline -0.006 -9"><span class='ocrx_word' id='word_1_597' title='bbox 368 4297 540 4341; x_wconf 83' lang='lat' dir='ltr'><strong>cornu</strong></span> <span class='ocrx_word' id='word_1_598' title='bbox 576 4281 763 4337; x_wconf 86' lang='lat' dir='ltr'><strong>altaris</strong></span> <span class='ocrx_word' id='word_1_599' title='bbox 794 4298 809 4334; x_wconf 86' lang='lat'><strong>:</strong></span> <span class='ocrx_word' id='word_1_600' title='bbox 838 4279 932 4339; x_wconf 83' lang='lat' dir='ltr'><strong>Est</strong></span> <span class='ocrx_word' id='word_1_601' title='bbox 950 4280 1127 4336; x_wconf 86' lang='lat' dir='ltr'><strong>habile</strong></span> <span class='ocrx_word' id='word_1_602' title='bbox 1154 4282 1222 4336; x_wconf 89' lang='lat' dir='ltr'><strong>ad</strong></span> <span class='ocrx_word' id='word_1_603' title='bbox 1250 4279 1374 4345; x_wconf 85' lang='lat' dir='ltr'><strong>hoc,</strong></span> <span class='ocrx_word' id='word_1_604' title='bbox 1407 4291 1462 4335; x_wconf 87' lang='lat' dir='ltr'><strong>ut</strong></span> <span class='ocrx_word' id='word_1_605' title='bbox 1480 4278 1741 4350; x_wconf 87' lang='lat' dir='ltr'><strong>quidquid</strong></span> <span class='ocrx_word' id='word_1_606' title='bbox 1762 4292 1943 4333; x_wconf 88' lang='lat' dir='ltr'><strong>acces-</strong></span> 
     </span>
    </p>
   </div>
   <div class='ocr_carea' id='block_1_72' title="bbox 370 4370 1939 4442">
    <p class='ocr_par' dir='ltr' id='par_1_72' title="bbox 370 4370 1939 4442">
     <span class='ocr_line' id='line_1_72' title="bbox 370 4370 1939 4442; baseline -0.004 -12"><span class='ocrx_word' id='word_1_607' title='bbox 370 4372 868 4439; x_wconf 87' lang='lat' dir='ltr'><strong>seritsordidi,&#39;illo</strong></span> <span class='ocrx_word' id='word_1_608' title='bbox 900 4379 1160 4442; x_wconf 84' lang='lat' dir='ltr'><strong>tergatur,</strong></span> <span class='ocrx_word' id='word_1_609' title='bbox 1209 4381 1265 4429; x_wconf 91' lang='lat' dir='ltr'><strong>et</strong></span> <span class='ocrx_word' id='word_1_610' title='bbox 1305 4372 1608 4429; x_wconf 86' lang='lat' dir='ltr'><strong>sacerdotis</strong></span> <span class='ocrx_word' id='word_1_611' title='bbox 1646 4370 1939 4427; x_wconf 83' lang='lat' dir='ltr'><strong>mundissi-</strong></span> 
     </span>
    </p>
   </div>
   <div class='ocr_carea' id='block_1_73' title="bbox 372 4462 1944 4534">
    <p class='ocr_par' dir='ltr' id='par_1_73' title="bbox 372 4462 1944 4534">
     <span class='ocr_line' id='line_1_73' title="bbox 372 4462 1944 4534; baseline -0.001 -16"><span class='ocrx_word' id='word_1_612' title='bbox 372 4478 518 4518; x_wconf 88' lang='lat' dir='ltr'><strong>mum</strong></span> <span class='ocrx_word' id='word_1_613' title='bbox 548 4471 781 4517; x_wconf 84' lang='lat' dir='ltr'><strong>maneat.</strong></span> <span class='ocrx_word' id='word_1_614' title='bbox 846 4462 903 4517; x_wconf 89' lang='lat' dir='ltr'><strong>Si</strong></span> <span class='ocrx_word' id='word_1_615' title='bbox 929 4479 1026 4534; x_wconf 87' lang='lat' dir='ltr'><strong>per</strong></span> <span class='ocrx_word' id='word_1_616' title='bbox 1072 4464 1337 4520; x_wconf 80' lang='lat' dir='ltr'><strong>incuriam</strong></span> <span class='ocrx_word' id='word_1_617' title='bbox 1370 4463 1666 4520; x_wconf 81' lang='lat' dir='ltr'><strong>sacerdotis</strong></span> <span class='ocrx_word' id='word_1_618' title='bbox 1686 4471 1811 4519; x_wconf 88' lang='lat' dir='ltr'><strong>ante</strong></span> <span class='ocrx_word' id='word_1_619' title='bbox 1844 4463 1944 4518; x_wconf 82' lang='lat' dir='ltr'><strong>lto—</strong></span> 
     </span>
    </p>
   </div>
   <div class='ocr_carea' id='block_1_74' title="bbox 374 4532 1940 4624">
    <p class='ocr_par' dir='ltr' id='par_1_74' title="bbox 374 4532 1940 4624">
     <span class='ocr_line' id='line_1_74' title="bbox 374 4532 1940 4624; baseline 0.001 -16"><span class='ocrx_word' id='word_1_620' title='bbox 374 4569 490 4609; x_wconf 91' lang='lat' dir='ltr'><strong>ram</strong></span> <span class='ocrx_word' id='word_1_621' title='bbox 519 4553 768 4610; x_wconf 81' lang='lat' dir='ltr'><strong>sacriﬁcii</strong></span> <span class='ocrx_word' id='word_1_622' title='bbox 808 4532 1002 4624; x_wconf 77' lang='lat' dir='ltr'><strong>aliquae</strong></span> <span class='ocrx_word' id='word_1_623' title='bbox 1036 4553 1257 4609; x_wconf 64' lang='lat' dir='ltr'><strong>maculae</strong></span> <span class='ocrx_word' id='word_1_624' title='bbox 1290 4532 1619 4610; x_wconf 50' lang='lat' dir='ltr'><strong>inhaeserant</strong></span> <span class='ocrx_word' id='word_1_625' title='bbox 1658 4554 1940 4610; x_wconf 80' lang='lat' dir='ltr'><strong>variarum</strong></span> 
     </span>
    </p>
   </div>
   <div class='ocr_carea' id='block_1_75' title="bbox 374 4642 1946 4713">
    <p class='ocr_par' dir='ltr' id='par_1_75' title="bbox 374 4642 1946 4713">
     <span class='ocr_line' id='line_1_75' title="bbox 374 4642 1946 4713; baseline 0 -16"><span class='ocrx_word' id='word_1_626' title='bbox 374 4644 749 4710; x_wconf 87' lang='lat' dir='ltr'><strong>tcntationum,</strong></span> <span class='ocrx_word' id='word_1_627' title='bbox 775 4644 874 4698; x_wconf 85' lang='lat' dir='ltr'><strong>has</strong></span> <span class='ocrx_word' id='word_1_628' title='bbox 903 4659 1001 4699; x_wconf 84' lang='lat' dir='ltr'><strong>suo</strong></span> <span class='ocrx_word' id='word_1_629' title='bbox 1043 4644 1262 4699; x_wconf 87' lang='lat' dir='ltr'><strong>sudario</strong></span> <span class='ocrx_word' id='word_1_630' title='bbox 1284 4644 1544 4713; x_wconf 81' lang='lat' dir='ltr'><strong>detergat.</strong></span> <span class='ocrx_word' id='word_1_631' title='bbox 1595 4642 1740 4698; x_wconf 85' lang='lat' dir='ltr'><strong>Hora</strong></span> <span class='ocrx_word' id='word_1_632' title='bbox 1778 4644 1946 4698; x_wconf 88' lang='lat' dir='ltr'><strong>sacri-</strong></span> 
     </span>
    </p>
   </div>
   <div class='ocr_carea' id='block_1_76' title="bbox 374 4734 1941 4805">
    <p class='ocr_par' dir='ltr' id='par_1_76' title="bbox 374 4734 1941 4805">
     <span class='ocr_line' id='line_1_76' title="bbox 374 4734 1941 4805; baseline -0.001 -15"><span class='ocrx_word' id='word_1_633' title='bbox 374 4735 481 4790; x_wconf 84' lang='lat' dir='ltr'><strong>tlcii</strong></span> <span class='ocrx_word' id='word_1_634' title='bbox 506 4736 578 4789; x_wconf 86' lang='lat' dir='ltr'><strong>ita</strong></span> <span class='ocrx_word' id='word_1_635' title='bbox 602 4735 808 4805; x_wconf 80' lang='lat' dir='ltr'><strong>vigilet,</strong></span> <span class='ocrx_word' id='word_1_636' title='bbox 846 4742 907 4788; x_wconf 92' lang='lat' dir='ltr'><strong>ut</strong></span> <span class='ocrx_word' id='word_1_637' title='bbox 943 4734 1100 4789; x_wconf 66' lang='lat' dir='ltr'><strong>nulla:</strong></span> <span class='ocrx_word' id='word_1_638' title='bbox 1122 4735 1333 4805; x_wconf 88' lang='lat' dir='ltr'><strong>possint</strong></span> <span class='ocrx_word' id='word_1_639' title='bbox 1356 4735 1639 4801; x_wconf 69' lang='lat' dir='ltr'><strong>inhaerere,</strong></span> <span class='ocrx_word' id='word_1_640' title='bbox 1681 4743 1941 4805; x_wconf 87' lang='lat' dir='ltr'><strong>quantum</strong></span> 
     </span>
    </p>
   </div>
   <div class='ocr_carea' id='block_1_77' title="bbox 376 4824 1945 4897">
    <p class='ocr_par' dir='ltr' id='par_1_77' title="bbox 376 4824 1945 4897">
     <span class='ocr_line' id='line_1_77' title="bbox 376 4824 1945 4897; baseline -0.001 -17"><span class='ocrx_word' id='word_1_641' title='bbox 376 4827 606 4881; x_wconf 88' lang='lat' dir='ltr'><strong>humana</strong></span> <span class='ocrx_word' id='word_1_642' title='bbox 629 4824 890 4897; x_wconf 77' lang='lat' dir='ltr'><strong>fragilitas</strong></span> <span class='ocrx_word' id='word_1_643' title='bbox 913 4825 1205 4894; x_wconf 88' lang='lat' dir='ltr'><strong>sinit,quin</strong></span> <span class='ocrx_word' id='word_1_644' title='bbox 1226 4825 1367 4880; x_wconf 87' lang='lat' dir='ltr'><strong>illico</strong></span> <span class='ocrx_word' id='word_1_645' title='bbox 1390 4824 1782 4895; x_wconf 88' lang='lat' dir='ltr'><strong>repellanturin</strong></span> <span class='ocrx_word' id='word_1_646' title='bbox 1804 4825 1945 4880; x_wconf 91' lang='lat' dir='ltr'><strong>ostio</strong></span> 
     </span>
    </p>
   </div>
   <div class='ocr_carea' id='block_1_78' title="bbox 374 4917 1943 4990">
    <p class='ocr_par' dir='ltr' id='par_1_78' title="bbox 374 4917 1943 4990">
     <span class='ocr_line' id='line_1_78' title="bbox 374 4917 1943 4990; baseline -0.001 -16"><span class='ocrx_word' id='word_1_647' title='bbox 374 4918 750 4990; x_wconf 88' lang='lat' dir='ltr'><strong>suggestionis,</strong></span> <span class='ocrx_word' id='word_1_648' title='bbox 787 4933 850 4974; x_wconf 92' lang='lat' dir='ltr'><strong>ac</strong></span> <span class='ocrx_word' id='word_1_649' title='bbox 874 4917 1055 4988; x_wconf 88' lang='lat' dir='ltr'><strong>quieta</strong></span> <span class='ocrx_word' id='word_1_650' title='bbox 1087 4925 1269 4974; x_wconf 89' lang='lat' dir='ltr'><strong>mente</strong></span> <span class='ocrx_word' id='word_1_651' title='bbox 1288 4933 1388 4988; x_wconf 92' lang='lat' dir='ltr'><strong>pro</strong></span> <span class='ocrx_word' id='word_1_652' title='bbox 1420 4919 1660 4987; x_wconf 86' lang='lat' dir='ltr'><strong>peccatis</strong></span> <span class='ocrx_word' id='word_1_653' title='bbox 1716 4918 1943 4974; x_wconf 90' lang='lat' dir='ltr'><strong>aliorum</strong></span> 
     </span>
    </p>
   </div>
   <div class='ocr_carea' id='block_1_79' title="bbox 375 5007 1953 5082">
    <p class='ocr_par' dir='ltr' id='par_1_79' title="bbox 375 5007 1953 5082">
     <span class='ocr_line' id='line_1_79' title="bbox 375 5007 1953 5082; baseline -0.002 -16"><span class='ocrx_word' id='word_1_654' title='bbox 375 5011 693 5066; x_wconf 84' lang='lat' dir='ltr'><strong>intercedat.</strong></span> <span class='ocrx_word' id='word_1_655' title='bbox 732 5010 878 5066; x_wconf 88' lang='lat' dir='ltr'><strong>Unde</strong></span> <span class='ocrx_word' id='word_1_656' title='bbox 897 5010 1195 5082; x_wconf 78' lang='lat' dir='ltr'><strong>Cyprianus</strong></span> <span class='ocrx_word' id='word_1_657' title='bbox 1215 5008 1270 5064; x_wconf 90' lang='lat' dir='ltr'><strong>in</strong></span> <span class='ocrx_word' id='word_1_658' title='bbox 1294 5023 1543 5064; x_wconf 89' lang='lat' dir='ltr'><strong>sermone</strong></span> <span class='ocrx_word' id='word_1_659' title='bbox 1560 5007 1594 5063; x_wconf 76' lang='grc' dir='ltr'><strong>(ἰ</strong></span> <span class='ocrx_word' id='word_1_660' title='bbox 1616 5007 1681 5063; x_wconf 93' lang='lat' dir='ltr'><strong>de</strong></span> <span class='ocrx_word' id='word_1_661' title='bbox 1701 5008 1953 5063; x_wconf 84' lang='lat' dir='ltr'><strong>oratione</strong></span> 
     </span>
    </p>
   </div>
   <div class='ocr_carea' id='block_1_80' title="bbox 378 5100 1948 5183">
    <p class='ocr_par' dir='ltr' id='par_1_80' title="bbox 378 5100 1948 5183">
     <span class='ocr_line' id='line_1_80' title="bbox 378 5100 1948 5183; baseline -0.004 -24"><span class='ocrx_word' id='word_1_662' title='bbox 378 5103 702 5183; x_wconf 82' lang='lat' dir='ltr'><strong>Dominica:</strong></span> <span class='ocrx_word' id='word_1_663' title='bbox 759 5102 987 5170; x_wconf 86' lang='lat' dir='ltr'><strong>Quando</strong></span> <span class='ocrx_word' id='word_1_664' title='bbox 1019 5111 1199 5157; x_wconf 89' lang='lat' dir='ltr'><strong>autem</strong></span> <span class='ocrx_word' id='word_1_665' title='bbox 1244 5107 1455 5157; x_wconf 88' lang='lat' dir='ltr'><strong>stamus</strong></span> <span class='ocrx_word' id='word_1_666' title='bbox 1503 5100 1571 5155; x_wconf 91' lang='lat' dir='ltr'><strong>ad</strong></span> <span class='ocrx_word' id='word_1_667' title='bbox 1620 5100 1948 5165; x_wconf 90' lang='lat' dir='ltr'><strong>orationem,</strong></span> 
     </span>
    </p>
   </div>
   <div class='ocr_carea' id='block_1_81' title="bbox 334 5191 1952 5264">
    <p class='ocr_par' dir='ltr' id='par_1_81' title="bbox 334 5191 1952 5264">
     <span class='ocr_line' id='line_1_81' title="bbox 334 5191 1952 5264; baseline -0.002 -14"><span class='ocrx_word' id='word_1_668' title='bbox 334 5204 335 5211; x_wconf 85' lang='lat'>‘</span> <span class='ocrx_word' id='word_1_669' title='bbox 376 5193 732 5257; x_wconf 84' lang='lat' dir='ltr'><strong>dilectissimi,</strong></span> <span class='ocrx_word' id='word_1_670' title='bbox 782 5193 1003 5264; x_wconf 87' lang='lat' dir='ltr'><strong>vigilare</strong></span> <span class='ocrx_word' id='word_1_671' title='bbox 1044 5202 1100 5247; x_wconf 91' lang='lat' dir='ltr'><strong>et</strong></span> <span class='ocrx_word' id='word_1_672' title='bbox 1155 5191 1466 5248; x_wconf 88' lang='lat' dir='ltr'><strong>incumbere</strong></span> <span class='ocrx_word' id='word_1_673' title='bbox 1506 5191 1572 5246; x_wconf 91' lang='lat' dir='ltr'><strong>ad</strong></span> <span class='ocrx_word' id='word_1_674' title='bbox 1613 5206 1803 5261; x_wconf 89' lang='lat' dir='ltr'><strong>preces</strong></span> <span class='ocrx_word' id='word_1_675' title='bbox 1837 5199 1952 5246; x_wconf 85' lang='lat' dir='ltr'><strong>toto</strong></span> 
     </span>
    </p>
   </div>
   <div class='ocr_carea' id='block_1_82' title="bbox 378 5281 1952 5354">
    <p class='ocr_par' dir='ltr' id='par_1_82' title="bbox 378 5281 1952 5354">
     <span class='ocr_line' id='line_1_82' title="bbox 378 5281 1952 5354; baseline -0.006 -11"><span class='ocrx_word' id='word_1_676' title='bbox 378 5286 543 5343; x_wconf 72' lang='lat' dir='ltr'><strong>corde</strong></span> <span class='ocrx_word' id='word_1_677' title='bbox 561 5285 833 5341; x_wconf 88' lang='lat' dir='ltr'><strong>debemus.</strong></span> <span class='ocrx_word' id='word_1_678' title='bbox 856 5330 869 5337; x_wconf 84' lang='lat'><strong>-</strong></span> <span class='ocrx_word' id='word_1_679' title='bbox 900 5281 1166 5354; x_wconf 78' lang='lat' dir='ltr'><strong>Cogitatio</strong></span> <span class='ocrx_word' id='word_1_680' title='bbox 1187 5283 1365 5338; x_wconf 89' lang='lat' dir='ltr'><strong>omnis</strong></span> <span class='ocrx_word' id='word_1_681' title='bbox 1391 5282 1626 5337; x_wconf 86' lang='lat' dir='ltr'><strong>carnalis</strong></span> <span class='ocrx_word' id='word_1_682' title='bbox 1650 5291 1705 5337; x_wconf 88' lang='lat' dir='ltr'><strong>et</strong></span> <span class='ocrx_word' id='word_1_683' title='bbox 1732 5281 1952 5337; x_wconf 66' lang='lat' dir='ltr'><strong>saecula-</strong></span> 
     </span>
    </p>
   </div>
   <div class='ocr_carea' id='block_1_83' title="bbox 379 5370 1954 5445">
    <p class='ocr_par' dir='ltr' id='par_1_83' title="bbox 379 5370 1954 5445">
     <span class='ocr_line' id='line_1_83' title="bbox 379 5370 1954 5445; baseline -0.006 -10"><span class='ocrx_word' id='word_1_684' title='bbox 379 5380 459 5435; x_wconf 85' lang='lat' dir='ltr'><strong>ris</strong></span> <span class='ocrx_word' id='word_1_685' title='bbox 477 5376 755 5442; x_wconf 88' lang='lat' dir='ltr'><strong>abscedat,</strong></span> <span class='ocrx_word' id='word_1_686' title='bbox 790 5390 889 5431; x_wconf 92' lang='lat' dir='ltr'><strong>nec</strong></span> <span class='ocrx_word' id='word_1_687' title='bbox 918 5374 1212 5445; x_wconf 86' lang='lat' dir='ltr'><strong>quidquam</strong></span> <span class='ocrx_word' id='word_1_688' title='bbox 1250 5381 1374 5429; x_wconf 89' lang='lat' dir='ltr'><strong>tunc</strong></span> <span class='ocrx_word' id='word_1_689' title='bbox 1418 5373 1654 5437; x_wconf 90' lang='lat' dir='ltr'><strong>animus,</strong></span> <span class='ocrx_word' id='word_1_690' title='bbox 1694 5387 1856 5441; x_wconf 87' lang='lat' dir='ltr'><strong>quam</strong></span> <span class='ocrx_word' id='word_1_691' title='bbox 1899 5370 1954 5425; x_wconf 85' lang='lat' dir='ltr'><strong>id</strong></span> 
     </span>
    </p>
   </div>
   <div class='ocr_carea' id='block_1_84' title="bbox 384 5464 1955 5539">
    <p class='ocr_par' dir='ltr' id='par_1_84' title="bbox 384 5464 1955 5539">
     <span class='ocr_line' id='line_1_84' title="bbox 384 5464 1955 5539; baseline -0.006 -15"><span class='ocrx_word' id='word_1_692' title='bbox 384 5469 556 5524; x_wconf 85' lang='lat' dir='ltr'><strong>solum</strong></span> <span class='ocrx_word' id='word_1_693' title='bbox 586 5468 783 5539; x_wconf 76' lang='lat' dir='ltr'><strong>cogitet</strong></span> <span class='ocrx_word' id='word_1_694' title='bbox 803 5466 945 5537; x_wconf 90' lang='lat' dir='ltr'><strong>quod</strong></span> <span class='ocrx_word' id='word_1_695' title='bbox 972 5472 1246 5536; x_wconf 88' lang='lat' dir='ltr'><strong>precatur.</strong></span> <span class='ocrx_word' id='word_1_696' title='bbox 1308 5464 1431 5519; x_wconf 88' lang='lat' dir='ltr'><strong>Ideo</strong></span> <span class='ocrx_word' id='word_1_697' title='bbox 1459 5472 1516 5518; x_wconf 91' lang='lat' dir='ltr'><strong>et</strong></span> <span class='ocrx_word' id='word_1_698' title='bbox 1535 5464 1788 5518; x_wconf 88' lang='lat' dir='ltr'><strong>sacerdos</strong></span> <span class='ocrx_word' id='word_1_699' title='bbox 1829 5469 1955 5516; x_wconf 88' lang='lat' dir='ltr'><strong>ante</strong></span> 
     </span>
    </p>
   </div>
   <div class='ocr_carea' id='block_1_85' title="bbox 384 5539 1943 5632">
    <p class='ocr_par' dir='ltr' id='par_1_85' title="bbox 384 5539 1943 5632">
     <span class='ocr_line' id='line_1_85' title="bbox 384 5539 1943 5632; baseline -0.004 -18"><span class='ocrx_word' id='word_1_700' title='bbox 384 5563 684 5618; x_wconf 82' lang='lat' dir='ltr'><strong>orationem</strong></span> <span class='ocrx_word' id='word_1_701' title='bbox 708 5559 1023 5632; x_wconf 66' lang='lat' dir='ltr'><strong>praefatione</strong></span> <span class='ocrx_word' id='word_1_702' title='bbox 1045 5557 1344 5628; x_wconf 64' lang='lat' dir='ltr'><strong>praemissa,</strong></span> <span class='ocrx_word' id='word_1_703' title='bbox 1370 5563 1528 5628; x_wconf 86' lang='lat' dir='ltr'><strong>parat</strong></span> <span class='ocrx_word' id='word_1_704' title='bbox 1550 5539 1778 5611; x_wconf 83' lang='lat' dir='ltr'><strong>fratrum</strong></span> <span class='ocrx_word' id='word_1_705' title='bbox 1800 5570 1943 5609; x_wconf 56' lang='lat' dir='ltr'><strong>men-</strong></span> 
     </span>
    </p>
   </div>
   <div class='ocr_carea' id='block_1_86' title="bbox 387 5646 1950 5718">
    <p class='ocr_par' dir='ltr' id='par_1_86' title="bbox 387 5646 1950 5718">
     <span class='ocr_line' id='line_1_86' title="bbox 387 5646 1950 5718; baseline -0.004 -12"><span class='ocrx_word' id='word_1_706' title='bbox 387 5662 490 5715; x_wconf 77' lang='lat' dir='ltr'><strong>tes,</strong></span> <span class='ocrx_word' id='word_1_707' title='bbox 512 5653 759 5717; x_wconf 88' lang='lat' dir='ltr'><strong>dicendo,</strong></span> <span class='ocrx_word' id='word_1_708' title='bbox 787 5652 1010 5708; x_wconf 84' lang='lat' dir='ltr'><strong>Sursum</strong></span> <span class='ocrx_word' id='word_1_709' title='bbox 1025 5651 1185 5706; x_wconf 84' lang='lat' dir='ltr'><strong>corda</strong></span> <span class='ocrx_word' id='word_1_710' title='bbox 1198 5663 1216 5700; x_wconf 91' lang='lat'><strong><em>:</em></strong></span> <span class='ocrx_word' id='word_1_711' title='bbox 1246 5657 1302 5704; x_wconf 92' lang='lat' dir='ltr'><strong>ut</strong></span> <span class='ocrx_word' id='word_1_712' title='bbox 1326 5649 1453 5704; x_wconf 90' lang='lat' dir='ltr'><strong>dum</strong></span> <span class='ocrx_word' id='word_1_713' title='bbox 1470 5647 1759 5718; x_wconf 86' lang='lat' dir='ltr'><strong>respondet</strong></span> <span class='ocrx_word' id='word_1_714' title='bbox 1779 5646 1950 5715; x_wconf 88' lang='lat' dir='ltr'><strong>plebs,</strong></span> 
     </span>
    </p>
   </div>
   <div class='ocr_carea' id='block_1_87' title="bbox 390 5736 1954 5809">
    <p class='ocr_par' dir='ltr' id='par_1_87' title="bbox 390 5736 1954 5809">
     <span class='ocr_line' id='line_1_87' title="bbox 390 5736 1954 5809; baseline -0.005 -12"><span class='ocrx_word' id='word_1_715' title='bbox 390 5738 654 5799; x_wconf 71' lang='lat' dir='ltr'><strong>Habemus</strong></span> <span class='ocrx_word' id='word_1_716' title='bbox 673 5743 739 5797; x_wconf 82' lang='lat' dir='ltr'><strong>ad</strong></span> <span class='ocrx_word' id='word_1_717' title='bbox 764 5740 1061 5809; x_wconf 75' lang='lat' dir='ltr'><strong>Dominum,</strong></span> <span class='ocrx_word' id='word_1_718' title='bbox 1113 5739 1500 5807; x_wconf 63' lang='lat' dir='ltr'><strong>admoneatur,</strong></span> <span class='ocrx_word' id='word_1_719' title='bbox 1540 5736 1674 5792; x_wconf 87' lang='lat' dir='ltr'><strong>nihil</strong></span> <span class='ocrx_word' id='word_1_720' title='bbox 1712 5736 1856 5790; x_wconf 86' lang='lat' dir='ltr'><strong>aliud</strong></span> <span class='ocrx_word' id='word_1_721' title='bbox 1897 5751 1954 5791; x_wconf 86' lang='lat' dir='ltr'><strong>se</strong></span> 
     </span>
    </p>
   </div>
   <div class='ocr_carea' id='block_1_88' title="bbox 2041 3268 3631 3344">
    <p class='ocr_par' dir='ltr' id='par_1_88' title="bbox 2041 3268 3631 3344">
     <span class='ocr_line' id='line_1_88' title="bbox 2041 3268 3631 3344; baseline -0.009 -9"><span class='ocrx_word' id='word_1_722' title='bbox 2041 3279 2224 3344; x_wconf 87' lang='lat' dir='ltr'><strong>struit,</strong></span> <span class='ocrx_word' id='word_1_723' title='bbox 2260 3277 2484 3333; x_wconf 89' lang='lat' dir='ltr'><strong>dicens:</strong></span> <span class='ocrx_word' id='word_1_724' title='bbox 2538 3273 2686 3328; x_wconf 81' lang='lat' dir='ltr'><strong>Bona</strong></span> <span class='ocrx_word' id='word_1_725' title='bbox 2717 3281 2791 3326; x_wconf 83' lang='lat' dir='ltr'><strong>cst</strong></span> <span class='ocrx_word' id='word_1_726' title='bbox 2822 3272 2991 3326; x_wconf 88' lang='lat' dir='ltr'><strong>oratio</strong></span> <span class='ocrx_word' id='word_1_727' title='bbox 3021 3288 3140 3325; x_wconf 75' lang='lat' dir='ltr'><strong>cum</strong></span> <span class='ocrx_word' id='word_1_728' title='bbox 3168 3271 3379 3340; x_wconf 76' lang='lat' dir='ltr'><strong>jejunio</strong></span> <span class='ocrx_word' id='word_1_729' title='bbox 3408 3279 3456 3323; x_wconf 80' lang='lat' dir='ltr'><strong>et</strong></span> <span class='ocrx_word' id='word_1_730' title='bbox 3492 3268 3631 3322; x_wconf 66' lang='lat' dir='ltr'><strong>elea-</strong></span> 
     </span>
    </p>
   </div>
   <div class='ocr_carea' id='block_1_89' title="bbox 2041 3360 3627 3439">
    <p class='ocr_par' dir='ltr' id='par_1_89' title="bbox 2041 3360 3627 3439">
     <span class='ocr_line' id='line_1_89' title="bbox 2041 3360 3627 3439; baseline -0.006 -16"><span class='ocrx_word' id='word_1_731' title='bbox 2041 3384 2259 3439; x_wconf 78' lang='lat' dir='ltr'><strong>mosyna</strong></span> <span class='ocrx_word' id='word_1_732' title='bbox 2290 3367 2444 3437; x_wconf 90' lang='lat' dir='ltr'><strong>(Tob.</strong></span> <span class='ocrx_word' id='word_1_733' title='bbox 2471 3366 2591 3437; x_wconf 81' lang='lat' dir='ltr'><strong>xu).</strong></span> <span class='ocrx_word' id='word_1_734' title='bbox 2631 3362 2748 3432; x_wconf 89' lang='lat' dir='ltr'><strong>Quo</strong></span> <span class='ocrx_word' id='word_1_735' title='bbox 2770 3360 3250 3429; x_wconf 46' lang='lat' dir='ltr'><strong>facto,‘revertitur</strong></span> <span class='ocrx_word' id='word_1_736' title='bbox 3280 3360 3346 3415; x_wconf 88' lang='lat' dir='ltr'><strong>ad</strong></span> <span class='ocrx_word' id='word_1_737' title='bbox 3369 3360 3627 3430; x_wconf 78' lang='lat' dir='ltr'><strong>pupulum</strong></span> 
     </span>
    </p>
   </div>
   <div class='ocr_carea' id='block_1_90' title="bbox 2040 3450 3627 3530">
    <p class='ocr_par' dir='ltr' id='par_1_90' title="bbox 2040 3450 3627 3530">
     <span class='ocr_line' id='line_1_90' title="bbox 2040 3450 3627 3530; baseline -0.009 -14"><span class='ocrx_word' id='word_1_738' title='bbox 2040 3461 2317 3524; x_wconf 86' lang='lat' dir='ltr'><strong>sacerdos,</strong></span> <span class='ocrx_word' id='word_1_739' title='bbox 2340 3468 2396 3514; x_wconf 91' lang='lat' dir='ltr'><strong>et</strong></span> <span class='ocrx_word' id='word_1_740' title='bbox 2419 3467 2673 3530; x_wconf 79' lang='lat' dir='ltr'><strong>precatur</strong></span> <span class='ocrx_word' id='word_1_741' title='bbox 2702 3463 2761 3510; x_wconf 81' lang='lat' dir='ltr'><strong>ut</strong></span> <span class='ocrx_word' id='word_1_742' title='bbox 2784 3462 2941 3509; x_wconf 88' lang='lat' dir='ltr'><strong>orent</strong></span> <span class='ocrx_word' id='word_1_743' title='bbox 2965 3469 3064 3525; x_wconf 91' lang='lat' dir='ltr'><strong>pro</strong></span> <span class='ocrx_word' id='word_1_744' title='bbox 3102 3452 3218 3517; x_wconf 86' lang='lat' dir='ltr'><strong>illo,</strong></span> <span class='ocrx_word' id='word_1_745' title='bbox 3258 3460 3528 3521; x_wconf 85' lang='lat' dir='ltr'><strong>quatenus</strong></span> <span class='ocrx_word' id='word_1_746' title='bbox 3548 3450 3627 3503; x_wconf 89' lang='lat' dir='ltr'><strong>di-</strong></span> 
     </span>
    </p>
   </div>
   <div class='ocr_carea' id='block_1_91' title="bbox 2040 3540 3623 3622">
    <p class='ocr_par' dir='ltr' id='par_1_91' title="bbox 2040 3540 3623 3622">
     <span class='ocr_line' id='line_1_91' title="bbox 2040 3540 3623 3622; baseline -0.008 -16"><span class='ocrx_word' id='word_1_747' title='bbox 2040 3566 2180 3622; x_wconf 86' lang='lat' dir='ltr'><strong>gnus</strong></span> <span class='ocrx_word' id='word_1_748' title='bbox 2211 3551 2284 3606; x_wconf 88' lang='lat' dir='ltr'><strong>sit</strong></span> <span class='ocrx_word' id='word_1_749' title='bbox 2320 3550 2586 3604; x_wconf 60' lang='lat' dir='ltr'><strong>universa</strong></span> <span class='ocrx_word' id='word_1_750' title='bbox 2609 3546 2782 3617; x_wconf 87' lang='lat' dir='ltr'><strong>plebis</strong></span> <span class='ocrx_word' id='word_1_751' title='bbox 2800 3544 3131 3599; x_wconf 88' lang='lat' dir='ltr'><strong>oblationem</strong></span> <span class='ocrx_word' id='word_1_752' title='bbox 3156 3541 3353 3597; x_wconf 83' lang='lat' dir='ltr'><strong>oii‘erre</strong></span> <span class='ocrx_word' id='word_1_753' title='bbox 3374 3540 3623 3595; x_wconf 87' lang='lat' dir='ltr'><strong>Domino.</strong></span> 
     </span>
    </p>
   </div>
   <div class='ocr_carea' id='block_1_92' title="bbox 2040 3632 3631 3706">
    <p class='ocr_par' dir='ltr' id='par_1_92' title="bbox 2040 3632 3631 3706">
     <span class='ocr_line' id='line_1_92' title="bbox 2040 3632 3631 3706; baseline -0.008 -9"><span class='ocrx_word' id='word_1_754' title='bbox 2040 3641 2343 3697; x_wconf 75' lang='lat' dir='ltr'><strong>Prtcsentes</strong></span> <span class='ocrx_word' id='word_1_755' title='bbox 2366 3639 2705 3695; x_wconf 84' lang='lat' dir='ltr'><strong>adorationes</strong></span> <span class='ocrx_word' id='word_1_756' title='bbox 2724 3635 3019 3706; x_wconf 62' lang='lat' dir='ltr'><strong>praelibatre</strong></span> <span class='ocrx_word' id='word_1_757' title='bbox 3044 3644 3170 3689; x_wconf 92' lang='lat' dir='ltr'><strong>sunt</strong></span> <span class='ocrx_word' id='word_1_758' title='bbox 3198 3633 3250 3686; x_wconf 92' lang='lat' dir='ltr'><strong>in</strong></span> <span class='ocrx_word' id='word_1_759' title='bbox 3262 3632 3631 3701; x_wconf 83' lang='lat' dir='ltr'><strong>Paralipome-</strong></span> 
     </span>
    </p>
   </div>
   <div class='ocr_carea' id='block_1_93' title="bbox 2043 3723 3629 3786">
    <p class='ocr_par' dir='ltr' id='par_1_93' title="bbox 2043 3723 3629 3786">
     <span class='ocr_line' id='line_1_93' title="bbox 2043 3723 3629 3786; baseline -0.006 0"><span class='ocrx_word' id='word_1_760' title='bbox 2043 3747 2150 3786; x_wconf 87' lang='lat' dir='ltr'><strong>non</strong></span> <span class='ocrx_word' id='word_1_761' title='bbox 2185 3731 2277 3786; x_wconf 90' lang='lat' dir='ltr'><strong>ubi</strong></span> <span class='ocrx_word' id='word_1_762' title='bbox 2320 3737 2441 3785; x_wconf 89' lang='lat' dir='ltr'><strong>orat</strong></span> <span class='ocrx_word' id='word_1_763' title='bbox 2485 3727 2639 3783; x_wconf 89' lang='lat' dir='ltr'><strong>turba</strong></span> <span class='ocrx_word' id='word_1_764' title='bbox 2669 3727 3014 3783; x_wconf 88' lang='lat' dir='ltr'><strong>cantantibus</strong></span> <span class='ocrx_word' id='word_1_765' title='bbox 3044 3724 3240 3781; x_wconf 77' lang='lat' dir='ltr'><strong>leritis.</strong></span> <span class='ocrx_word' id='word_1_766' title='bbox 3293 3723 3425 3777; x_wconf 80' lang='lat' dir='ltr'><strong>Pest</strong></span> <span class='ocrx_word' id='word_1_767' title='bbox 3476 3723 3629 3777; x_wconf 89' lang='lat' dir='ltr'><strong>holo-</strong></span> 
     </span>
    </p>
   </div>
   <div class='ocr_carea' id='block_1_94' title="bbox 2041 3814 3627 3890">
    <p class='ocr_par' dir='ltr' id='par_1_94' title="bbox 2041 3814 3627 3890">
     <span class='ocr_line' id='line_1_94' title="bbox 2041 3814 3627 3890; baseline -0.008 -12"><span class='ocrx_word' id='word_1_768' title='bbox 2041 3830 2287 3879; x_wconf 84' lang='lat' dir='ltr'><strong>caustum</strong></span> <span class='ocrx_word' id='word_1_769' title='bbox 2312 3833 2507 3890; x_wconf 89' lang='lat' dir='ltr'><strong>nempe</strong></span> <span class='ocrx_word' id='word_1_770' title='bbox 2532 3820 2846 3874; x_wconf 79' lang='lat' dir='ltr'><strong>incurvatus</strong></span> <span class='ocrx_word' id='word_1_771' title='bbox 2868 3826 2953 3873; x_wconf 90' lang='lat' dir='ltr'><strong>est</strong></span> <span class='ocrx_word' id='word_1_772' title='bbox 2970 3832 3088 3879; x_wconf 83' lang='lat' dir='ltr'><strong>rex,</strong></span> <span class='ocrx_word' id='word_1_773' title='bbox 3118 3824 3174 3871; x_wconf 88' lang='lat' dir='ltr'><strong>et</strong></span> <span class='ocrx_word' id='word_1_774' title='bbox 3198 3816 3381 3870; x_wconf 88' lang='lat' dir='ltr'><strong>omnis</strong></span> <span class='ocrx_word' id='word_1_775' title='bbox 3396 3814 3627 3885; x_wconf 87' lang='lat' dir='ltr'><strong>populus</strong></span> 
     </span>
    </p>
   </div>
   <div class='ocr_carea' id='block_1_95' title="bbox 2042 3907 3624 3988">
    <p class='ocr_par' dir='ltr' id='par_1_95' title="bbox 2042 3907 3624 3988">
     <span class='ocr_line' id='line_1_95' title="bbox 2042 3907 3624 3988; baseline -0.006 -19"><span class='ocrx_word' id='word_1_776' title='bbox 2042 3914 2128 3988; x_wconf 86' lang='lat' dir='ltr'><strong>(II</strong></span> <span class='ocrx_word' id='word_1_777' title='bbox 2158 3912 2288 3969; x_wconf 86' lang='lat' dir='ltr'><strong>Par.</strong></span> <span class='ocrx_word' id='word_1_778' title='bbox 2318 3914 2436 3985; x_wconf 83' lang='lat' dir='ltr'><strong>vn).</strong></span> <span class='ocrx_word' id='word_1_779' title='bbox 2494 3910 2903 3975; x_wconf 74' lang='lat' dir='ltr'><strong>Auditidicere,</strong></span> <span class='ocrx_word' id='word_1_780' title='bbox 2932 3910 3077 3979; x_wconf 70' lang='lat' dir='ltr'><strong>quod</strong></span> <span class='ocrx_word' id='word_1_781' title='bbox 3100 3908 3251 3979; x_wconf 87' lang='lat' dir='ltr'><strong>plebs</strong></span> <span class='ocrx_word' id='word_1_782' title='bbox 3278 3907 3469 3962; x_wconf 89' lang='lat' dir='ltr'><strong>eadem</strong></span> <span class='ocrx_word' id='word_1_783' title='bbox 3493 3907 3624 3960; x_wconf 83' lang='lat' dir='ltr'><strong>hora</strong></span> 
     </span>
    </p>
   </div>
   <div class='ocr_carea' id='block_1_96' title="bbox 2042 3995 3621 4073">
    <p class='ocr_par' dir='ltr' id='par_1_96' title="bbox 2042 3995 3621 4073">
     <span class='ocr_line' id='line_1_96' title="bbox 2042 3995 3621 4073; baseline -0.008 -12"><span class='ocrx_word' id='word_1_784' title='bbox 2042 4015 2154 4062; x_wconf 86' lang='lat' dir='ltr'><strong>tres</strong></span> <span class='ocrx_word' id='word_1_785' title='bbox 2177 4003 2471 4060; x_wconf 86' lang='lat' dir='ltr'><strong>versiculos</strong></span> <span class='ocrx_word' id='word_1_786' title='bbox 2503 4009 2686 4058; x_wconf 83' lang='lat' dir='ltr'><strong>cantet</strong></span> <span class='ocrx_word' id='word_1_787' title='bbox 2711 4016 2809 4073; x_wconf 90' lang='lat' dir='ltr'><strong>pro</strong></span> <span class='ocrx_word' id='word_1_788' title='bbox 2841 4001 3118 4055; x_wconf 79' lang='lat' dir='ltr'><strong>sacerdote</strong></span> <span class='ocrx_word' id='word_1_789' title='bbox 3148 4007 3165 4051; x_wconf 90' lang='lat'><strong>:&#39;</strong></span> <span class='ocrx_word' id='word_1_790' title='bbox 3189 3997 3369 4051; x_wconf 74' lang='lat' dir='ltr'><strong>Mittat</strong></span> <span class='ocrx_word' id='word_1_791' title='bbox 3397 3996 3494 4049; x_wconf 83' lang='lat' dir='ltr'><strong>tibi</strong></span> <span class='ocrx_word' id='word_1_792' title='bbox 3521 3995 3621 4048; x_wconf 87' lang='lat' dir='ltr'><strong>Do-</strong></span> 
     </span>
    </p>
   </div>
   <div class='ocr_carea' id='block_1_97' title="bbox 2041 4087 3625 4160">
    <p class='ocr_par' dir='ltr' id='par_1_97' title="bbox 2041 4087 3625 4160">
     <span class='ocr_line' id='line_1_97' title="bbox 2041 4087 3625 4160; baseline -0.008 -8"><span class='ocrx_word' id='word_1_793' title='bbox 2041 4099 2216 4152; x_wconf 81' lang='lat' dir='ltr'><strong>minus</strong></span> <span class='ocrx_word' id='word_1_794' title='bbox 2260 4094 2516 4151; x_wconf 63' lang='lat' dir='ltr'><strong>auxilium</strong></span> <span class='ocrx_word' id='word_1_795' title='bbox 2567 4094 2631 4147; x_wconf 82' lang='lat' dir='ltr'><strong>de</strong></span> <span class='ocrx_word' id='word_1_796' title='bbox 2678 4101 2861 4146; x_wconf 80' lang='lat' dir='ltr'><strong>sancto</strong></span> <span class='ocrx_word' id='word_1_797' title='bbox 2916 4088 3249 4160; x_wconf 60' lang='lat' dir='ltr'><strong>(Pactam),</strong></span> <span class='ocrx_word' id='word_1_798' title='bbox 3288 4096 3344 4142; x_wconf 89' lang='lat' dir='ltr'><strong>et</strong></span> <span class='ocrx_word' id='word_1_799' title='bbox 3363 4087 3502 4142; x_wconf 88' lang='lat' dir='ltr'><strong>duos</strong></span> <span class='ocrx_word' id='word_1_800' title='bbox 3543 4101 3625 4140; x_wconf 53' lang='lat' dir='ltr'><strong>se.</strong></span> 
     </span>
    </p>
   </div>
   <div class='ocr_carea' id='block_1_98' title="bbox 2043 4195 2292 4257">
    <p class='ocr_par' dir='ltr' id='par_1_98' title="bbox 2043 4195 2292 4257">
     <span class='ocr_line' id='line_1_98' title="bbox 2043 4195 2292 4257; baseline -0.012 -14"><span class='ocrx_word' id='word_1_801' title='bbox 2043 4195 2292 4257; x_wconf 88' lang='lat' dir='ltr'><strong>quentes.</strong></span> 
     </span>
    </p>
   </div>
   <div class='ocr_carea' id='block_1_99' title="bbox 2646 4272 3003 4330">
    <p class='ocr_par' dir='ltr' id='par_1_99' title="bbox 2646 4272 3003 4330">
     <span class='ocr_line' id='line_1_99' title="bbox 2646 4272 3003 4330; baseline -0.011 0"><span class='ocrx_word' id='word_1_802' title='bbox 2646 4273 2875 4330; x_wconf 83' lang='lat' dir='ltr'><strong>CAPUT</strong></span> <span class='ocrx_word' id='word_1_803' title='bbox 2906 4272 3003 4326; x_wconf 78' lang='lat' dir='ltr'><strong>XX</strong></span> 
     </span>
    </p>
   </div>
   <div class='ocr_carea' id='block_1_100' title="bbox 2679 4362 2996 4418">
    <p class='ocr_par' dir='ltr' id='par_1_100' title="bbox 2679 4362 2996 4418">
     <span class='ocr_line' id='line_1_100' title="bbox 2679 4362 2996 4418; baseline -0.016 1"><span class='ocrx_word' id='word_1_804' title='bbox 2679 4362 2754 4418; x_wconf 89' lang='lat' dir='ltr'><strong>De</strong></span> <span class='ocrx_word' id='word_1_805' title='bbox 2779 4372 2996 4418; x_wconf 83' lang='lat' dir='ltr'><strong>secreta.</strong></span> 
     </span>
    </p>
   </div>
   <div class='ocr_carea' id='block_1_101' title="bbox 2119 4446 3622 4530">
    <p class='ocr_par' dir='ltr' id='par_1_101' title="bbox 2119 4446 3622 4530">
     <span class='ocr_line' id='line_1_101' title="bbox 2119 4446 3622 4530; baseline -0.015 -13"><span class='ocrx_word' id='word_1_806' title='bbox 2119 4459 2377 4530; x_wconf 88' lang='lat' dir='ltr'><strong>Sequitur</strong></span> <span class='ocrx_word' id='word_1_807' title='bbox 2398 4466 2628 4513; x_wconf 82' lang='lat' dir='ltr'><strong>secreta.</strong></span> <span class='ocrx_word' id='word_1_808' title='bbox 2666 4454 2889 4510; x_wconf 82' lang='lat' dir='ltr'><strong>Secreta</strong></span> <span class='ocrx_word' id='word_1_809' title='bbox 2915 4451 3038 4506; x_wconf 78' lang='lat' dir='ltr'><strong>ideo</strong></span> <span class='ocrx_word' id='word_1_810' title='bbox 3050 4449 3379 4511; x_wconf 76' lang='lat' dir='ltr'><strong>nominatur,</strong></span> <span class='ocrx_word' id='word_1_811' title='bbox 3396 4446 3519 4515; x_wconf 82' lang='lat' dir='ltr'><strong>quia</strong></span> <span class='ocrx_word' id='word_1_812' title='bbox 3541 4457 3622 4496; x_wconf 73' lang='lat' dir='ltr'><strong>sc-</strong></span> 
     </span>
    </p>
   </div>
   <div class='ocr_carea' id='block_1_102' title="bbox 2046 4535 3618 4614">
    <p class='ocr_par' dir='ltr' id='par_1_102' title="bbox 2046 4535 3618 4614">
     <span class='ocr_line' id='line_1_102' title="bbox 2046 4535 3618 4614; baseline -0.015 -5"><span class='ocrx_word' id='word_1_813' title='bbox 2046 4561 2197 4609; x_wconf 90' lang='lat' dir='ltr'><strong>creto</strong></span> <span class='ocrx_word' id='word_1_814' title='bbox 2222 4551 2437 4606; x_wconf 90' lang='lat' dir='ltr'><strong>dicitur.</strong></span> <span class='ocrx_word' id='word_1_815' title='bbox 2520 4548 2578 4602; x_wconf 90' lang='lat' dir='ltr'><strong>lu</strong></span> <span class='ocrx_word' id='word_1_816' title='bbox 2616 4549 2719 4601; x_wconf 85' lang='lat' dir='ltr'><strong>hac</strong></span> <span class='ocrx_word' id='word_1_817' title='bbox 2749 4545 2926 4614; x_wconf 88' lang='lat' dir='ltr'><strong>primo</strong></span> <span class='ocrx_word' id='word_1_818' title='bbox 2966 4541 3278 4596; x_wconf 86' lang='lat' dir='ltr'><strong>nominatur</strong></span> <span class='ocrx_word' id='word_1_819' title='bbox 3306 4535 3482 4592; x_wconf 88' lang='lat' dir='ltr'><strong>hostia</strong></span> <span class='ocrx_word' id='word_1_820' title='bbox 3511 4535 3618 4588; x_wconf 75' lang='lat' dir='ltr'><strong>sive</strong></span> 
     </span>
    </p>
   </div>
   <div class='ocr_carea' id='block_1_103' title="bbox 2045 4627 3615 4708">
    <p class='ocr_par' dir='ltr' id='par_1_103' title="bbox 2045 4627 3615 4708">
     <span class='ocr_line' id='line_1_103' title="bbox 2045 4627 3615 4708; baseline -0.013 -8"><span class='ocrx_word' id='word_1_821' title='bbox 2045 4642 2391 4708; x_wconf 88' lang='lat' dir='ltr'><strong>sacriﬁcium,</strong></span> <span class='ocrx_word' id='word_1_822' title='bbox 2423 4640 2643 4705; x_wconf 88' lang='lat' dir='ltr'><strong>oblatio,</strong></span> <span class='ocrx_word' id='word_1_823' title='bbox 2678 4640 2729 4692; x_wconf 92' lang='lat' dir='ltr'><strong>in</strong></span> <span class='ocrx_word' id='word_1_824' title='bbox 2781 4637 2884 4691; x_wconf 87' lang='lat' dir='ltr'><strong>hac</strong></span> <span class='ocrx_word' id='word_1_825' title='bbox 2929 4644 3189 4704; x_wconf 72' lang='lat' dir='ltr'><strong>precatur</strong></span> <span class='ocrx_word' id='word_1_826' title='bbox 3231 4627 3490 4684; x_wconf 86' lang='lat' dir='ltr'><strong>sacerdos</strong></span> <span class='ocrx_word' id='word_1_827' title='bbox 3528 4639 3615 4694; x_wconf 74' lang='lat' dir='ltr'><strong>per</strong></span> 
     </span>
    </p>
   </div>
   <div class='ocr_carea' id='block_1_104' title="bbox 2045 4716 3614 4798">
    <p class='ocr_par' dir='ltr' id='par_1_104' title="bbox 2045 4716 3614 4798">
     <span class='ocr_line' id='line_1_104' title="bbox 2045 4716 3614 4798; baseline -0.017 -7"><span class='ocrx_word' id='word_1_828' title='bbox 2045 4733 2291 4791; x_wconf 88' lang='lat' dir='ltr'><strong>eamdem</strong></span> <span class='ocrx_word' id='word_1_829' title='bbox 2321 4732 2549 4787; x_wconf 85' lang='lat' dir='ltr'><strong>hostiam</strong></span> <span class='ocrx_word' id='word_1_830' title='bbox 2564 4726 2781 4798; x_wconf 82' lang='lat' dir='ltr'><strong>purgari</strong></span> <span class='ocrx_word' id='word_1_831' title='bbox 2803 4736 3201 4794; x_wconf 83' lang='lat' dir='ltr'><strong>usquequaque.</strong></span> <span class='ocrx_word' id='word_1_832' title='bbox 3225 4716 3528 4774; x_wconf 84' lang='lat' dir='ltr'><strong>Sacerdotis</strong></span> <span class='ocrx_word' id='word_1_833' title='bbox 3541 4727 3614 4766; x_wconf 89' lang='lat' dir='ltr'><strong>so-</strong></span> 
     </span>
    </p>
   </div>
   <div class='ocr_carea' id='block_1_105' title="bbox 2046 4804 3610 4881">
    <p class='ocr_par' dir='ltr' id='par_1_105' title="bbox 2046 4804 3610 4881">
     <span class='ocr_line' id='line_1_105' title="bbox 2046 4804 3610 4881; baseline -0.015 -1"><span class='ocrx_word' id='word_1_834' title='bbox 2046 4826 2150 4881; x_wconf 90' lang='lat' dir='ltr'><strong>lius</strong></span> <span class='ocrx_word' id='word_1_835' title='bbox 2182 4832 2266 4880; x_wconf 91' lang='lat' dir='ltr'><strong>est</strong></span> <span class='ocrx_word' id='word_1_836' title='bbox 2300 4823 2399 4878; x_wconf 88' lang='lat' dir='ltr'><strong>soli</strong></span> <span class='ocrx_word' id='word_1_837' title='bbox 2427 4822 2535 4877; x_wconf 87' lang='lat' dir='ltr'><strong>Deo</strong></span> <span class='ocrx_word' id='word_1_838' title='bbox 2555 4818 2751 4873; x_wconf 72' lang='lat' dir='ltr'><strong>oﬁ‘erre</strong></span> <span class='ocrx_word' id='word_1_839' title='bbox 2773 4815 3124 4876; x_wconf 89' lang='lat' dir='ltr'><strong>sacriﬁcium,</strong></span> <span class='ocrx_word' id='word_1_840' title='bbox 3140 4826 3204 4865; x_wconf 89' lang='lat' dir='ltr'><strong>ac</strong></span> <span class='ocrx_word' id='word_1_841' title='bbox 3226 4809 3347 4864; x_wconf 86' lang='lat' dir='ltr'><strong>ideo</strong></span> <span class='ocrx_word' id='word_1_842' title='bbox 3373 4808 3497 4876; x_wconf 89' lang='lat' dir='ltr'><strong>quia</strong></span> <span class='ocrx_word' id='word_1_843' title='bbox 3512 4804 3610 4859; x_wconf 80' lang='lat' dir='ltr'><strong>Deo</strong></span> 
     </span>
    </p>
   </div>
   <div class='ocr_carea' id='block_1_106' title="bbox 2047 4901 3608 4987">
    <p class='ocr_par' dir='ltr' id='par_1_106' title="bbox 2047 4901 3608 4987">
     <span class='ocr_line' id='line_1_106' title="bbox 2047 4901 3608 4987; baseline -0.016 -14"><span class='ocrx_word' id='word_1_844' title='bbox 2047 4914 2463 4987; x_wconf 82' lang='lat' dir='ltr'><strong>cogitationibus</strong></span> <span class='ocrx_word' id='word_1_845' title='bbox 2504 4910 2796 4980; x_wconf 88' lang='lat' dir='ltr'><strong>loquimur,</strong></span> <span class='ocrx_word' id='word_1_846' title='bbox 2827 4921 2932 4961; x_wconf 92' lang='lat' dir='ltr'><strong>non</strong></span> <span class='ocrx_word' id='word_1_847' title='bbox 2956 4913 3039 4961; x_wconf 91' lang='lat' dir='ltr'><strong>est</strong></span> <span class='ocrx_word' id='word_1_848' title='bbox 3068 4901 3376 4959; x_wconf 83' lang='lat' dir='ltr'><strong>necessaria</strong></span> <span class='ocrx_word' id='word_1_849' title='bbox 3416 4913 3515 4952; x_wconf 71' lang='lat' dir='ltr'><strong>vos</strong></span> <span class='ocrx_word' id='word_1_850' title='bbox 3539 4909 3608 4949; x_wconf 59' lang='lat' dir='ltr'><strong>reo</strong></span> 
     </span>
    </p>
   </div>
   <div class='ocr_carea' id='block_1_107' title="bbox 2051 4992 3612 5074">
    <p class='ocr_par' dir='ltr' id='par_1_107' title="bbox 2051 4992 3612 5074">
     <span class='ocr_line' id='line_1_107' title="bbox 2051 4992 3612 5074; baseline -0.017 -8"><span class='ocrx_word' id='word_1_851' title='bbox 2051 5011 2240 5074; x_wconf 80' lang='lat' dir='ltr'><strong>boans,</strong></span> <span class='ocrx_word' id='word_1_852' title='bbox 2266 5007 2360 5063; x_wconf 90' lang='lat' dir='ltr'><strong>sed</strong></span> <span class='ocrx_word' id='word_1_853' title='bbox 2381 5006 2564 5069; x_wconf 82' lang='lat' dir='ltr'><strong>verba,</strong></span> <span class='ocrx_word' id='word_1_854' title='bbox 2579 5004 2646 5059; x_wconf 88' lang='lat' dir='ltr'><strong>ad</strong></span> <span class='ocrx_word' id='word_1_855' title='bbox 2657 5003 2760 5057; x_wconf 93' lang='lat' dir='ltr'><strong>hoc</strong></span> <span class='ocrx_word' id='word_1_856' title='bbox 2778 5009 3009 5061; x_wconf 89' lang='lat' dir='ltr'><strong>tantum,</strong></span> <span class='ocrx_word' id='word_1_857' title='bbox 3027 5004 3084 5051; x_wconf 92' lang='lat' dir='ltr'><strong>ut</strong></span> <span class='ocrx_word' id='word_1_858' title='bbox 3108 4994 3318 5051; x_wconf 88' lang='lat' dir='ltr'><strong>eisdem</strong></span> <span class='ocrx_word' id='word_1_859' title='bbox 3345 4992 3612 5047; x_wconf 78' lang='lat' dir='ltr'><strong>admonea-</strong></span> 
     </span>
    </p>
   </div>
   <div class='ocr_carea' id='block_1_108' title="bbox 2051 5083 3610 5164">
    <p class='ocr_par' dir='ltr' id='par_1_108' title="bbox 2051 5083 3610 5164">
     <span class='ocr_line' id='line_1_108' title="bbox 2051 5083 3610 5164; baseline -0.015 -9"><span class='ocrx_word' id='word_1_860' title='bbox 2051 5109 2140 5155; x_wconf 89' lang='lat' dir='ltr'><strong>tur</strong></span> <span class='ocrx_word' id='word_1_861' title='bbox 2171 5097 2423 5154; x_wconf 85' lang='lat' dir='ltr'><strong>sacerdos</strong></span> <span class='ocrx_word' id='word_1_862' title='bbox 2442 5094 2569 5164; x_wconf 87' lang='lat' dir='ltr'><strong>quid</strong></span> <span class='ocrx_word' id='word_1_863' title='bbox 2596 5093 2835 5164; x_wconf 86' lang='lat' dir='ltr'><strong>cogitare</strong></span> <span class='ocrx_word' id='word_1_864' title='bbox 2859 5089 3073 5145; x_wconf 89' lang='lat' dir='ltr'><strong>debeat.</strong></span> <span class='ocrx_word' id='word_1_865' title='bbox 3126 5087 3186 5141; x_wconf 88' lang='lat' dir='ltr'><strong>in</strong></span> <span class='ocrx_word' id='word_1_866' title='bbox 3206 5083 3454 5155; x_wconf 89' lang='lat' dir='ltr'><strong>sequenti</strong></span> <span class='ocrx_word' id='word_1_867' title='bbox 3481 5094 3610 5134; x_wconf 75' lang='lat' dir='ltr'><strong>nant-</strong></span> 
     </span>
    </p>
   </div>
   <div class='ocr_carea' id='block_1_109' title="bbox 2052 5167 3612 5260">
    <p class='ocr_par' dir='ltr' id='par_1_109' title="bbox 2052 5167 3612 5260">
     <span class='ocr_line' id='line_1_109' title="bbox 2052 5167 3612 5260; baseline -0.016 -15"><span class='ocrx_word' id='word_1_868' title='bbox 2052 5205 2158 5260; x_wconf 88' lang='lat' dir='ltr'><strong>que</strong></span> <span class='ocrx_word' id='word_1_869' title='bbox 2186 5187 2429 5244; x_wconf 88' lang='lat' dir='ltr'><strong>oratione</strong></span> <span class='ocrx_word' id='word_1_870' title='bbox 2454 5184 2649 5237; x_wconf 83' lang='lat' dir='ltr'><strong>clamat</strong></span> <span class='ocrx_word' id='word_1_871' title='bbox 2677 5182 2745 5236; x_wconf 89' lang='lat' dir='ltr'><strong>ad</strong></span> <span class='ocrx_word' id='word_1_872' title='bbox 2777 5178 3055 5251; x_wconf 90' lang='lat' dir='ltr'><strong>populum,</strong></span> <span class='ocrx_word' id='word_1_873' title='bbox 3091 5184 3155 5229; x_wconf 91' lang='lat' dir='ltr'><strong>ut</strong></span> <span class='ocrx_word' id='word_1_874' title='bbox 3181 5174 3327 5244; x_wconf 89' lang='lat' dir='ltr'><strong>quod</strong></span> <span class='ocrx_word' id='word_1_875' title='bbox 3368 5185 3481 5242; x_wconf 82' lang='lat' dir='ltr'><strong>ipse</strong></span> <span class='ocrx_word' id='word_1_876' title='bbox 3512 5167 3612 5260; x_wconf 83' lang='lat' dir='ltr'><strong>jam</strong></span> 
     </span>
    </p>
   </div>
   <div class='ocr_carea' id='block_1_110' title="bbox 2054 5259 3611 5344">
    <p class='ocr_par' dir='ltr' id='par_1_110' title="bbox 2054 5259 3611 5344">
     <span class='ocr_line' id='line_1_110' title="bbox 2054 5259 3611 5344; baseline -0.013 -7"><span class='ocrx_word' id='word_1_877' title='bbox 2054 5259 2236 5344; x_wconf 83' lang='lat' dir='ltr'><strong>habet,</strong></span> <span class='ocrx_word' id='word_1_878' title='bbox 2264 5279 2458 5334; x_wconf 87' lang='lat' dir='ltr'><strong>habeat</strong></span> <span class='ocrx_word' id='word_1_879' title='bbox 2478 5284 2533 5330; x_wconf 92' lang='lat' dir='ltr'><strong>et</strong></span> <span class='ocrx_word' id='word_1_880' title='bbox 2561 5274 2670 5339; x_wconf 85' lang='lat' dir='ltr'><strong>ille,</strong></span> <span class='ocrx_word' id='word_1_881' title='bbox 2693 5274 2795 5327; x_wconf 90' lang='lat' dir='ltr'><strong>hoc</strong></span> <span class='ocrx_word' id='word_1_882' title='bbox 2824 5280 2927 5335; x_wconf 87' lang='lat' dir='ltr'><strong>est,</strong></span> <span class='ocrx_word' id='word_1_883' title='bbox 2954 5284 3168 5323; x_wconf 82' lang='lat' dir='ltr'><strong>sursum</strong></span> <span class='ocrx_word' id='word_1_884' title='bbox 3193 5280 3310 5329; x_wconf 88' lang='lat' dir='ltr'><strong>cor,</strong></span> <span class='ocrx_word' id='word_1_885' title='bbox 3325 5279 3391 5319; x_wconf 87' lang='lat' dir='ltr'><strong>ac</strong></span> <span class='ocrx_word' id='word_1_886' title='bbox 3418 5259 3611 5317; x_wconf 79' lang='lat' dir='ltr'><strong>deinde.</strong></span> 
     </span>
    </p>
   </div>
   <div class='ocr_carea' id='block_1_111' title="bbox 2056 5351 3615 5442">
    <p class='ocr_par' dir='ltr' id='par_1_111' title="bbox 2056 5351 3615 5442">
     <span class='ocr_line' id='line_1_111' title="bbox 2056 5351 3615 5442; baseline -0.015 -15"><span class='ocrx_word' id='word_1_887' title='bbox 2056 5382 2117 5427; x_wconf 91' lang='lat' dir='ltr'><strong>ut</strong></span> <span class='ocrx_word' id='word_1_888' title='bbox 2139 5371 2343 5442; x_wconf 85' lang='lat' dir='ltr'><strong>gratias</strong></span> <span class='ocrx_word' id='word_1_889' title='bbox 2385 5377 2509 5440; x_wconf 85' lang='lat' dir='ltr'><strong>agat</strong></span> <span class='ocrx_word' id='word_1_890' title='bbox 2548 5366 2660 5421; x_wconf 88' lang='lat' dir='ltr'><strong>Deo</strong></span> <span class='ocrx_word' id='word_1_891' title='bbox 2705 5380 2805 5439; x_wconf 89' lang='lat' dir='ltr'><strong>pro</strong></span> <span class='ocrx_word' id='word_1_892' title='bbox 2846 5362 3140 5419; x_wconf 83' lang='lat' dir='ltr'><strong>serenitate</strong></span> <span class='ocrx_word' id='word_1_893' title='bbox 3173 5359 3393 5414; x_wconf 83' lang='lat' dir='ltr'><strong>mentis.</strong></span> <span class='ocrx_word' id='word_1_894' title='bbox 3466 5351 3615 5422; x_wconf 82' lang='lat' dir='ltr'><strong>igitur</strong></span> 
     </span>
    </p>
   </div>
   <div class='ocr_carea' id='block_1_112' title="bbox 2054 5441 3617 5517">
    <p class='ocr_par' dir='ltr' id='par_1_112' title="bbox 2054 5441 3617 5517">
     <span class='ocr_line' id='line_1_112' title="bbox 2054 5441 3617 5517; baseline -0.018 0"><span class='ocrx_word' id='word_1_895' title='bbox 2054 5441 2164 5517; x_wconf 77' lang='lat' dir='ltr'><strong>hoc</strong></span> <span class='ocrx_word' id='word_1_896' title='bbox 2195 5458 2503 5516; x_wconf 89' lang='lat' dir='ltr'><strong>necessario</strong></span> <span class='ocrx_word' id='word_1_897' title='bbox 2531 5455 2813 5512; x_wconf 76' lang='lat' dir='ltr'><strong>extollitur</strong></span> <span class='ocrx_word' id='word_1_898' title='bbox 2839 5466 2989 5508; x_wconf 80' lang='lat' dir='ltr'><strong>voce.</strong></span> <span class='ocrx_word' id='word_1_899' title='bbox 3043 5449 3197 5517; x_wconf 85' lang='lat' dir='ltr'><strong>Quod</strong></span> <span class='ocrx_word' id='word_1_900' title='bbox 3224 5447 3480 5503; x_wconf 88' lang='lat' dir='ltr'><strong>omnibus</strong></span> <span class='ocrx_word' id='word_1_901' title='bbox 3503 5441 3617 5495; x_wconf 84' lang='lat' dir='ltr'><strong>licet</strong></span> 
     </span>
    </p>
   </div>
   <div class='ocr_carea' id='block_1_113' title="bbox 2055 5531 3617 5621">
    <p class='ocr_par' dir='ltr' id='par_1_113' title="bbox 2055 5531 3617 5621">
     <span class='ocr_line' id='line_1_113' title="bbox 2055 5531 3617 5621; baseline -0.014 -15"><span class='ocrx_word' id='word_1_902' title='bbox 2055 5549 2216 5606; x_wconf 88' lang='lat' dir='ltr'><strong>simul</strong></span> <span class='ocrx_word' id='word_1_903' title='bbox 2235 5563 2417 5621; x_wconf 85' lang='lat' dir='ltr'><strong>agere,</strong></span> <span class='ocrx_word' id='word_1_904' title='bbox 2443 5547 2496 5602; x_wconf 91' lang='lat' dir='ltr'><strong>id</strong></span> <span class='ocrx_word' id='word_1_905' title='bbox 2522 5553 2605 5600; x_wconf 90' lang='lat' dir='ltr'><strong>est</strong></span> <span class='ocrx_word' id='word_1_906' title='bbox 2628 5543 2832 5616; x_wconf 86' lang='lat' dir='ltr'><strong>gratias</strong></span> <span class='ocrx_word' id='word_1_907' title='bbox 2858 5540 3062 5596; x_wconf 81' lang='lat' dir='ltr'><strong>referre</strong></span> <span class='ocrx_word' id='word_1_908' title='bbox 3086 5539 3217 5602; x_wconf 72' lang='lat' dir='ltr'><strong>Deo,</strong></span> <span class='ocrx_word' id='word_1_909' title='bbox 3238 5536 3342 5591; x_wconf 92' lang='lat' dir='ltr'><strong>hoc</strong></span> <span class='ocrx_word' id='word_1_910' title='bbox 3368 5531 3617 5589; x_wconf 52' lang='lat' dir='ltr'><strong>sociauit.</strong></span> 
     </span>
    </p>
   </div>
   <div class='ocr_carea' id='block_1_114' title="bbox 2057 5619 3617 5705">
    <p class='ocr_par' dir='ltr' id='par_1_114' title="bbox 2057 5619 3617 5705">
     <span class='ocr_line' id='line_1_114' title="bbox 2057 5619 3617 5705; baseline -0.013 -11"><span class='ocrx_word' id='word_1_911' title='bbox 2057 5648 2147 5694; x_wconf 92' lang='lat' dir='ltr'><strong>tur</strong></span> <span class='ocrx_word' id='word_1_912' title='bbox 2174 5619 2363 5705; x_wconf 78' lang='lat' dir='ltr'><strong>:Quod</strong></span> <span class='ocrx_word' id='word_1_913' title='bbox 2385 5636 2452 5690; x_wconf 89' lang='lat' dir='ltr'><strong>ad</strong></span> <span class='ocrx_word' id='word_1_914' title='bbox 2478 5634 2654 5689; x_wconf 90' lang='lat' dir='ltr'><strong>solum</strong></span> <span class='ocrx_word' id='word_1_915' title='bbox 2683 5630 3016 5688; x_wconf 87' lang='lat' dir='ltr'><strong>sacerdotem</strong></span> <span class='ocrx_word' id='word_1_916' title='bbox 3045 5628 3301 5698; x_wconf 86' lang='lat' dir='ltr'><strong>pertinet,</strong></span> <span class='ocrx_word' id='word_1_917' title='bbox 3319 5624 3375 5679; x_wconf 92' lang='lat' dir='ltr'><strong>id</strong></span> <span class='ocrx_word' id='word_1_918' title='bbox 3397 5630 3500 5687; x_wconf 88' lang='lat' dir='ltr'><strong>est,</strong></span> <span class='ocrx_word' id='word_1_919' title='bbox 3525 5619 3617 5673; x_wconf 74' lang='lat' dir='ltr'><strong>itu-</strong></span> 
     </span>
    </p>
   </div>
   <div class='ocr_carea' id='block_1_115' title="bbox 2059 5710 3622 5800">
    <p class='ocr_par' dir='ltr' id='par_1_115' title="bbox 2059 5710 3622 5800">
     <span class='ocr_line' id='line_1_115' title="bbox 2059 5710 3622 5800; baseline -0.013 -13"><span class='ocrx_word' id='word_1_920' title='bbox 2059 5731 2279 5787; x_wconf 88' lang='lat' dir='ltr'><strong>molatio</strong></span> <span class='ocrx_word' id='word_1_921' title='bbox 2298 5728 2453 5800; x_wconf 86' lang='lat' dir='ltr'><strong>panis</strong></span> <span class='ocrx_word' id='word_1_922' title='bbox 2482 5736 2538 5782; x_wconf 90' lang='lat' dir='ltr'><strong>et</strong></span> <span class='ocrx_word' id='word_1_923' title='bbox 2563 5725 2705 5793; x_wconf 70' lang='lat' dir='ltr'><strong>viui,</strong></span> <span class='ocrx_word' id='word_1_924' title='bbox 2725 5732 2937 5779; x_wconf 88' lang='lat' dir='ltr'><strong>secreto</strong></span> <span class='ocrx_word' id='word_1_925' title='bbox 2963 5720 3161 5792; x_wconf 79' lang='lat' dir='ltr'><strong>agitur.</strong></span> <span class='ocrx_word' id='word_1_926' title='bbox 3191 5719 3465 5788; x_wconf 84' lang='lat' dir='ltr'><strong>Quantum</strong></span> <span class='ocrx_word' id='word_1_927' title='bbox 3485 5710 3622 5767; x_wconf 79' lang='lat' dir='ltr'><strong>enim</strong></span> 
     </span>
    </p>
   </div>
  </div>
