3938 6178
350 282 490 338 1135

1113 280 1199 336 DE
1236 276 1786 337 ECCLESIASTlClS
1824 272 2113 331 OFFlCllS
2151 272 2328 328 LIBRI
2364 271 2454 326 IV.
2484 302 2553 312 —-
2591 271 2717 327 LIB.
2758 272 2859 327 lll.‘

3468 279 3601 335 “5i

346 393 567 449 victima
612 390 904 463 praestabat
936 394 990 447 in
1014 392 1196 448 Veteri
1227 393 1576 449 Testamento
1607 390 1676 445 ad
1711 385 1926 444 Domini
1956 386 2002 445 Α
2029 391 2248 456 pugnet,
2272 382 2407 439 nihil
2426 383 2493 439 de
2510 382 2843 440 conscientia
2872 385 3098 455 peccati.
3116 386 3259 443 unde
3280 393 3605 450 conturben-

346 483 693 547 sacriﬁcium,
708 470 1188 555 ‘postquam'ducta
1212 492 1329 540 erat
1362 484 1430 539 ad
1455 482 1653 537 ostium
1677 479 1927 535 taberna-

346 573 455 630 culi
470 572 657 645 (Levit.
674 572 769 645 tv),
788 581 995 629 tantum
1008 582 1232 645 prastat
1241 572 1570 629 sacriﬁcium
1583 572 1636 625 in
1650 569 1822 640 prima
1836 581 1931 637 po-

348 664 544 719 sitione
569 662 776 717 altaris.
836 662 951 718 Non
972 663 1276 733 potestiam
1297 661 1494 716 mutari
1526 674 1701 731 neque
1734 658 1785 712 in
1820 672 1931 712 me-

349 752 457 807 lius
489 766 665 822 neque
695 751 748 811 in
777 751 1036 807 deterius.

931 862 1160 920 CAPUT
1207 863 1348 918 XXI.

351 955 431 1010 De
467 956 659 1026 hymno
706 964 826 1010 ante
879 956 1174 1038 passionem
1213 955 1425 1010 Domini
1455 995 1470 1019 ,
1519 956 1624 1009 sive
1665 971 1932 1026 prtepara—

1057 1036 1224 1080 tione.

425 1114 670 1184 Hymnus
708 1114 828 1168 ideo
854 1113 1069 1178 dicitur,
1104 1115 1229 1184 quia
1271 1113 1507 1170 refertus
1527 1122 1612 1171 est
1635 1114 1930 1186 gratiarum

354 1204 588 1269 actione,
638 1214 692 1257 et
739 1202 985 1257 laudibus
1024 1204 1370 1274 angelorum;
1405 1204 1757 1273 prmparatio,
1806 1203 1930 1273 quia

354 1301 509 1361 parat
534 1289 762 1346 fratrum
810 1300 1021 1347 mentes
1044 1293 1111 1349 ad
1133 1292 1466 1349 honestatem
1498 1293 1774 1348 decentem
1802 1309 1931 1347 con-

355 1383 538 1439 ventui
563 1391 874 1438 sanctorum
910 1383 1245 1454 angelorum,
1267 1385 1358 1455 qui
1388 1384 1562 1440 solent
1586 1386 1777 1440 adesse
1807 1401 1932 1438 con—

357 1476 646 1531 secrationi
681 1477 925 1547 corporis
944 1476 1165 1541 Christi,
1193 1485 1249 1532 et
1272 1478 1339 1532 ad
1364 1481 1534 1548 ipsam
1574 1477 1931 1532 reverentiam

358 1574 521 1621 tantae
535 1566 975 1622 consecrationis.
1018 1566 1098 1622 Ac
1132 1567 1254 1621 ilco
1280 1566 1492 1622 excelsa
1504 1581 1635 1622 voce
1658 1574 1929 1621 cantatur.

355 1656 600 1714 Oliicium
626 1658 729 1714 hoc
748 1659 1036 1714 inchoatur
1056 1677 1084 1715 a
1101 1660 1426 1715 salutatione
1451 1676 1573 1730 quae
1585 1660 1784 1716 dicitur
1806 1667 1932 1715 ante

357 1749 580 1804 Sursum
607 1750 787 1815 corda,
812 1751 1065 1805 etﬁnitur
1096 1751 1152 1805 in
1182 1751 1669 1822 hymno,Sanctus,
1696 1760 1931 1813 sanctus,
1962 1733 2008 1792 Β

354 1856 588 1909 sanctus,
625 1859 867 1914 pratsens
908 1843 1140 1899 ollicium
1162 1852 1373 1913 tempus
1400 1844 1528 1899 illud
1553 1844 1711 1900 nobis
1730 1844 1797 1898 ad
1830 1858 1937 1898 me

354 1936 583 2009 moriam
611 1936 827 1991 reducit
849 1936 1067 2007 quando
1088 1936 1337 1992 Christus
1358 1937 1412 1990 in
1436 1951 1588 1991 omna
1610 1934 1856 1991 ascendit
1881 1935 1933 1989 in

354 2028 695 2084 cenaculum
736 2043 989 2098 magnum
1017 2035 1269 2093 stratum,
1318 2036 1373 2082 ct
1405 2028 1476 2083 ibi
1524 2028 1692 2083 multa
1726 2028 1937 2082 locutus

354 2129 442 2175 cst
469 2136 592 2175 cum
616 2119 893 2189 discipulis
920 2118 1137 2192 (.llatth.
1173 2119 1344 2190 xxvi),
1375 2128 1430 2173 et
1471 2120 1726 2190 hymnum
1754 2120 1937 2174 retulit

355 2214 468 2268 Deo
487 2213 647 2282 patri,
696 2227 854 2281 quem
880 2211 1117 2268 Joannes
1155 2219 1561 2277 commemorat,
1610 2225 1778 2279 usque
1807 2210 1934 2265 dum

354 2305 531 2359 exiret
552 2304 607 2359 in
635 2313 874 2358 montem
901 2303 1117 2360 Oliveti.
1170 2303 1246 2357 lbi
1288 2303 1494 2374 gratias
1533 2303 1643 2372 egit
1690 2303 1823 2367 Deo,
1863 2301 1935 2357 ibi

355 2394 613 2465 hymnum
645 2392 906 2457 cantavit,
942 2393 1130 2463 inquo
1174 2400 1425 2462 precatus
1469 2400 1551 2447 est
1595 2391 1833 2456 Patrem,
1877 2399 1939 2446 ut

354 2490 601 2539 servaret
634 2482 925 2552 discipulos
963 2497 1091 2537 suos
1113 2499 1142 2536 a
1175 2482 1338 2547 malo,
1371 2482 1633 2537 dicendo:
1666 2480 1790 2535 Non
1813 2497 1935 2551 rogo

353 2586 414 2631 ut
438 2572 591 2628 tollas
608 2590 697 2628 eos
721 2573 787 2627 de
806 2579 1023 2638 mundo,
1040 2572 1129 2627 sed
1154 2582 1209 2627 ut
1234 2589 1402 2627 serves
1419 2588 1507 2626 eos
1530 2589 1560 2625 a
1592 2570 1730 2624 malo
1751 2567 1805 2643 (1
1810 2586 1933 2624 oan.
1956 2563 1966 2572 ’

354 2669 513 2737 xvii).
569 2670 636 2725 Et
661 2677 722 2724 ut
762 2668 933 2747 sancti
969 2676 1345 2739 permaneant,
1382 2666 1660 2737 subjunxit
1687 2679 1702 2719 :
1734 2663 1939 2719 δανείσιὶ-

352 2761 456 2831 ﬁcu
481 2778 564 2816 eos
592 2761 647 2816 in
677 2760 907 2816 veritate.
948 2758 1016 2814 Et
1047 2759 1240 2815 iterum
1268 2775 1280 2811 :
1312 2758 1381 2812 Et
1422 2774 1517 2828 pro
1559 2757 1635 2811 eis
1668 2753 1937 2822 sancti/ica

351 2851 633 2922 meipsum,
664 2860 721 2905 ut
748 2851 853 2904 sint
880 2859 927 2904 et
954 2851 1055 2922 ipsi
1083 2847 1396 2918 sancti/icati
1428 2848 1481 2903 in
1503 2848 1718 2903 ueritate
1740 2860 1759 2898 .°
1787 2847 1854 2900 Et
1882 2853 1941 2900 ut

354 2945 411 2999 in
444 2944 638 2999 ca‘lum
663 2943 1089 2998 transeantdicit
1109 2943 1162 2997 in
1186 2940 1570 3012 sequentibus:
1602 2936 1784 3003 Pater,
1809 2954 1939 3008 quos

352 3033 546 3088 dedisti
574 3034 700 3088 mihi
733 3033 843 3088 volo
875 3043 929 3086 ut
962 3032 1049 3086 ubi
1094 3048 1187 3102 ego
1216 3048 1332 3086 sunt
1360 3040 1407 3085 et
1451 3029 1532 3083 illi
1558 3030 1660 3084 sint
1711 3044 1934 3092 mecum,

352 3139 412 3183 ut
439 3129 647 3183 videant
677 3127 969 3182 claritatem
996 3140 1356 3195 meam,quam
1380 3123 1570 3177 dedisti
1600 3121 1727 3174 mihi
1746 3120 1934 3189 :juxta

353 3220 502 3274 hunc
526 3234 767 3284 sensum,
795 3218 968 3274 altare
989 3224 1073 3272 est
1100 3230 1284 3271 mensa
1316 3214 1548 3279 Domini,
1582 3214 1636 3269 in
1662 3228 1769 3282 qua
1803 3228 1937 3268 con-

354 3311 638 3365 vivabatur
682 3325 805 3365 cum
848 3307 1126 3379 discipulis
1173 3306 1325 3362 suis:
1366 3304 1678 3375 Corporale,
1711 3303 1936 3358 linteum

348 3417 466 3472 quo
489 3410 605 3456 erat
645 3401 759 3471 ipse
785 3400 1149 3470 praecinctus:
1192 3396 1469 3453 sudarium
1518 3395 1673 3450 labor
1706 3394 1772 3449 de
1797 3392 1934 3448 Juda

294 3498 304 3506 ‘
352 3493 651 3565 proditore.
701 3493 855 3548 Hunc
882 3492 1128 3548 ordinem
1158 3490 1406 3560 sequitur
1454 3489 1759 3545 sacerdos:
1801 3485 1936 3543 Cum

354 3598 472 3638 stus
491 3584 826 3639 auditoribus
850 3582 1157 3638 ascenditin
1181 3580 1517 3636 eoenaculum
1548 3579 1763 3649 quando
1783 3577 1935 3642 dicit,

355 3673 585 3730 Sursum
611 3674 771 3728 corda
799 3686 817 3724 :
855 3672 1143 3728 Auditorcs
1174 3672 1539 3743 respondent:
1573 3670 1841 3726 Habemus
1867 3671 1937 3724 ad

355 3764 662 3819 Dominum.
717 3762 870 3830 Quod
892 3772 1145 3835 precatus
1171 3772 1255 3818 est
1298 3778 1397 3834 pro
1419 3776 1479 3817 se
1515 3761 1569 3816 in
1597 3759 1935 3833 praefatione,

356 3865 417 3910 ut
448 3870 543 3911 cor
567 3870 724 3910 suum
750 3864 894 3911 esset
921 3854 1210 3921 alienuma
1237 3852 1463 3909 vinculis
1492 3851 1806 3931 mundanis,
1835 3852 1938 3907 hoc

352 3960 504 4001 nunc
529 3954 716 3999 monet
747 3945 1019 4000 auditores
1041 3960 1185 4010 suos,
1225 3952 1286 3999 ut
1320 3960 1420 4014 pro
1460 3951 1610 3998 tanto
1645 3942 1789 3998 dono
1816 3958 1940 4014 gra-

266 4022 285 4041 ⁸
358 4035 468 4090 tias
492 4043 653 4105 agant
691 4034 849 4090 Deo:
907 4035 1197 4091 Auditores
1246 4034 1569 4090 conﬁrmant
1624 4033 1842 4104 dignum
1884 4041 1939 4087 et

346 4126 562 4196 justum
603 4127 676 4180 ita
704 4143 841 4192 esse,
869 4138 922 4182 et
955 4136 1171 4193 cratera,
1199 4142 1369 4198 usque
1387 4141 1485 4196 per
1523 4125 1796 4182 Christum
1838 4125 1945 4179 Do-

358 4216 569 4270 minum
592 4226 859 4271 nostrum.
902 4217 1006 4273 Per
1038 4233 1198 4288 quem
1232 4217 1562 4273 reconciliati
1593 4232 1780 4272 sumus
1804 4215 1938 4283 Deo,

358 4322 461 4378 per
489 4307 636 4361 illum
677 4317 897 4363 nostras
942 4311 1235 4378 gratiarum
1259 4308 1504 4364 actiones
1535 4307 1812 4363 oll'erimus
1838 4326 1849 4360 :
1884 4316 1943 4361 et

2034 482 2121 531 tur
2162 490 2227 530 ac
2253 483 2505 546 paveant,
2556 473 2856 529 habentes:
2896 475 2999 529 sed
3029 476 3262 533 dulcium
3291 480 3605 550 profusione

2030 564 2388 637 lacrymarum
2419 572 2663 636 optantes
2706 566 2888 621 venire
2935 574 2990 623 et
3033 583 3223 640 parere
3259 581 3389 629 "ante
3411 572 3602 631 faciem

2031 655 2265 712 Domini.

2100 746 2314 804 Oblatio
2367 765 2488 821 quae
2551 750 2889 821 superposita
2938 760 3024 809 est
3057 751 3112 808 in
3163 753 3343 824 priore
3406 755 3603 819 olﬁcio.

2031 837 2143 895 Deo
2194 840 2447 910 deputata
2500 849 2601 906 est,
2660 857 2725 896 ac
2748 858 2849 912 per
2887 844 2991 899 hoc
3022 844 3377 907 sanctiﬁcata,
3423 846 3476 901 id
3502 856 3605 910 est.

2033 943 2062 985 a
2089 930 2321 986 terrenis
2338 941 2607 1001 separata,
2636 938 2691 984 et
2718 934 3036 990 cmlestibus
3067 934 3321 1005 deputata
3351 953 3366 991 :
3412 936 3472 994 ln
3504 937 3607 993 ista

2031 1018 2349 1074 observatur
2369 1018 2669 1089 usquedum
2691 1036 2756 1077 ex
2798 1036 2862 1077 ea
2899 1022 2992 1077 ﬁat
3016 1039 3214 1095 corpus
3242 1025 3476 1091 Domini,
3507 1028 3607 1083 hac
3654 1051 3695 1061 ~-

2031 1119 2215 1181 postea
2251 1119 2559 1165 assumatur
2588 1112 2643 1165 in
2685 1113 2900 1168 caelum.
2970 1115 3277 1171 lntimatum
3330 1127 3413 1173 est
3466 1120 3609 1175 hanc

2031 1200 2478 1273 prmparationem
2493 1217 2616 1272 qua:
2638 1202 2945 1259 celebratur
2964 1205 3017 1259 in
3040 1205 3196 1261 altari
3220 1208 3606 1278 thymiamatis.

2032 1293 2359 1349 sacrificium
2383 1293 2696 1365 angelorum
2718 1295 2785 1368 ad
2806 1297 3123 1352 memoriam
3145 1299 3302 1354 nobis
3326 1301 3606 1363 reducere.

2034 1401 2098 1441 ac
2131 1387 2251 1442 ideo
2277 1387 2420 1456 quod
2447 1387 2579 1442 dicit
2619 1389 2897 1455 sacerdos,
2926 1389 3098 1456 Quam
3146 1390 3368 1448 laudant
3415 1394 3608 1466 angeli,

2034 1475 2346 1547 angelorum
2385 1475 2716 1532 sacriﬁcium
2759 1486 2863 1532 est.
2915 1479 2972 1534 In
3012 1481 3217 1551 angelis
3258 1482 3613 1554 archangelos

2033 1565 2401 1637 intelligimus.
2432 1566 2873 1622 Dominationum
2902 1570 3253 1638 sacriﬁcium,
3285 1572 3609 1639 adhortatio,

2034 1658 2088 1715 in
2118 1657 2314 1728 quibus
2339 1657 2672 1727 principatus
2700 1657 3068 1729 intelligimus.
3098 1659 3253 1716 Sicut
3285 1662 3610 1720 dominatio-

2036 1765 2132 1805 nes
2159 1748 2399 1818 subjecta
2442 1750 2543 1805 sibi
2576 1750 2779 1806 habent
2809 1751 3120 1822 angelorum
3143 1754 3379 1824 agmina,
3412 1757 3611 1826 quibus

2038 1841 2177 1896 mira
2205 1841 2446 1910 potentia
2474 1842 2804 1910 prateminet,
2833 1842 2913 1897 sic
2947 1850 3004 1896 et
3027 1843 3362 1914 principatus
3387 1845 3613 1918 spiritus

2036 1931 2301 1987 bonorum
2356 1931 2695 2001 angelorum,
2747 1932 2946 2001 quibus
2996 1934 3065 1987 ad
3112 1933 3374 2007 explenda
3427 1935 3609 1993 divina

2037 2020 2340 2076 ministeria
2394 2022 2776 2092 principantur.
2841 2024 3359 2094 Qui’dominantur,
3404 2028 3608 2098 princi-

2038 2124 2253 2187 pantur.
2289 2115 2624 2173 Potestatum
2664 2124 2891 2183 tremor,
2928 2118 3298 2191 cxlorumque
3324 2120 3612 2177 virtutum-

2039 2224 2145 2280 que
2171 2224 2236 2265 ac
2261 2209 2542 2265 beatorum
2598 2210 2852 2281 seraphin
2891 2210 3168 2281 agminum
3208 2212 3442 2270 societas
3488 2228 3612 2270 san-

2038 2314 2148 2361 cta.
2172 2305 2350 2361 leos
2370 2320 2467 2375 pro
2498 2305 2708 2360 lbronis
2727 2305 2934 2375 positos
2958 2305 3323 2376 intelligimus,
3348 2307 3475 2378 quia
3496 2323 3613 2364 em-

2039 2396 2150 2450 lum
2185 2395 2343 2452 sedes
2378 2396 2470 2456 Dei
2508 2396 2736 2460 dicitur;
2774 2395 2968 2465 hisque
3006 2396 3381 2467 eonjungimus
3416 2398 3615 2454 cheru-

2039 2489 2152 2552 bin,
2191 2504 2356 2558 super
2382 2503 2502 2558 quae
2530 2488 2729 2544 dicitur
2752 2486 2894 2542 Deus
2934 2488 3142 2553 sedere,
3173 2489 3317 2543 sicut
3348 2489 3610 2558 psalmus,

2041 2580 2146 2647 Qui
2195 2568 2361 2645 sedes,
2416 2580 2620 2649 inquit,
2671 2596 2827 2649 super
2872 2578 3139 2641 cherubin,
3193 2596 3389 2651 appare
3437 2579 3613 2652 (Psal.

2040 2670 2245 2742 LXXIX).
2295 2670 2391 2725 llis
2426 2686 2617 2726 novem
2648 2669 2931 2725 ordinibus
2958 2668 3271 2740 praelibatis,
3304 2670 3440 2726 ordo
3474 2672 3619 2727 deci-

2039 2777 2162 2817 mus
2186 2760 2511 2817 conditionis
2536 2762 2784 2817 humana:
2809 2761 3050 2816 adnexus
3076 2768 3179 2825 est,
3209 2776 3274 2816 ex
3305 2762 3460 2833 cujus
3484 2777 3618 2819 voce

2041 2851 2173 2906 dicit
2217 2851 2491 2916 sacerdos,
2524 2850 2657 2905 Cum
2693 2850 2880 2920 quibus
2923 2858 2971 2904 et
3004 2859 3211 2905 nostras
3246 2867 3396 2906 voces
3429 2862 3485 2905 ut
3513 2854 3614 2907 ad-

2042 2942 2179 2996 mitti
2204 2942 2395 3011 jubeas
2428 2942 2789 3012 deprecamur.
2824 2939 3068 3010 Hymnus
3102 2954 3356 3008 sequens,
3381 2941 3477 3011 qui
3523 2942 3618 2996 ad-

2041 3034 2185 3089 ditus
2210 3044 2293 3090 est
2322 3033 2579 3105 primaevo
2604 3033 2805 3103 hymno
2846 3047 2877 3086 a
2904 3030 3056 3087 Sixto
3083 3046 3220 3102 pipa
3250 3032 3464 3088 additus
3506 3040 3613 3097 est,

2040 3133 2102 3180 ut
2125 3124 2178 3180 in
2204 3126 2372 3195 gestis
2399 3124 2796 3194 pontiﬁcalibus
2823 3123 3037 3194 legitur.
3066 3123 3145 3180 lia
3175 3125 3318 3179 enim
3351 3125 3611 3195 scriptum

2038 3225 2121 3273 est
2148 3233 2162 3269 :
2193 3215 2294 3271 Hic
2320 3216 2603 3271 constituit
2635 3223 2694 3269 ut
2720 3215 2861 3270 intra
2901 3213 3172 3269 actionem
3207 3214 3505 3269 sacerdotis
3533 3214 3617 3268 in-

2037 3308 2245 3379 cipiens
2271 3305 2496 3378 populus
2527 3307 2787 3375 hymnum
2827 3306 3140 3361 decantaret
3165 3322 3178 3357 :
3210 3303 3459 3369 Sanctus,
3487 3322 3614 3360 san.

2038 3408 2173 3464 ctus,
2197 3407 2429 3462 sanctus,
2452 3396 2710 3452 Dominus
2743 3395 2880 3449 Deus
2912 3394 3165 3452 Sabaoth.
3202 3394 3345 3450 Idem
3380 3397 3615 3466 hymnus

2040 3492 2233 3546 horum
2273 3490 2500 3545 duorum
2541 3488 2795 3544 ordinum
2835 3502 2997 3544 voces
3036 3487 3314 3543 continet:
3348 3486 3493 3543 Ordo
3520 3503 3618 3542 an-

2038 3584 2280 3656 gelorum
2310 3584 2462 3648 dicit,
2501 3582 2747 3647 Sanctus,
2797 3592 3036 3648 sanctus,
3080 3591 3314 3647 sanctus,
3353 3583 3613 3638 Dominus

2040 3676 2181 3731 Deus
2207 3675 2463 3742 Sabaoth,
2488 3674 2629 3747 pleni
2673 3684 2794 3730 sunt
2839 3674 2954 3729 creti
2999 3684 3048 3729 et
3091 3684 3233 3729 terra
3278 3673 3448 3745 gloria
3491 3684 3619 3741 tua;

2038 3768 2172 3823 ordo
2200 3767 2474 3822 hominum
2501 3764 2667 3831 dicit;
2699 3764 2956 3820 Hosanna
2983 3765 3039 3819 in
3058 3763 3294 3831 excelsis,
3319 3765 3616 3821 benedictus

2038 3859 2128 3931 qui
2171 3859 2307 3914 venit
2348 3860 2403 3913 in
2442 3857 2647 3912 nomine
2670 3857 2900 3911 Domini.
2956 3856 3125 3924 Quam
3172 3865 3380 3926 partem
3428 3857 3615 3930 hymni

2040 3948 2279 4004 cantavit
2323 3945 2479 4002 turba
2524 3946 2612 4001 die
2643 3945 2949 4000 Palmarum
2996 3946 3303 4016 prmcedens
3329 3946 3613 4001 Dominum

2040 4037 2364 4095 Jerusalem.
2405 4036 2524 4092 Jam
2567 4036 2803 4090 diximus
2831 4036 2895 4089 de
2938 4035 3119 4099 altari,
3151 4035 3279 4104 quid
3321 4035 3615 4105 signiﬁcet.

2042 4133 2328 4189 dicendum
2361 4139 2445 4186 est
2475 4129 2540 4185 de
2567 4129 2805 4184 sudario.
2843 4127 3130 4181 Sudarium
3154 4127 3344 4195 jacens
3371 4126 3423 4179 in
3458 4126 3615 4182 altari

2042 4223 2310 4296 signiﬁcat
2338 4221 2575 4275 laborem
2610 4232 2769 4284 quem
2801 4216 3003 4270 habent
3031 4214 3204 4284 angeli
3235 4215 3287 4268 in
3318 4215 3532 4269 ministe
3565 4216 3618 4270 io

2043 4316 2302 4376 humano,
2341 4312 2451 4365 sive
2488 4306 2712 4378 perfecti
2749 4305 2884 4369 viri,
2924 4306 3014 4374 qui
3058 4320 3163 4360 non
3202 4312 3417 4360 cessant
3456 4321 3617 4360 orare

358 4400 493 4470 quia
520 4416 628 4455 non
642 4400 813 4455 solum
840 4415 904 4455 ea
930 4408 1183 4455 renovata
1212 4408 1339 4455 sunt
1361 4414 1457 4470 per
1478 4400 1752 4455 Christum
1778 4417 1790 4452 :
1819 4414 1941 4468 qua:
1965 4426 2018 4485 Β
2042 4419 2141 4475 pro
2179 4408 2361 4457 nostra
2403 4398 2712 4470 fragilitate.
2753 4394 3044 4465 Corporale
3090 4411 3219 4450 vero
3262 4396 3615 4451 intentionem

359 4499 492 4547 sunt
529 4491 583 4545 in
614 4500 777 4557 terra,
810 4492 904 4546 sed
934 4491 1095 4546 etiam
1126 4506 1244 4560 quae
1265 4491 1320 4544 in
1346 4490 1520 4556 caelis,
1558 4489 1747 4546 recolit
1778 4489 1943 4544 cccle-

359 4582 530 4637 stium
558 4581 759 4638 laudes.
818 4580 954 4649 Quia
979 4581 1123 4636 enim
1151 4581 1218 4635 de
1238 4579 1509 4635 sacriﬁcio
1538 4580 1739 4650 agitur,
1773 4586 1945 4635 restat

362 4680 507 4727 utet
548 4672 846 4742 gratiarum
882 4672 1144 4736 actiones,
1195 4686 1329 4741 (luas
1379 4669 1636 4725 sacerdos
1659 4669 1820 4725 oﬁ‘ert
1841 4685 1943 4740 pro

359 4759 635 4815 sacriﬁcio
662 4759 778 4827 egus
798 4761 1125 4830 accipiamus
1157 4780 1168 4815 :
1219 4770 1273 4816 et
1298 4759 1597 4814 ministeria
1626 4757 1943 4829 angelorum

359 4863 487 4919 qum
520 4848 834 4904 recoluntur
880 4850 934 4904 in
982 4850 1234 4919 praesenti
1263 4851 1486 4923 hymno,
1516 4864 1615 4921 pro
1634 4863 1822 4905 eorum
1854 4863 1942 4903 sa-

357 4940 591 4996 criﬁcio.
657 4940 792 4997 Illud
852 4941 1235 4998 intendendum
1272 4950 1359 4999 est
1388 4943 1444 4998 in
1476 4942 1726 4998 omnibus
1753 4939 1942 4997 olliciis

361 5029 772 5097 immolationis,
824 5031 916 5086 tali
965 5033 1182 5088 nomine
1228 5032 1557 5088 censendum
1591 5046 1712 5088 esse
1735 5030 1945 5087 visibile

358 5121 553 5187 altare,
571 5123 730 5192 quale
739 5131 929 5178 estcor
940 5122 1298 5178 oll'erentium.
1317 5121 1580 5192 Tempore
1592 5138 1699 5192 quo
1711 5122 1947 5193 hymnus

358 5225 491 5270 ante
515 5217 821 5286 passionem
845 5215 1175 5280 celebratur,
1217 5214 1388 5269 altare
1433 5222 1678 5268 nostrum
1730 5222 1948 5283 aptatur

360 5308 537 5365 altare
597 5309 1011 5381 thymiamatum
1051 5348 1067 5374 ,
1126 5306 1269 5377 quod
1327 5306 1596 5376 signiﬁcat
1649 5306 1939 5375 specialem

360 5403 722 5474 quorumdam
747 5400 1109 5473 perfectorum
1156 5399 1344 5463 vitam,
1370 5412 1561 5453 eorum
1584 5397 1816 5462 scilicet,
1851 5395 1944 5465 qui

361 5492 559 5563 majori
582 5495 780 5549 mentis
804 5491 1160 5564 perfectione,
1200 5490 1485 5547 exstinctis
1520 5505 1742 5561 prorsus
1770 5505 1835 5544 ac
1855 5503 1943 5545 so-

362 5584 496 5658 pilis
525 5584 793 5641 illecebris
832 5584 1084 5640 omnibus
1108 5583 1311 5648 carnis,
1341 5580 1454 5638 sola
1484 5581 1712 5636 Domino
1751 5580 1949 5636 oratio-

362 5692 499 5735 num
523 5685 642 5732 vota
664 5676 918 5744 oderunt,
943 5674 1076 5732 nihil
1099 5675 1314 5745 quidem
1336 5675 1401 5731 de
1419 5688 1584 5729 carne
1600 5672 1741 5743 quod
1763 5688 1819 5727 se
1844 5672 1947 5728 im-

2045 4511 2150 4550 non
2187 4493 2386 4548 ﬁctam.
2430 4488 2592 4545 Stant
2625 4487 2839 4542 interim
2882 4487 3120 4558 episcopi
3164 4488 3277 4543 sive
3310 4488 3621 4543 sacerdotes

2044 4603 2140 4645 seu
2167 4584 2379 4641 diaconi
2408 4592 2528 4654 post
2549 4582 2879 4654 pontiﬁcem,
2907 4580 3222 4637 subdiaconi
3249 4595 3379 4636 vero
3405 4580 3457 4635 in
3484 4579 3621 4637 facie

2045 4676 2180 4746 ejus.
2223 4674 2299 4728 lbi
2332 4672 2462 4727 illud
2490 4669 2814 4741 adimpletur
2843 4668 2986 4738 quod
3023 4668 3077 4722 in
3109 4676 3408 4723 memorato
3437 4682 3621 4724 caena-

2044 4769 2167 4825 culo
2192 4765 2323 4820 dicit
2345 4761 2604 4817 Dominus
2628 4759 2908 4831 discipulis
2934 4758 3047 4813 suis
3073 4759 3367 4813 secundum
3394 4759 3617 4815 Lucam:

2048 4859 2211 4930 Reges
2245 4856 2476 4927 gentium
2513 4853 2852 4907 dominantur
2877 4867 3080 4916 eorum,
3116 4861 3162 4905 et
3199 4852 3289 4922 qui
3316 4861 3618 4922 potestatem

2046 4949 2236 5005 habent
2265 4962 2423 5012 super
2452 4961 2561 5008 eos,
2594 4942 2810 5011 beneﬁci
2846 4950 3103 4997 uocantur
3132 4954 3151 4994 :
3184 4958 3269 4997 ros
3304 4951 3481 4996 autem
3517 4957 3621 4994 non

2049 5043 2160 5106 sic;
2197 5039 2288 5095 sed
2310 5039 2401 5109 qui
2435 5036 2610 5107 major
2638 5042 2715 5089 est
2748 5035 2803 5088 in
2839 5033 3000 5098 vobis,
3026 5033 3121 5103 ﬁat
3159 5035 3292 5089 sicut
3313 5034 3503 5104 junior
3530 5051 3546 5089 :
3574 5043 3623 5085 et

2050 5133 2139 5205 qui
2161 5144 2444 5202 prtecessor
2470 5136 2565 5190 est,
2591 5126 2727 5181 sicut
2754 5123 3102 5178 ministrator.
3146 5123 3288 5179 Nam
3310 5124 3427 5195 quis
3450 5121 3626 5191 major

2051 5231 2147 5284 est,
2173 5222 2263 5292 qui
2298 5217 2545 5273 recumbit
2569 5233 2637 5270 an
2654 5213 2745 5286 qui
2765 5214 3071 5269 ministrat?
3095 5212 3285 5269 Nonne
3307 5211 3398 5283 qui
3423 5225 3624 5263 recum-

2049 5314 2119 5368 bit
2144 5329 2155 5364 :
2183 5310 2295 5381 Ego
2318 5318 2493 5363 autem
2510 5308 2565 5361 in
2586 5306 2756 5360 medio
2786 5305 2941 5360 uestri
2960 5320 3104 5369 sum,
3133 5312 3381 5373 tanquam
3405 5299 3496 5370 qui
3525 5300 3625 5353 mi-

2048 5404 2233 5460 nistrat
2282 5397 2438 5475 (Luc.
2470 5396 2628 5468 χχιι).
2676 5395 2871 5451 Multos
2936 5392 3229 5464 discipulos
3283 5389 3486 5446 Christi
3529 5388 3625 5444 do-

2046 5493 2220 5549 ctrina
2254 5487 2510 5552 habebat,
2550 5487 2616 5541 de
2652 5486 2848 5555 quibus
2880 5492 3040 5539 erant
3076 5482 3152 5536 illi
3188 5488 3406 5536 centum
3431 5478 3623 5551 viginti

2047 5583 2139 5653 qui
2166 5582 2254 5637 die
2276 5580 2626 5635 Pentecostes
2655 5574 2813 5631 simul
2842 5572 3043 5628 inventi
3067 5580 3193 5627 sunt
3222 5571 3277 5626 in
3306 5586 3410 5626 una
3437 5569 3618 5626 domo.

2050 5673 2127 5729 De
2156 5672 2290 5742 ipsis
2316 5679 2437 5725 erat
2461 5667 2659 5737 Ioseph
2697 5666 2766 5719 ab
2798 5664 3121 5730 Arimathia,
3169 5662 3463 5737 discipulus
3489 5661 3617 5720 ἑῶυ
