3938 6178
340 338 477 397 Ῐῖὖδ

1363 336 1689 392 AMALAHII
1728 335 2160 392 PRESBYTER!
2204 339 2542 394 METENSIS

3467 337 3599 392 Ηὁό

337 458 583 516 occultus
627 468 846 529 promer
901 462 1102 510 metum
1132 450 1438 507 .ludreornm
1467 450 1649 523 (Joan.
1676 449 1791 521 ιιι)
1820 468 1832 502 :
1866 456 1922 503 et
1948 450 1998 510 Α
2024 451 2119 505 sed
2173 452 2590 521 perseverantia:
2638 451 2873 507 caelatis
2920 451 3079 522 regni
3128 450 3301 522 gloria
3351 450 3603 509 donatur,

338 550 455 621 ipse
496 550 763 622 bajulator
788 561 971 617 aquae,
1001 544 1362 616 qui'suscepit
1403 558 1525 598 eum
1556 544 1609 597 in
1637 541 1918 599 caenaculo

339 656 458 704 suo,
491 640 579 695 cui
604 633 865 693 Dominus
886 632 1185 697 mandavit,
1213 631 1350 686 Dicit
1380 632 1473 685 tibi
1490 633 1745 702 magister
1765 630 1915 702 (Luc.

343 727 499 801 χχιι).
537 728 604 782 Hi
633 727 863 796 denique
898 725 1011 781 sive
1044 732 1227 779 essent
1263 722 1529 792 corporali
1562 722 1831 792 positione
1866 722 1920 775 in

343 817 642 883 cmnaculo,
686 815 901 887 quando
937 813 1196 869 Dominus
1242 814 1502 877 emanavit,
1550 827 1655 868 seu
1691 827 1799 867 non
1843 810 1923 867 fo-

344 917 483 972 rent,
514 916 695 963 tamen
724 906 840 977 ejus
872 905 1132 975 obsequio
1158 919 1265 959 non
1296 904 1541 968 deerant,
1573 902 1787 957 sicut-is
1816 916 1924 955 non

343 997 630 1068 defuit-qui
663 997 859 1051 stravit
903 994 1247 1052 caenaculum
1271 996 1559 1064 'magnum.
1607 992 1719 1048 Hos
1747 992 1924 1048 credi-

344 1106 466 1146 mus
504 1089 774 1162 designari
812 1103 911 1159 per
948 1088 1328 1153 subdiaconus,
1371 1087 1461 1157 qui
1500 1086 1554 1141 in
1592 1086 1729 1141 facie
1759 1093 1920 1147 stant,

346 1183 487 1237 sicut
518 1181 668 1236 stetit
703 1179 793 1234 ille
831 1179 946 1233 sive
980 1193 1080 1247 per
1111 1179 1455 1249 przesentiam
1495 1191 1666 1239 suam,
1707 1190 1802 1230 seu
1831 1190 1929 1245 per

350 1270 736 1331 ministerium,
767 1268 921 1337 cujus
948 1274 1068 1321 erat
1114 1266 1453 1321 cenaculum
1487 1285 1499 1319 :
1532 1266 1647 1319 sive
1675 1264 1929 1320 mulieres

346 1376 468 1431 qua:
504 1367 925 1432 perseverarunt
962 1358 1014 1412 in
1059 1359 1312 1428 passione
1348 1356 1593 1420 Domini,
1634 1356 1701 1410 de
1734 1354 1929 1425 quibus

348 1452 643 1524 Gregorius
693 1450 758 1504 de
802 1447 1093 1504 Moralibus
1141 1448 1330 1502 scribit
1382 1445 1520 1516 (Lib.
1571 1461 1682 1508 xxv,
1723 1462 1770 1498 ε.
1801 1444 1924 1517 25):

351 1541 458 1596 Sed
484 1554 619 1596 cum
656 1539 727 1593 ad
768 1538 947 1594 crucis
984 1538 1173 1593 horam
1214 1545 1434 1592 ventum
1469 1544 1573 1601 est,
1613 1534 1728 1603 ejus
1770 1535 1930 1591 disci-

348 1629 508 1702 pulos
528 1630 713 1702 gravis
747 1646 812 1684 εκ
843 1628 1221 1699 persecutione
1247 1626 1555 1682 Jualaeorum
1586 1627 1749 1682 timor
1780 1626 1930 1681 inva-

350 1723 442 1788 sit,
470 1720 724 1791 fugerunt
746 1718 966 1789 singuli,
991 1719 1246 1773 mulieres
1270 1719 1579 1773 astiterunt.
1608 1717 1772 1785 Quasi
1799 1732 1929 1788 ergo

350 1818 669 1882 consumpta
694 1825 859 1865 carne
888 1824 951 1864 os
980 1809 1190 1865 Domini
1221 1810 1348 1879 pelli
1373 1825 1493 1864 sum
1530 1810 1757 1864 adhatsit
1782 1808 1925 1881 (Job.

350 1900 489 1973 six),
518 1902 646 1970 quia
692 1900 987 1965 fortitudo,
1017 1900 1287 1969 passionis
1324 1908 1567 1969 tempore
1605 1899 1931 1970 fugientibus

350 1995 653 2065 discipulis,
674 1993 833 2064 juxta
865 2010 925 2050 se
953 1994 1209 2050 mulieres
1238 1994 1463 2049 invenit.
1492 1993 1656 2048 Stetit
1680 1992 1932 2063 equidem

353 2086 667 2157 aliquandiu
696 2085 912 2151 Petrus,
944 2085 1039 2140 sed
1069 2092 1190 2154 po-t
1233 2085 1455 2138 territus
1484 2086 1719 2154 negavit.
1771 2082 1935 2139 Stetit

354 2178 520 2237 etiam
549 2177 806 2243 Joannes,
839 2178 924 2233 cui
954 2177 1071 2246 ipso
1097 2176 1277 2231 crucis
1326 2183 1569 2245 tempore
1596 2175 1798 2231 dictum
1824 2183 1929 2241 est,

352 2271 490 2326 Ecce
515 2279 683 2324 mater
703 2278 792 2322 tua
817 2267 1175 2340 (Joanxxtx);
1216 2267 1309 2323 sed
1333 2281 1682 2339 perseverare
1711 2266 1933 2323 minime

351 2361 546 2432 potuit,
576 2359 699 2431 quia
731 2359 797 2414 de
822 2359 940 2428 ipso
965 2373 1180 2429 quoque
1206 2358 1467 2428 scriptum
1494 2367 1597 2423 est,
1624 2359 1765 2429 quod
1796 2359 1930 2414 ado-

353 2455 547 2508 lescens
570 2450 785 2522 quidam
811 2449 1125 2521 sequebatur
1150 2448 1300 2503 illum
1330 2450 1553 2503 amictus
1589 2448 1807 2503 sindone
1842 2465 1933 2503 su-

351 2563 444 2616 per
470 2546 629 2611 nudo,
658 2554 707 2600 et
737 2554 1013 2599 tenuerunt
1057 2559 1173 2598 eum
1191 2561 1210 2608 ;
1250 2553 1302 2597 at
1343 2541 1432 2597 ille
1474 2542 1665 2613 rejecta
1687 2543 1929 2608 sindone,

353 2638 525 2693 nudus
548 2637 778 2709 profugit
801 2636 866 2690 ab
888 2636 964 2690 eis
992 2634 1187 2705 (Marc.
1217 2634 1350 2707 xlv).
1379 2634 1498 2702 Quo
1525 2634 1629 2689 etsi
1656 2645 1846 2705 postea
1873 2642 1932 2687 ut

351 2728 519 2785 verba
573 2727 656 2783 sui
700 2726 1079 2796 Redemptoris
1138 2726 1386 2790 audiret,
1442 2725 1507 2779 a'l
1562 2726 1749 2780 horam
1810 2741 1932 2780 eru-

351 2821 433 2874 cis
479 2819 677 2885 rcdiit,
728 2819 881 2888 prius
938 2826 1116 2871 tamen
1169 2817 1389 2871 territus
1457 2815 1611 2886 fugit.
1681 2814 1932 2872 Mulieres

352 2921 535 2966 autem
571 2925 679 2965 non
721 2910 896 2965 solum
941 2924 1046 2963 non
1097 2909 1341 2963 timuisse
1375 2922 1547 2976 neque
1582 2906 1803 2977 fugisse,
1836 2906 1931 2963 sed

350 3005 516 3060 etiam
550 3016 731 3072 usque
780 3002 847 3055 ad
902 3001 1211 3072 sepulcrum
1268 3001 1482 3054 stetisse
1537 3007 1925 3054 memorantur.

352 3094 494 3149 Dicit
529 3107 681 3164 ergo,
714 3090 849 3146 Pelli
874 3107 1023 3156 metu,
1070 3091 1387 3160 consumptis
1417 3090 1678 3154 carnibus,
1704 3090 1927 3145 adhtesit
1955 3130 1998 3191 Ο

351 3202 409 3239 os
433 3200 606 3238 meum
633 3181 776 3253 (Job.
809 3182 942 3251 xu).
978 3181 1081 3236 hoc
1113 3188 1216 3247 est,
1246 3179 1311 3234 lli
1339 3180 1432 3250 qui
1460 3194 1593 3235 mea:
1622 3179 1925 3235 fortitudini

352 3277 705 3347 prOpinquius
754 3276 1017 3329 inlimrere
1068 3273 1415 3339 debuerunt,
1478 3272 1747 3342 passionis
1795 3288 1930 3327 mea:

351 3380 593 3438 tempore
646 3367 838 3421 timore
887 3365 1192 3435 consumpti
1245 3372 1394 3428 sunt,
1436 3372 1491 3419 et
1536 3378 1632 3419 eas
1674 3378 1812 3434 quas
1861 3364 1929 3417 ad

349 3460 620 3514 exteriora
674 3457 973 3512 ministeria
1019 3456 1198 3526 posui,
1249 3456 1304 3511 in
1350 3459 1604 3527 passione
1642 3471 1762 3511 mea
1813 3452 1930 3511 sine

351 3549 636 3604 formidine
667 3549 930 3604 inbmrere
959 3548 1086 3601 mihi
1118 3546 1347 3603 ﬁdeliter
1373 3547 1572 3603 inveni.

925 3661 1152 3717 CAPUT
1190 3661 1354 3717 XXII.

566 3754 646 3809 De
670 3755 880 3824 hymno,
915 3752 1167 3815 Sanetus,
1203 3762 1440 3816 sanctus,
1474 3760 1708 3805 sanctus.

420 3863 551 3917 Post
586 3862 843 3931 hymnum
890 3842 1221 3924 inchoatum,
1254 3858 1501 3925 Sanctus,
1536 3873 1769 3925 sanctus,
1807 3878 1931 3914 sun-

351 3966 484 4019 ctus,
520 3953 786 4008 inclinant
812 3967 890 4013 se,
920 3962 974 4006 et
998 3953 1088 4021 qui
1120 3962 1268 4007 retro
1294 3961 1441 4006 stant
1475 3960 1530 4006 et
1559 3953 1651 4023 qui
1683 3953 1736 4006 in
1767 3952 1925 4019 facie,

354 4045 659 4102 venerando
698 4043 905 4100 scilicet
943 4044 1280 4114 majestatem
1319 4042 1554 4097 divinam
1588 4054 1644 4097 et
1675 4044 1928 4098 incarna-

354 4139 554 4192 tionem
596 4135 830 4200 Domini,
877 4150 999 4206 quze
1040 4134 1348 4190 introducta
1407 4145 1533 4189 sunt
1573 4149 1670 4204 per
1708 4144 1930 4190 cantum

349 4227 661 4300 angelorum
697 4236 752 4284 ct
782 4225 1083 4282 turbarum.
1130 4224 1461 4297 Angelorum
1498 4236 1817 4292 concentus,
1852 4226 1933 4281 di-

349 4322 540 4387 cendo,
569 4320 816 4385 Sanctus,
846 4329 1081 4384 sanctus,
1106 4329 1341 4385 sanctus,
1372 4318 1631 4374 Dominus
1658 4319 1798 4374 Deus
1823 4318 1930 4375 Sa-

348 4415 525 4480 buotlt,
579 4415 923 4485 majestatem
982 4411 1217 4469 divinam
1276 4413 1572 4469 introducit
1603 4431 1616 4467 :
1646 4413 1928 4468 turbarum

346 4519 497 4571 vero,
548 4504 759 4560 Domini
807 4504 1259 4569 incarnationem,
1311 4504 1539 4560 dicendo
1572 4504 1923 4558 :Benedictus
1952 4494 2008 4555 Ι)

344 4598 435 4666 qui
457 4598 594 4653 uenit
625 4600 679 4652 in
707 4598 913 4652 nomine
942 4596 1177 4661 Domini,
1212 4596 1466 4652 Hosanna
1493 4597 1548 4650 in
1576 4597 1811 4652 excelsis.

914 4710 1141 4767 CAPUT
1182 4710 1362 4767 XXIII.

943 4804 1022 4859 De
1047 4803 1123 4860 Te
1158 4806 1337 4875 igitur.

428 4893 793 4950 Perseveraut
845 4904 992 4949 retro
1037 4905 1244 4951 stantes
1288 4896 1530 4951 inclinati
1579 4913 1751 4967 usque
1798 4900 1928 4954 dmn

348 4985 572 5040 finiatur
617 4986 795 5040 omnis
835 5001 1071 5055 praesens
1118 4987 1314 5053 oratio,
1363 4986 1416 5040 id
1454 4996 1557 5053 est,
1589 5003 1761 5057 usque
1799 4990 1924 5043 dum

355 5076 568 5131 dicatur
611 5083 732 5145 post
772 5075 1072 5131 orationem
1100 5076 1461 5139 Dominicam,
1495 5076 1599 5131 Sed
1643 5077 1804 5131 libera
1834 5096 1927 5132 nos

350 5184 383 5220 ιι
407 5164 571 5220 malo.
619 5164 774 5232 Quod
804 5164 947 5219 enim
973 5167 1235 5234 sequitur,
1270 5181 1464 5235 usque,
1499 5165 1604 5221 I’er
1628 5168 1801 5222 omnia
1828 5186 1928 5223 sa:—

347 5256 471 5312 cula
511 5255 849 5320 strculorum,
895 5256 1162 5324 expositio
1188 5265 1273 5310 est
1309 5250 1627 5314 novissima!
1653 5260 1930 5329 petitionis

352 5354 644 5408 Dominica:
670 5349 954 5407 orationis.
1001 5349 1080 5404 llli
1108 5350 1254 5404 enim
1285 5359 1412 5406 sunt
1439 5351 1636 5422 quibus
1665 5353 1925 5408 Dominus

352 5442 486 5496 dixit
510 5460 524 5495 :
560 5441 660 5497 Vos
685 5451 860 5495 autem
882 5442 1004 5496 estis
1026 5441 1116 5512 qui
1135 5443 1492 5511 permansistis
1514 5459 1717 5497 mecum
1739 5444 1792 5498 in
1815 5454 1927 5499 ten-

352 5534 634 5588 tatiom‘bus
663 5536 824 5599 meis,
867 5545 917 5589 et
951 5551 1043 5606 ego
1067 5535 1289 5605 dispono
1313 5536 1474 5602 vobis,
1510 5547 1644 5591 sicut
1674 5538 1928 5606 disposuit

357 5622 483 5673 mihi
510 5619 670 5676 Pater
698 5641 843 5679 meus
876 5641 1087 5695 regnum
1118 5624 1269 5693 (Luc.
1302 5628 1460 5699 xm).
1518 5625 1673 5682 Unde
1700 5626 1843 5683 Beda
1871 5628 1927 5683 in

358 5716 585 5763 tractatu
622 5727 782 5787 super
808 5713 1044 5768 Lucam?
1101 5712 1216 5769 Non
1267 5716 1595 5772 inchoationi
1630 5715 1925 5786 patientia,

2021 542 2146 606 quia
2180 543 2437 597 nimirum
2466 542 2866 612 perseverantia
2885 583 2898 606 ,
2927 556 3049 610 qua:
3079 539 3182 595 alio
3209 539 3433 593 nomine
3467 553 3605 595 eou-

2020 636 2219 690 stantia
2243 643 2488 699 vocatur,
2519 635 2685 689 robur
2712 634 2982 703 quoddam
3012 642 3067 687 et
3098 630 3358 686 fortitudo
3385 632 3608 693 mentis,

2022 736 2475 796 cunctarumque,
2500 734 2561 780 ut
2580 726 2653 780 ita
2678 725 3031 790 dixerim,est
3050 724 3301 780 columna
3319 723 3612 784 virtutum,

2023 833 2143 888 quae
2185 833 2307 874 cum
2348 818 2489 873 bone
2542 825 2689 873 recta
2724 825 2779 870 et
2822 816 2977 870 ﬁrma
3023 815 3296 875 consistit,
3344 814 3480 869 nihil
3529 824 3631 868 est

2022 907 2246 971 certius,
2297 906 2431 963 nihil
2491 908 2658 962 tutius
2704 905 2863 961 bonis
2915 905 3161 960 moribus
3204 908 3266 975 οἷ’.
3320 904 3619 974 Ipsisunt

2025 997 2292 1063 inclinati,
2339 998 2513 1053 donec
2562 996 2860 1051 liberentur
2907 1010 2939 1048 a
2969 994 3131 1050 malo.
3180 993 3248 1049 lli
3290 995 3438 1049 enim
3484 1006 3619 1048 sant

2026 1088 2253 1159 apostoli
2305 1088 2394 1158 qui
2454 1101 2648 1158 magna
2703 1084 3051 1141 tribulatione
3114 1093 3277 1139 erant
3333 1085 3613 1154 oppressi:

2027 1185 2316 1247 antequam
2357 1178 2603 1233 audirent
2632 1174 2848 1229 Domini
2888 1175 3345 1231 resurrectionem
3367 1216 3383 1239 ,
3413 1190 3521 1228 non
3558 1189 3619 1228 se

2028 1268 2300 1324 audebant
2346 1268 2556 1338 erigere
2598 1276 2659 1321 ut
2701 1265 3097 1323 conﬁterentur
3142 1278 3204 1321 se
3243 1280 3368 1322 esse
3408 1266 3617 1322 Christi

2028 1357 2340 1428 discipulos.
2382 1356 2445 1411 Hi
2475 1358 2722 1427 quamvis
2755 1357 2810 1411 in
2840 1357 3094 1426 passione
3120 1372 3230 1412 non
3261 1356 3441 1412 forent
3473 1372 3621 1426 pra:-

2029 1457 2230 1514 sentes,
2269 1457 2451 1503 tamen
2480 1455 2833 1518 perseverant
2867 1457 2990 1518 post
3014 1446 3218 1502 Christi
3251 1448 3618 1503 resurrectio-
3684 1482 3697 1485 -

2030 1555 2152 1594 nem
2180 1539 2235 1595 in
2260 1539 2667 1595 tentationibus.
2697 1537 2813 1594 Non
2840 1540 2984 1593 enim
3012 1547 3242 1610 surgunt
3266 1548 3393 1594 ante
3416 1538 3618 1599 lucem,

2031 1630 2097 1685 de
2129 1645 2234 1701 qua
2256 1628 2545 1684 Psalmista
2578 1627 2743 1684 dicit:
2788 1626 2988 1681 Vanum
3015 1636 3091 1682 est
3128 1628 3268 1682 vobis
3294 1637 3416 1681 ante
3449 1627 3623 1681 lucent

2032 1735 2244 1790 surgere
2274 1716 2448 1791 (Psal.
2473 1718 2680 1789 cxxvt),
2712 1716 2765 1772 id
2793 1727 2899 1783 est,
2923 1733 3123 1773 vanum
3158 1728 3243 1773 est
3271 1717 3495 1787 gloriari
3526 1732 3623 1771 an~

2036 1822 2255 1884 tequam
2292 1812 2590 1883 resurgatis
2618 1827 2650 1866 a
2677 1812 2926 1867 mortuis.
2964 1811 3151 1880 Atqui
3185 1811 3239 1865 in
3275 1811 3416 1866 facie
3450 1818 3619 1872 stant.

2034 1908 2253 1979 signant
2291 1906 2584 1978 discipulos
2620 1906 2862 1962 occultos
2901 1914 3123 1977 propter
3162 1913 3369 1959 metum
3408 1903 3623 1959 Iudico-

2035 2014 2179 2063 rum,
2216 1998 2331 2054 sive
2369 1997 2648 2061 mulieres,
2690 2013 2810 2067 qua:
2845 1996 3049 2053 Christi
3089 2005 3341 2065 poterant
3386 1996 3439 2050 in
3482 1994 3623 2050 faeie

2034 2088 2345 2159 persistere.
2390 2087 2499 2143 Sua
2543 2088 2894 2143 inclinatione
2940 2086 3258 2142 subdiaconi
3304 2087 3622 2142 mmstttiam

2034 2194 2224 2235 eorum
2264 2180 2481 2248 signant
2517 2178 2583 2235 de
2626 2177 2824 2248 quibus
2865 2178 2996 2233 dicit
3037 2178 3179 2233 idem
3226 2178 3319 2247 qui
3355 2192 3524 2248 supra
3570 2178 3621 2231 in

2034 2269 2244 2326 eodem.
2310 2268 2425 2325 Non
2468 2278 2652 2324 autem
2696 2269 2818 2324 ideo
2856 2269 3007 2325 solus
3043 2269 3330 2325 mulierum
3372 2269 3625 2340 planctus

2033 2374 2156 2414 eum
2180 2360 2530 2428 sequebatur,
2553 2360 2679 2429 quia
2709 2374 2816 2414 non
2843 2361 3161 2414 innumeros
3184 2360 3348 2414 etiam
3375 2361 3620 2415 virorum

2034 2449 2381 2520 pnesentium
2414 2458 2588 2504 cmtus
2624 2450 2691 2504 de
2717 2449 2834 2519 ejus
2877 2458 2997 2505 erat
3032 2450 3287 2521 passione
3332 2452 3624 2506 maestissi-

2008 2554 2174 2611 _mus,
2205 2539 2299 2594 sed
2324 2540 2449 2609 quia
2487 2538 2751 2596 femineus
2781 2542 2935 2610 quasi
2965 2542 3432 2612 contemptibilior
3459 2558 3623 2598 sexus

2032 2628 2256 2685 liberius
2284 2639 2516 2700 poterat,
2547 2631 2901 2702 prsesentibus
2931 2633 3394 2698 sacerdotibus,et
3420 2637 3626 2706 princi-

2032 2721 2210 2790 pibus,
2257 2730 2313 2777 et
2360 2724 2797 2792 magistratibus.
2839 2726 2969 2795 quid
3008 2734 3200 2781 contra
3240 2741 3338 2782 eos
3367 2730 3620 2788 senserit,

2032 2827 2339 2881 ostentare,
2387 2818 2476 2886 qui
2520 2825 2771 2887 poterant
2800 2834 2908 2873 non
2955 2818 3179 2884 dolere,
3230 2821 3450 2889 quando
3497 2836 3622 2875 eum

2032 2923 2191 2977 quem
2230 2908 2397 2962 nimio
2428 2923 2613 2963 amore
2640 2907 2943 2964 dilexerunt
2974 2918 3029 2963 et
3057 2919 3325 2963 noverunt
3365 2910 3625 2965 innocen-

2034 3009 2163 3065 tem,
2202 2999 2271 3053 ab
2312 2999 2490 3070 impiis
2529 3000 2942 3069 comprehendi,
2988 2999 3164 3069 ligari,
3193 2999 3315 3054 duci
3343 3008 3475 3055 ante
3504 3015 3624 3065 eos,

2032 3090 2149 3159 spui
2192 3090 2246 3144 in
2295 3088 2506 3155 faciem,
2551 3088 2837 3161 ﬂagellari,
2865 3090 3108 3160 crucifigi
3161 3089 3448 3145 viderunt?
3483 3090 3625 3159 Quid

2035 3178 2303 3249 signiﬁcet
2337 3195 2529 3235 eorum
2572 3180 2775 3234 erectio
2812 3189 2939 3234 ante
2977 3179 3187 3233 ﬁnitam
3225 3175 3553 3246 orationem,
3579 3181 3625 3234 si

2033 3271 2293 3326 Dominus
2339 3270 2572 3336 dederit,
2606 3272 2863 3344 congruis
2911 3272 2963 3326 in
3014 3271 3147 3327 locis
3193 3273 3624 3337 monstrabitur;

2032 3377 2177 3417 nunc
2204 3362 2270 3417 de
2299 3360 2368 3416 Te
2392 3362 2574 3433 igitur,
2608 3361 2897 3417 dicendum
2927 3370 3031 3415 est.
3064 3361 3146 3415 Ab
3174 3362 3331 3419 initio
3355 3363 3626 3418 orationis

2031 3468 2203 3522 usque
2254 3452 2433 3509 locum
2466 3453 2558 3508 ubi
2608 3452 2829 3517 dicitur,
2877 3451 2948 3506 Et
2981 3453 3036 3506 in
3075 3453 3358 3507 etet-mann
3408 3465 3620 3508 tuorum

2023 3544 2212 3613 jubeas
2253 3559 2407 3613 grege
2446 3542 2717 3597 numerari
2756 3559 2851 3612 per
2885 3542 3151 3597 Christum
3188 3541 3473 3597 Dominum
3522 3560 3615 3596 no-

2030 3643 2227 3696 strum,
2279 3633 2588 3689 celebratur
2640 3632 2971 3689 sacriﬁcium
3018 3632 3316 3688 electorum
3363 3633 3457 3702 qui
3515 3649 3623 3688 non

2032 3718 2231 3780 habent
2265 3724 2318 3778 in
2361 3739 2528 3779 carne
2555 3724 2702 3795 quod
2744 3724 2824 3779 eis
2862 3732 3142 3795 repugnet,
3176 3738 3352 3793 neque
3397 3725 3451 3777 in
3480 3739 3615 3778 eon-

2031 3816 2255 3871 scientia
2276 3816 2419 3886 quod
2442 3818 2750 3873 conturbet.
2777 3817 2930 3874 Sicut
2953 3820 3098 3874 enim
3121 3820 3227 3874 duo
3248 3818 3441 3874 altaria
3466 3828 3626 3874 erant

2033 3906 2086 3959 in
2132 3906 2482 3961 tabernaculo
2521 3907 2738 3980 Moysis,
2780 3909 2895 3964 sive
2944 3910 2999 3964 in
3042 3909 3243 3980 templo
3284 3908 3614 3971 Salomonis,

2031 4011 2197 4051 unum
2246 3997 2647 4068 thymiamatis,
2698 3999 2931 4054 alterum
2979 3999 3315 4065 holocausti,
3370 4002 3444 4053 ita
3496 4009 3623 4054 sunt

2031 4090 2138 4145 duo
2179 4090 2450 4146 sacrificia
2499 4100 2702 4147 sanctra
2735 4091 2993 4147 Ecclesiae
3022 4110 3034 4144 :
3066 4108 3237 4146 unum
3280 4102 3365 4147 est
3416 4093 3471 4146 in
3517 4107 3621 4161 quo

2029 4197 2220 4238 omnes
2261 4183 2509 4239 carnales
2552 4193 2732 4240 motus
2778 4185 2940 4255 sopiti
2971 4194 3118 4251 sunt,
3152 4185 3219 4241 de
3246 4201 3354 4256 quo
3383 4202 3621 4241 comme-

2033 4273 2385 4337 moravimus,
2425 4282 2480 4327 et
2515 4288 2659 4327 nunc
2701 4274 2895 4329 iterum
2931 4276 3470 4331 commemorandum
3501 4285 3616 4336 est;
3694 4302 3717 4307 υ

2034 4363 2263 4419 alterum
2309 4371 2392 4430 est
2439 4364 2494 4418 in
2535 4380 2645 4434 quo
2689 4380 2909 4421 necesse
2955 4375 3041 4422 est
3085 4367 3328 4437 quotidie
3375 4369 3617 4423 carnales

2036 4462 2217 4509 motus
2250 4461 2510 4518 mactare,
2543 4455 2610 4510 de
2649 4471 2757 4527 quo
2799 4457 2866 4510 in'
2896 4458 3289 4527 posterioribus
3333 4459 3615 4514 dicendum

2032 4554 2134 4602 est.
2166 4547 2225 4602 In
2263 4554 2515 4617 promptu
2554 4548 2725 4605 altare
2763 4539 3133 4620 thymiamatis
3160 4561 3246 4605 est
3292 4565 3360 4605 ex
3390 4557 3612 4623 utroque

2030 4635 2229 4700 ollicio,
2259 4637 2456 4707 capitis
2492 4638 2700 4693 scilicet
2736 4647 2793 4694 et
2826 4642 3092 4710 corporis,
3124 4656 3300 4711 usque
3337 4643 3406 4696 ad
3442 4643 3606 4697 locum

2033 4728 2102 4783 de
2121 4742 2229 4797 quo
2251 4728 2500 4799 superius
2527 4729 2802 4785 titulatum
2827 4738 2928 4786 est.
2957 4731 3113 4787 Nunc
3135 4747 3265 4790 vero
3290 4731 3603 4789 reddendum

2032 4829 2119 4875 est
2150 4834 2249 4874 cur
2274 4820 2453 4875 oratio
2487 4833 2730 4889 praesens
2763 4829 2820 4875 et
2850 4820 3097 4891 praefatio
3134 4832 3348 4878 secrete
3372 4823 3603 4878 dicantur

2034 4923 2100 4963 ex
2143 4923 2395 4964 sermone
2421 4909 2677 4981 Cypriani
2718 4911 2784 4967 de
2815 4911 3096 4969 Dominica
3140 4914 3391 4969 oratione
3419 4912 3594 4985 (Serui.

2031 5004 2125 5074 6):
2174 5001 2279 5068 Sit,
2334 5003 2532 5073 inquit,
2579 5006 2863 5061 orantibus
2908 5021 3087 5063 sermo
3127 5015 3184 5063 et
3216 5008 3458 5077 precatio
3490 5019 3595 5061 cum

2032 5093 2338 5163 disciplina,
2382 5094 2621 5164 quietem
2667 5098 2955 5152 continens
2982 5107 3039 5152 et
3068 5097 3353 5167 pudorem.
3402 5096 3586 5168 Cogite-

2033 5201 2153 5240 mus
2184 5200 2282 5239 nos
2331 5187 2430 5239 sub
2468 5197 2763 5258 conspectu
2806 5188 2900 5243 Dei
2947 5199 3117 5254 stare,
3164 5188 3483 5258 placendum
3524 5194 3595 5239 est

2031 5275 2229 5330 divinis
2273 5276 2445 5330 oculis
2486 5285 2542 5330 ct
2585 5276 2773 5332 habitu
2821 5279 3094 5349 corporis,
3141 5288 3197 5335 et
3238 5280 3401 5334 modo
3446 5279 3591 5332 vocis.

2033 5364 2168 5420 Nam
2216 5375 2276 5420 ut
2322 5365 2653 5434 impudentis
2702 5376 2787 5422 est
2833 5368 3163 5424 clamoribus
3207 5378 3486 5440 strepere,
3530 5366 3590 5418 ita

2034 5465 2223 5510 contra
2251 5456 2501 5524 congruit
2525 5457 2830 5512 verecundo
2857 5458 3119 5513 modestis
3157 5459 3411 5529 precibus
3433 5469 3590 5511 orare.

2034 5546 2276 5616 Denique
2309 5546 2628 5617 magisterio
2662 5563 2763 5603 suo
2798 5547 3057 5604 Dominus
3087 5558 3298 5606 secreto
3327 5566 3426 5607 nos
3455 5559 3591 5604 orare

2034 5638 2310 5707 praecepit,
2361 5637 2415 5691 in
2464 5638 2661 5692 abditis
2700 5647 2755 5692 et
2796 5640 3019 5695 semotis
3065 5640 3223 5708 locis,
3263 5641 3319 5696 in
3350 5638 3596 5696 cubilibus

2035 5726 2168 5796 ipsis
2194 5725 2407 5797 (Matth.
2435 5728 2533 5797 vt).
2559 5727 2712 5794 Quod
2739 5730 2910 5801 magis
2939 5731 3191 5785 convenit
3218 5730 3364 5797 ﬁdei,
3395 5741 3449 5785 ut
3470 5735 3600 5784 sela—
