3938 6178
313 326 449 382 “57

1054 322 1147 377 DE
1183 319 1740 377 ECCLESIASTICIS
1776 317 2069 375 OFFICIIS
2108 319 2285 375 LIBRI
2326 322 2413 376 IV.
2451 350 2519 363 -
2560 323 2686 378 LIB.
2728 325 2812 379 Ill.

3406 270 3433 305 Ι

3448 333 3581 389 1158

308 453 430 494 mus
453 434 742 490 Dominum
767 435 967 504 ubique
990 449 1111 490 esse
1132 433 1687 504 praesentem,audire
1708 447 1897 487 omnes
1925 432 1974 491 Α
2001 432 2118 486 bam
2174 433 2346 500 illum,
2379 437 2474 505 ﬁat
2514 436 2754 493 voluntas
2795 447 2886 493 tua
2945 440 3126 510 (Joan.
3161 445 3254 515 iv).
3309 444 3464 513 Quod
3503 449 3582 505 ita

304 537 364 584 et
385 529 593 591 videre,
636 533 693 580 et
728 522 1029 593 majestatis
1077 540 1187 580 suae
1232 525 1565 596 plenitudine
1613 524 1666 578 in
1713 522 1894 577 abdita

305 634 524 692 quoque
568 625 625 673 et
666 616 880 673 occulta
931 625 1243 688 penetrare,
1294 618 1438 672 sicut
1476 617 1738 685 scriptum
1777 624 1892 670 est:

304 713 423 783 Ego
445 710 587 764 Deus
617 707 1042 780 appropinquans
1063 750 1078 773 ,
1114 718 1163 763 et
1192 725 1295 763 non
1332 708 1475 762 Deus
1516 708 1581 762 de
1621 707 1773 778 longe
1785 723 1805 772 ;
1850 707 1896 759 si

305 802 646 859 absconditus
680 800 841 871 fuerit
873 801 1028 855 homo
1054 803 1110 855 in
1136 801 1482 866 absconditis,
1524 818 1616 870 ego
1639 818 1761 871 ergo
1792 818 1895 854 non

303 894 490 952 ridebo
508 910 649 947 eum.
692 891 886 947 Nonne
907 892 1091 947 caelum
1116 902 1165 946 et
1185 903 1380 947 terram
1418 910 1510 964 ego
1542 891 1731 963 impleo
1758 892 1890 964 (Jcr.

305 984 505 1055 mu)?
534 985 604 1039 Et
630 985 860 1039 iterum:
880 983 946 1039 In
969 986 1111 1038 omni
1132 983 1246 1038 loco
1267 985 1409 1039 oculi
1430 985 1642 1039 Domini
1668 995 1897 1039 contem-

301 1078 520 1150 plantur
562 1078 726 1133 bonos
769 1089 818 1133 et
867 1078 1034 1133 malos
1080 1076 1262 1151 (Prov.
1305 1078 1416 1151 xv).
1466 1079 1533 1134 Et
1576 1082 1794 1149 quando
1839 1081 1893 1135 in

301 1187 470 1225 unum
494 1186 620 1226 cum
651 1170 912 1225 fratribus
940 1171 1311 1235 convenimus,
1340 1179 1395 1226 et
1422 1173 1895 1228 sacriﬁcia-divina

302 1278 428 1318 cum
455 1262 547 1317 Dei
579 1263 862 1319 sacerdote
885 1261 1247 1327 celebramus,
1278 1266 1620 1320 verecundiae
1644 1276 1699 1321 et
1729 1266 1861 1321 disci
1884 1303 1892 1308 -

300 1354 464 1424 plinze
494 1369 764 1410 memores
789 1369 912 1410 esse
940 1347 1220 1419 debemus,
1256 1371 1362 1411 non
1396 1358 1597 1428 passim
1630 1359 1897 1414 ventilare

300 1462 494 1517 preces
542 1452 756 1502 nostras
801 1446 1093 1502 inconditis
1134 1448 1383 1513 vocibus,
1435 1464 1535 1503 nec.
1578 1451 1893 1520 petitionem

301 1536 793 1595 commendandam
839 1537 1088 1591 modesto
1123 1536 1234 1592 Deo
1285 1540 1613 1594 tumultuosa
1656 1540 1896 1610 loquaci—

301 1639 417 1685 tate
450 1628 680 1698 jactare,
714 1629 839 1699 quia
868 1628 1012 1685 Deus
1041 1644 1147 1684 non
1182 1630 1352 1694 vocis,
1393 1632 1485 1686 sed
1523 1633 1703 1687 cordis
1743 1633 1890 1686 audi-

302 1732 390 1776 tur
423 1729 536 1788 est;
573 1736 676 1776 nec
705 1720 1080 1776 admonendus
1123 1730 1208 1775 est
1241 1721 1589 1787 clamoribus,
1620 1723 1712 1794 qui
1747 1725 1890 1793 cogi-

1999 519 2395 596 Hieronymus:
2425 525 2677 584 Secundo
2712 537 2836 585 orat
2867 541 2925 584 ut
2962 530 3008 586 si
3046 530 3236 588 Ninive
3273 535 3433 591 aliter
3470 539 3595 594 sal-

1997 614 2114 669 vari
2145 630 2250 671 non
2278 625 2477 687 potest,
2509 620 2613 675 nisi
2642 620 2849 675 aruerit
2875 622 3177 688 cucurbita,
3209 623 3305 678 ﬁat
3332 625 3582 684 voluntas

1998 707 2195 764 Patris.
2231 709 2416 766 Tertio
2449 713 2628 768 oravit
2662 712 2911 777 Christus
2951 716 3201 772 eumdem
3250 731 3578 784 sermonem,

1997 807 2058 854 ut
2101 816 2171 856 ex
2219 813 2523 863 memorato
2565 805 2895 879 Hieronymo
2940 809 3233 874 discimus,
3289 812 3382 881 qui
3428 812 3607 882 dicit,

1997 895 2367 963 apostolorum
2417 897 2669 953 timorem
2723 900 2972 970 sequenti
3027 902 3361 971 pmnitentia
3406 906 3582 977 magi-

1998 992 2169 1038 strum
2217 986 2537 1055 impetrasse
2581 989 2994 1060 corrigendum;
3050 992 3404 1064 intelligimus
3456 1011 3582 1052 eunt

1996 1088 2096 1142 pro
2138 1089 2236 1129 suo
2283 1091 2540 1147 corpore,
2595 1078 2647 1133 id
2698 1087 2781 1133 est
2829 1081 3121 1151 apostolis,
3174 1098 3319 1139 nunc
3371 1098 3580 1142 orasse.

1997 1164 2201 1220 Eodem
2229 1182 2473 1232 numero,
2503 1167 2557 1223 id
2591 1178 2697 1234 est,
2723 1172 2984 1239 ternario,
3026 1175 3284 1230 sacerdos
3308 1191 3441 1233 voce
3468 1176 3582 1232 ele—

1996 1261 2208 1311 ctorum
2247 1257 2495 1327 complet,
2529 1261 2831 1316 orationem
2882 1278 3057 1318 suam.
3118 1264 3458 1324 Sacriﬁcium
3500 1278 3584 1325 est

1996 1343 2291 1400 eleczorum
2322 1347 2389 1401 ad
2416 1348 2583 1404 Deum
2605 1350 2841 1417 Patrem,
2873 1370 2971 1424 per
2997 1354 3270 1411 Christum
3296 1360 3582 1416 Dominum

1997 1443 2261 1490 nostrum.
2293 1435 2417 1492 Hcce
2446 1439 2608 1506 dona,
2637 1442 2751 1498 haec
2777 1458 3022 1510 munera,
3055 1447 3169 1501 hate
3192 1458 3378 1504 sancta
3410 1454 3611 1507 sacrit

1996 1526 2119 1582 ﬁcia
2165 1529 2390 1584 illibata.
2445 1530 2593 1586 Dona
2642 1540 2698 1587 et
2741 1550 2965 1590 munera
3011 1554 3176 1593 unum
3221 1550 3343 1595 sunt
3372 1582 3386 1605 ,
3429 1542 3587 1611 juxta

1996 1617 2137 1686 quod
2166 1617 2354 1675 Daniel
2387 1622 2669 1691 respondit
2692 1622 3020 1690 Balthasari,
3053 1630 3270 1697 quando
3299 1630 3349 1685 ei
3378 1634 3584 1701 promi-

1997 1710 2069 1764 sit
2098 1725 2390 1780 purpuram
2426 1720 2481 1766 et
2517 1722 2767 1784 torquem
2796 1730 3040 1770 auream.
3096 1716 3344 1787 Munera,
3383 1723 3582 1794 inquit,

301 1817 539 1870 taliones
579 1814 860 1871 hominum
903 1813 1069 1877 videt,
1116 1813 1382 1883 probante
1430 1814 1657 1868 Domino
1704 1823 1759 1869 ct
1810 1816 1889 1870 di-

1994 1811 2086 1855 tua
2124 1803 2227 1856 sint
2258 1803 2374 1868 tibi,
2403 1813 2453 1857 et
2480 1804 2620 1859 dona
2649 1806 2837 1861 domus
2869 1816 2974 1862 tute
3014 1808 3170 1864 alteri
3205 1811 3276 1865 da
3316 1784 3479 1884 (Dan:
3507 1784 3582 1885 v);

298 1903 664 1971 cenle:Quid
720 1904 964 1975 cogitatis
1012 1920 1234 1974 nequam
1274 1905 1330 1958 in
1374 1903 1619 1958 cordibus
1673 1906 1894 1960 vestris?

301 1997 454 2067 (Luc.
484 1996 540 2067 v)
567 2006 617 2051 et
653 1995 759 2051 alio
788 1996 909 2052 loco
936 2014 950 2050 :
983 1995 1049 2049 Et
1079 1996 1243 2050 scient
1270 2013 1450 2051 omnes
1474 1994 1726 2052 Ecclesia:
1766 1999 1890 2069 quia

297 2106 393 2160 ego
428 2104 545 2143 sum
581 2097 847 2144 scrutator
879 2103 1060 2142 renum
1104 2097 1153 2140 et
1181 2087 1355 2142 cordis
1406 2087 1540 2159 (Jer.
1567 2090 1681 2161 xv).
1739 2089 1891 2157 Quod

297 2182 457 2234 Anna
510 2181 565 2235 in
612 2180 791 2252 primo
849 2179 1058 2252 Regum
1111 2181 1280 2242 libro,
1359 2180 1615 2236 Ecclesize
1706 2191 1889 2253 typum

297 2278 544 2345 portans,
574 2269 811 2325 custodit
843 2279 898 2325 et
928 2278 1131 2337 servat,
1170 2286 1291 2341 qute
1319 2269 1487 2325 Deum
1519 2286 1624 2327 non
1655 2272 1890 2328 clamosa

297 2358 579 2429 petitione,
611 2359 705 2414 sed
739 2360 900 2415 tacite
926 2367 980 2416 et
1006 2361 1248 2416 modeste
1296 2361 1437 2416 intra
1470 2363 1617 2433 ipsas
1645 2366 1889 2433 pectoris

297 2449 541 2505 latebras
585 2449 934 2519 precabatur,
988 2458 1045 2504 et
1091 2449 1413 2520 loquebatur
1462 2466 1626 2522 prece
1654 2453 1887 2516 occulta,

296 2542 397 2596 sed
424 2541 709 2595 manifesta
758 2541 881 2597 ﬁde.
912 2542 1255 2612 Loquebatur
1279 2557 1387 2598 non
1406 2559 1563 2609 voce,
1586 2544 1679 2600 sed
1700 2544 1888 2609 ‘corde,

299 2632 428 2701 quia
459 2632 539 2686 sic
558 2632 842 2687 Dominum
874 2632 1080 2688 sciebat
1107 2634 1318 2699 audire,
1357 2643 1410 2689 et
1441 2635 1751 2706 impetravit
1781 2637 1890 2692 elli-

298 2721 508 2777 caciter
534 2722 678 2791 quod
703 2723 881 2792 petiit,
916 2723 1044 2793 quia
1082 2722 1314 2780 ﬁdeliter
1342 2724 1653 2795 postulavit.
1700 2727 1889 2783 Dccla-

301 2818 390 2866 rat
416 2811 700 2884 Scriptura
726 2813 907 2868 divina
943 2828 1063 2884 quae
1095 2814 1255 2870 dicit:
1290 2814 1626 2887 Loquzbatur
1658 2818 1713 2871 in
1735 2820 1892 2875 corde

231 2902 243 2906 ’
298 2918 421 2968 suo,
449 2911 499 2957 et
526 2903 668 2957 labia
692 2904 806 2975 ejus
829 2906 1189 2972 movebantur,
1214 2916 1262 2961 et
1293 2924 1392 2963 vox
1425 2909 1540 2975 ejus
1572 2926 1676 2964 non
1707 2911 1895 2966 audie-

299 2995 479 3060 batur,
518 3004 566 3049 et
609 2998 876 3051 exaudivit
925 3014 1041 3051 eam
1081 2998 1338 3053 Dominus
1389 2998 1441 3070 (I
1471 2999 1595 3071 Reg.
1637 3001 1699 3072 ι).
1757 3002 1889 3058 ltem

297 3088 531 3158 legimus
564 3089 617 3142 in
650 3087 902 3154 Psalmis,
934 3089 1103 3144 Dicite
1132 3091 1186 3145 in
1223 3092 1469 3146 cordibus
1511 3095 1710 3157 uestris,
1754 3107 1801 3148 et
1836 3096 1891 3150 in

300 3180 561 3237 cubilibus
593 3182 777 3237 vestris
808 3184 1219 3254 compungimini
1255 3181 1427 3254 (Psal.
1458 3185 1553 3256 tv).
1598 3184 1702 3241 Per
1734 3184 1888 3241 lere-

294 3270 465 3326 miam
496 3287 711 3342 quoque
741 3274 853 3329 haec
882 3274 1070 3329 eadem
1098 3272 1334 3344 Spiritus
1373 3283 1594 3331 sanctus
1630 3278 1888 3348 suggerit,

297 3371 355 3416 et
386 3363 561 3425 docet,
589 3364 775 3419 dicens
810 3383 824 3418 :
855 3366 912 3419 In
950 3380 1112 3420 sensu
1150 3376 1329 3420 autem
1360 3367 1455 3422 tibi
1487 3368 1642 3423 debet
1671 3367 1889 3423 adorari

298 3454 566 3511 Dominus
594 3454 728 3527 (Jer.
755 3456 931 3528 xxix).
983 3456 1229 3512 Aderans
1277 3465 1477 3525 autem,
1517 3458 1715 3514 fratres
1761 3458 1894 3514 dile-

298 3546 554 3608 ctissimi,
585 3560 686 3602 nec
714 3546 845 3601 illud
882 3547 1096 3615 ignoret
1122 3547 1576 3618 quemadmodum
1611 3548 1663 3603 in
1694 3549 1892 3619 templo

299 3652 427 3692 cum
498 3637 772 3692 Phariszeo
834 3637 1153 3708 publicanus
1220 3640 1459 3695 oraverit
1517 3640 1668 3713 (Luc.
1712 3642 1888 3711 svnt),

297 3745 409 3783 non
446 3728 694 3784 allevatis
722 3729 775 3783 in
805 3728 1001 3785 coelum
1045 3730 1389 3800 impudenter
1413 3732 1603 3798 oculis,
1638 3747 1743 3789 nec
1777 3749 1891 3788 ma-

298 3822 462 3877 nibus
501 3821 799 3878 insolenter
839 3822 1059 3888 erectis,
1099 3824 1194 3879 sed
1234 3834 1420 3895 pectus
1455 3843 1611 3882 suum
1647 3827 1886 3898 pulsans,

298 3923 356 3968 et
394 3923 615 3983 peccata
663 3915 811 3970 intus
848 3915 1055 3970 inclusa
1096 3924 1429 3981 contestans,
1458 3917 1652 3972 divinae
1679 3917 1890 3972 miseri-

297 4006 501 4061 cordiae
532 4005 852 4076 implorabat
882 4007 1141 4062 auxilium
1172 4025 1183 4059 :
1219 4017 1272 4062 et
1301 4023 1423 4063 cum
1452 4008 1554 4063 sibi
1587 4008 1892 4064 Pharismus

296 4095 561 4166 placeret,
606 4096 930 4151 sanctiﬁcari
974 4096 1066 4152 hic
1101 4098 1274 4169 magis
1312 4099 1511 4154 meruit
1548 4098 1640 4168 qui
1689 4098 1769 4153 sic
1805 4112 1893 4152 ro-

298 4185 478 4256 gavit;
521 4186 614 4256 qui
652 4202 805 4257 spem
857 4188 1047 4243 salutis
1085 4203 1190 4243 non
1232 4188 1286 4244 in
1326 4189 1518 4246 ﬁducia
1566 4190 1890 4246 innocentia:

299 4291 416 4331 suae
461 4278 660 4347 posuit,
695 4294 817 4333 cum
870 4279 1132 4335 innocens
1180 4295 1341 4335 nemo
1384 4281 1476 4347 sit,
1526 4280 1620 4336 sed
1667 4289 1889 4352 peccata

300 4368 609 4432 confessus,
639 4368 916 4423 humiliter
951 4369 1181 4442 rogavit,
1215 4378 1271 4426 et
1308 4372 1586 4427 exaudivit
1615 4379 1889 4435 orantem,

298 4458 393 4528 qui
421 4457 715 4513 humilbus
746 4460 997 4530 ignoscit.
1030 4461 1168 4529 Quia
1195 4462 1501 4518 audivimus
1530 4478 1596 4517 ex
1621 4462 1891 4535 Cypriane

298 4546 521 4605 modum
551 4551 838 4617 orationis,
872 4552 1156 4607 audiamus
1184 4569 1250 4608 ex
1277 4552 1346 4607 Te
1374 4554 1557 4624 igitur,
1590 4556 1884 4610 orationes.

295 4640 485 4695 Primo
518 4640 637 4696 vice
665 4639 865 4697 Christi
904 4645 1156 4699 sacerdos
1197 4653 1307 4699 [res
1342 4646 1616 4701 orationes
1646 4655 1886 4708 exercet,

297 4731 443 4785 sicut
465 4728 728 4787 Dominus
758 4730 888 4788 fecit
914 4742 1197 4805 postquam
1231 4735 1396 4790 exivit
1423 4736 1477 4789 in
1507 4743 1744 4789 montem
1771 4735 1885 4792 Oli-

296 4821 408 4875 veti
443 4828 571 4875 ante
600 4822 947 4878 traditionem
988 4839 1162 4890 suam,
1210 4827 1265 4881 id
1304 4835 1408 4891 est,
1455 4842 1554 4897 pro
1590 4827 1884 4882 universali

258 4900 280 4967 Ι
295 4910 564 4976 Ecclesia,
603 4919 660 4967 et
694 4928 797 4984 pro
835 4913 1093 4970 fratribus
1133 4916 1477 4988 specialibus,
1508 4926 1559 4972 et
1589 4934 1686 4988 pro
1714 4918 1882 4974 choro

293 5001 664 5059 sacerdotum.
717 5003 897 5059 Prima
933 5007 1110 5062 oratio
1147 5008 1350 5063 Christi
1381 5018 1465 5064 est
1490 5027 1502 5062 :
1528 5009 1605 5064 Mi
1628 5007 1813 5076 Pater,
1840 5011 1886 5065 si

294 5097 547 5170 possibile
590 5110 686 5166 est,
731 5110 966 5154 transeat
1006 5119 1039 5154 a
1068 5118 1149 5156 me
1178 5101 1319 5156 calix
1359 5104 1455 5157 iste
1485 5120 1503 5156 :
1528 5114 1886 5158 verumtamen

295 5208 405 5247 non
425 5193 558 5246 sicut
579 5208 672 5263 ego
696 5192 834 5257 colo,
857 5194 949 5247 sed
974 5195 1109 5248 sicut
1136 5204 1191 5248 tu
1214 5193 1363 5267 (Luc.
1387 5196 1546 5267 χχιι).
1576 5196 1897 5254 Transferri‘

295 5299 327 5337 a
362 5297 423 5338 se
451 5282 677 5338 calicem
705 5285 977 5355 postulat,
1005 5298 1111 5339 non
1141 5286 1356 5354 quidem
1396 5286 1591 5341 timore
1625 5288 1883 5357 patiendi,

294 5373 395 5429 sed
443 5374 816 5430 misericordia
863 5377 1064 5448 prioris
1105 5377 1306 5447 populi,
1362 5391 1428 5432 ne
1477 5378 1544 5433 ab
1592 5377 1686 5433 illo
1735 5379 1887 5434 bibat

295 5463 527 5520 calicem
562 5466 928 5536 propinatum.
986 5467 1139 5523 Unde
1166 5474 1221 5521 et
1259 5468 1538 5538 signanter
1574 5483 1682 5521 non
1723 5468 1883 5535 dixit,

295 5552 563 5609 Transfer
611 5571 643 5609 a
694 5572 781 5612 me
837 5555 1080 5619 calicem,
1115 5557 1230 5621 sed,
1276 5557 1500 5612 calicem
1550 5558 1732 5624 istum,
1781 5558 1886 5614 hoc

290 5651 382 5699 est
419 5644 600 5715 populi
642 5643 970 5702 Iudaeorum.
1010 5645 1258 5702 Secunda
1308 5647 1485 5703 oratio
1523 5645 1726 5703 Christi
1762 5656 1880 5703 est:

293 5734 468 5790 Pater
518 5753 613 5799 nu,
663 5738 708 5791 si
744 5753 845 5792 non
876 5745 1041 5807 potest
1088 5737 1171 5792 hic
1218 5737 1358 5792 calix
1397 5738 1621 5794 transire
1662 5738 1767 5794 nisi
1804 5738 1882 5794 bt-

1995 1891 2108 1948 Hoc
2156 1910 2320 1949 unum
2363 1896 2448 1951 bis
2495 1898 2786 1967 reperitur,
2830 1899 2957 1969 quia
2999 1901 3120 1957 dua:
3158 1918 3246 1958 res
3287 1904 3586 1962 oﬁ'eruntur

1998 1986 2130 2049 Deo,
2160 1987 2210 2041 id
2234 1996 2334 2049 est,
2365 1988 2525 2057 panis
2555 1997 2611 2043 et
2630 1990 2840 2044 vinum.
2877 1990 3009 2058 Qua:
3034 2000 3279 2065 utraeque
3309 2012 3415 2051 non
3448 2014 3581 2053 con-

1995 2088 2254 2148 gruenter
2279 2089 2507 2149 possunt
2539 2080 2739 2151 plurali
2778 2098 3004 2139 numero
3041 2086 3320 2155 appellari.
3371 2089 3582 2145 Etenim

1997 2170 2049 2223 in
2074 2185 2215 2239 pane
2243 2180 2328 2226 est
2368 2186 2509 2243 aqua
2529 2167 2592 2226 ‘et
2622 2173 2818 2239 farina,
2864 2177 2918 2229 in
2950 2177 3078 2233 vino
3118 2196 3258 2250 aqua
3295 2190 3350 2237 et
3378 2183 3580 2237 vinum.

1995 2262 2231 2333 ldipsum
2274 2264 2436 2321 tertio
2475 2267 2741 2336 repetitur
2768 2285 2783 2321 :
2812 2266 2942 2323 Ha'c
2967 2279 3151 2324 sancta
3181 2273 3443 2342 sacriﬁcia
3480 2274 3587 2328 illi-

1996 2353 2141 2408 bata.
2173 2353 2449 2426 Singulari
2488 2356 2813 2427 repetitione
2850 2360 2956 2414 duo
2991 2363 3273 2431 superiora
3313 2365 3581 2434 recapitu-

1995 2446 2200 2512 lantur,
2227 2448 2483 2517 quoniam
2523 2450 2579 2504 in
2607 2464 2715 2504 uno
2752 2466 2984 2521 corpore
3010 2451 3214 2508 Christi
3247 2454 3362 2510 lucc
3401 2471 3583 2510 sacra-

1995 2547 2178 2593 menta
2234 2540 2606 2595 continentur.
2659 2540 2767 2598 Sed
2814 2544 3071 2612 quoniam
3119 2546 3301 2615 potius
3353 2548 3587 2616 requirit

1996 2629 2141 2686 Deus
2165 2629 2491 2686 sacriﬁcium
2522 2632 2725 2696 cordis,
2748 2648 2911 2704 quam
2939 2635 3047 2690 hoc
3073 2636 3215 2707 quod
3244 2638 3586 2695 extrinsecus

1995 2720 2358 2787 ministratur,
2398 2722 2453 2777 in
2489 2723 2655 2778 corde
2695 2726 2993 2780 sacerdotis
3033 2727 3281 2782 volumus
3319 2729 3585 2799 inter-pre:

1995 2812 2100 2867 tari
2139 2813 2300 2878 dona,
2344 2822 2401 2870 et
2434 2830 2680 2882 munera,
2723 2826 2778 2872 et
2827 2817 3097 2874 sacriﬁcia
3151 2818 3377 2875 illibata.
3430 2821 3589 2877 Unde

1994 2903 2127 2960 dicit
2146 2904 2480 2977 Augustinus
2505 2906 2598 2962 lib.
2633 2924 2662 2961 χ
2696 2907 2761 2962 de
2784 2908 3017 2965 Civitate
3043 2910 3159 2975 Dei,
3188 2927 3308 2982 cap.
3342 2912 3395 2968 ὅ.
3433 2912 3585 2969 Dona

1995 2991 2114 3061 ejus
2152 2995 2206 3051 in
2236 2997 2412 3062 nobis,
2448 3012 2548 3053 nos
2585 3014 2801 3070 quoque
2834 3000 2984 3071 ipsos
3010 3016 3271 3058 vovemus
3305 3011 3361 3059 et
3403 2988 3583 3059 reddi—

1999 3101 2120 3142 mus
2149 3088 2220 3142 ei.
2252 3086 2648 3145 Beneﬁciorum
2689 3090 2807 3159 ejus
2847 3092 3303 3161 solemnitatibus,
3336 3092 3491 3151 festis
3528 3105 3584 3149 et

1996 3176 2185 3235 diebus
2227 3179 2448 3234 statutis
2490 3180 2757 3245 dicamus,
2808 3196 3196 3253 sacramusque
3240 3185 3588 3249 memoriam,

1995 3285 2065 3324 ne
2110 3269 2384 3326 volumine
2431 3281 2735 3342 temporum
2786 3273 2997 3345 ingrata
3049 3278 3309 3348 subrepat
3354 3279 3577 3340 oblivio,

1995 3362 2043 3415 ei
2076 3359 2451 3417 sacriﬁcamus
2482 3363 2721 3418 hostiam
2747 3363 3070 3420 humilitatis
3100 3376 3153 3421 et
3182 3366 3356 3422 laudis
3399 3369 3452 3422 in
3485 3383 3583 3424 ara
3644 3396 3665 3402 —

1996 3452 2176 3508 cordis
2209 3453 2331 3523 igne
2361 3453 2625 3508 fervidam
2654 3454 2961 3511 charitatis.
2997 3454 3159 3512 Juxta
3197 3458 3448 3514 eumdem
3474 3460 3582 3517 Au:

1994 3544 2290 3615 gustinum,
2341 3547 2387 3601 si
2429 3548 2552 3618 quis
2575 3547 2689 3602 vult
2725 3548 2863 3603 dona
2906 3548 3104 3605 oﬁ'erre
3132 3550 3265 3617 Deo,
3317 3554 3597 3625 seipsum,

1994 3633 2218 3699 oﬁ‘erat;
2257 3637 2303 3690 si
2342 3636 2467 3707 quis
2496 3652 2743 3702 munera,
2778 3638 2977 3709 smpius
3016 3652 3350 3697 memoretur
3380 3644 3583 3699 beneﬁt.-

1994 3726 2201 3782 ciorum
2231 3728 2382 3798 ejus;
2412 3728 2457 3784 si
2487 3729 2610 3800 quis
2637 3731 2907 3787 sacriﬁcia
2934 3732 3160 3799 illibata,
3192 3735 3582 3794 humilitatem-

1993 3834 2121 3890 que,
2159 3819 2374 3877 laudem
2417 3833 2474 3877 et
2517 3823 2846 3879 cbaritatem
2889 3823 3105 3881 oﬁ‘erat.
3152 3825 3295 3883 Dicit
3342 3828 3485 3884 idem
3526 3830 3580 3883 in

1993 3908 2134 3965 libro
2182 3921 2505 3976 memorato,
2541 3913 2720 3984 capite
2766 3914 2957 3984 quinto
3000 3931 3015 3970 :
3061 3914 3403 3975 Sacriﬁcium
3451 3935 3582 3992 ergo
3624 3936 3645 3946 ν

1993 3999 2226 4067 visibile,
2275 3999 2560 4056 invisibilis
2604 4001 2860 4058 sacriﬁcii
2909 4013 3337 4070 sacramentum,
3379 4006 3433 4062 id
3474 4015 3585 4072 est,

1993 4104 2212 4145 sacrum
2254 4092 2471 4163 signum
2515 4102 2621 4147 est.
2675 4092 2742 4148 Et
2789 4094 2844 4148 in
2890 4094 3245 4164 sequentibus
3280 4096 3332 4149 in
3362 4096 3589 4159 eodem,

1995 4180 2173 4250 capite
2198 4180 2411 4237 decimo
2440 4198 2584 4237 nono
2609 4201 2623 4236 :
2650 4182 2936 4250 Quocirca,
2971 4184 3114 4239 sicut
3145 4194 3369 4241 orantes
3416 4196 3579 4257 atque

1993 4271 2278 4327 laudantes
2324 4272 2396 4326 ad
2441 4286 2564 4326 eum
2623 4272 2911 4344 dirigimus
2961 4273 3338 4332 sacriﬁcantes
3396 4291 3580 4343 voces,

1992 4363 2147 4433 cujus
2185 4377 2274 4416 res
2316 4363 2464 4432 ipsas
2498 4364 2552 4418 in
2585 4367 2750 4422 corde
2778 4382 2914 4437 quas
2958 4368 3350 4439 signiﬁcamus,
3390 4371 3577 4428 oﬁ‘eri-

1994 4469 2136 4519 mus,
2170 4454 2245 4507 ita
2271 4453 2662 4520 sacriﬁcantes,
2693 4472 2802 4512 non
2832 4456 2985 4514 alteri
3014 4460 3225 4518 visibile
3252 4461 3582 4523 sacriﬁcium

1995 4544 2331 4600 oﬁ‘erendum
2355 4559 2479 4602 esse
2500 4547 2835 4614 noverimus,
2865 4565 3027 4619 quam
3065 4550 3140 4606 illi
3176 4550 3334 4620 cujus
3359 4552 3414 4607 in
3446 4568 3574 4608 cor-

1996 4636 2153 4691 dibus
2183 4638 2386 4692 nostris
2426 4637 2696 4694 invisibile
2737 4640 3064 4696 sacriﬁcium
3099 4642 3303 4713 nosipsi
3335 4658 3457 4699 esse
3487 4646 3581 4700 de-

1993 4727 2206 4784 bemus.
2242 4727 2398 4795 Quia,
2432 4728 2659 4784 Domino
2690 4731 3003 4797 miserante,
3036 4731 3365 4788 sacriﬁcium
3391 4748 3579 4790 verum

1994 4819 2331 4885 invenimus,
2376 4821 2659 4890 sequentia
2688 4820 2758 4876 Te
2790 4822 2974 4893 igitur,
3022 4837 3436 4895 prosequamur.
3484 4824 3579 4881 Se—

1992 4912 2180 4984 quitur
2204 4933 2216 4967 :
2243 4913 2309 4967 In
2332 4913 2518 4984 primis
2545 4930 2663 4985 qua:
2685 4913 2780 4968 tibi
2809 4914 3083 4985 o/ferimus
3105 4930 3200 4986 pro
3223 4916 3463 4972 Ecclesia
3487 4928 3580 4975 tua

1993 5012 2177 5057 sancta
2205 5002 2487 5067 catholica,
2518 5010 2574 5058 et
2604 5002 2831 5073 reliqua.
2865 5003 3223 5061 Memoratum
3251 5005 3578 5063 sacriﬁcium

1996 5109 2093 5165 pro
2119 5094 2294 5149 tribus
2322 5092 2570 5160 oﬁ‘ertnr,
2602 5094 2654 5150 id
2692 5103 2794 5160 est,
2824 5111 2924 5166 pro
2946 5097 3194 5154 Ecclesia
3224 5107 3413 5155 sancta
3452 5100 3575 5155 uni-

1992 5187 2216 5253 versali,
2251 5202 2351 5257 pro
2380 5187 2703 5258 specialibus
2745 5188 3022 5256 fratribus,
3068 5207 3299 5262 quorum
3342 5191 3577 5249 eleemo-

1993 5293 2159 5350 synas
2184 5280 2524 5350 suscepimus
2548 5288 2643 5335 aut
2669 5296 2887 5346 munus,
2921 5291 3014 5337 ant
3040 5297 3265 5352 quorum
3290 5296 3577 5351 sponsores

1992 5387 2180 5428 sumus
2221 5370 2386 5437 facti,
2427 5372 2513 5426 vel
2549 5388 2780 5442 quorum
2819 5375 3162 5445 praesentiam
3210 5373 3484 5427 intuemur
3519 5373 3575 5434 in

1986 5463 2163 5521 olﬁcio
2219 5465 2397 5520 missae
2449 5473 2673 5529 nostrm,
2728 5481 2957 5535 quorum
3012 5473 3192 5519 tamen
3245 5463 3572 5520 sacriﬁcium

1986 5564 2070 5613 est
2108 5554 2253 5622 laus;
2291 5570 2393 5628 pro
2420 5555 2575 5611 nobis
2612 5557 2742 5626 ipsis
2767 5555 3158 5619 sacerdotibus,
3186 5554 3280 5624 qui
3319 5569 3565 5610 commu-

1986 5648 2231 5704 nicamus
2260 5654 2462 5702 sanctae.
2491 5646 2672 5707 Maria:
2707 5654 2763 5701 et
2793 5645 3051 5715 apostolis
3086 5644 3141 5699 in
3174 5660 3281 5700 uno
3309 5644 3569 5704 Domino.

1984 5746 2046 5794 ut
2090 5740 2143 5794 in
2191 5737 2441 5796 omnibus
2476 5736 2814 5810 protectione
2862 5736 3077 5793 Domini
3121 5737 3450 5798 muniamur.
3507 5737 3575 5799 Et
