3938 6178
376 284 506 339 Mil

1126 284 1215 340 DE
1251 281 1806 343 ECCLESIASTICIS
1842 282 2133 347 OFFlCllS
2173 285 2357 343 LIBRI
2390 285 2478 341 Π.
2519 317 2589 329 --
2626 288 2755 343 LIB.
2798 291 2883 346 Ill.

3501 297 3634 355 liii

377 399 517 451 tixus
539 404 645 450 est.
678 394 794 451 Non
828 395 898 453 ab
922 411 982 453 re
1016 405 1100 452 est
1126 398 1172 452 si
1193 398 1277 454 bis
1298 398 1520 468 ligatur,
1542 398 1669 468 quia
1698 413 1796 469 pro
1821 398 1953 451 duo-
1980 401 2031 461 Α
2055 396 2219 460 dona,
2250 397 2448 452 obnixe
2490 401 2820 468 precandum
2865 411 2947 459 est
2985 412 3043 459 ut
3071 406 3318 478 dignetur
3364 424 3526 481 super
3567 426 3633 468 ea

375 485 479 540 bus
500 483 714 554 populis
740 482 881 540 ﬁxus
904 493 989 540 est
1014 483 1280 541 Christus.
1317 485 1390 542 At
1424 488 1469 542 si
1501 486 1591 557 ﬁgi
1629 499 1851 542 necesse
1873 491 1956 540 est

377 577 435 631 in
468 575 589 629 loco
616 574 709 629 ubi
755 574 955 631 dicitur
996 595 1009 630 :
1042 576 1314 649 Accipiam
1344 595 1554 649 panem,
1585 593 1829 633 seorsum
1860 591 1950 635 ne-

373 682 530 723 cesse
557 673 641 721 est
680 666 940 737 ﬁguretur
967 683 1131 737 super
1154 684 1377 739 panem,
1422 679 1479 724 et
1503 684 1749 726 seorsum
1791 682 1955 738 super

376 758 586 822 vinum,
606 758 902 815 secundum
931 759 1151 815 modum
1183 776 1292 830 quo
1327 760 1578 818 Christus
1623 777 1753 817 usus
1778 772 1863 816 est
1899 763 1951 818 in

374 838 870 918 acceptione'panis
891 856 948 906 et
971 850 1176 906 calicis.
1205 851 1262 905 ln
1292 867 1356 907 eo
1383 867 1522 923 pane
1552 851 1954 907 commendavit

374 937 623 993 Christus
648 954 844 1012 corpus
867 955 1049 1005 suum,
1073 949 1127 995 et
1156 942 1208 994 in
1241 942 1409 998 calice
1434 944 1749 1014 sanguinem
1774 958 1949 1008 suum,

375 1036 541 1096 atque
593 1027 870 1096 subiunxit
925 1048 935 1083 :
978 1030 1101 1086 “me
1132 1033 1558 1105 quotiescunque
1608 1033 1868 1101 feceritis,
1898 1036 1954 1090 in

378 1118 484 1171 mei
512 1120 829 1177 memoriam
868 1120 1100 1176 facietis.
1140 1122 1239 1178 llic
1277 1135 1612 1194 concrepant
1651 1125 1814 1180 verba
1844 1126 1953 1182 Do-

375 1209 605 1290 miniea:
624 1225 825 1265 mensa:
854 1227 976 1266 cum
1018 1220 1129 1265 toto
1154 1211 1329 1268 ollicio
1358 1216 1555 1270 missae.
1589 1214 1814 1270 Canitur
1841 1216 1950 1280 hic,

372 1302 647 1370 Accipiens
692 1319 901 1373 panem,
933 1314 989 1358 et
1042 1304 1245 1375 reliqua
1268 1346 1282 1369 ,
1314 1306 1456 1375 quod
1496 1307 1754 1362 actitatur
1788 1323 1817 1362 a
1867 1323 1953 1363 sa-

375 1390 617 1456 cerdote,
648 1393 864 1460 quando
904 1394 1135 1464 suscipit
1159 1394 1392 1450 oblatam
1434 1412 1486 1449 In
1518 1396 1751 1451 secrela’
1775 1397 1954 1452 missae

372 1488 469 1533 aut
504 1481 719 1550 quando
746 1481 833 1536 hic
873 1498 992 1537 eam
1024 1484 1223 1537 elevat.
1252 1482 1467 1541 Gratias
1496 1486 1605 1555 agit
1628 1485 1683 1538 in
1718 1485 1948 1556 llymno,

384 1569 514 1626 Vere
549 1572 762 1643 dignum
809 1584 856 1628 et
887 1574 1095 1643 justum
1123 1586 1198 1631 est
1228 1593 1245 1629 :
1278 1576 1550 1632 benedicit
1598 1576 1651 1631 in
1700 1580 1951 1646 praesenti

371 1660 515 1730 loco,
541 1664 737 1737 frangit
759 1667 905 1721 circa
933 1670 1386 1724 communionem.
1431 1669 1531 1724 llic
1556 1670 1826 1725 credimus
1850 1687 1948 1724 na-

2057 484 2344 554 respicere.
2379 485 2530 542 Unde
2555 491 2802 545 subditur
2830 510 2841 544 :
2876 490 3047 563 Supra
3069 512 3185 565 qua?
3204 506 3428 568 propitio
3460 517 3525 553 ac
3552 517 3637 555 se-

2056 592 2178 628 reno
2210 577 2350 630 cultu
2382 579 2630 648 respicere
2651 581 2898 652 digneris,
2932 594 2978 636 et
3006 597 3215 656 accepta
3244 589 3455 657 habere,
3479 592 3635 646 sicuti

2054 676 2267 736 accepta
2304 668 2494 723 habere
2554 670 2800 742 dignatus
2841 690 2895 727 es
2947 691 3163 730 munera
3197 681 3347 749 pueri
3383 682 3461 735 tui
3496 683 3634 752 justi

2054 756 2201 821 Abel,
2233 769 2280 812 et
2315 761 2636 830 sacriﬁcium
2684 765 3002 834 patriarchw
3061 772 3223 827 nostri
3274 772 3534 838 Abrahaz,
3582 789 3630 831 et

2050 850 2190 916 quod
2212 850 2304 903 tibi
2326 851 2510 906 obtulit
2539 871 2772 910 summus
2797 860 3042 913 sacerdos
3082 871 3202 915 tuus
3233 863 3630 934 Melchisedech,

2052 950 2290 997 sanctum
2322 945 2643 1013 sacriﬁcium
2678 956 2726 1001 et
2754 949 3148 1006 immaculatam
3174 954 3418 1011 hostiam.
3459 959 3635 1032 Rogat

2053 1030 2307 1085 sacerdos
2335 1031 2503 1087 Deum
2531 1033 2746 1089 Patrem
2776 1046 2836 1090 ut
2872 1039 3013 1099 sicut
3056 1041 3147 1095 illo
3192 1051 3431 1115 tempore
3462 1030 3632 1121 respi-

2053 1136 2177 1176 cere
2206 1120 2457 1191 dignatus
2485 1134 2570 1179 est
2604 1140 2768 1196 super
2795 1145 3016 1184 munera
3046 1132 3177 1187 Abel
3207 1145 3262 1190 et
3304 1120 3630 1194 sacriﬁcium

2054 1211 2398 1278 patriarchm,
2432 1230 2642 1270 necnon
2666 1226 2721 1270 et
2751 1218 3174 1287 Melchisedech,
3208 1226 3281 1279 ita
3314 1243 3476 1298 super
3501 1237 3635 1300 prmi

2053 1298 2225 1352 sentin
2261 1312 2405 1367 vota,
2437 1320 2555 1373 quae
2586 1306 2796 1360 initium
2823 1323 3147 1379 acceperunt
3176 1315 3245 1370 ab
3266 1298 3631 1375 immolatione

2052 1388 2271 1443 Christi.
2312 1392 2445 1445 Dein
2505 1404 2762 1463 precatur
2810 1407 2868 1451 ut
2912 1402 3297 1470 suscipiantur,
3357 1406 3628 1464 dicendo:
3688 1446 3735 1457 ηρ

2054 1480 2325 1551 Supplices
2357 1493 2405 1537 te
2448 1503 2715 1556 rogamus,
2764 1493 3089 1561 omnipotens
3142 1494 3302 1557 Deus.
3340 1498 3471 1566 jube
3518 1502 3629 1555 ha'c

2050 1573 2289 1641 pra'ferri
2311 1592 2403 1644 per
2425 1593 2609 1629 manus
2632 1582 2803 1634 sancti
2831 1582 3000 1650 angeli
3028 1586 3106 1637 tui
3142 1586 3197 1639 in
3219 1588 3439 1642 sublime
3463 1590 3633 1645 altare

2051 1674 2221 1727 tuum,
2248 1665 2303 1717 in
2338 1677 2667 1736 conspectum
2698 1670 2888 1724 divina:
2920 1673 3212 1742 majestatis
3235 1686 3358 1740 tum,
3387 1689 3441 1731 ut
3480 1691 3631 1750 quot-

372 1766 550 1811 mmm
580 1756 880 1825 simplicem
908 1759 1066 1828 panis
1114 1768 1168 1815 ει
1199 1760 1306 1814 vini
1343 1759 1497 1814 mixti
1534 1760 1669 1814 veni
1719 1760 1771 1813 in
1803 1769 1950 1814 nam-
1982 1762 2025 1819 Β
2053 1764 2172 1824 quot
2215 1771 2278 1807 ex
2311 1755 2409 1808 hac
2438 1756 2622 1811 altaris
2643 1759 3041 1830 participatione
3069 1778 3461 1822 sacrosanctum
3505 1768 3634 1824 Filii

373 1862 488 1901 ram
533 1847 955 1913 rationabilem,
1024 1849 1232 1904 scilicet
1275 1850 1517 1919 corporis
1568 1858 1623 1904 et
1674 1849 1950 1921 sanguinis

369 1936 595 1991 Christi.
630 1937 835 1991 Sindon
867 1936 1058 2006 jacens
1085 1939 1141 1993 in
1183 1939 1341 1993 altari
1380 1948 1556 2010 signat
1594 1939 1814 1994 linteum
1845 1956 1951 2010 quo

369 2036 489 2084 erat
524 2028 784 2084 Dominus
835 2030 1192 2099 praecinctus,
1244 2038 1298 2086 et
1348 2031 1662 2097 sudarium,
1712 2030 1949 2086 laborem

369 2134 532 2188 quem
563 2114 857 2190 assumpsit
888 2120 943 2175 in
988 2120 1260 2176 lavatione
1308 2121 1506 2190 pedum
1557 2120 1753 2194 (Juan.
1789 2121 1907 2194 xm)
1931 2163 1945 2185 ,

370 2211 484 2264 sive
513 2224 672 2281 quem
724 2211 983 2277 sustinuit
1022 2226 1121 2282 pro
1151 2211 1335 2266 labore
1365 2206 1547 2277 ludar;
1576 2212 1767 2278 altare,
1800 2229 1951 2268 men-

374 2315 494 2353 sam
520 2298 755 2355 Domini.

936 2392 1164 2449 CAPliT
1220 2393 1389 2449 XXV.

692 2486 767 2541 De
795 2480 1095 2541 ascensione
1130 2485 1323 2540 Christi
1355 2487 1407 2541 in
1441 2505 1663 2542 crucem.

445 2577 502 2631 In
526 2588 870 2632 sacramento
889 2578 1047 2648 panis
1074 2586 1131 2633 et
1158 2577 1289 2641 vini,
1311 2592 1522 2632 necnon
1549 2578 1711 2631 etiam
1743 2577 1799 2631 in
1840 2594 1951 2631 me-

375 2668 550 2722 moria
608 2683 749 2733 mea,
787 2668 968 2738 passio
1008 2668 1207 2724 Christi
1252 2669 1308 2722 in
1361 2675 1611 2738 promptu
1654 2677 1756 2724 est.
1805 2669 1951 2723 Dixit

376 2764 491 2834 ipse
530 2781 543 2817 :
575 2762 700 2819 Haec
728 2764 1157 2836 quotiescunque
1187 2764 1449 2830 feceritis,
1500 2763 1557 2818 in
1596 2764 1702 2820 mei
1752 2779 1949 2819 memo-

375 2854 515 2909 riam
561 2853 772 2910 facietis
809 2853 877 2926 (I
922 2854 1043 2909 Cor.
1086 2856 1200 2926 ιι),
1249 2852 1303 2909 id
1345 2864 1458 2918 est,
1520 2854 1949 2924 quotiescunque

374 2947 519 3000 hunc
550 2960 744 3015 panem
774 2952 829 2999 et
873 2946 1096 3015 calicem
1144 2944 1556 3008 benedixeritis,
1589 2945 1947 3000 recordamini

373 3051 509 3092 mea:
540 3013 843 3091 nativitatis
871 3013 1190 3090 .secundum
1243 3032 1631 3089 humanitatem
1680 3036 1947 3106 passionis

370 3138 431 3183 et
472 3127 906 3184 resurrectionis.
962 3126 1140 3194 Quare
1177 3127 1358 3182 subdit
1414 3128 1669 3183 sacerdos
1718 3144 1783 3184 ex
1815 3144 1947 3185 voce

373 3233 472 3272 sua
522 3224 577 3272 et
608 3217 784 3286 plebis
821 3234 832 3270 :
866 3213 1014 3269 Unde
1056 3224 1103 3270 et
1153 3231 1435 3278 memores,
1468 3213 1686 3269 Domine
1707 3257 1722 3281 ,
1748 3234 1839 3271 nos
1870 3219 1946 3271 tui

371 3307 537 3375 servi;
576 3308 668 3363 sed
691 3318 741 3363 et
771 3307 913 3379 plebs
943 3317 1033 3362 tua
1065 3305 1297 3375 ejusdem
1332 3304 1529 3359 Christi
1557 3304 1686 3358 Filii
1716 3308 1794 3359 tui
1836 3307 1944 3361 Do-

372 3399 501 3453 mini
530 3400 695 3454 ποειιὶ
721 3409 827 3452 tam
857 3397 1019 3452 beatw
1047 3395 1325 3466 passionis,
1357 3411 1555 3451 necnon
1584 3404 1633 3450 et
1668 3395 1732 3449 ab
1763 3395 1946 3465 inferis

354 3494 786 3558 .resurrectionis,
831 3491 922 3547 sed
959 3502 1006 3546 et
1038 3493 1093 3545 in
1122 3488 1274 3544 celos
1311 3489 1555 3560 gloriosa:
1602 3492 1943 3558 ascensionis,

370 3583 640 3651 oﬁ'erimus
684 3581 953 3652 praeclara:
998 3581 1264 3651 majestati
1311 3590 1416 3636 tua:
1460 3581 1524 3636 de
1552 3582 1656 3636 tuis
1702 3582 1853 3637 donis
1882 3599 1944 3637 ac

368 3672 506 3725 datis
557 3672 784 3725 hostiam
839 3687 1025 3741 puram
1054 3711 1069 3734 ,
1115 3669 1339 3723 hostiam
1392 3680 1655 3737 sanctam,
1719 3672 1943 3725 hostiam

312 3765 316 3767 ‘
372 3758 786 3816 immaculatam.
837 3757 989 3815 Sicut
1035 3759 1089 3813 in
1142 3757 1512 3826 superioribus
1568 3758 1769 3814 Christi
1824 3776 1945 3814 cer-

369 3867 471 3921 pus
519 3860 601 3906 est
641 3851 824 3906 vinum
860 3851 912 3905 in
934 3857 1278 3905 sacramento
1326 3850 1482 3919 panis
1520 3859 1575 3904 et
1612 3850 1746 3915 vini,
1780 3857 1943 3921 atque

367 3943 425 3997 in
464 3943 725 3997 memoria
763 3956 912 4003 mea,
960 3941 1034 3995 ita
1075 3941 1129 3995 in
1174 3940 1427 4010 praesenti
1456 3940 1701 3995 ascendit
1737 3940 1789 3995 in
1815 3955 1942 3995 cru-

365 4049 508 4089 cem.
561 4032 752 4088 Cordis
803 4033 1070 4089 sacrificio
1129 4032 1361 4087 intendit
1424 4033 1587 4088 Deus.
1635 4032 1789 4088 Unde
1840 4032 1943 4104 Cy-

365 4122 590 4192 prianus
638 4123 692 4177 in
736 4137 985 4179 sermone
1033 4122 1101 4177 de
1130 4122 1378 4178 oratione
1427 4121 1710 4179 Dominiea
1742 4123 1936 4193 (Serm.

365 4213 461 4285 6):
495 4211 680 4283 Neque
729 4214 872 4269 enim
909 4214 964 4269 in
1016 4213 1316 4277 sacriﬁciis,
1366 4230 1486 4284 quae
1535 4213 1665 4268 Abel
1709 4222 1762 4269 et
1806 4213 1939 4269 Cain

362 4300 522 4371 primi
549 4301 858 4356 obtulerunt
902 4300 1053 4373 (Gen.
1081 4300 1191 4373 tv),
1224 4318 1448 4358 munera
1473 4318 1658 4358 eorum
1689 4305 1830 4359 Deus
1853 4318 1940 4358 re-

361 4392 557 4462 spexit,
584 4393 676 4448 sed
707 4394 868 4449 corda
902 4395 1226 4458 intuebatur,
1257 4405 1314 4449 ut
1343 4395 1430 4449 ille
1456 4396 1693 4466 placeret
1738 4397 1791 4449 in
1822 4412 1939 4449 mu-

2052 1844 2128 1896 tui
2172 1862 2358 1913 corpus
2390 1855 2435 1898 et
2475 1849 2779 1916 sanguinem
2831 1855 3229 1922 sumpserimus,
3259 1858 3400 1910 omni
3429 1860 3634 1913 benedi-

2051 1934 2219 1987 ctione
2244 1934 2434 1989 cmlesti
2460 1946 2507 1990 et
2534 1940 2703 2006 gratia
2730 1939 3023 2011 repleantur
3038 1961 3131 2014 per
3158 1944 3423 2001 Christum
3453 1948 3634 2003 Domi-

2052 2039 2175 2076 num
2204 2034 2456 2078 nostrunt.
2487 2024 2748 2082 Precatnr
2792 2033 3045 2087 sacerdos
3072 2042 3130 2088 ut
3168 2051 3404 2104 praesens
3427 2038 3628 2093 oblatio
3657 2046 3661 2055 '

2053 2111 2125 2164 ita
2154 2113 2224 2166 sit
2249 2123 2467 2183 accepta
2499 2115 2549 2169 in
2576 2127 2867 2187 conspectu
2911 2119 3105 2181 divinae
3135 2122 3451 2191 maiestatis,
3494 2144 3629 2198 qua-

2053 2209 2208 2258 tenus
2236 2206 2500 2274 sumpturi
2549 2223 2694 2273 eam,
2725 2210 2880 2265 simul
2931 2212 3063 2268 ﬁant
3086 2216 3337 2272 cmlcstes
3364 2227 3418 2272 et
3456 2221 3628 2290 gratia

2050 2294 2145 2348 Dei
2187 2294 2395 2364 repleti.
2437 2296 2567 2350 Mira
2614 2306 2671 2354 et
2703 2316 2895 2371 magna
2941 2301 3073 2358 ﬁdes
3119 2313 3319 2360 sanctae
3347 2306 3626 2373 Ecclesim,

2049 2400 2170 2454 qua:
2214 2385 2327 2441 suis
2352 2387 2525 2442 oculis
2555 2388 2699 2444 videt
2726 2392 2869 2461 quod
2902 2394 3220 2449 mortalibus
3254 2397 3404 2451 deest
3434 2411 3448 2449 :
3488 2397 3634 2452 videt

2049 2476 2177 2546 quid
2200 2477 2422 2534 credere
2466 2478 2679 2545 debeat,
2707 2483 2954 2552 quamvis
2993 2484 3227 2538 nondum
3262 2486 3440 2540 videat
3485 2489 3627 2556 quod

2052 2574 2103 2627 in
2134 2574 2312 2642 specie
2359 2581 2460 2629 est.
2511 2573 2696 2631 Credit
2744 2577 3071 2632 sacrificium
3122 2594 3361 2649 praesens
3402 2595 3498 2651 per
3530 2598 3628 2638 an-
3672 2590 3713 2611 ί

2051 2661 2290 2733 gelorum
2322 2678 2511 2718 manus
2539 2662 2737 2720 deferri
2768 2673 2893 2720 ante
2919 2677 3270 2736 conspectum
3305 2667 3539 2734 Domini,
3570 2679 3626 2723 et

2049 2755 2214 2809 sentit
2258 2755 2619 2811 ntandendum
2678 2772 2799 2812 esse
2849 2759 2915 2813 ab
2973 2759 3208 2814 humano
3267 2774 3378 2815 ore.
3441 2759 3629 2817 Credit

2047 2859 2281 2914 namque
2321 2860 2518 2916 corpus
2562 2854 2616 2901 et
2658 2849 2972 2918 sanguinem
3002 2849 3213 2905 Domini
3262 2867 3400 2915 esse,
3431 2867 3497 2907 ac
3525 2851 3630 2907 hoc

2048 2953 2231 2992 morsu
2279 2936 2487 2993 cmlcsti
2534 2938 2913 2996 benedictione
2940 2940 3147 3011 impleri
3176 2943 3385 2997 animas
3413 2959 3628 2999 sumen—

2048 3025 2199 3080 tium.
2238 3022 2439 3096 Nempe
2465 3025 2715 3082 Christus
2740 3029 2917 3083 oravit
2964 3030 3016 3083 in
3055 3045 3248 3096 cruce,
3303 3032 3567 3103 incipiens
3597 3051 3627 3087 a

1975 3106 2019 3169 C
2050 3117 2290 3187 psalmo,
2320 3116 2481 3183 Deus,
2526 3118 2665 3173 Deus
2722 3136 2888 3185 meus,
2939 3136 3110 3190 usque
3160 3122 3228 3177 ad
3277 3138 3521 3186 versum,
3562 3123 3627 3178 In

2051 3226 2236 3264 manus
2258 3219 2377 3263 tuas
2401 3211 2705 3265 commendo
2740 3212 2983 3281 spiritum
3029 3229 3217 3266 meum.
3254 3214 3443 3275 Postea
3482 3214 3626 3269 incli-

2048 3309 2172 3353 nato
2196 3300 2383 3369 capite,
2409 3302 2579 3354 emisit
2601 3302 2865 3370 spiritum.
2901 3300 3170 3357 Sacerdos
3199 3304 3424 3360 inclinat
3462 3322 3542 3371 se,
3569 3317 3623 3361 et

2048 3388 2149 3443 hoc
2188 3388 2332 3457 quod
2359 3392 2476 3443 vice
2524 3389 2723 3444 Christi
2778 3391 3107 3445 immolatum
3147 3400 3263 3457 est,
3310 3394 3427 3449 Deo
3478 3395 3626 3451 Patri

2045 3479 2407 3533 commendat.
2442 3478 2660 3534 Sancita
2711 3489 2794 3535 est
2824 3483 3005 3551 passio
3057 3482 3262 3538 Christi
3316 3500 3415 3553 pro
3467 3488 3625 3542 nobis

2046 3585 2213 3640 usque
2235 3570 2303 3624 ad
2340 3571 2500 3625 istum
2525 3570 2701 3626 locum
2750 3571 2817 3625 ab
2856 3587 2922 3626 eo
2951 3572 3069 3627 loco
3095 3574 3185 3628 ubi
3213 3574 3430 3641 dicitur,
3476 3573 3624 3631 Unde

2044 3673 2090 3715 et
2142 3679 2413 3717 memores.
2449 3661 2635 3719 Altare
2686 3679 2923 3733 praesens
2977 3665 3149 3721 altare
3205 3674 3288 3720 est
3329 3668 3528 3723 crucis.
3566 3667 3622 3722 In

2047 3754 2149 3808 isto
2191 3768 2290 3807 nos
2340 3764 2677 3823 peccatores,
2718 3756 2807 3824 qui
2839 3772 2905 3809 ex
2951 3757 3199 3827 gentibus
3230 3759 3497 3823 venimus,
3539 3776 3624 3815 rc-

2045 3843 2314 3899 conciliati
2354 3860 2539 3899 sumus
2570 3846 2679 3899 Deo
2702 3846 2767 3899 ad
2799 3844 3071 3901 offerenda
3112 3848 3159 3901 ei
3185 3848 3469 3904 sacrificia.
3500 3850 3623 3905 Sin-

2045 3936 2150 3990 don
2180 3934 2232 3989 in
2257 3936 2361 3992 isto
2392 3937 2752 3992 humilitatem
2786 3938 2936 3991 illam
2964 3938 3138 4008 signat
3173 3953 3280 4009 qua
3306 3939 3622 3996 humiliatus

2043 4021 2126 4080 e'st
2152 4025 2297 4081 Patri
2322 4042 2494 4097 usque
2515 4027 2582 4082 ad
2611 4037 2861 4083 mortem.
2893 4027 3008 4083 Non
3044 4029 3299 4083 abhorret
3327 4044 3357 4083 a
3388 4045 3539 4095 vero,
3572 4033 3616 4086 si

2044 4116 2322 4191 humilitas
2346 4118 2657 4187 designetur
2686 4134 2785 4189 per
2811 4114 3458 4188 sindonem.Augustinus
3485 4122 3622 4175 scri-

2042 4204 2122 4259 bit
2151 4207 2202 4259 in
2242 4207 2452 4277 psalmo
2486 4208 2841 4277 nonagesimo
2871 4207 3111 4261 secundo
3141 4223 3155 4259 :
3187 4206 3286 4273 Qui
3326 4208 3468 4262 enim
3518 4209 3618 4263 hu-

2042 4294 2186 4348 milis
2211 4304 2339 4349 tunc
2368 4294 2487 4359 fuit,
2512 4297 2725 4364 quando
2753 4297 2916 4350 linteo
2961 4297 3289 4365 prreeinctus
3315 4305 3418 4362 est,
3450 4309 3506 4352 et
3534 4298 3616 4352 la-

2042 4388 2120 4441 vit
2159 4389 2321 4457 pedes
2368 4388 2772 4457 discipulorum.
2828 4388 3115 4444 Sudarium
3163 4403 3325 4455 vero,
3375 4388 3614 4446 laborem

362 4498 491 4538 nere
517 4485 608 4554 qui
635 4485 881 4555 placebat
906 4486 959 4541 in
986 4485 1172 4540 corde.
1203 4484 1243 4554 τ
1275 4486 1349 4540 De
1381 4486 1535 4541 donis
1566 4486 1661 4540 Dei
1687 4501 1751 4539 ac
1794 4485 1936 4540 datis
1960 4458 2015 4516 Β
2041 4477 2325 4547 passionis.
2388 4478 2666 4533 Inclinatio
2725 4478 3177 4535 subdiaconorum
3229 4496 3401 4551 usque
3455 4482 3616 4536 modo
3652 4532 3659 4537 .

362 4573 595 4629 hostiam
636 4590 852 4645 puram,
884 4575 1116 4631 hostiam
1149 4583 1421 4639 sanetam,
1465 4575 1695 4629 hostiam
1734 4575 1931 4630 imma-

359 4662 616 4728 culatam,
653 4662 952 4729 offerimus,
999 4661 1237 4732 quando,
1280 4662 1544 4717 charitate
1574 4665 1806 4729 accensi,
1835 4664 1934 4719 ho-

358 4753 522 4809 stiam
548 4752 826 4810 offerimus
852 4755 917 4809 de
942 4746 1107 4810 corde
1133 4770 1289 4825 puro,
1320 4763 1373 4807 et
1405 4754 1736 4809 conscientia
1765 4756 1927 4820 bona,

355 4851 413 4899 et
450 4842 552 4899 [ide
580 4858 685 4899 non
717 4842 838 4898 ﬁcta
871 4843 931 4916 (Ι
960 4843 1095 4901 Tim.
1122 4845 1181 4917 ι).
1220 4844 1296 4900 De
1324 4862 1427 4916 qua
1462 4846 1635 4900 hostia
1668 4845 1720 4899 in
1747 4861 1928 4915 prom-

359 4943 453 5003 ptu
500 4934 687 5001 dicat,
742 4935 1008 4990 institutio
1062 4937 1390 4993 sacramenti
1438 4935 1713 4991 subdendo
1759 4938 1931 4991 mani-

356 5026 518 5080 festat
536 5066 551 5091 ,
584 5022 787 5080 Panem
811 5035 1048 5081 sanctum
1076 5028 1189 5083 vita:
1217 5037 1426 5082 (τίει-ηαξ
1447 5069 1461 5093 ,
1500 5027 1712 5081 calicem
1743 5027 1927 5082 salutis

354 5124 635 5185 perpetuae.
667 5113 826 5169 Panis
848 5116 971 5169 vita:
999 5125 1325 5179 :eternae,‘et
1348 5117 1484 5169 calix
1513 5102 1701 5171 salutis
1738 5133 1928 5188 perpe-

358 5213 461 5259 tum
488 5202 737 5260 Christus
776 5213 875 5265 est,
904 5204 1009 5271 vel,
1065 5206 1206 5260 sicut
1258 5207 1510 5275 superius
1558 5208 1693 5271 dixi,
1749 5209 1926 5265 hostia

355 5309 491 5362 pura
517 5303 601 5348 est
623 5294 801 5367 panis,
835 5294 1011 5349 hostia
1043 5304 1247 5358 sancta,
1279 5296 1415 5349 calix
1446 5296 1622 5350 hostia
1666 5296 1928 5352 immacu-

354 5385 483 5448 lata,
527 5392 815 5454 utrumque
843 5383 1034 5448 simul,
1075 5385 1200 5453 quia
1231 5401 1393 5439 unum
1423 5400 1616 5454 corpus
1666 5384 1923 5440 elliciunt.

355 5477 432 5532 De
451 5476 604 5531 donis
633 5492 696 5532 ac
722 5478 860 5532 datis
890 5477 962 5530 ita
991 5491 1278 5545 possumus
1301 5477 1517 5531 dicere:
1547 5476 1694 5530 Dona
1720 5486 1845 5532 sunt
1872 5478 1923 5533 in

354 5579 414 5617 re
449 5573 680 5628 aeterna,
734 5567 855 5621 data
907 5566 958 5619 in
998 5581 1174 5635 Opere~
1209 5567 1513 5636 temporali.
1566 5567 1635 5621 Et
1666 5566 1921 5636 quoniam

268 5682 297 5695 κ
354 5666 385 5704 a
416 5652 569 5708 nobis
596 5653 969 5724 peccatoribus
994 5652 1125 5749 vult"
1130 5653 1268 5709 Deus
1299 5653 1479 5710 offerri
1510 5655 1610 5711 sibi
1658 5671 1754 5711 sua
1803 5657 1917 5727 ipsa

2041 4567 2354 4621 mmstitiam
2412 4568 2746 4624 demonstrat
2792 4584 2980 4625 eorum
3028 4571 3437 4641 discipulorum,
3494 4574 3614 4643 qui-

2037 4657 2139 4713 bus
2167 4658 2374 4713 licitum
2421 4667 2538 4714 erat
2575 4674 2924 4730 perseverare
2950 4661 3004 4715 in
3049 4660 3339 4731 prmsentia
3367 4652 3609 4729 Christi;

2039 4737 2262 4819 quando
2280 4748 2672 4822 ﬂagellabatur,
2716 4751 2897 4805 omnia
2925 4750 3013 4805 illa
3058 4749 3356 4822 agebantur
3400 4767 3519 4822 quin
3544 4755 3612 4809 de

2038 4841 2153 4912 ejus
2196 4842 2449 4911 passione
2492 4841 2763 4912 leguntur,
2793 4847 2923 4897 tunc
2967 4841 3313 4912 potissimum
3359 4841 3612 4897 dolebant

2036 4933 2128 5003 qui
2151 4930 2270 5001 ejus
2298 4940 2454 4989 erant
2480 4941 2805 4999 sectatores;
2839 4941 2894 4987 at
2930 4941 3218 5003 postquam
3241 4933 3425 4991 emisit
3452 4933 3609 5004 spiri-

2037 5033 2168 5085 tum,
2200 5025 2431 5079 scientes
2476 5039 2582 5079 non
2623 5022 2735 5093 jam
2790 5024 2995 5079 habere
3036 5031 3436 5093 persecutores,
3467 5020 3610 5077 unde

2035 5118 2237 5172 rabiem
2260 5133 2411 5172 suam
2436 5117 2664 5188 amplius
2695 5118 2748 5171 in
2777 5115 2976 5173 Christi
3015 5132 3211 5186 corpus
3233 5116 3504 5186 expleant,
3547 5123 3604 5168 ut

2036 5208 2151 5278 ipse
2179 5209 2308 5263 dicit
2333 5209 2385 5263 in
2414 5208 2706 5282 Evangelio
2730 5208 2922 5275 Lucae,
2964 5208 3047 5262 Ne
3086 5208 3387 5263 terreamini
3419 5208 3484 5260 ab
3522 5205 3603 5260 his

2033 5298 2121 5369 qui
2145 5299 2383 5352 occidunt
2407 5314 2617 5370 corpus,
2645 5309 2827 5370 etpost
2855 5302 2966 5355 ha'c
3011 5315 3113 5352 non
3149 5298 3336 5353 habent
3378 5293 3602 5363 amplius

2030 5390 2156 5461 quid
2198 5389 2395 5460 faciant
2433 5390 2584 5464 (an.
2631 5391 2761 5463 In),
2817 5391 3164 5447 consolantur
3192 5389 3371 5458 aliquo
3419 5385 3598 5449 modo,

2031 5490 2085 5534 et
2134 5480 2347 5551 erigunt
2388 5496 2465 5546 se,
2511 5482 2838 5553 aspicientes
2889 5482 2943 5535 in
2973 5479 3227 5535 dilectum
3261 5476 3363 5534 sibi
3401 5491 3600 5546 corpus

2030 5585 2307 5641 quousque
2351 5572 2549 5641 pendet
2601 5572 2656 5625 in
2702 5585 2900 5633 cruce,
2964 5568 3198 5622 maxime
3236 5580 3362 5622 cum
3412 5564 3596 5621 vident

2029 5661 2194 5715 multa
2236 5661 2496 5717 miracula
2527 5660 2642 5715 ﬁeri
2671 5660 2813 5772 ualde
2841 5656 3152 5714 conturbari
3181 5664 3433 5729 poterant
3470 5670 3603 5729 per.
