3938 6178
358 327 496 382 ili;

1397 320 1728 378 AMALARII
1765 316 2204 376 PRESBYTER]
2244 316 2584 376 METENSIS

3501 315 3645 371 ιιιι

355 455 637 501 secutores
684 453 740 499 et
776 445 1140 513 obsequentes
1182 442 1367 498 solari.
1421 441 1479 495 ln
1524 443 1714 497 eodem
1761 438 1938 495 ofﬁcio
1964 438 2015 498 Α
2043 438 2309 494 moriente
2351 437 2592 501 Christo,
2644 437 2813 491 Deum
2872 437 3143 500 timentes,
3178 443 3371 506 aperta
3421 435 3650 491 confes-

354 542 540 596 lavant
564 538 779 594 diaconi
803 552 1013 600 manus,
1029 537 1155 605 quia
1174 536 1357 590 omnia
1374 552 1538 605 opera
1559 535 1776 590 sordida
1795 533 1939 603 prio-

354 634 432 689 ris
455 628 883 687 conversationis
897 626 1098 684 Christi
1123 628 1375 699 passione
1405 629 1762 684 mandantur.
1784 625 1937 694 Quod

355 723 401 780 si
433 722 566 777 nihil
597 720 742 775 aliud
772 718 1033 775 voluisset
1060 718 1195 774 ordo
1232 719 1521 774 ministerii
1565 716 1735 772 nostri
1771 715 1938 787 signi-

356 813 521 870 ﬁcare
568 811 623 867 in
649 808 919 866 lavatione
954 824 1167 875 manus,
1220 823 1385 880 quam
1415 817 1476 863 ut
1527 808 1770 862 cautiore
1807 820 1938 861 cura

353 906 503 977 prius
534 912 687 959 actus
730 918 859 959 suos
899 900 1280 974 cogitatusque
1328 901 1542 956 diaconi
1581 900 1935 961 discuterent,

352 993 731 1058 eventilarent,
761 1000 1083 1064 purgarent,
1116 1006 1180 1047 ac
1217 991 1295 1045 sic
1318 990 1388 1045 ad
1408 987 1781 1060 participanda
1813 985 1939 1040 ﬁdei

353 1096 696 1142 sacramenta
753 1085 1129 1157 procederent,
1183 1083 1326 1153 quod
1378 1080 1753 1150 unusquisque
1803 1078 1936 1132 ﬁde-

352 1178 484 1237 lium
514 1177 674 1232 debet
702 1170 1009 1239 obseivare,
1044 1190 1111 1230 ne
1141 1174 1429 1228 manducet
1458 1180 1511 1227 et
1536 1172 1680 1226 bibat
1723 1170 1940 1241 indigne

353 1283 553 1336 corpus
591 1266 827 1329 Domini,
853 1265 1001 1320 nullo
1028 1267 1188 1320 modo
1217 1264 1310 1318 tali
1342 1264 1394 1317 in
1428 1262 1547 1317 loco
1575 1277 1769 1316 manus
1798 1261 1943 1314 lava-

354 1368 497 1423 rent,
528 1359 655 1429 quia
683 1358 861 1427 aptius
886 1364 1107 1427 possent
1131 1371 1227 1410 eas
1257 1355 1440 1409 lavare
1470 1355 1639 1410 erecti
1667 1368 1829 1422 quam
1861 1353 1943 1406 iu-

354 1451 567 1505 cliuati.

912 1539 1140 1596 CAPUT
1195 1537 1383 1592 XXVI.

359 1634 433 1687 De
456 1650 671 1703 corpore
700 1631 907 1684 Domini
948 1640 1061 1703 post
1086 1630 1337 1703 curiarium
1366 1628 1613 1703 spiritum
1664 1628 1719 1680 in
1766 1642 1941 1688 cruce,

595 1713 638 1755 et
694 1711 871 1754 nostra
907 1699 1314 1768 mortiﬁcatiouc
1360 1701 1412 1752 in
1452 1698 1701 1766 idipsum.

423 1812 669 1867 Christus
697 1810 839 1865 enim
869 1809 1219 1880 praegttstavit
1268 1818 1519 1871 mortem,
1567 1815 1627 1861 ut
1669 1823 1769 1860 nos
1796 1821 1944 1861 com-

360 1916 697 1957 morerentur
724 1900 986 1971 peccatis.
1021 1898 1271 1954 Christus
1320 1908 1567 1952 mortuus
1596 1907 1680 1953 est
1721 1906 1943 1967 peccato

353 1990 542 2056 semel,
561 1997 621 2044 ut
644 2007 742 2044 nos
773 2005 1113 2044 morerentur
1127 1989 1293 2044 vitiis.
1314 1988 1455 2043 Dicit
1473 1987 1671 2043 Paulus
1694 2008 1704 2018 ·
1727 1988 1831 2054 Qui
1848 2006 1943 2042 au-

353 2094 453 2138 tem
478 2094 599 2137 sunt
623 2082 838 2144 Christi,
856 2099 1067 2136 carnem
1090 2099 1243 2136 suam
1272 2082 1645 2151 cruci/irarum
1667 2099 1784 2135 cum
1802 2082 1943 2135 vitiis

353 2186 399 2228 et
428 2174 860 2245 concupiscentiis
890 2169 1149 2245 (Gal.'v).
1182 2171 1310 2227 Haec
1359 2173 1644 2229 cruciﬁxio
1672 2172 1943 2244 prmcipttc

359 2265 539 2335 agitur
581 2280 679 2335 per
708 2262 1109 2335 pmnitentiam.
1145 2262 1337 2319 Plures
1365 2272 1494 2319 sunt
1518 2264 1612 2334 qui
1640 2279 1739 2334 per
1775 2278 1944 2332 angu-

356 2369 500 2410 stum
524 2355 768 2410 foramen
795 2364 1077 2411 transeunt
1098 2355 1167 2411 ad
1196 2354 1551 2412 stabilitatem
1572 2355 1940 2419 continentiae,

354 2462 419 2500 ac
442 2446 584 2511 ideo,
601 2454 864 2515 quantum
890 2445 957 2499 ad
987 2444 1249 2500 moralem
1276 2460 1495 2501 sensum
1520 2445 1776 2514 pertinet,
1794 2452 1943 2500 recte

358 2555 596 2612 praesens
643 2540 970 2595 sacriﬁcium
1000 2538 1323 2594 sacriﬁcium
1353 2538 1693 2608 pmniteutiae
1720 2536 1939 2591 dicitur.

358 2633 424 2688 Et
443 2634 580 2689 bene
599 2641 727 2687 ante
748 2631 1075 2688 sacriﬁcium
1094 2631 1476 2701 pmnitentium
1496 2630 1807 2686 celebratur
1826 2644 1945 2699 pas—

358 2725 440 2780 sio
470 2724 691 2787 Christi,
727 2731 787 2777 ut
817 2723 992 2794 magis
1022 2722 1267 2777 inﬁrmos
1285 2730 1547 2792 provocet
1577 2720 1643 2774 ad
1670 2719 1943 2775 salubrem

354 2816 645 2884 potionem.
681 2814 836 2869 Unde
862 2813 995 2869 dicit
1030 2811 1270 2870 Joannes
1297 2812 1721 2883 Chrysostomus
1751 2813 1803 2865 in
1832 2824 1945 2865 ser-

358 2921 517 2961 mone
540 2914 735 2975 quarto
769 2904 836 2959 ad
865 2903 1120 2960 Hebraeos
1155 2924 1166 2957 :
1199 2904 1356 2960 Sicut
1388 2905 1532 2959 enim
1556 2904 1798 2959 medicus
1834 2919 1941 2958 non

362 2993 569 3049 habens
597 2995 981 3049 necessitatem
1012 3009 1081 3049 ex
1106 2995 1245 3050 cibis
1278 2995 1370 3064 qui
1394 3003 1600 3065 :egroto
1634 3008 1945 3065 praeparan-

361 3094 448 3138 tur
471 3092 713 3155 gustare,
746 3084 840 3139 se]
867 3083 957 3139 ille
980 3072 1287 3150 consolans,
1319 3084 1527 3155 primus
1554 3100 1619 3140 ex
1651 3083 1794 3139 illius
1822 3083 1944 3138 cibo

356 3175 621 3246 degustat,
643 3182 700 3230 ut
723 3177 1049 3244 persuadeat
1076 3184 1285 3247 :cgroto.
1314 3176 1619 3247 promptius
1643 3175 1765 3231 illos
1792 3175 1945 3230 cibos

358 3269 635 3340 accipere;
689 3269 768 3324 sic
820 3268 983 3323 etiam
1041 3268 1340 3335 Dominus,
1391 3268 1650 3339 quoniam
1696 3267 1946 3323 homines

358 3370 585 3417 mortem
618 3362 903 3426 timebant,
932 3358 1268 3432 persuadens
1294 3362 1376 3417 eis
1404 3369 1465 3415 ut
1507 3359 1836 3416 ﬁducialiter
1876 3360 1943 3414 ad

361 3460 589 3508 mortem
639 3451 982 3517 accederent,
1013 3460 1066 3506 et
1115 3452 1230 3523 ipse
1258 3452 1498 3523 gustavit
1544 3463 1800 3517 mortem,
1832 3451 1946 3506 nul-

357 3542 469 3597 lam
497 3542 708 3597 habens
758 3543 1159 3599 necessitatem.
1207 3543 1286 3598 Ex
1318 3544 1498 3599 verbis
1545 3544 1690 3600 beati
1721 3541 1946 3599 Joannis

357 3644 637 3691 ostensum
658 3644 742 3691 est
768 3636 889 3691 ideo
920 3635 1253 3705 conjunctim
1285 3636 1551 3706 prolatam
1586 3650 1705 3691 esse
1731 3635 1942 3706 passio-

357 3740 485 3780 nem
508 3725 711 3782 Christi
749 3736 804 3781 ct
834 3736 1079 3783 nostram
1127 3726 1524 3783 confessionem
1570 3736 1942 3798 peccatorum,

359 3822 419 3867 ut
470 3830 578 3869 non
618 3815 935 3871 timeremus
971 3817 1105 3871 dura
1153 3827 1266 3887 pati
1296 3834 1396 3887 pro
1442 3819 1683 3887 peccatis
1721 3820 1941 3885 nostris,

357 3904 611 3959 Christus
645 3903 761 3971 jam
789 3906 970 3961 emisit
1000 3908 1274 3977 spiritum,
1305 3911 1475 3963 exivit
1498 3906 1574 3965 ab
1605 3907 1722 3977 ejus
1776 3910 1944 3965 latere

359 3996 579 4065 sanguis
607 4006 661 4050 et
690 4012 851 4066 aqua.
885 3996 1013 4052 Sine
1049 3998 1135 4054 his
1166 4001 1526 4056 sacramentis
1566 4017 1728 4056 nemo
1780 4002 1947 4059 intrat

362 4089 413 4142 in
460 4086 629 4142 vitam
682 4096 963 4143 :ctcrnam.
1001 4088 1077 4144 De
1125 4090 1212 4145 bis
1264 4092 1623 4147 sacramentis
1669 4092 1802 4147 dicit
1836 4093 1945 4150 Au-

359 4181 605 4251 gustinus
628 4181 682 4236 in
707 4196 958 4237 sermone
988 4182 1056 4237 65
1087 4199 1250 4253 super
1270 4181 1533 4238 Joannem
1566 4203 1579 4238 :
1608 4184 1699 4240 llle
1725 4188 1946 4258 sanguis

360 4271 416 4324 in
456 4271 830 4328 remissionem
883 4272 1036 4327 fusus
1087 4283 1171 4328 est
1232 4283 1612 4344 peccatorum;
1664 4291 1803 4346 aqua
1853 4274 1943 4330 illa

359 4360 599 4419 salutare
630 4372 897 4437 temperat
943 4364 1222 4434 poculum,
1258 4366 1373 4422 haec
1413 4376 1468 4421 et
1500 4369 1775 4424 lavacrum
1806 4382 1945 4439 prte-

2038 532 2209 588 sionis
2254 549 2386 589 voce
2432 533 2740 604 glorilicant
2790 531 3009 586 :Judtei
3039 531 3411 601 percutientes
3458 530 3653 586 solum

2038 634 2277 695 pectora,
2309 627 2524 681 domum
2571 626 2816 680 redeunt.
2869 624 3207 679 Percussura
3233 623 3481 693 pectoris
3526 638 3653 693 pc-

2039 718 2278 773 nitentiae
2302 726 2452 773 estet
2470 718 2644 773 luctus
2667 716 2947 772 indicium.
2964 716 3183 770 Interim
3202 715 3423 770 stabant
3448 724 3653 769 autem

2039 826 2230 866 omnes
2276 812 2389 866 noli
2423 810 2543 878 ejus
2587 827 2617 864 a
2670 811 2847 881 longe,
2875 818 2933 864 et
2969 810 3227 865 mulieres
3267 824 3387 881 qua:
3429 817 3657 864 seruire

2040 909 2197 956 erant
2248 916 2277 954 a
2319 899 2538 955 Galilaea
2587 900 2702 954 haec
2740 900 3004 955 videntes.
3051 898 3165 954 Hoc
3201 909 3285 954 est
3329 899 3479 968 quod
3521 899 3661 969 ipse

2041 991 2301 1044 Dominus
2325 990 2378 1044 in
2422 989 2649 1059 psalmo,
2682 987 2952 1057 explicata
2991 1004 3104 1043 sum
3153 987 3419 1057 passionis
3468 986 3654 1051 serie,

2041 1081 2189 1135 Patri
2235 1080 2516 1149 qumritur,
2550 1079 2738 1133 dicens
2774 1096 2787 1131 :
2821 1076 3100 1148 Elongasti
3146 1096 3178 1131 α
3229 1094 3309 1132 me
3353 1079 3601 1132 amicum
3634 1119 3656 1141 .

2041 1182 2087 1226 et
2110 1171 2491 1244 proximum,et
2519 1181 2667 1225 notos
2702 1187 2842 1225 meos
2872 1188 2904 1225 a
2931 1171 3143 1225 miseria
3170 1167 3652 1241 (Psal.t.xn\m).

2044 1264 2153 1319 llos
2183 1263 2387 1319 amicos
2412 1272 2466 1318 et
2497 1264 2778 1333 proximos
2802 1263 2868 1318 ad
2908 1262 3229 1318 memoriam
3269 1262 3477 1317 ducunt
3498 1264 3651 1319 sub—

2043 1357 2254 1413 diaconi
2280 1356 2469 1422 erecti,
2507 1364 2560 1410 et
2604 1356 2876 1411 intuentes
2905 1357 2958 1410 in
2986 1356 3290 1427 presbyteri
3332 1371 3491 1426 opus.
3528 1356 3652 1409 llis

2043 1451 2117 1504 ita
2142 1447 2464 1503 intuentibus
2494 1449 2630 1501 venit
2660 1448 2738 1501 vir
2766 1448 2975 1501 nomine
2997 1446 3194 1517 Ioseph
3215 1447 3303 1517 qui
3329 1457 3444 1500 erat
3475 1447 3652 1499 decu—

2047 1542 2123 1595 rio
2141 1582 2155 1605 ,
2185 1534 2262 1594 vir
2287 1540 2452 1594 bonus
2476 1549 2525 1593 ct
2541 1539 2723 1609 justus
2750 1556 2768 1592 :
2794 1539 2879 1591 llic
2910 1554 3013 1592 non
3037 1546 3370 1591 consenserat
3404 1538 3656 1591 consilio

2045 1643 2091 1686 et
2131 1632 2333 1687 actibus
2357 1615 2563 1697 eorum,
2593 1631 2659 1684 ab
2683 1631 2980 1685 Arimnlhia
3013 1630 3227 1684 ciritate‘
3245 1627 3477 1693 Iudam,
3506 1631 3655 1699 quia

2002 1783 2015 1803 ’
2045 1722 2375 1794 exspectabat
2413 1732 2460 1777 et
2484 1724 2594 1792 ipse
2620 1737 2834 1791 regnum
2884 1720 2979 1775 Dei
3016 1736 3034 1773 :
3064 1722 3148 1775 hic
3174 1721 3387 1774 accessit
3415 1720 3489 1772 ad
3544 1718 3657 1772 Pi-

2047 1813 2233 1879 latum,
2261 1821 2309 1866 et
2339 1812 2484 1882 petiit
2523 1827 2713 1880 corpus
2752 1809 2903 1873 Iesu,
2932 1820 2979 1862 et
3021 1810 3310 1879 depositum
3337 1808 3559 1861 ini-olm!
3588 1810 3651 1861 in

2045 1904 2283 1970 sindone,
2317 1914 2363 1957 et
2394 1905 2568 1973 posuit
2606 1920 2723 1956 eum
2751 1903 2804 1955 in
2836 1911 3168 1954 monumento
3208 1900 3401 1963 exciso,
3450 1900 3507 1953 in
3531 1917 3655 1970 quo

2046 1997 2278 2051 nondum
2302 2012 2576 2067 quisquam
2610 1997 2811 2064 positus
2843 1995 3015 2064 fuerat
3048 1993 3201 2055 (Luc.
3227 2009 3392 2054 xvm;
3427 1993 3647 2047 Matth.

2046 2084 2240 2156 xxvii).
2277 2086 2378 2152 Qui
2419 2087 2668 2155 quamvis
2711 2099 2777 2140 ex
2830 2099 3056 2138 numero
3110 2082 3252 2138 foret
3294 2083 3652 2138 occultorum

2045 2178 2452 2247 discipulorum,
2481 2187 2661 2231 tamen
2692 2178 2745 2231 in
2774 2183 3024 2247 promptu
3050 2190 3241 2231 omnes
3274 2177 3653 2238 transcendit,

2046 2269 2257 2326 scilicet
2298 2279 2355 2324 et
2396 2269 2691 2340 discipulos
2723 2276 2779 2322 et
2829 2266 3125 2338 apostolos.
3171 2266 3461 2338 Discipulis
3519 2277 3651 2321 tan-

2050 2362 2323 2416 tummodo
2355 2361 2565 2431 alonge
2593 2360 2862 2414 stantibus
2887 2368 2944 2413 et
2980 2357 3334 2422 intuentibus,
3372 2359 3652 2427 apostolis

2046 2452 2338 2507 latentibus
2363 2453 2417 2505 in
2445 2451 2662 2516 abditis,
2686 2448 2883 2521 Joseph
2906 2458 3180 2504 mercatus
3207 2456 3291 2502 est
3326 2447 3649 2509 sindonem,

2047 2556 2106 2599 ut
2131 2546 2434 2615 depositum
2477 2557 2674 2612 corpus
2700 2543 2824 2596 Jcsu
2857 2541 3172 2595 involveret.
3207 2538 3436 2606 Quanta:
3462 2538 3655 2607 digni-

2049 2638 2177 2691 tatis
2211 2634 2351 2689 foret
2387 2635 2487 2689 iste
2521 2632 2721 2702 Joscph
2766 2632 2818 2686 in
2851 2639 3087 2686 tractatu
3116 2629 3274 2685 Beda:
3311 2627 3517 2697 legitur
3543 2642 3650 2680 su-

2048 2746 2143 2799 per
2173 2728 2397 2792 Lucam,
2439 2727 2511 2781 ita
2556 2726 2785 2781 dicendo
2824 2744 2835 2777 :
2881 2724 3086 2792 Magnae
3134 2721 3351 2791 quidem
3404 2719 3513 2773 iste
3544 2716 3650 2773 Jo-

2049 2822 2182 2892 seph
2230 2820 2509 2891 dignitatis
2562 2818 2703 2887 apud
2753 2816 3033 2880 smeulum,
3084 2815 3179 2869 sed
3229 2812 3453 2882 majoris
3492 2811 3649 2879 apud

2048 2916 2219 2971 Deum
2255 2914 2437 2969 meriti
2473 2913 2641 2967 fuisse
2669 2911 2919 2965 laudatur
2954 2928 2967 2963 :
3014 2916 3073 2962 ut
3104 2922 3203 2977 per
3221 2904 3493 2977 justitiam
3523 2918 3650 2956 me—

2050 3008 2278 3060 ritorum
2304 3002 2613 3075 sepeliendo
2649 3002 2862 3071 corpori
2906 3000 3187 3055 Domintco
3229 2997 3422 3068 dignus
3472 2993 3651 3058 foret,

2049 3110 2101 3155 et
2131 3115 2227 3170 per
2254 3098 2590 3155 nobilitatem
2637 3096 2890 3167 potentia:
2939 3092 3213 3149 saecularis
3257 3090 3397 3146 idem
3433 3103 3653 3158 corpus

2048 3192 2297 3261 accipere
2341 3197 2544 3260 posset.
2584 3186 2703 3243 Non
2731 3187 2877 3241 enim
2903 3184 3131 3254 quilibet
3158 3183 3371 3253 ignotus
3407 3179 3479 3234 ad
3507 3195 3657 3251 prab-

2048 3283 2218 3337 sidcm
2273 3279 2531 3336 accedere
2573 3287 2628 3333 et
2675 3276 2918 3333 cruciﬁxi
2972 3289 3171 3344 corpus
3206 3279 3419 3343 poterat
3468 3271 3652 3341 impe-

2051 3385 2217 3428 trare.
2256 3370 2409 3427 llunc
2449 3368 2647 3439 Joscph
2687 3368 2754 3421 ad
2805 3366 3123 3421 memoriam
3169 3363 3319 3418 ducit
3366 3361 3652 3415 archidia-

2049 3481 2242 3531 conus,
2285 3466 2377 3536 qui
2406 3464 2549 3519 levat
2578 3462 2804 3517 calicem
2830 3461 2897 3514 de
2927 3459 3108 3523 altari,
3135 3466 3191 3512 et
3231 3455 3458 3512 involvit
3480 3455 3651 3509 suda-

2052 3558 2152 3621 rio,
2182 3555 2390 3611 scilicet
2430 3554 2499 3607 ab
2540 3565 2670 3606 aure
2699 3548 2885 3605 calicis
2925 3562 3098 3617 usque
3137 3545 3203 3601 ad
3242 3541 3648 3599 aurem.'Sicut

2049 3644 2137 3699 ille
2167 3644 2429 3698 diaconus
2475 3639 2767 3711 primatum
2812 3645 2961 3692 tenet
3001 3637 3145 3690 inter
3195 3644 3420 3690 czeteros
3449 3633 3645 3686 diam-

2047 3753 2167 3798 nos,
2200 3735 2291 3805 qui
2320 3734 2463 3788 levat
2490 3730 2712 3786 calicem
2737 3744 2862 3783 cum
2888 3728 3189 3791 sacerdote,
3216 3727 3290 3780 ita
3317 3725 3419 3779 iste
3435 3720 3646 3791 Joseph

2048 3826 2222 3881 tettuit
2256 3824 2399 3879 inter
2426 3829 2655 3878 cmteros
2701 3817 3029 3888 discipulos,
3067 3817 3159 3886 qui
3211 3814 3410 3869 meruit
3438 3827 3646 3881 corpus

2050 3918 2263 3975 Domini
2291 3916 2359 3972 de
2380 3929 2544 3971 cruce
2574 3913 2867 3983 deponere,
2882 3918 2937 3965 et
2964 3909 3196 3979 sepelire
3211 3909 3265 3962 in
3285 3914 3643 3960 monumento

2047 4029 2168 4068 suo.
2197 4012 2342 4066 Idem
2371 4009 2660 4078 deputatur
2688 4013 2837 4059 retro
2866 4012 3011 4059 stare
3038 4016 3162 4055 cum
3183 3997 3469 4068 discipulis
3505 4010 3642 4067 quo-

2048 4106 2196 4162 niam
2218 4104 2417 4159 timore
2435 4101 2745 4156 Judarorum
2777 4098 3024 4154 occultus
3068 4104 3207 4150 erat.
3239 4092 3512 4148 Sacerdos
3546 4092 3640 4161 qui

2047 4196 2225 4250 elevat
2256 4192 2516 4260 oblatam,
2545 4196 2837 4260 praesentat
2860 4187 3236 4250 Nicodemum,
3269 4183 3337 4239 de
3369 4199 3481 4254 quo
3509 4198 3641 4237 nar-

2048 4295 2135 4342 rat
2158 4284 2398 4341 Joannes
2420 4282 2609 4338 dicens
2640 4300 2653 4335 :
2694 4280 2845 4336 Venit
2888 4290 3063 4335 autem
3085 4289 3134 4333 et
3168 4277 3516 4340 Nicodemus,
3544 4277 3639 4345 qui

2047 4387 2262 4435 venerat
2301 4376 2371 4430 ad
2415 4373 2602 4429 Iesum
2652 4382 2800 4428 nocte
2838 4373 3087 4443 primum,
3141 4368 3314 4438 ferens
3344 4368 3637 4420 mixturam

358 4460 462 4507 stat
490 4462 545 4507 et
581 4462 789 4524 potum.
824 4454 890 4508 Et
918 4464 1040 4525 post
1067 4471 1241 4525 pauca
1279 4476 1291 4508 :
1325 4456 1425 4513 llic
1455 4460 1726 4516 secundus
1768 4458 1941 4515 Adam

2048 4472 2274 4543 myrrha
2299 4477 2346 4523 et
2366 4467 2509 4522 aloes
2533 4468 2683 4539 quasi
2707 4466 2868 4520 libras
2896 4473 3127 4518 centum.
3154 4460 3480 4531 Acceperunt
3508 4475 3635 4528 ergo

359 4546 616 4600 inclinato
646 4548 821 4618 capite
849 4547 903 4601 in
930 4562 1092 4603 cruce
1122 4549 1402 4615 dormivit,
1427 4560 1488 4605 ut
1518 4551 1642 4607 inde
1673 4550 1940 4608 formare-

358 4647 447 4693 tur
480 4640 529 4692 ei
570 4639 793 4708 conjux,
827 4641 974 4708 quod
1025 4653 1056 4694 e
1106 4639 1277 4697 latere
1326 4642 1649 4697 dormientis
1694 4642 1936 4697 deﬂuxit.

355 4724 563 4796 Coujux
612 4728 715 4784 ista
760 4729 1128 4784 centurionem
1173 4730 1321 4784 illum
1360 4730 1540 4801 signat
1565 4731 1631 4786 de
1658 4746 1767 4801 quo
1815 4747 1943 4786 uar-

359 4833 511 4877 ratur
552 4822 607 4875 in
649 4822 942 4893 Evangelia
990 4841 1001 4875 :
1061 4820 1254 4877 Videas
1299 4832 1474 4877 autem
1521 4810 1755 4878 centurio
1801 4826 1940 4896 quod

356 4915 556 4983 factum
602 4920 751 4977 erat,
792 4910 1104 4981 gloriﬁcavit
1151 4909 1352 4976 Deum,
1402 4911 1579 4966 dicens
1623 4927 1642 4964 :
1678 4911 1809 4969 Vere
1856 4914 1942 4969 hic

355 5004 512 5057 homo
533 5002 719 5072 justus
738 5011 851 5055 erat
883 5000 1103 5073 (Matth.
1132 5002 1329 5073 xxvii).
1366 5000 1481 5057 Nisi
1526 5001 1765 5059 futurum
1795 5016 1941 5060 esset

356 5102 417 5149 ut
440 5100 784 5150 sacramento
808 5093 1088 5165 sanguinis
1113 5102 1169 5149 et
1191 5108 1345 5164 aqua:
1374 5092 1688 5148 iuﬁceretur
1728 5094 1941 5164 gentili-

354 5196 462 5252 tas,
494 5199 604 5241 non
643 5184 792 5240 illico
819 5198 878 5239 se
911 5185 1161 5242 centurio
1192 5194 1429 5242 mutaret
1449 5184 1519 5240 ad
1541 5194 1748 5241 tantam
1792 5199 1940 5240 com-

354 5274 726 5345 punctionem,
761 5283 820 5328 ut
857 5282 1044 5345 aperte
1100 5272 1359 5331 clamaret
1404 5290 1471 5332 ex
1515 5274 1707 5331 intimo
1757 5274 1941 5331 cordis

355 5367 572 5436 aﬂeotu,
606 5367 733 5425 Vere
759 5370 842 5424 hic
863 5370 1018 5424 homo
1033 5369 1213 5442 justus
1238 5381 1370 5426 erat.
1400 5371 1549 5427 lianc
1577 5372 1932 5427 mutationem

352 5460 601 5529 designat
648 5462 902 5517 sacerdos
948 5476 1051 5531 per
1098 5463 1451 5519 mutationem
1503 5463 1671 5528 vocis,
1716 5462 1934 5530 quando

353 5547 557 5602 esaltat
579 5563 762 5604 vocem
789 5567 966 5618 suam,
991 5551 1240 5614 dicendo,
1281 5552 1449 5607 Nobis
1471 5568 1672 5621 quoque
1695 5564 1933 5621 peccato-

357 5638 522 5691 ribus.
572 5639 711 5695 Dicit
742 5645 809 5697 de
834 5659 903 5698 eo
928 5644 1070 5699 Beda
1110 5645 1164 5697 in
1192 5652 1424 5698 tractatu
1476 5659 1640 5713 super
1678 5644 1880 5700 Lucam
1916 5664 1928 5698 :

358 5728 601 5785 Notanda
622 5729 875 5787 distantia
899 5736 1074 5806 gentis
1098 5745 1148 5791 ct
1171 5736 1361 5807 gentis.
1393 5737 1458 5793 Et
1481 5738 1708 5807 gentiles
1735 5738 1935 5811 quippe

2044 4577 2233 4631 corpus
2257 4557 2411 4623 Iesu,
2441 4567 2489 4612 et
2533 4556 2821 4627 ligaverunt
2859 4570 2978 4607 eum
3017 4551 3193 4607 linteis
3233 4568 3355 4605 cum
3385 4551 3638 4605 aromati-

2045 4652 2164 4713 bus,
2192 4650 2327 4703 sicut
2349 4664 2461 4707 mos
2488 4645 2695 4700 Iudicis
2718 4654 2792 4699 est
2815 4641 3032 4711 sepelire
3056 4639 3241 4713 (Ioan.
3272 4639 3413 4704 nx).
3443 4638 3637 4695 Sacer-

2047 4740 2146 4794 dos
2191 4737 2325 4793 facit
2374 4738 2441 4792 de
2486 4735 2669 4790 oblata
2701 4735 2837 4788 duas
2863 4748 3056 4787 cruces
3081 4730 3237 4799 juxta
3289 4730 3537 4793 calicem,
3576 4739 3639 4783 ut

2046 4830 2239 4887 doceat
2273 4845 2399 4885 eum
2437 4827 2742 4898 depositum
2770 4840 2890 4881 esse
2934 4824 3000 4879 de
3032 4838 3216 4886 cruce,
3248 4823 3341 4891 qui
3366 4836 3467 4891 pro
3505 4822 3638 4875 duo-

2046 4921 2149 4976 bus
2202 4919 2414 4990 populis
2477 4915 2783 4990 cruciﬁxus.
2818 4923 2923 4969 est.
2981 4911 3184 4968 Christi
3236 4910 3633 4980 depositioncm

2044 5012 2111 5066 de
2155 5024 2319 5066 cruce
2353 5014 2624 5063 monstrat
2666 5003 2900 5059 elevatio
2930 5000 3230 5059 sacerdotis
3280 5008 3336 5055 et
3386 5001 3631 5055 diaconi.

2044 5100 2337 5155 Sudarium
2400 5111 2564 5167 super
2627 5103 2793 5164 caput
2852 5092 2982 5149 Jesu
3045 5100 3231 5147 notum
3291 5100 3379 5146 est
3422 5090 3631 5153 fuisse,

2041 5200 2299 5246 narrante
2344 5188 2536 5244 eodem
2589 5185 2798 5242 Joanne
2854 5185 3000 5256 quod
3045 5183 3245 5239 viderit
3284 5183 3485 5239 Petrus
3533 5182 3632 5237 liu-

2044 5281 2280 5337 tcamina
2337 5277 2516 5349 posita
2586 5287 2642 5331 et
2702 5275 2980 5331 sudarium
3036 5274 3182 5343 quod
3233 5271 3418 5327 fuerat
3466 5287 3635 5342 slqier

2041 5381 2207 5443 caput
2236 5369 2385 5426 Jesu.
2412 5368 2606 5426 Oblata
2644 5377 2700 5424 et
2748 5366 2890 5423 calix
2938 5365 3278 5422 Dominicum
3323 5380 3525 5436 corpus
3560 5364 3632 5419 si-

2043 5472 2229 5534 gnant.
2270 5460 2498 5530 Quando
2526 5458 2779 5515 Christus
2827 5457 2967 5513 dixit
3011 5475 3026 5512 :
3059 5455 3163 5511 Hic
3203 5467 3279 5511 est
3318 5456 3462 5512 cali:
3505 5473 3633 5511 san-

2039 5554 2213 5623 guinis
2264 5553 2362 5607 mci
2407 5550 2593 5623 (Ioan.
2619 5550 2749 5615 xx),
2799 5565 2958 5604 suum
3000 5548 3321 5617 sanguinem
3372 5547 3626 5620 signavit.

2041 5648 2130 5716 qui
2165 5647 2386 5717 sanguis
2414 5644 2555 5700 sicut
2591 5643 2777 5697 viuum
2805 5653 2889 5697 est
2917 5642 3057 5696 intra
3084 5640 3310 5696 calicem
3331 5681 3344 5704 ,
3390 5642 3465 5695 ita
3509 5650 3633 5695 erat

2040 5741 2180 5799 intra
2211 5754 2421 5809 corpus.
2453 5736 2566 5792 Hoc
2610 5735 2985 5825 pcr‘actoquid
3026 5743 3280 5807 agerent,
3319 5750 3455 5802 quos
3487 5750 3626 5804 prr-
