3938 6178
214 317 356 373 {liii

216 523 401 593 Supra
443 519 702 590 legimus,
738 519 1014 589 inquiens,
1044 518 1172 587 quia
1200 520 1419 575 stabant
1467 533 1658 575 omnes
1702 519 1822 573 uoti

209 616 334 686 ejus
361 614 598 684 alonge,
640 620 697 668 et
725 612 985 667 mulieres
1042 627 1164 681 qua:
1200 621 1401 668 secutae
1448 620 1607 667 erant
1648 625 1773 666 eum
1806 627 1819 663 :

210 708 303 763 his
331 722 463 777 ergo
492 704 635 759 notis
660 701 790 758 Jesu
818 710 941 773 post
970 702 1275 772 depositum
1319 702 1437 772 ejus
1483 701 1719 757 cadaver
1755 700 1826 755 ad

209 814 315 853 sua
341 794 734 860 remeantibus,
778 793 907 849 sola:
954 794 1228 858 mulieres,
1280 809 1401 864 quae
1428 794 1633 849 arctius
1677 808 1827 848 ama-

208 888 371 953 bant,
401 886 563 941 funus
592 885 895 941 subsecutae
924 885 1197 954 quomodo
1233 892 1529 954 poneretur
1555 884 1826 955 inspicere

211 979 529 1050 cupiebant.
561 976 601 1047 -ι-
628 975 755 1031 Hice
781 975 977 1040 oratio,
1010 974 1175 1029 Nobis
1199 990 1402 1045 quoque
1443 973 1824 1044 peccatoribus,

213 1070 395 1127 tendit
416 1081 610 1138 usque,
642 1063 748 1120 Per
768 1067 944 1120 omnia
965 1064 1162 1119 arcenda
1183 1064 1519 1119 circulorum.
1556 1063 1738 1133 Usque
1759 1063 1827 1119 ad

214 1163 386 1217 istum
413 1161 615 1223 locum,
639 1167 903 1229 quantum
945 1158 1183 1228 pertinet
1213 1158 1282 1212 ad
1313 1158 1601 1228 exsequias
1648 1156 1828 1227 sepul-

216 1266 356 1313 tum
384 1255 612 1313 Christi.
652 1253 841 1308 Altare
867 1267 1084 1308 crucem
1128 1260 1426 1323 praesentat
1450 1258 1713 1321 quantum
1759 1249 1830 1304 ad

216 1359 465 1405 nostram
495 1343 993 1409 mortiﬁcationem,
1030 1344 1204 1398 altare
1244 1343 1568 1399 holocausti.
1622 1342 1825 1398 Sindon

218 1450 278 1496 et
315 1438 594 1495 sudarium
642 1443 770 1491 sunt
798 1450 920 1504 qua:
970 1436 1456 1504 suprarncmoravi.
1505 1434 1823 1489 Moraliter:

218 1544 358 1585 voce
385 1527 767 1597 pmnitentium
795 1525 887 1595 qui
913 1524 1241 1580 conﬁtentur
1256 1534 1480 1595 peccata
1507 1540 1626 1583 sua,
1653 1524 1831 1579 elevat

222 1620 484 1678 sacerdos
514 1633 724 1682 vocem,
747 1616 902 1689 quasi
928 1614 1166 1685 quodam
1203 1615 1427 1671 stimulo
1473 1625 1707 1687 punctus
1749 1617 1831 1670 ni-

223 1717 322 1772 mii
354 1714 585 1770 timoris.
618 1711 766 1766 Talis
794 1709 1144 1780 compunctio
1168 1717 1398 1765 vocatur
1421 1718 1477 1763 et
1520 1724 1649 1764 vere
1694 1709 1831 1765 dici-

224 1818 316 1864 tur
337 1804 668 1863 sacriﬁcium
698 1802 923 1873 spiritus
945 1799 1317 1856 coutribulati.
1348 1800 1466 1861 Vox
1492 1804 1698 1854 elevata
1738 1814 1826 1853 sa-
1853 1783 1901 1842 Β

222 1896 466 1955 cerdotis
491 1895 547 1949 in
577 1891 848 1949 sacriﬁcio
875 1890 1257 1962 ptenitentium
1300 1888 1482 1960 signat
1531 1888 1825 1944 clamorem

221 1991 427 2046 debere
452 2000 707 2058 magnum
724 2000 846 2040 esse
872 1984 924 2039 in
951 1984 1116 2039 corde
1140 1982 1473 2052 ptenitentis.
1528 1982 1677 2037 Unde
1718 1982 1828 2035 Au-

222 2080 481 2151 gustinus
533 2079 586 2132 in
618 2084 853 2131 tractatu
886 2089 1049 2144 super
1077 2072 1364 2138 Joannem,
1413 2087 1667 2129 sermone
1717 2073 1823 2127 66:

225 2172 415 2238 Quare
430 2168 664 2236 fremuit,
679 2167 876 2236 inquit,
891 2163 1071 2229 Iesus,
1086 2174 1135 2219 et
1151 2164 1376 2219 turbavit
1389 2165 1617 2234 seipsum
1631 2164 1650 2235 (
1663 2163 1826 2217 Joan.

222 2279 281 2317 XI
302 2262 345 2333 ),
376 2261 479 2316 nisi
506 2260 634 2331 quia
671 2257 804 2313 ﬁdes
829 2256 1069 2322 hominis
1096 2257 1197 2312 sibi
1238 2256 1511 2311 immerito
1538 2256 1829 2326 displicen-

226 2355 304 2409 tis
334 2354 570 2407 fremere
595 2349 995 2421 quodammodo
1024 2348 1186 2403 debet
1215 2348 1268 2402 in
1320 2348 1669 2403 accusatione
1718 2363 1832 2401 ma-

225 2444 406 2499 lorum
436 2456 686 2512 operum,
717 2448 779 2495 ut
804 2439 1078 2495 violentia:
1132 2438 1434 2508 paenitendi
1487 2439 1646 2494 cedat
1703 2454 1833 2493 con-

226 2536 466 2592 suetudo
494 2532 793 2604 peccandi?
827 2532 893 2586 Et
922 2530 1124 2587 iterum
1144 2531 1198 2584 in
1221 2531 1413 2586 eodem
1440 2546 1455 2584 :
1488 2530 1557 2585 Et
1579 2532 1835 2585 comitare

227 2627 478 2691 dixisset,
504 2623 828 2680 exclamavit
866 2637 996 2678 voce
1030 2637 1246 2692 magna,
1281 2621 1523 2687 fremuit,
1571 2623 1836 2695 lacryma—

229 2721 335 2774 vit.
372 2718 516 2773 Voce
568 2731 763 2787 magna
826 2715 1104 2771 clamavit.
1164 2714 1336 2781 Quam
1390 2713 1604 2770 diﬁicilc
1663 2716 1838 2785 surgit

228 2825 397 2881 quem
430 2808 599 2863 moles
626 2806 783 2861 malze
819 2804 1226 2861 consuetudinis
1259 2804 1487 2875 premit!
1528 2805 1623 2860 sed
1655 2817 1837 2861 tamen

229 2900 427 2972 surgit,
459 2898 672 2954 occulta
712 2897 886 2968 gratia
914 2897 1062 2951 intus
1114 2896 1437 2961 viviﬁcatus,
1493 2896 1666 2967 surgit
1715 2904 1839 2967 post

228 3006 426 3047 vocem
452 3005 723 3063 magnam.
761 2992 861 3047 Sat
884 3000 970 3046 est
1004 2992 1071 3046 de
1097 2990 1397 3047 elevations
1436 2991 1607 3056 vocis,
1655 2992 1839 3046 dicen-

232 3083 366 3138 dum
403 3090 484 3138 est
510 3084 575 3138 de
604 3083 895 3138 sacriﬁcio.
941 3081 1283 3138 Sacriﬁcium
1329 3083 1709 3153 ptenitentium
1754 3094 1839 3140 est

232 3179 464 3249 spiritus
493 3178 889 3234 contribulatus
915 3186 972 3232 et
997 3193 1095 3231 cor
1141 3177 1457 3231 contritum.
1510 3176 1834 3232 Ptenitentia
1863 3155 1910 3217 (ἶ

234 3271 581 3340 sepeliuntur
606 3277 829 3340 peccata
861 3276 1068 3323 nostra.
1094 3266 1280 3321 Altare
1327 3267 1709 3337 pcenitentium
1754 3275 1837 3321 est

236 3364 417 3419 altare
438 3362 757 3419 bolocausti.
780 3361 970 3416 Altare
991 3360 1287 3415 holocausti
1313 3360 1492 3429 signat
1531 3373 1628 3414 cor
1647 3344 1836 3415 eorum

238 3457 440 3527 quibus
465 3470 688 3511 necesse
719 3462 803 3510 est
842 3452 1092 3509 carnales
1120 3461 1300 3508 motus
1325 3466 1646 3507 consumere
1668 3450 1841 3507 fervo-

240 3565 303 3605 re
335 3547 572 3618 Spiritus
600 3547 798 3621 sancli.
830 3545 1037 3600 Sindon
1067 3553 1153 3600 est
1177 3544 1292 3615 ipsa
1333 3543 1621 3614 castigatio
1660 3544 1841 3599 carnis

240 3654 344 3710 per
377 3636 584 3709 ieiunia
608 3645 661 3691 et
690 3636 920 3707 vigilias,
969 3644 1027 3690 et
1062 3644 1291 3691 cteteras
1340 3636 1589 3701 virtutes,
1646 3636 1843 3706 quibus

241 3732 315 3786 de
339 3731 571 3802 genuina
628 3727 831 3783 carnali
875 3728 1253 3793 delectatione,
1300 3730 1453 3799 quasi
1504 3730 1572 3785 de
1620 3730 1845 3785 humore

243 3826 448 3890 nativo,
500 3821 818 3894 perducitur
865 3820 1094 3877 aﬁ'ectus
1155 3822 1391 3877 hominis
1427 3838 1524 3876 ceu
1574 3822 1844 3891 quoddam

246 3917 420 3972 linum
446 3914 516 3969 ad
548 3912 864 3977 candorem,
897 3921 957 3967 ut
986 3912 1081 3967 ﬁat
1109 3912 1176 3967 de
1202 3927 1266 3967 eo
1297 3913 1601 3983 corporale,
1644 3914 1696 3967 in
1740 3929 1846 3982 quo

246 4008 425 4081 possit
448 4007 736 4062 Dominum
764 4005 1028 4076 recipere.
1058 4004 1148 4059 llle
1182 4005 1235 4059 in
1275 4006 1473 4059 munda
1506 4006 1733 4060 sindone
1761 4005 1843 4058 in-

249 4102 421 4158 volvit
444 4099 651 4163 lesum,
679 4088 771 4168 q‘ui
797 4114 931 4169 pura
973 4113 1098 4152 eum
1145 4107 1328 4153 mente
1373 4097 1696 4167 susceperit.
1747 4096 1850 4151 Su-

250 4194 468 4249 darium
504 4200 589 4247 est
621 4192 739 4262 ipsa
768 4192 998 4247 intentio
1027 4206 1133 4261 qua
1155 4190 1377 4246 festinat
1402 4205 1594 4245 omnes
1623 4191 1851 4245 venien-

253 4295 341 4341 tes
382 4293 563 4339 motus
605 4285 965 4338 tentationum
1012 4282 1365 4352 pristinarum
1415 4290 1650 4355 tergere,
1698 4292 1853 4337 ante-

253 4390 421 4448 quam
456 4374 643 4431 oculos
672 4374 937 4430 saucient.
977 4374 1269 4443 Postquam
1319 4390 1421 4429 vox
1471 4375 1851 4444 pmnitentium

254 4467 467 4541 prolata
497 4475 603 4532 est,
648 4466 937 4536 inpetratio
978 4466 1233 4529 succedit,
1282 4474 1341 4517 ut
1366 4473 1575 4535 partem
1626 4464 1729 4520 sibi
1765 4481 1853 4519 so-

254 4558 472 4616 cietatis
493 4559 755 4614 concedat
784 4558 1045 4614 Dominus
1083 4573 1205 4613 cum
1238 4557 1442 4611 sanctis
1464 4556 1598 4611 suis.
1650 4556 1856 4623 Quibus

256 4651 640 4715 denominatis,
692 4652 985 4720 sequitur:
1022 4649 1172 4703 Intra
1233 4665 1456 4720 quorum
1502 4665 1596 4703 nos
1643 4665 1859 4703 consor—

254 4747 393 4803 tium
413 4761 713 4817 qutcsumus
733 4743 969 4808 admitte,
995 4752 1050 4796 tu
1071 4742 1161 4813 qui
1184 4758 1237 4796 es
1267 4742 1490 4811 largitor
1534 4742 1711 4804 venire,
1757 4760 1861 4797 non

259 4837 552 4895 mstimator
570 4836 757 4890 meriti.
789 4834 846 4889 ln
877 4833 1245 4904 complexione
1279 4832 1476 4903 prioris
1513 4831 1694 4898 otﬁcii,
1722 4832 1865 4902 quod

262 4926 590 4997 fungebatur
614 4925 985 4980 tantummodo
1013 4920 1379 4989 orationibus,
1406 4923 1478 4979 ibi
1532 4932 1865 4980 memoratur

263 5019 576 5075 communio
601 5024 929 5080 sanctorum,
974 5032 1205 5087 quorum
1232 5031 1370 5087 pene
1395 5018 1739 5074 conversatio
1778 5026 1863 5072 est

264 5109 523 5179 aequalis;
552 5109 606 5163 in
631 5107 753 5171 isto,
782 5107 908 5176 quia
934 5107 1093 5178 longe
1118 5107 1384 5164 distamus
1412 5109 1481 5164 ab
1503 5124 1690 5165 eorum
1728 5124 1858 5166 con-

268 5201 602 5266 versatione,
639 5200 797 5255 venia
826 5213 1116 5270 precamur
1142 5199 1433 5255 introduci.
1467 5201 1571 5258 Per
1593 5201 1862 5257 Christum

270 5289 558 5345 Dominum
588 5298 843 5344 nostrum.
886 5288 992 5342 Per
1038 5303 1197 5358 quem
1244 5291 1361 5344 htec
1402 5293 1583 5346 omnia
1627 5307 1863 5362 semper,

272 5381 523 5446 Domine,
571 5381 736 5447 bona,
774 5379 983 5434 scilicet
1019 5393 1140 5449 qua:
1173 5389 1323 5435 retro
1373 5390 1671 5436 memorata
1715 5393 1859 5445 sunt,

273 5485 455 5536 creas,
477 5479 538 5526 ut
558 5470 697 5536 sint;
730 5469 1058 5536 sanctiﬁcas,
1098 5469 1196 5524 tibi
1222 5485 1286 5524 ea
1317 5470 1656 5540 deputando;
1688 5474 1863 5527 viviﬁ-

274 5577 395 5627 cas,
426 5570 486 5615 ut
506 5561 629 5616 viva
661 5562 799 5628 sint;
824 5560 1119 5627 benedicis,
1145 5569 1206 5616 ut
1242 5561 1395 5617 utilia
1431 5563 1542 5617 sint
1590 5564 1762 5628 nobis,
1815 5574 1869 5620 et

278 5663 512 5725 praestas
539 5655 608 5708 ad
634 5653 937 5719 fruendum,
967 5669 1064 5724 per
1092 5653 1267 5724 ipsum
1308 5654 1665 5723 eamdemque
1714 5655 1865 5710 vidc-

283 5748 411 5802 licet
442 5760 541 5816 per
567 5760 726 5818 quem
757 5747 1002 5817 superius
1025 5755 1321 5802 memorata
1356 5747 1623 5804 concedis.
1658 5747 1718 5803 Et
1746 5762 1869 5802 eum

973 312 1058 369 DE
1095 312 1656 370 ECCLESIASTICIS
1694 312 1988 371 ΟἰτΗοιῶ
2026 312 2209 368 LIBRI
2250 311 2342 369 IV.
2383 342 2450 354 —
2490 312 2618 367 LIB.
2663 311 2746 370 Ill.

210 435 435 487 sentam
463 424 811 490 subdiaconi,
838 424 984 479 Beda
1012 425 1066 480 in
1093 424 1560 481 memoratolibro
1580 425 1806 479 narrat:
1837 428 1889 486 Α
1917 439 2052 495 ipso,
2084 425 2176 495 qui
2208 433 2385 481 tecum
2439 439 2655 495 semper
2701 425 2866 489 vivit;
2922 434 2977 479 ct
3030 426 3083 479 in
3124 425 3259 495 ipso,
3304 428 3356 478 in
3414 443 3522 495 quo
3598 450 3633 459 ο-

3380 310 3516 366 “£6

1925 527 2229 573 restaurata
2259 526 2384 572 sunt
2406 520 2608 573 omnia.
2638 519 2732 573 Est
2762 518 2857 573 tibi
2892 519 2999 572 Deo
3031 517 3172 572 ΡΛιή
3206 518 3258 572 in
3317 520 3525 573 unita'e

1928 608 2163 678 Spiritus
2193 610 2365 666 sancti
2397 611 2575 665 omnis
2609 611 2785 666 honor
2813 621 2867 666 et
2890 610 3059 681 gloria
3097 625 3193 680 per
3218 612 3398 665 omnia
3427 628 3526 665 sa:—

1926 700 2048 757 cula
2076 702 2415 757 saeculorum.
2448 702 2561 759 Hoc
2590 703 2765 772 ipsum
2794 703 3021 757 volendo
3061 702 3157 756 tibi
3206 703 3352 756 omni
3402 704 3524 758 nisu

1928 802 2253 860 monstrare,
2288 802 2399 850 tota
2433 794 2537 850 ﬁde
2561 811 2648 851 me
2680 796 2754 850 ita
2784 803 2991 859 tenere,
3022 794 3175 849 elevo
3234 794 3525 863 praesentia

1926 900 2153 940 munera
2182 886 2247 940 ad
2272 894 2358 949 te,
2408 901 2508 957 ego
2548 886 2798 958 indignus
2842 886 3117 944 sacerdos.
3166 892 3222 938 et
3263 885 3527 939 diaconus

1927 977 2047 1032 vice
2081 978 2496 1048 praepositorum
2531 986 2587 1034 et
2612 980 2942 1045 auditorum,
2973 980 3100 1050 quia
3131 980 3224 1034 tibi
3255 980 3323 1034 ab
3373 980 3521 1033 omni

1930 1070 2171 1127 Ecclesia
2224 1081 2338 1137 tua,
2379 1075 2562 1128 omnia
2608 1076 2749 1130 bona
2799 1077 3145 1145 deputantur.
3196 1076 3528 1132 Subdiaconi

1929 1163 2023 1233 qui
2051 1171 2204 1219 stant
2233 1178 2406 1239 usque
2452 1166 2611 1221 modo
2656 1167 2707 1220 in
2759 1166 2898 1223 facie
2946 1167 3221 1230 sacriﬁcii,
3278 1177 3334 1223 et
3381 1184 3528 1222 nunc

1930 1257 2214 1323 recedunt,
2240 1258 2540 1313 ministeria
2570 1259 2894 1314 feminarum
2921 1262 2987 1315 ad
3016 1264 3336 1316 memoriam
3371 1261 3528 1315 nobis

1929 1348 2156 1424 ducunt,
2219 1364 2342 1419 quae
2390 1359 2739 1405 recesserunt
2784 1351 2851 1404 de
2897 1359 3264 1414 monumento,
3318 1351 3530 1421 sepulto

1930 1438 2182 1493 Domino.
2236 1437 2353 1493 Non
2399 1441 2544 1493 enim
2592 1442 2666 1494 ita
2718 1450 3063 1496 recesserunt
3097 1457 3127 1495 a
3157 1440 3427 1511 sepulcro,
3471 1448 3532 1493 ut

1929 1530 2182 1585 abessent
2209 1530 2514 1585 ministerio
2543 1531 2775 1594 Domini,
2804 1522 2899 1586 sed
2946 1533 3174 1587 sabbato
3231 1531 3529 1594 siluerunt;

1929 1635 2038 1689 quo
2067 1629 2721 1690 transacto,.pat‘averunt
2746 1631 3011 1686 aromata,
3033 1631 3091 1677 ut
3119 1629 3385 1692 ungerent
3414 1637 3534 1676 (ιον-

1930 1728 2035 1783 pus
2069 1712 2207 1782 ejus.
2238 1712 2316 1766 Eo
2354 1713 2517 1767 modo
2543 1724 2841 1783 praesentes
2868 1715 3182 1770 subdiaconi
3215 1714 3471 1769 recedunt
3501 1730 3532 1766 a

1929 1805 2217 1876 praesentia
2268 1803 2546 1869 sacriﬁcii,
2599 1813 2658 1858 ut
2704 1806 2932 1860 sablrato
2981 1805 3222 1874 quidem,
3276 1805 3382 1858 hoc
3426 1812 3531 1866 est,

1928 1897 2168 1968 quandiu
2206 1904 2411 1966 septem
2456 1897 2750 1967 petitiones
2797 1898 3094 1953 Dominiete
3138 1896 3402 1951 orationis
3452 1895 3535 1948 di-

1930 1997 2148 2051 cuntur,
2181 1987 2291 2042 sint
2319 1988 2373 2041 in
2402 1988 2619 2043 silentio
2647 1996 2702 2043 et
2746 1988 3012 2052 inclinati,
3047 1989 3187 2043 sicut
3219 1994 3378 2042 erant
3407 2000 3537 2053 apo-

1930 2077 2056 2133 stoli
2085 2073 2174 2132 illo
2204 2086 2446 2146 tempore
2474 2085 2530 2132 et
2551 2087 2758 2133 sanctae
2788 2078 3063 2133 mulieres.
3097 2077 3198 2144 Qui
3228 2084 3414 2147 postea
3440 2089 3528 2128 sa-

1932 2174 2123 2237 tagunt
2146 2182 2269 2221 cum
2296 2166 2511 2236 patenis
2547 2167 2615 2220 ad
2653 2166 3035 2236 requirendum
3073 2182 3272 2236 corpus
3315 2163 3530 2218 Domini

1931 2259 2080 2315 circa
2109 2258 2304 2322 altare,
2328 2257 2673 2313 utmulieres
2694 2259 3028 2327 quaesierunt
3077 2258 3289 2312 Domini
3337 2268 3536 2324 corpus

1933 2354 2081 2409 circa
2110 2353 2440 2423 sepulcrum.
2488 2352 2788 2418 Moraliter,
2840 2369 3129 2425 possumus
3176 2353 3533 2409 subdiacouos

1933 2464 2034 2503 nos
2058 2456 2378 2517 peccatores
2405 2448 2727 2519 intelligere,
2762 2450 2852 2518 qui
2881 2449 3099 2512 faciem,
3142 2449 3195 2502 id
3243 2457 3350 2513 est,
3393 2463 3529 2502 con-

1935 2540 2216 2596 scientiam
2239 2548 2586 2610 peccatorum
2627 2549 2960 2605 nostrorum,
3014 2540 3283 2595 sacerdoti
3341 2547 3529 2593 osten-

1936 2634 2137 2697 dimus,
2167 2641 2227 2686 ut
2266 2639 2509 2687 nostram
2544 2630 2943 2687 confessionem
2995 2631 3334 2687 offerat-Deo
3366 2645 3380 2683 :
3427 2645 3537 2698 quo

1936 2733 2181 2797 peracto,
2208 2740 2317 2779 non
2353 2724 2500 2779 illico
2525 2724 2721 2779 saltum
2749 2722 2980 2780 facimus
3030 2726 3086 2779 in
3141 2724 3316 2779 locum
3367 2720 3537 2790 magi—

1939 2824 2199 2883 strorum,
2229 2816 2324 2871 sed
2353 2823 2478 2885 post
2514 2816 2777 2870 diutinam
2822 2816 3275 2878 humiliationem,
3327 2812 3536 2866 fervore

1940 2918 2220 2967 crescente
2247 2910 2484 2981 Spiritus
2534 2912 2733 2975 sancti,
2783 2911 3080 2966 dilatantur
3114 2910 3278 2966 corda
3325 2916 3535 2969 nostra,

1941 3006 2098 3076 quasi
2128 3015 2322 3075 patena
2347 3004 2415 3060 ad
2442 3004 2785 3074 suscipienda
2817 3012 3161 3061 sacramenta
3193 3000 3465 3057 Ecclesiae.

2523 3117 2750 3176 CAPUT
2783 3118 2990 3173 XXVII.

2399 3188 2473 3243 De
2494 3190 2899 3260 pra'sentatione
2923 3202 3143 3259 patente.

2012 3280 2160 3334 Dixit
2178 3278 2390 3333 libellus
2418 3278 2714 3341 Romanus,
2740 3294 2899 3349 quem
2917 3278 3030 3346 jam
3078 3282 3499 3334 memoravimus
3523 3297 3536 3334 :

1948 3369 2215 3435 «Quando
2242 3369 2533 3424 inchoatur
2556 3384 2749 3434 canon,
2790 3371 2939 3424 venit
2967 3369 3249 3440 acolythus
3299 3372 3400 3426 sub
3445 3373 3543 3425 hn-

1941 3474 2096 3515 mero
2125 3459 2333 3514 habens
2358 3459 2642 3512 sindonem
2677 3458 2729 3512 in
2752 3459 2891 3514 collo
2917 3459 3158 3531 ligatam,
3184 3469 3375 3526 tenens
3395 3471 3542 3529 pate-

1945 3564 2071 3605 nam
2115 3557 2243 3604 ante
2291 3557 2479 3618 pectus
2526 3549 2579 3603 in
2629 3560 2783 3619 parte
2829 3551 3053 3605 dextera
3094 3565 3266 3621 usque
3307 3551 3542 3605 medium

1945 3656 2230 3698 eanonem.
2261 3641 2415 3696 Tunc
2443 3639 2809 3696 subdiaconus
2856 3657 3091 3712 sequens
3131 3642 3359 3712 suscipit
3420 3656 3542 3696 eam

1946 3747 2110 3803 super
2157 3731 2430 3802 planetam
2481 3741 2536 3785 et
2592 3732 2740 3785 venit
2793 3740 2921 3786 ante
2968 3731 3163 3794 altare,
3218 3744 3542 3801 exspectans

1948 3823 2163 3894 quando
2223 3836 2346 3878 cam
2401 3822 2662 3891 suscipiat
2722 3822 3087 3878 subdiaconus
3154 3822 3545 3893 regionarius:

1950 3914 2104 3970 ﬁnito
2161 3929 2295 3969 vero
2359 3928 2589 3978 canone,
2636 3913 3001 3968 subdiaconus
3048 3913 3386 3985 rcgionarius
3443 3922 3551 3968 stat

1950 4023 2072 4063 cum
2115 4018 2313 4077 patena
2362 4016 2485 4076 post
2535 3996 3011 4069 a/rcliidiaccnum;
3062 4005 3277 4075 quando
3331 4005 3549 4067 dixerit,

1952 4098 2021 4152 Et
2046 4100 2110 4153 ab
2138 4100 2279 4153 omni
2310 4097 2700 4169 perturbatione
2726 4098 2918 4163 securi,
2968 4097 3131 4151 vertit
3172 4111 3229 4149 se
3279 4096 3521 4149 arclii..ia
3547 4129 3550 4133 ~

1953 4203 2144 4254 conus,
2188 4197 2246 4243 et
2293 4187 2595 4243 osculatam
2655 4198 2931 4256 patenam,
2980 4188 3070 4240 dat
3095 4200 3215 4239 eam
3264 4184 3551 4237 tenendam

1954 4283 2194 4337 secundo
2216 4282 2469 4336 diacono.
2509 4299 2526 4331 ι
2558 4279 2705 4334 Ordo
2734 4279 2858 4333 talis
2886 4289 2966 4332 est
2993 4297 3004 4331 :
3036 4276 3414 4331 Subdiaconus
3460 4293 3548 4330 ες·-

1955 4388 2128 4441 quens
2157 4387 2264 4426 non
2291 4379 2375 4425 est
2394 4386 2562 4424 ausus
2591 4370 2731 4424 ostia
2779 4369 2969 4423 altaris
3016 4368 3324 4437 relinquere
3366 4382 3556 4421 secun-

1957 4466 2083 4519 dum
2115 4476 2351 4518 canones
2386 4460 2734 4516 Laodicensis
2784 4458 3019 4523 concilii,
3074 4458 3164 4526 qui
3214 4458 3418 4521 dicunt,
3465 4472 3555 4510 ca-

1958 4554 2126 4626 pitulo
2151 4551 2567 4624 quadragesimo
2599 4553 2780 4615 tertio,
2812 4549 2954 4619 quod
2985 4565 3089 4603 non
3136 4556 3385 4616 oporteat
3429 4550 3554 4601 sul-

1958 4651 2218 4707 diaconus
2254 4647 2445 4703 saltcm
2476 4644 2750 4717 paululum
2785 4644 2982 4712 januas
3022 4644 3293 4706 deserere,
3341 4650 3397 4695 et
3435 4658 3558 4694 ora-

1963 4742 2200 4799 tionibus
2228 4756 2425 4796 vacare
2456 4758 2469 4793 :
2500 4756 2564 4795 ac
2595 4740 2717 4794 ideo
2744 4737 3029 4808 acolythus
3070 4737 3255 4793 educit
3303 4744 3555 4806 palmam

1963 4834 2031 4889 de
2059 4831 2274 4888 exedris
2302 4830 2519 4901 quando
2545 4830 2762 4895 dicitur,
2811 4844 3020 4883 sursum
3075 4827 3257 4881 corda.
3309 4826 3425 4881 Mea
3464 4826 3560 4878 hii-

1969 4921 2175 4977 militas
2218 4922 2348 4976 dicit
2392 4920 2537 4990 quod
2582 4920 2684 4975 sibi
2731 4920 2945 4975 videtur
2992 4919 3186 4973 rationi
3239 4933 3558 4987 congruere,

1965 5014 2278 5085 relinquens
2318 5012 2702 5083 magistrorum
2753 5012 3003 5076 arbitrio,
3050 5011 3177 5078 quid
3221 5010 3559 5081 potissimum

1964 5106 2254 5162 tenendum
2281 5105 2371 5159 sit.
2405 5103 2633 5160 Videtur
2665 5103 2797 5160 mihi
2827 5112 2885 5157 ut
2911 5120 2973 5158 ea
3003 5103 3136 5157 hora
3188 5102 3560 5172 priesentanda

1964 5200 2035 5254 sit
2062 5207 2283 5268 patens,
2313 5211 2419 5268 qua
2447 5197 2592 5253 circa
2629 5197 2965 5266 sepulturam
2995 5194 3210 5249 Domini
3242 5194 3563 5264 satagebant

1964 5289 2213 5359 discipuli
2238 5289 2324 5342 vel
2356 5287 2631 5345 mulieres.

2036 5381 2326 5449 Postquam
2353 5381 2497 5436 enim
2530 5382 2627 5435 ivit
2655 5381 2721 5434 azl
2752 5395 3019 5443 mensam,
3065 5377 3388 5433 studuerunt
3416 5373 3562 5426 circa

1971 5473 2224 5543 mysteria
2254 5472 2544 5543 passionis.
2574 5472 2822 5541 Sequens
2863 5485 2992 5526 vero
3045 5466 3407 5521 subdiaconus
3455 5478 3564 5517 me-

1969 5563 2059 5618 dio
2088 5578 2317 5627 canone,
2350 5562 2403 5620 id
2433 5571 2540 5627 est,
2572 5578 2695 5619 cum
2732 5550 2956 5624 dicitur,
2989 5557 3059 5611 Te
3106 5556 3287 5626 igitur,
3336 5555 3564 5625 suscipit

1971 5659 2115 5715 illam
2144 5659 2210 5712 ab
2245 5657 2519 5727 acolytlm,
2553 5665 2608 5713 ct
2636 5665 2747 5712 stat
2775 5657 2840 5711 ad
2869 5655 3040 5709 altare
3063 5667 3186 5707 cum
3231 5662 3424 5722 patens
3474 5670 3569 5708 us~

1974 5762 2078 5819 que
2105 5748 2231 5805 dum
2271 5748 2597 5819 suscipiatur
2628 5764 2657 5801 a
2687 5747 3020 5805 subdiacouo
3064 5743 3393 5818 regionario,
3447 5759 3564 5799 Sus—
