3938 6178
423 348 559 403 hi7

1463 338 1795 395 AMALARII
1835 336 2268 393 PRESBYTERI
2309 339 2643 395 METENSIS

3551 345 3692 399 ms

422 461 621 532 cipitur
643 461 785 514 enim
810 473 929 514 cum
955 457 1176 519 dicitur,
1211 452 1314 507 Per
1348 450 1521 506 omnia
1544 449 1741 505 sa'cula
1778 446 1997 502 srrculo-
2029 446 2074 503 A
2102 451 2292 518 petitio
2319 450 2386 505 de
2422 452 2667 507 oratione
2692 450 2988 505 Dominica.
3020 450 3338 518 Septenaria
3386 468 3535 506 etum
3592 472 3698 509 nu—

424 569 562 608 rum.
603 548 958 620 Regionarius
1004 544 1229 615 suscipit
1277 544 1423 597 illam
1480 540 1633 595 linito
1684 553 1907 599 canone,
1953 538 2007 591 id

425 652 529 708 est,
562 643 653 696 ubi
698 641 914 703 dicitur,
974 636 1081 691 Per
1124 638 1301 691 omnia
1344 632 1537 690 srrcula
1576 631 1919 695 sreculorum;
1954 642 2009 683 et

426 742 573 789 tenet
598 732 745 786 illam
790 744 959 799 usque
985 730 1051 782 ad
1097 727 1492 795 susceptionem
1543 723 1779 783 diaconi.
1824 722 2012 775 Potest

426 827 590 878 etiam
658 820 880 890 intelligi
926 819 1243 888 simpliciter
1292 817 1528 870 rect-ssio
1578 812 1894 868 subdiaconi
1942 812 2010 865 de

427 914 565 968 facie
592 911 883 983 pontiﬁcis,
913 909 1151 963 accessio
1180 908 1244 962 ad
1282 915 1551 976 patenum.
1587 903 1687 959 Ubi
1717 902 2009 957 notandum

426 1005 570 1073 quod
599 1004 879 1073 acolythus
902 999 1196 1055 involutam
1235 1007 1384 1053 tenet
1410 997 1574 1050 linteo
1596 994 2013 1064 patenam,sub—

428 1100 687 1153 diaconus
722 1097 943 1150 nudam.
988 1093 1143 1149 Unde
1178 1091 1382 1159 liquido
1417 1096 1659 1158 apparet,
1689 1086 1832 1155 quod
1877 1099 2010 1139 con-

429 1197 642 1242 secrata
686 1202 812 1241 vasa
845 1202 873 1238 a
900 1183 1232 1239 consecratis
1282 1180 1493 1235 clericis
1539 1178 1737 1232 merito
1783 1176 2014 1230 debeant

432 1276 806 1333 tantummodo
834 1276 1043 1345 attingi.
1075 1274 1187 1327 Hoc
1238 1271 1470 1339 denique
1518 1268 1716 1322 Esdras
1759 1266 2013 1320 sacerdos

431 1368 718 1438 expressit.
742 1368 960 1435 quando
988 1378 1243 1418 reversos
1268 1369 1351 1416 est
1382 1361 1449 1414 de
1481 1357 1773 1428 Babylone,
1802 1365 1857 1409 et
1885 1371 2010 1408 vasa

433 1468 618 1514 sancta
667 1457 869 1512 sanctis
923 1453 1341 1512 commendavit,
1406 1446 1903 1517 dicens:Separari
1950 1446 2014 1497 de

432 1547 753 1620 principibus
799 1545 1127 1600 sacerdotum
1168 1542 1442 1595 duodecim
1490 1539 1547 1611 (1
1580 1538 1738 1592 Esdr.
1763 1537 1912 1605 vui).
1950 1536 2015 1589 Et

433 1637 593 1707 paulo
620 1644 760 1705 post,
792 1633 1123 1704 Appendique
1146 1633 1220 1685 eis
1242 1639 1514 1701 argentum
1534 1639 1581 1683 et
1606 1644 1796 1682 aurum
1818 1638 1865 1682 et
1889 1643 2014 1681 uasa

434 1736 735 1780 consecrata
762 1724 948 1778 domus
974 1723 1071 1777 Dei
1111 1721 1276 1776 nostri
1321 1719 1551 1792 (Ibid.).
1580 1718 1649 1772 Et
1672 1718 1866 1772 iterum
1901 1735 1915 1769 :
1945 1716 2014 1770 Et

432 1919 482 1962 et
509 1925 718 1973 aurum,
745 1907 883 1979 quod
910 1915 1088 1976 sponte
1120 1902 1350 1957 oblatum
1373 1912 1447 1955 est
1486 1899 1710 1954 Domino
1768 1898 1877 1953 Deo
1923 1914 2016 1966 pa-

433 2008 573 2053 trum
596 1995 1145 2065 nostrorum,vigilale
1189 2004 1236 2047 et
1283 1991 1537 2047 custodite
1585 1988 1811 2061 (Ibid.).
1865 1987 2018 2043 Unde

434 2091 488 2144 iu
517 2089 744 2143 concilio
773 2087 1208 2157 Carthagineusi,
1238 2086 1413 2154 capite
1460 2084 1552 2146 ‘25,
1595 2083 1889 2137 scribitur:
1912 2080 2020 2135 Au-

435 2180 600 2234 relius
621 2180 908 2249 episcopus
935 2178 1063 2231 dixit
1100 2195 1113 2230 :
1140 2176 1421 2239 Additnus,
1453 2174 1650 2229 fratres
1689 2174 2016 2237 charissimi,

433 2280 721 2340 praeterea,
755 2285 878 2324 cum
914 2268 981 2323 de
1008 2267 1363 2337 quorumdam
1395 2266 1736 2327 clericorum,
1772 2264 2023 2333 quamvis

436 2363 721 2424 lectorum,
751 2377 879 2431 erga
908 2376 1106 2415 uxores
1136 2360 1382 2430 proprias
1418 2355 1805 2412 incontinentia
1855 2354 2023 2410 reler-

439 2464 611 2517 retur,
651 2453 855 2522 placuit
881 2452 1024 2521 quod
1068 2452 1120 2505 in
1173 2449 1403 2506 diversis
1450 2448 1693 2505 conciliis
1749 2446 2019 2501 ﬁrmatum

436 2559 558 2604 est:
587 2547 911 2602 Subdiaconi
943 2545 1034 2615 qui
1072 2560 1225 2599 sacra
1257 2542 1515 2615 mysteria
1558 2548 1920 2602 contrectant,
1966 2547 2024 2592 et

440 2638 675 2702 diaconi,
719 2648 774 2692 et
813 2636 1140 2709 presbyteri,
1187 2636 1281 2690 sed
1320 2644 1377 2689 et
1419 2633 1678 2704 episcopi,
1728 2631 2022 2687 secundum

437 2728 656 2799 propria
695 2735 920 2792 statuta,
957 2727 1122 2783 etiam
1161 2726 1230 2780 ab
1277 2725 1541 2781 uxoribus
1583 2739 1644 2779 se
1688 2722 2019 2779 contineant.

440 2818 661 2873 Ne’cnon
692 2828 746 2873 et
772 2817 958 2873 Sixtus
995 2833 1134 2888 papa
1176 2819 1398 2872 natione
1439 2817 1713 2872 Romanus
1756 2830 1824 2870 ex
1871 2821 2023 2884 patre

443 2907 689 2972 Pastore,
716 2909 996 2983 constituit
1017 2917 1075 2964 ut
1105 2908 1405 2965 ministeria
1436 2915 1647 2964 sacrata
1679 2922 1786 2961 non
1832 2914 2021 2975 tange-

445 3005 633 3051 reutur
661 2996 762 3050 nisi
794 3011 826 3050 a
862 2997 1143 3051 ministris.
1193 2997 1397 3053 Verum
1439 3005 1495 3054 et
1526 2997 1583 3051 in
1640 2996 1743 3050 hoc
1786 2994 2026 3064 culpavit

445 3087 630 3141 Daniel
683 3087 967 3142 Balthasar
1014 3102 1215 3158 regem,
1257 3089 1381 3158 quia
1408 3089 1462 3144 in
1507 3088 1840 3144 consecratis
1880 3087 2026 3140 vasis

444 3175 682 3240 bibebat,
708 3177 847 3231 sicut
898 3178 1158 3248 scriptum
1204 3185 1331 3232 est:
1369 3176 1447 3232 Tu
1494 3194 1696 3249 quoque
1739 3175 2026 3231 Balthasar

443 3267 587 3336 [ilius
612 3268 727 3339 ejus
769 3287 871 3324 non
901 3270 1193 3324 liumiliasti
1234 3287 1325 3324 cor
1363 3280 1512 3325 tuum
1559 3286 1679 3324 cum
1717 3269 1875 3324 scires
1914 3268 2025 3323 lucc

445 3359 641 3424 omnia,
678 3360 769 3414 sed
791 3361 1040 3415 adversus
1064 3361 1446 3417 dominatorem
1475 3360 1589 3416 ειεΙὶ
1617 3358 1849 3415 elevatus
1876 3376 1950 3424 es,
1977 3368 2026 3413 et

446 3467 570 3505 vasa
597 3450 779 3505 domus
804 3452 918 3522 ejus
945 3451 1110 3505 allata
1145 3462 1264 3506 sunt
1293 3468 1473 3505 corum
1502 3461 1567 3505 te.
1601 3449 1677 3504 Tu
1706 3459 1755 3504 et
1804 3451 2028 3521 optima-

448 3552 521 3599 tes
544 3545 642 3608 tui,
674 3555 722 3597 et
754 3562 941 3599 uxores
972 3555 1097 3611 tua',
1127 3556 1172 3598 et
1196 3546 1496 3601 concubina:
1523 3556 1627 3600 tua’
1657 3547 1832 3600 vinum
1877 3545 2030 3600 bibis-

443 3633 510 3687 tis
538 3635 592 3687 in
619 3636 692 3687 eis
719 3635 895 3706 (Dan.
932 3635 1018 3709 v).
1068 3637 1270 3692 Patena
1311 3636 1509 3692 dicitur
1528 3651 1593 3692 eo
1639 3638 1782 3707 quod
1828 3645 2027 3705 pateat,

447 3725 613 3783 corda
642 3726 818 3795 ampla
870 3727 1137 3781 charitate
1174 3727 1479 3797 signiﬁcat;
1520 3728 1662 3782 sicut
1699 3726 2028 3781 alabastrum

450 3816 504 3873 in
550 3830 657 3882 quo
714 3817 951 3886 portavit
999 3827 1330 3888 unguentum
1382 3816 1547 3871 Maria
1609 3818 1677 3873 ad
1721 3818 2027 3888 ungendum

449 3904 757 3969 Dominum,
786 3904 1112 3974 signiﬁcavit
1159 3923 1254 3962 cor
1298 3908 1439 3977 ejus,
1481 3908 1533 3961 in
1580 3923 1690 3977 quo
1732 3916 1852 3963 erat
1898 3906 2031 3963 ﬁdes

449 3997 567 4053 sine
593 3997 909 4067 impostura,
937 3998 1010 4051 ita
1035 4006 1091 4052 et
1117 4008 1311 4069 patena
1335 4006 1517 4069 potest.
1533 4000 1696 4054 corda
1717 4007 2029 4055 sanctarum

451 4090 770 4145 feminarum
800 4090 1102 4161 designare,
1131 4106 1250 4161 qua:
1288 4091 1541 4161 patebant
1581 4091 1865 4147 latitudine
1901 4092 2031 4147 cha-

427 4182 627 4258 J'Itatis
653 4183 707 4236 in
734 4183 993 4254 obsequio
1020 4183 1240 4239 Christi.
1272 4183 1405 4238 Nam
1438 4193 1495 4238 et
1534 4185 1663 4254 ipsze
1690 4185 1924 4250 inerant,
1972 4193 2033 4239 ut

449 4273 680 4345 praztuli,
707 4289 812 4328 non
849 4274 1071 4328 minima
1121 4275 1469 4329 exsecutione
1507 4275 1562 4329 in
1603 4275 1905 4332 ministerio
1950 4276 2032 4330 di-

450 4362 746 4432 scipulatus
774 4362 997 4429 Christi,
1025 4364 1094 4419 de
1116 4365 1315 4435 quibus
1359 4365 1492 4420 dicit
1537 4365 1822 4423 Matthaeus
1866 4382 2032 4421 evan-

450 4453 660 4528 gelista.
696 4472 709 4506 :
742 4453 909 4507 Erant
938 4464 1112 4509 autem
1151 4456 1222 4509 ibi
1269 4454 1514 4510 mulieres
1559 4456 1739 4511 multa:
1781 4474 1816 4510 a
1856 4456 2026 4527 longe,

452 4560 568 4613 quw
596 4553 787 4597 secuta:
815 4554 960 4598 erant
996 4544 1178 4599 Jesum
1217 4563 1250 4599 a
1294 4544 1539 4612 Galiliea,
1586 4547 1938 4603 ministrantes
1984 4549 2029 4602 ei

451 4636 589 4695 inter
607 4652 738 4706 quas
767 4645 879 4689 erat
908 4634 1083 4690 Maria
1120 4636 1473 4708 Hagdalenar,
1514 4648 1562 4692 et
1601 4638 1777 4691 Maria
1820 4638 2030 4703 Jacobi,

452 4734 501 4783 et
526 4720 719 4796 Ioseph
744 4736 932 4792 mater,
957 4736 1008 4782 et
1042 4738 1209 4782 mater
1249 4728 1480 4794 ﬁliorum
1521 4724 1781 4782 Zebedtei.
1830 4725 2031 4783 Tamen

455 4814 583 4887 ipsa:
606 4831 712 4869 non
743 4825 1099 4886 susceperunt
1142 4831 1339 4887 corpus
1380 4816 1594 4871 Domini
1623 4817 1689 4871 de
1731 4831 1909 4879 cruce,
1937 4818 2033 4872 sed

455 4903 684 4975 Josepb;
712 4908 852 4961 sicut
878 4923 979 4962 nec
1007 4907 1342 4971 subdiaconi,
1374 4906 1468 4963 sed
1494 4906 1706 4962 diaconi
1734 4908 2033 4979 suscipiunt

457 4995 682 5053 calicem
710 4997 776 5052 de
800 4998 980 5057 altari.

1001 5090 1226 5148 CAPUT
1250 5088 1483 5145 XXVIII.

457 5178 535 5233 De
561 5180 726 5250 ofﬁcio
751 5179 890 5251 quod
913 5192 1164 5237 memorat
1188 5183 1416 5253 requiem
1437 5181 1650 5238 Domini
1687 5184 1744 5239 in
1772 5184 2031 5255 sepulcro.

528 5271 902 5327 Subdiaconus
932 5274 1263 5343 regionarius
1284 5276 1479 5345 accipit
1496 5286 1748 5347 pateuam
1772 5278 1926 5334 ﬁnito
1943 5295 2034 5335 ca-

458 5379 618 5428 none,
644 5365 770 5434 quia
809 5358 1046 5420 laetitiam
1104 5364 1396 5421 Dominica:
1447 5369 1861 5425 resurrectionis
1910 5386 2032 5424 mu—

459 5455 622 5509 lieres
641 5455 818 5524 primo
832 5453 1138 5509 audierunt.
1160 5455 1266 5510 Illa:
1287 5458 1392 5512 huc
1412 5457 1644 5528 illucque
1664 5458 2037 5516 discurrebant

459 5545 685 5604 ferventi
709 5545 887 5603 studio
910 5546 1055 5602 circa
1083 5548 1410 5618 sepulturam
1458 5548 1691 5604 Domini.
1726 5549 1884 5604 Stant
1927 5549 2038 5604 dia-

461 5640 604 5701 coni,
645 5650 896 5712 stantque
935 5644 1247 5702 subdiaconi
1299 5645 1539 5700 inclinati
1575 5659 1744 5713 usque
1777 5644 1903 5697 dum
1944 5659 2036 5697 au-

464 5728 633 5792 diam,
664 5731 768 5793 Sed
805 5735 967 5791 libera
997 5752 1088 5792 nos
1116 5754 1146 5790 a
1173 5736 1329 5792 malo.
1359 5737 1475 5808 Ipsa
1505 5746 1587 5791 est
1615 5737 1758 5792 enim
1809 5737 2035 5807 septima

2110 559 2258 597 mero
2280 543 2606 597 universitas
2638 543 2975 613 designatur.
3015 541 3257 613 Septima
3283 544 3551 614 petitione
3590 546 3698 600 Do-

2108 635 2321 689 minicm
2347 634 2609 689 orationis
2662 633 2786 687 ﬁnis
2824 634 3067 702 signatur
3120 636 3283 689 totius
3338 636 3585 690 tristitia:
3631 653 3701 691 ac

2108 726 2531 796 perturbationis
2557 725 2939 793 apostolorum,
2968 741 3129 795 quam
3164 725 3434 780 habebant
3477 727 3551 781 de
3595 727 3702 780 Do-

2110 816 2242 869 mini
2272 823 2467 869 morte.
2493 814 2738 884 Sequens
2761 815 2958 877 oratio,
2989 831 3111 883 quae
3145 815 3454 879 inchoatur,
3500 815 3699 869 Libera

2111 920 2225 968 nos,
2258 919 2580 974 qua-sumus,
2609 902 2852 965 Domine,
2876 903 2939 955 ab
2962 903 3200 957 omnibus
3231 904 3407 967 malis,
3463 905 3702 959 embolis

2113 992 2456 1065 [embolion]
2488 1003 2571 1049 est
2618 993 2912 1048 Dominicte
2967 994 3251 1058 orationis,
3309 1003 3368 1049 ut
3413 1010 3529 1063 per
3570 996 3700 1049 illud

2111 1084 2359 1137 veniatur
2380 1084 2446 1137 ad
2471 1082 2633 1137 ﬁnem
2676 1092 2952 1137 consueta:
2983 1083 3364 1148 conclusionis,
3430 1084 3533 1138 Per
3585 1085 3699 1139 Do—

2112 1175 2310 1227 minum
2342 1181 2595 1226 nostrum.
2623 1172 2777 1238 Quod
2806 1172 3046 1241 apertius
3098 1174 3152 1227 in
3203 1173 3561 1243 sequentibus
3607 1175 3701 1230 de-

2112 1266 2519 1327 monstrabitur,
2550 1266 2593 1320 si
2620 1266 2877 1319 Dominus
2897 1265 3125 1322 dederit.
3155 1269 3292 1334 Quid
3316 1267 3407 1323 illo
3430 1276 3701 1338 tempore.

2115 1359 2217 1412 hoc
2245 1365 2344 1418 est,
2373 1358 2592 1426 quando
2616 1355 2864 1410 Christus
2889 1356 3096 1425 quievit
3141 1358 3196 1411 in
3249 1362 3522 1426 sepulcro,
3572 1374 3705 1427 apo-

2114 1449 2235 1503 stoli
2266 1456 2491 1516 agerent
2523 1463 2628 1501 non
2675 1447 2871 1515 legitur
2924 1456 3140 1515 aperte;
3199 1449 3293 1501 sed
3347 1462 3414 1501 ex
3471 1448 3705 1502 Joannis

2117 1540 2406 1609 Evangelio
2455 1548 2658 1593 metum
2706 1553 2892 1592 eorum
2952 1540 3347 1603 cognoscimus,
3403 1541 3497 1608 qui
3546 1541 3706 1602 dicit,

2115 1631 2248 1685 Cum
2281 1638 2413 1684 esset
2441 1644 2565 1698 ergo
2594 1644 2710 1682 sero
2736 1628 2821 1681 die
2844 1626 2940 1681 illa
2968 1643 3075 1681 una
3099 1628 3463 1694 sabbatorum,
3488 1639 3538 1683 et
3560 1631 3707 1699 {ares

2090 1722 2501 1779 'essentclauste
2547 1722 2634 1776 ubi
2680 1730 2830 1776 erant
2871 1720 3117 1792 discipuli
3154 1722 3456 1791 congregati
3492 1731 3704 1792 propter

433 1820 588 1884 dixit,
616 1835 703 1871 vos
728 1817 898 1871 sancti
928 1814 1158 1879 Domini,
1189 1822 1237 1867 et
1266 1829 1389 1866 vasa
1415 1819 1616 1872 sancta,
1654 1818 1703 1863 et
1744 1814 2015 1876 argentum
2046 1797 2090 1855 Β

2118 1824 2308 1869 metum
2339 1814 2647 1869 Judworum
2678 1811 2869 1882 (Joan.
2895 1827 2963 1866 xx
2984 1814 3023 1879 ).
3047 1813 3126 1867 Ex
3156 1828 3263 1883 quo
3296 1813 3565 1868 discimus
3611 1815 3707 1868 tri-

2118 1916 2231 1963 stes
2267 1906 2434 1960 fuisse
2464 1903 2736 1974 apostolos
2784 1904 2997 1958 timore.
3043 1903 3149 1959 lsta
3202 1904 3425 1958 tristitia
3479 1905 3709 1959 demou-

2118 2007 2321 2055 stratur
2343 2014 2442 2068 per
2470 1999 2820 2053 diaeonorum
2846 1996 3268 2052 inclinationem.
3297 1997 3707 2067 Discipulornm

2118 2102 2247 2144 vero
2298 2088 2573 2143 tristitiam
2627 2087 3003 2158 cognoscimus
3043 2103 3110 2143 ex
3164 2088 3374 2143 Domini
3425 2103 3710 2152 sermone,

2119 2180 2211 2249 qui
2247 2179 2405 2245 dicit,
2433 2179 2727 2234 secundum
2772 2178 2997 2240 Lucam,
3039 2179 3105 2233 ad
3134 2180 3267 2234 duos
3307 2179 3399 2247 qui
3451 2178 3615 2233 ibant
3658 2180 3713 2234 in

2121 2271 2207 2326 die
2236 2270 2653 2326 resurrectionis
2678 2271 2731 2324 iu
2757 2269 3038 2325 castellum
3070 2269 3268 2323 limans
3298 2268 3439 2333 :Qui
3479 2280 3610 2323 sunt
3662 2271 3717 2323 hi

2120 2377 2380 2416 sermones
2431 2377 2561 2432 quos
2622 2360 2869 2431 confertis
2925 2360 3234 2426 adinvicem,
3280 2359 3621 2415 ambulantes
3667 2372 3718 2414 et

2120 2451 2242 2506 estis
2265 2452 2437 2506 tristes
2457 2450 2618 2522 (Luc.
2642 2450 2839 2522 xxiv)?
2862 2452 2987 2506 Ideo
3022 2459 3075 2506 et
3110 2450 3425 2506 subdiacoui
3458 2450 3717 2505 inclinati

2124 2549 2362 2597 manent.
2421 2541 2728 2597 Secundum
2789 2542 3064 2596 modulum
3126 2541 3515 2595 lucubrationis
3572 2556 3718 2594 mea:

2122 2634 2553 2690 demonstratum
2578 2642 2662 2689 est
2684 2634 2813 2703 quid
2845 2634 2977 2688 velit
3006 2634 3281 2688 inclinatio
3323 2632 3718 2691 diaeonorum.

2123 2735 2352 2796 excepto
2372 2727 2515 2795 quod
2546 2727 2725 2780 oratio
2770 2726 2982 2781 interna
3026 2724 3164 2780 solet
3201 2724 3564 2779 demonstrari
3616 2739 3720 2793 per

2126 2820 2369 2874 habitum
2395 2820 2657 2889 corporis.
2686 2820 2839 2875 Unde
2862 2819 3193 2890 Augustinus
3218 2819 3270 2872 in
3290 2818 3430 2873 libro
3463 2817 3530 2872 ad
3572 2816 3724 2872 Pan-

2126 2908 2293 2962 linum
2319 2908 2386 2963 de
2405 2907 2546 2963 Cura
2569 2910 2773 2979 agenda
2817 2923 2917 2976 pro
2958 2909 3185 2962 mortuis
3208 2922 3224 2960 :
3244 2907 3377 2962 Nam
3406 2916 3462 2961 et
3487 2918 3725 2962 orantes

2127 2999 2195 3055 de
2216 3001 2474 3055 membris
2500 3002 2581 3056 sui
2602 3001 2848 3070 corporis
2872 2999 3093 3063 faciunt,
3117 3000 3260 3069 quod
3276 2998 3726 3069 supplicantibus

2129 3084 2378 3163 congruit
2401 3107 2522 3146 cum
2544 3086 2718 3163 genua
2744 3091 2934 3163 ﬁgunt,
2956 3108 3079 3145 eum
3095 3090 3387 3146 extendunt
3403 3106 3617 3146 manus
3638 3092 3725 3146 vel

2128 3183 2290 3237 etiam
2313 3190 2730 3252 prosternuntur
2750 3181 2886 3245 solo,
2910 3190 2964 3235 et
2986 3181 3029 3235 si
3056 3182 3186 3250 quid
3206 3180 3346 3235 aliud
3380 3180 3601 3235 faciunt
3642 3182 3729 3234 vi-

2125 3272 2374 3335 sibiliter,
2397 3271 2645 3340 quamvis
2663 3285 2853 3325 eorum
2873 3270 3159 3325 invisibilis
3190 3270 3434 3324 voluntas
3451 3278 3509 3324 et
3525 3273 3730 3326 cordis

2128 3350 2356 3423 intentio
2378 3365 2488 3421 Deo
2517 3374 2643 3421 nota
2665 3366 2759 3429 sit,
2786 3379 2886 3419 nec
2911 3364 3000 3419 ille
3030 3364 3266 3434 indigeat
3285 3364 3367 3417 his
3388 3362 3646 3427 indiciis.
3666 3375 3729 3418 ιιι

2127 3463 2343 3514 animus
2366 3458 2416 3513 ei
2442 3458 2712 3527 pamlatur
2733 3458 3001 3512 humanus
3030 3474 3043 3509 :
3076 3451 3170 3510 sed
3215 3455 3300 3510 bis
3351 3455 3527 3523 magis
3570 3456 3729 3526 seip-

2128 3566 2250 3605 sum
2273 3550 2478 3604 excitat
2499 3550 2661 3603 homo
2680 3548 2749 3603 ad
2778 3548 3042 3603 orandum
3067 3545 3494 3616 gemendumque
3537 3546 3731 3600 horni-

2130 3640 2235 3695 lius
2256 3649 2419 3709 atque
2444 3639 2761 3696 ferventius.
2792 3638 2860 3694 Et
2883 3638 3067 3693 nescio
3086 3637 3357 3707 quomodo
3379 3650 3503 3691 cum
3528 3637 3591 3691 bi
3609 3654 3729 3692 uso—

2132 3740 2218 3786 tus
2234 3731 2479 3801 corporis
2518 3730 2635 3785 ﬁeri
2682 3730 2790 3785 nisi
2832 3740 2979 3786 motu
3018 3729 3182 3784 animi
3226 3728 3565 3798 pmmdente
3615 3745 3727 3783 non

2129 3825 2361 3895 possint,
2382 3824 2584 3878 eisdem
2609 3838 2798 3878 rursus
2816 3822 3057 3878 exterius
3075 3821 3361 3879 visibiliter
3390 3820 3585 3885 laetis,
3632 3822 3726 3878 ille

2133 3918 2365 3973 interior
2392 3916 2699 3981 invisibilis,
2729 3915 2823 3985 qui
2845 3930 2940 3970 eos
2965 3913 3113 3979 facit,
3145 3921 3372 3986 augetur
3394 3929 3461 3969 ac
3485 3929 3590 3983 per
3621 3916 3728 3971 hoc

2130 4010 2315 4065 cordis
2337 4007 2582 4073 allectus,
2603 4007 2694 4076 qui
2738 4014 2797 4061 ut
2840 4005 3036 4062 ﬁerent
3081 4005 3209 4070 ista,
3251 4006 3557 4075 praecessit,
3591 4009 3726 4077 quia

2132 4104 2276 4157 facta
2302 4107 2449 4165 sunt,
2481 4098 2699 4154 crescit.
2728 4096 2929 4153 Verum
2965 4106 3145 4153 tamen
3183 4097 3228 4152 si
3260 4111 3331 4151 eo
3365 4098 3532 4152 modo
3568 4100 3729 4166 quis-

2131 4206 2243 4263 que
2267 4196 2536 4252 teneatur,
2559 4186 2646 4243 vel
2673 4186 2836 4241 etiam
2866 4185 3083 4256 ligetur,
3105 4193 3165 4238 nt
3187 4186 3298 4239 hare
3315 4183 3384 4240 de
3407 4186 3530 4241 suis
3552 4201 3730 4241 mem-

2131 4284 2247 4339 bris
2272 4282 2452 4338 l‘acere
2471 4286 2730 4349 nequeat,
2755 4293 2862 4334 non
2893 4278 3016 4334 ideo
3052 4293 3158 4333 non
3190 4285 3309 4331 orat
3343 4277 3579 4331 interior
3624 4278 3730 4332 ho-

2134 4390 2243 4438 mo,
2264 4383 2323 4430 et
2341 4384 2468 4429 ante
2485 4372 2671 4428 oculos
2692 4372 2785 4427 Dei
2808 4371 2860 4426 in
2884 4370 3251 4426 secretissima
3271 4369 3429 4425 cubili
3454 4383 3732 4439 compari.

2135 4468 2300 4538 gitur,
2329 4465 2609 4521 sternitur.
2635 4463 2940 4519 Celebratio
2971 4461 3129 4531 hujus
3147 4460 3304 4519 cilicii
3327 4462 3401 4517 ita
3431 4462 3639 4527 currit,
3672 4474 3734 4517 ns

2133 4558 2454 4615 ostendatur
2475 4557 2607 4626 quid
2636 4556 2728 4610 illo
2751 4556 2805 4610 in
2829 4563 3071 4625 tempore
3091 4562 3272 4611 actum
3299 4554 3374 4609 sit
3394 4553 3547 4609 circa
3590 4570 3729 4624 pas-

2133 4651 2340 4706 sionem
2377 4647 2587 4703 Domini
2609 4654 2666 4701 et
2691 4645 3026 4715 sepulturam
3059 4643 3196 4712 ejus,
3216 4652 3272 4700 et
3297 4645 3575 4714 quomodo
3624 4662 3732 4702 nos

2135 4744 2201 4799 ad
2236 4741 2554 4798 memoriam
2590 4739 2849 4794 reducere
2893 4738 3208 4802 debeamus,
3247 4754 3347 4809 per
3393 4738 3729 4808 obsequium

2136 4842 2399 4896 nostrum,
2423 4831 2565 4901 quod
2603 4846 2702 4901 pro
2740 4830 2896 4886 nobis
2922 4828 3122 4887 factum
3146 4838 3250 4886 est.

2706 4937 2935 4995 CAPUT
2956 4938 3147 4993 XXIX.

2596 5008 2676 5063 De
2699 5010 2935 5063 oratione
2961 5008 3259 5063 Dominica.

2207 5102 2503 5159 Dicendum
2536 5116 2706 5170 quare
2742 5101 3022 5161 Dominiea
3054 5102 3231 5161 oratio
3272 5102 3489 5157 dicatur
3503 5104 3729 5160 excelsa

2137 5208 2288 5259 voce,
2314 5208 2441 5248 cum
2458 5199 2676 5248 αδδιδι-π
2696 5202 2908 5248 secreto
2936 5176 3204 5248 dicantur.
3249 5193 3392 5248 Dicit
3416 5193 3731 5265 Cyprianus

2137 5285 2192 5339 in
2227 5299 2479 5339 sermone
2505 5285 2571 5341 de
2608 5280 2867 5338 Oratione
2911 5284 3187 5339 Dominica
3230 5282 3731 5354 (Serm.6):Ante

2136 5375 2318 5429 omnia
2347 5374 2499 5445 pacis
2525 5374 2714 5430 doctor
2738 5382 2902 5443 atque
2925 5374 3152 5430 unitatis
3192 5375 3451 5445 magiSter
3480 5375 3726 5446 singula-

2139 5468 2238 5523 tim
2284 5466 2458 5522 noluit
2491 5472 2549 5520 et
2586 5465 2840 5536 privatim
2874 5478 3088 5535 precem
3132 5464 3269 5521 ﬁeri.
3306 5463 3424 5520 Non
3470 5475 3536 5520 ut
3570 5467 3725 5535 quis,

2140 5574 2264 5615 cum
2287 5564 2557 5627 precatur,
2584 5571 2685 5626 pro
2712 5572 2772 5612 se
2794 5564 3001 5612 tantum
3022 5564 3293 5626 precetur.
3318 5555 3436 5613 Non
3464 5556 3729 5613 dicimus.

2144 5648 2301 5703 Pater
2331 5663 2503 5713 meus,
2524 5647 2616 5717 qui
2642 5662 2703 5702 es
2731 5648 2784 5703 in
2806 5646 2977 5713 oculis,
3016 5661 3138 5713 nec.
3178 5647 3380 5705 Panem
3423 5663 3610 5702 meum
3655 5648 3731 5700 da

2145 5736 2276 5794 mihi
2330 5737 2508 5803 hodie,
2557 5752 2656 5794 nec
2704 5736 2904 5799 dimitti
2946 5736 3049 5797 sibi
3099 5745 3307 5794 tantum
3346 5738 3733 5808 unusquisque
