3938 6178
325 267 465 325 “49

1075 264 1161 318 DE
1199 261 1752 320 ECCLESIASTICIS
1785 260 2076 319 OFFICIIS
2113 261 2293 317 LIBRI
2334 259 2423 315 IV.
2464 292 2537 303 -—
2572 261 2701 318 LIB.
2747 261 2811 317 III

3451 262 3586 319 1Ιέἐο

322 382 564 438 debitum
591 379 849 451 postulat,
883 384 976 432 aut
1024 387 1087 432 ut
1131 377 1187 433 in
1220 380 1575 433 tentationem
1624 393 1730 432 non
1756 376 1910 435 indu-
1934 381 1985 439 Α
2013 377 2350 446 gaudiorum.
2397 376 2529 444 Quis
2568 388 2653 432 est
2700 379 2792 448 qui
2838 394 2943 432 non
2993 379 3312 447 deprecetur
3348 386 3586 451 quandiu

321 480 500 537 catur,
529 479 693 541 atque
717 487 746 524 a
773 468 916 523 malo
944 469 1231 533 liberetur,
1256 484 1353 538 pro
1377 484 1437 523 se
1462 468 1576 523 solo
1598 476 1769 537 rogat.
1796 466 1906 521 Pu-

319 563 462 617 blica
490 570 579 617 est
605 560 764 616 nobis
787 568 842 615 et
865 560 1170 615 communis
1197 561 1390 626 oratio,
1432 569 1488 615 et
1531 560 1747 629 quando
1785 575 1909 614 ora-

319 670 466 718 mus,
518 669 627 707 non
675 667 773 723 pro
813 667 922 707 uno
964 668 1206 717 oramus,
1255 653 1349 707 sed
1392 668 1491 722 pro
1533 660 1646 706 toto
1684 651 1903 722 populo,

320 744 452 813 quia
490 752 637 797 totus
660 742 887 812 populus
914 758 1078 795 unum
1101 757 1309 797 sumus.
1339 742 1480 797 Deus
1506 737 1745 810 paeis’et
1776 756 1908 796 con-

323 831 528 885 cordiae
578 830 856 900 magister,
912 830 1003 899 qui
1047 830 1232 885 docuit
1278 831 1563 895 unitazem,
1613 830 1693 884 sic
1746 844 1908 885 orare

322 939 495 983 unum
522 939 622 992 pro
649 923 900 978 omnibus
922 923 1108 985 voluit,
1154 925 1422 993 quomodo
1465 925 1517 978 in
1567 940 1675 979 uno
1718 938 1907 980 omnes

319 1015 439 1085 ipse
462 1014 718 1083 portavit.
748 1014 900 1069 Hanc
925 1015 1190 1070 orationis
1218 1015 1390 1086 legem
1421 1025 1777 1071 servaverunt
1796 1025 1906 1072 tres

320 1105 477 1175 pueri
502 1105 557 1158 in
586 1105 800 1159 camino
846 1105 986 1174 ignis
1009 1104 1224 1168 inclusi,
1255 1114 1615 1160 consonantes
1644 1105 1695 1158 in
1722 1121 1902 1175 prece,

316 1205 376 1250 et
405 1196 596 1264 spiritu
628 1196 1001 1251 consensionis
1029 1197 1345 1251 concordes.
1382 1196 1631 1252 Declarat
1654 1196 1902 1266 Scriptu-

319 1302 397 1340 ηιξ
422 1287 618 1341 diviuze
647 1287 800 1367 ﬁdes,
831 1296 888 1342 et
924 1304 1047 1343 eum
1097 1289 1254 1343 docet
1293 1291 1561 1358 quomodo
1605 1291 1901 1355 oraverint,

319 1375 433 1429 tale
459 1375 554 1430 dat
577 1375 886 1447 exemplum
912 1377 1053 1445 quod
1083 1377 1282 1431 imitari
1315 1377 1370 1431 in
1413 1379 1666 1447 precibus
1711 1378 1906 1433 debea-

321 1480 464 1529 mus,
502 1465 716 1520 uitales
746 1481 866 1521 esse
887 1465 1174 1534 possimus.
1220 1464 1261 1518 Τ
1264 1482 1383 1531 unc,
1427 1466 1622 1536 inquit,
1667 1464 1748 1519 illi
1800 1474 1905 1520 tres

318 1556 477 1624 quasi
504 1572 569 1610 ex
596 1573 699 1609 uno
728 1572 816 1610 ore
846 1555 1093 1625 hymnum
1123 1555 1397 1620 canebant,
1442 1565 1492 1610 et
1534 1555 1905 1610 benedicebant

318 1646 493 1701 Deum
517 1646 691 1717 (Dan.
718 1645 834 1716 ιιι).
861 1645 1245 1733 Loquebantur
1273 1646 1432 1716 quasi
1464 1662 1532 1702 ex
1566 1663 1675 1703 uno
1706 1662 1820 1713 ore,
1847 1656 1903 1703 et

316 1740 557 1793 nondum
586 1739 709 1793 illos
751 1738 1003 1794 Christus
1054 1740 1309 1794 docuerat
1356 1748 1637 1795 orarezet
1696 1740 1900 1797 idcirco

316 1833 601 1887 orantibus
632 1830 735 1886 fuit
761 1831 1115 1901 impetrabilis
1162 1840 1217 1886 et
1263 1830 1459 1886 efﬁcax
1514 1847 1716 1897 sermo,
1773 1833 1899 1902 quia

318 1923 738 1994 promerebatur
763 1922 931 1978 Deum
973 1924 1218 1993 paciﬁca,
1263 1923 1490 1993 simplex
1540 1933 1595 1979 et
1636 1925 1900 1995 spiritalis

316 2012 517 2066 oratio.
548 2011 679 2078 Qua:
698 2012 875 2066 oratio
899 2012 979 2066 sic
999 2013 1287 2067 inchoatur
1313 2030 1327 2065 :
1360 2013 1586 2068 Oremus
1628 2016 1899 2085 prwceptis

313 2103 640 2157 salutaribus
668 2103 851 2157 moniti
880 2112 928 2156 et
955 2103 1133 2158 divina
1171 2104 1498 2158 institutione
1522 2105 1758 2174 formati,
1802 2123 1901 2160 au-

316 2198 505 2252 demus
529 2200 724 2253 dicere.
758 2198 1033 2267 Praecepta
1054 2198 1315 2253 salutaria
1361 2198 1590 2254 dicimus
1630 2199 1902 2271 evangeli-

313 2302 437 2341 cam
468 2288 804 2353 doctrinam;
851 2288 1078 2343 dicimus
1109 2288 1520 2356 institutionem,
1551 2291 1898 2348 traditionem

312 2394 479 2448 quam
503 2380 617 2448 ipse
639 2378 893 2449 dignatus
921 2387 1005 2434 est
1032 2380 1245 2436 tradere
1275 2381 1329 2436 in
1356 2380 1693 2437 conﬁciendo
1715 2397 1900 2437 sacra-

314 2477 502 2523 mento
530 2471 773 2539 corporis
794 2478 850 2525 et
889 2470 1186 2540 sanguinis.
1221 2470 1373 2527 Unde
1406 2471 1546 2526 idem
1590 2472 1684 2542 qui
1734 2487 1899 2542 supra

313 2560 373 2614 in
408 2575 659 2615 sermone
690 2561 754 2615 de
792 2569 1134 2616 sacramento
1165 2560 1378 2617 Domini
1429 2562 1633 2629 calieis,
1682 2561 1899 2619 Caecilio

318 2650 337 2717 (
359 2648 514 2721 Cypr.
543 2649 580 2704 l.
613 2667 674 2715 tt,
698 2668 778 2722 ep.
803 2652 868 2721 5)
893 2670 907 2704 :
935 2651 1251 2722 Quanquam
1289 2653 1477 2714 sciam,
1500 2651 1670 2709 frater
1693 2654 1900 2711 charis-

280 2762 283 2765 ·
311 2743 473 2807 sime,
490 2744 768 2814 episcopos
786 2743 1047 2815 plurimos
1086 2745 1381 2800 Dominicis
1419 2744 1665 2801 ecclesiis
1696 2745 1749 2800 in
1782 2754 1898 2801 toto

317 2833 521 2887 mundo
567 2834 749 2889 divina
809 2835 1119 2906 dignatione
1176 2836 1515 2906 praepositos,
1575 2837 1899 2907 evangelicae

312 2925 566 2980 veritatis
603 2940 668 2980 ac
691 2925 984 2981 Dominica:
1028 2926 1335 2981 traditionis
1382 2934 1565 2982 tenere
1609 2927 1893 2993 rationem,

313 3031 423 3071 nec
454 3017 611 3072 abeo
640 3018 785 3088 quod
832 3018 1080 3073 Christus
1129 3019 1388 3090 magister
1427 3026 1483 3074 et
1532 3020 1789 3089 praecepit
1840 3028 1896 3076 et

312 3109 485 3178 gessit
521 3110 812 3164 humanam
837 3118 891 3165 et
918 3110 1180 3165 novellam
1226 3109 1626 3165 institutionem
1675 3110 1894 3176 docere,

313 3204 371 3250 et
397 3184 623 3266 reliqua.
655 3198 721 3252 Et
751 3198 945 3253 iterum
988 3198 1041 3252 in
1068 3198 1255 3253 eodem
1288 3216 1301 3250 :
1333 3197 1415 3253 Ab
1448 3198 1773 3268 evangelicis
1803 3215 1899 3255 au-

316 3298 424 3343 tem
450 3291 733 3359 praeceptis
761 3290 981 3345 omnino
1012 3304 1118 3344 non
1161 3289 1519 3344 recedendum
1557 3304 1700 3355 esse,
1726 3300 1781 3344 et
1806 3305 1898 3345 ea-

312 3381 441 3435 dem
469 3396 587 3450 qua:
619 3382 874 3452 magister
902 3380 1086 3437 docuit
1114 3388 1167 3435 et
1187 3380 1336 3447 fecit,
1368 3380 1657 3450 discipulos
1677 3397 1897 3452 quoque

311 3472 606 3526 observare
654 3480 709 3526 et
754 3469 936 3531 facere
982 3470 1196 3526 debere.
1239 3470 1344 3532 Ubi
1394 3469 1694 3542 Cyprianus
1742 3472 1894 3538 dicit,

319 3565 686 3635 «evangelica:
751 3563 1070 3628 veritatis»,
1118 3571 1174 3617 et
1223 3562 1275 3617 in
1321 3562 1733 3633 posterioribus,
1788 3564 1896 3619 «ab

311 3657 637 3728 evangelicis
661 3664 838 3711 autem
860 3657 1142 3727 praeceptis
1155 3657 1374 3711 omnino
1395 3673 1501 3711 non
1536 3656 1894 3712 recedendum

310 3765 454 3812 esse,
479 3768 497 3800 ι
527 3747 893 3818 evangelicum
919 3747 1220 3802 doctrinam
1265 3754 1549 3802 monstrat.
1595 3746 1699 3802 Ubi
1741 3746 1894 3811 dicit,

318 3857 338 3890 ι
360 3855 427 3896 ac
460 3839 753 3894 Dominica:
779 3839 1099 3895 eruditionis
1144 3846 1327 3894 tenere
1366 3840 1648 3902 rationem,
1672 3859 1691 3890 ι
1742 3846 1799 3894 et
1839 3838 1896 3893 in

312 3928 685 3997 sequentibus,
723 3947 742 3979 ι
762 3930 952 3984 eadem
974 3943 1093 3998 qua:
1119 3929 1377 4000 magister
1405 3929 1588 3984 docuit
1615 3935 1669 3984 et
1695 3927 1846 3994 fecit,
1869 3947 1888 3981 ι

313 4015 651 4072 Dominicam
699 4017 1113 4073 institutionem.
1161 4018 1275 4085 Qua
1319 4018 1544 4073 audacia
1585 4017 1894 4073 intrandum

311 4106 388 4160 sit
409 4105 478 4161 ad
503 4108 801 4163 orationem
834 4108 1195 4173 Dominicam,
1227 4109 1657 4163 demonstratum
1683 4117 1792 4174 est,
1840 4107 1893 4163 id

314 4207 421 4263 est,
451 4207 736 4268 postquam
766 4209 1029 4270 praecepta
1059 4201 1336 4267 salutaria,
1362 4203 1416 4256 id
1453 4208 1555 4263 est,
1583 4201 1893 4272 evangelica

315 4289 694 4345 mandaverint
718 4304 814 4346 cor
834 4300 1096 4354 nostrum,
1129 4298 1184 4345 et
1210 4290 1563 4346 formaverint
1589 4292 1772 4346 divina
1813 4292 1895 4345 in-

1922 3070 1970 3133 C

2009 466 2097 521 hic
2125 473 2210 522 est
2231 468 2286 521 iu
2308 469 2563 537 prmsenti
2588 468 2802 533 szcculo,
2825 477 2884 522 ut
2907 468 3168 522 liberetur
3195 485 3226 522 a
3253 471 3429 525 malo?
3473 470 3584 528 Nec

2009 560 2111 614 hoc
2131 559 2465 630 negligenter
2493 562 2790 615 curandum
2829 576 2969 626 esse,
3024 568 3077 613 ut
3128 570 3257 616 ante
3297 564 3589 634 participa-

2009 653 2209 707 tionem
2232 655 2479 723 corporis
2499 664 2556 707 et
2580 653 2859 722 sanguinis
2885 654 3092 707 Domini
3132 654 3455 709 interveniat
3473 672 3591 711 ora-

2009 741 2252 811 tio,‘qua:
2280 759 2377 797 nos
2408 751 2600 813 βίηφι
2618 758 2646 794 a
2672 743 2929 812 peccatis,
2959 758 3026 797 ne
3052 743 3267 813 indigne
3298 747 3588 803 manduce-

2007 848 2129 887 mus
2157 841 2212 887 et
2236 834 2480 887 bibamus
2503 848 2698 902 corpus
2731 842 2787 887 et
2815 833 3131 901 sanguinem
3163 836 3393 890 Domini.
3439 837 3586 904 Quo-

2007 923 2168 977 modo
2193 922 2531 992 compleatur
2557 925 2732 977 oratio
2768 924 3065 987 Dominiea,
3119 926 3169 978 in
3198 929 3423 997 septima
3451 931 3589 998 peti-

2004 1015 2173 1079 tione,
2205 1015 2344 1069 idem
2372 1017 2461 1084 qui
2487 1030 2649 1085 supra
2672 1010 2908 1071 ostendit
2948 1018 3003 1071 in
3045 1018 3184 1073 libro
3222 1020 3287 1072 de
3330 1021 3588 1075 Oratione

2006 1105 2304 1169 Dominica,
2330 1106 2514 1161 dicens
2551 1105 2744 1176 (Cypr.
2777 1147 2792 1169 ,
2822 1124 2974 1160 serm.
3001 1107 3065 1178 6)
3097 1125 3108 1160 :
3136 1108 3265 1163 Post
3285 1109 3386 1164 ista
3405 1114 3586 1166 omnia

2007 1193 2060 1248 in
2087 1194 2554 1249 consummatione
2578 1196 2842 1249 orationis
2882 1198 3032 1250 venit
3069 1197 3331 1263 clausula,
3369 1201 3586 1253 univer-

2006 1300 2095 1340 sas
2136 1285 2427 1354 petitiones
2460 1294 2518 1339 et
2564 1300 2755 1354 preces
2802 1295 3015 1339 nostras
3054 1286 3279 1341 collecta
3323 1287 3587 1344 brevitate

2004 1376 2333 1431 concludens
2361 1391 2375 1429 :
2400 1377 2455 1430 in
2484 1377 2776 1431 novissimo
2807 1377 2948 1431 enim
2981 1378 3268 1446 ponimus:
3296 1376 3397 1432 Sed
3424 1378 3587 1433 libera

2005 1484 2099 1521 nos
2129 1483 2160 1520 α
2186 1466 2351 1532 malo,
2396 1466 2919 1537 comprehendentes
2954 1468 3181 1522 adversa
3230 1476 3425 1523 cuncta
3464 1485 3585 1538 quae

2004 1566 2194 1613 contra
2218 1573 2316 1612 nos
2345 1559 2398 1611 in
2427 1558 2529 1611 hoc
2560 1558 2760 1612 mundo
2787 1558 3007 1612 molitur
3032 1559 3300 1621 inimicus,
3328 1576 3357 1613 a
3389 1561 3586 1629 quibus

2007 1657 2187 1719 potest
2218 1664 2340 1704 esse
2377 1649 2532 1703 ﬁrma
2565 1649 2749 1714 tutela,
2773 1650 2819 1704 si
2856 1666 2956 1705 nos
2983 1650 3124 1706 Deus
3157 1651 3367 1716 liberet,
3409 1653 3454 1707 si
3500 1652 3589 1708 de-

2000 1741 2348 1811 precantibus
2369 1750 2532 1811 atque
2550 1741 2966 1810 implorantibus
2987 1759 3142 1813 opem
3165 1760 3320 1799 suam
3344 1755 3581 1814 praestet.

2000 1832 2225 1901 Quando
2253 1842 2433 1887 autem
2464 1833 2709 1895 dicimus,
2736 1832 2900 1887 libera
2928 1850 3021 1887 nos
3065 1852 3096 1887 a
3122 1834 3283 1901 malo,
3330 1836 3464 1890 nihil
3505 1851 3587 1890 re-

1999 1933 2181 1980 manet
2204 1926 2346 1996 quod
2393 1925 2534 1980 ultra
2573 1925 2749 1979 adhuc
2791 1926 2987 1980 debeat
3034 1927 3317 1996 postulari,
3366 1929 3584 1997 quando

2000 2016 2579 2087 semelprotectionem
2624 2015 2721 2070 Dei
2772 2016 3034 2071 adversus
3075 2017 3277 2071 malum
3327 2019 3580 2088 petimus,

1998 2123 2103 2177 qua
2130 2109 2437 2177 impetrata,
2477 2115 2668 2162 contra
2697 2107 2880 2162 omnia
2908 2122 3029 2177 quae
3067 2107 3316 2163 diabolus
3348 2109 3401 2163 in
3428 2125 3584 2165 mun-

1999 2198 2123 2252 dqu
2153 2207 2430 2268 operatur,
2470 2197 2646 2253 securi
2676 2206 2886 2253 stamus
2919 2206 2975 2252 et
3007 2198 3126 2252 tuti.
3171 2197 3303 2264 Quis
3329 2200 3474 2265 enim
3518 2200 3585 2254 de

2000 2287 2197 2343 saeculo
2225 2295 2402 2343 metus
2429 2295 2513 2343 est
2539 2287 2627 2342 cui
2656 2286 2800 2341 Deus
2842 2295 2989 2343 tutor
3042 2288 3160 2343 est?
3179 2286 3317 2355 Quid
3360 2289 3581 2353 mirum,

1999 2376 2199 2433 fratres
2239 2378 2602 2445 dilectissimi,
2629 2379 2675 2434 si
2707 2379 2881 2434 oratio
2935 2379 3056 2434 talis
3097 2387 3181 2433 est
3230 2396 3394 2450 quam
3442 2380 3585 2435 Deus

2000 2469 2201 2533 docuit,
2230 2470 2322 2539 qui
2362 2470 2677 2540 magisterio
2707 2485 2805 2525 suo
2828 2484 3043 2524 omnem
3070 2484 3289 2539 precem
3340 2477 3582 2525 nostram

2000 2559 2220 2615 salutari
2273 2575 2520 2616 sermone
2562 2561 2861 2617 breviavit?
2906 2561 3018 2616 Hoc
3065 2561 3178 2632 jam
3236 2576 3332 2631 per
3380 2560 3574 2617 Isaiam

2000 2652 2319 2722 prophetam
2349 2652 2525 2707 fuerat
2547 2661 2673 2709 ante
2700 2653 3016 2723 praedictum
3064 2668 3184 2707 cum
3230 2652 3421 2722 plenas
3461 2651 3584 2724 Spi-

2000 2742 2108 2798 ritu
2137 2751 2325 2798 sancto
2353 2744 2420 2798 de
2450 2744 2544 2797 Dei
2570 2743 2849 2812 majestate
2877 2760 2940 2799 ac
2984 2745 3185 2815 pietate
3230 2743 3579 2812 loqueretur:

2010 2832 2234 2888 Verbum
2263 2851 2656 2899 consummans,
2681 2835 2877 2905 inquit,
2904 2844 2952 2889 et
2981 2835 3219 2890 breviuns
3260 2835 3317 2888 in
3345 2833 3581 2905 justitia,
3614 2817 3619 2823 ’

1998 2927 2249 2995 quoniam
2273 2929 2563 2981 sermonem
2586 2926 2870 2981 breviatum
2898 2926 3057 2995 faciet
3088 2925 3228 2981 Deus
3249 2927 3303 2979 in
3324 2936 3430 2979 toto
3459 2925 3582 2979 orbe

2002 3028 2153 3072 terra!
2185 3018 2334 3091 (lsa.
2376 3020 2461 3090 ιι).
2496 3017 2723 3085 Quando
2774 3017 2904 3073 dicit
2950 3016 3255 3088 byprianus
3300 3017 3444 3086 quod
3491 3017 3580 3071 illa

2002 3123 2109 3161 una
2136 3108 2395 3177 petitione
2420 3107 2673 3163 conclusa
2713 3108 2784 3163 sit
2829 3107 3008 3162 omnis
3053 3106 3229 3161 oratio
3278 3114 3483 3170 nostra,
3532 3108 3585 3162 id

2000 3207 2104 3264 est,
2136 3198 2243 3252 Sed
2273 3198 2434 3252 libera
2462 3214 2557 3251 nos
2579 3215 2612 3251 a
2639 3197 2799 3263 malo,
2829 3197 2883 3251 in
2939 3211 3006 3251 eo
3050 3211 3337 3265 possumus
3390 3196 3587 3271 intelli-

1999 3306 2129 3361 gere
2162 3305 2321 3360 posse
2354 3288 2651 3360 signiﬁcari
2681 3305 2779 3359 per
2800 3289 2963 3342 ﬁnem
2987 3288 3252 3342 orationis
3273 3287 3432 3342 ﬁnem
3487 3305 3584 3343 uo-v

1999 3390 2126 3436 strze
2160 3379 2570 3450 persecutionis.
2606 3377 2851 3448 Sequens
2884 3378 3062 3432 oratio
3085 3378 3352 3447 expositio
3385 3388 3469 3433 est
3493 3394 3585 3433 no-

2003 3477 2238 3532 vissimae
2264 3475 2560 3546 petitionis.
2588 3475 2682 3528 llla
2712 3474 2862 3538 dicit,
2902 3471 3008 3526 Sed
3048 3472 3212 3526 libera
3241 3489 3333 3526 nos
3365 3491 3396 3526 α
3420 3472 3581 3537 malo,

2000 3570 2104 3624 ista
2145 3568 2275 3622 dicit
2306 3582 2335 3622 a
2364 3567 2560 3636 quibus
2602 3564 2783 3627 malis,
2835 3562 3044 3617 scilicet
3084 3561 3397 3632 prmtcritis,
3443 3577 3582 3632 ιιι-τες

2000 3661 2262 3724 sentibus,
2287 3666 2344 3714 et
2382 3655 2598 3721 futuris,
2645 3664 2703 3711 et
2743 3663 2804 3709 ut
2847 3669 2953 3709 non
3001 3654 3075 3708 sit
3118 3653 3310 3708 domus
3360 3668 3582 3718 vacans,

2000 3760 2253 3823 precatur
2288 3764 2393 3820 pax
2422 3764 2453 3803 a
2490 3746 2600 3802 Deo
2638 3745 3097 3801 intercedentibus
3133 3744 3356 3799 sanctis.
3408 3743 3581 3814 Igitur

1997 3840 2379 3899 subditur:Et
2406 3840 2474 3893 da
2503 3854 2685 3908 pacem
2708 3838 2764 3891 in
2789 3835 2968 3890 diebus
3008 3835 3217 3889 nostris.
3272 3833 3428 3889 Nulla
3474 3849 3582 3904 pax

1998 3934 2170 3990 tutior
2189 3948 2352 4001 quam
2392 3930 2611 3985 obedire
2654 3927 2866 3983 Domini
2915 3927 3216 3996 praeceptis,
3252 3925 3523 3980 declinare
3549 3937 3582 3981 a

1997 4026 2161 4091 malo,
2185 4022 2444 4079 etfacere
2475 4021 2696 4075 bonum.
2725 4018 2854 4072 Inde
2897 4016 3028 4071 dicit
3068 4015 3335 4083 Propheta
3366 4032 3379 4067 :
3411 4012 3582 4067 Decliq

1998 4135 2066 4171 na
2093 4135 2126 4171 τι
2156 4114 2316 4179 malo,
2348 4124 2397 4168 et
2420 4112 2502 4182 [ac
2524 4111 2713 4165 bonum
2737 4108 2855 4180 (Ps.
2880 4106 3099 4177 χχχιιι).
3135 4106 3200 4160 Et
3241 4104 3529 4174 Apostolus
3555 4122 3569 4163 ξ

1999 4207 2245 4263 Oilieutes
2276 4204 2495 4265 malum,
2525 4200 2850 4254 adiuvantes
2873 4197 3005 4250 bono
3051 4195 3241 4266 (Rom.
3289 4193 3420 4263 xu).
3465 4193 3573 4249 Re-

1996 4297 2160 4366 plicat
2184 4297 2236 4348 in
2283 4291 2634 4362 sequentibus
2671 4288 2918 4343 eamdem
2968 4285 3290 4341 orationem.
3349 4285 3465 4343 Non
3518 4300 3579 4345 se

314 4368 524 4447 stituta,
556 4396 676 4451 quin
697 4383 925 4438 dicinms
944 4383 997 4436 in
1026 4383 1144 4437 loco
1186 4383 1278 4437 ubi
1329 4383 1589 4453 scriptum
1636 4392 1739 4447 est,
1796 4383 1895 4437 Ac—
1920 4411 1972 4469 Β
1997 4388 2218 4444 conﬁdit
2241 4386 2353 4439 suis
2378 4382 2585 4437 meritis
2605 4381 2709 4435 hoc
2730 4380 2844 4450 ipse
2872 4378 3163 4447 impetrare
3200 4376 3341 4445 apud
3384 4367 3572 4432 Deum,

315 4474 510 4542 cipiens
541 4491 725 4544 panem
754 4476 809 4529 in
837 4485 1046 4529 sanctas
1074 4491 1137 4529 ac
1164 4475 1477 4529 venerabiles
1514 4492 1701 4531 manus
1747 4494 1894 4546 suas,

315 4577 371 4622 et
399 4567 625 4638 reliqua,
658 4569 917 4624 audemus
942 4569 1144 4651 intrare
1192 4568 1261 4623 ad
1307 4568 1607 4623 orationem
1650 4569 1894 4625 Domini-

315 4677 457 4717 cam.
483 4661 583 4718 Ubi
608 4664 899 4723 notandum
926 4662 1067 4733 quod
1103 4679 1209 4719 non
1246 4669 1331 4717 est
1353 4672 1780 4733 prmsumptuose
1815 4664 1898 4718 in-

314 4752 570 4806 trandum
598 4754 665 4807 ad
688 4768 831 4817 eum,
867 4754 959 4809 sed
988 4769 1111 4809 cum
1140 4752 1441 4808 reverentia
1469 4760 1524 4806 et
1549 4767 1743 4807 sereno
1782 4768 1898 4809 cor-

316 4844 404 4897 de.
431 4843 490 4897 In
519 4843 893 4898 recordatione
920 4844 1164 4914 septimae
1209 4842 1335 4909 diei,
1385 4840 1599 4911 quando
1642 4840 1892 4898 Christus

314 4933 522 5004 quievit
568 4934 624 4989 in
669 4933 937 5003 sepulcro,
987 4935 1168 5005 agitur
1211 4934 1490 4989 Dominica
1537 4934 1734 4999 oratio,
1771 4949 1892 5004 quae

314 5032 523 5093 septem
560 5024 849 5093 petitiones
901 5024 1156 5088 continet,
1188 5024 1268 5078 in.
1295 5039 1402 5093 quo
1441 5025 1674 5093 septimo
1702 5024 1791 5079 die
1821 5025 1893 5079 la-

316 5118 584 5172 borabant
610 5116 838 5187 apostoli
869 5116 1088 5170 tristitia
1128 5131 1192 5171 ae
1234 5124 1379 5171 metu
1429 5114 1757 5172 Iudaeorum.
1802 5116 1889 5182 Et,

316 5209 372 5262 ni
405 5206 580 5273 fallor,
607 5208 799 5263 orabat
832 5217 890 5263 ut
930 5208 1295 5262 liberarentur
1324 5222 1355 5260 a
1387 5207 1575 5269 malo,-
1599 5214 1654 5262 et
1696 5223 1890 5263 conse-

317 5304 429 5358 cuti
449 5312 571 5358 sunt
600 5304 741 5373 quod
769 5303 960 5357 orabat
989 5301 1384 5357 resurrectione
1421 5299 1653 5354 Domini.
1683 5299 1814 5355 Orat
1839 5307 1896 5354 et

312 5414 463 5458 nunc
510 5407 698 5454 sancta
729 5396 969 5453 Ecclesia
997 5393 1151 5465 quasi
1179 5394 1233 5448 in
1268 5393 1496 5463 septima
1533 5392 1644 5457 die,
1679 5390 1896 5460 quando

315 5497 431 5563 iam
455 5491 855 5560 quiescentibus
877 5486 1159 5541 animabus
1188 5490 1517 5546 sanctorum,
1552 5481 1718 5536 instat
1756 5477 1895 5548 jeju—

314 5583 519 5647 nando,
548 5581 836 5653 vigilando,
860 5579 1084 5642 orando,
1111 5573 1371 5631 certando
1393 5572 1445 5627 in
1489 5570 1774 5632 charitatc,
1826 5584 1894 5623 ne

318 5677 675 5754 abrumpatur
698 5670 954 5742 periculis
984 5667 1141 5741 hujus
1169 5662 1353 5720 mundi
1379 5677 1409 5717 a
1453 5676 1547 5735 spe
1590 5658 1891 5719 cwlestium

2000 4479 2341 4547 Quapropter
2369 4474 2520 4538 dicit,
2565 4480 2623 4525 ut
2654 4487 2748 4541 ope
2791 4467 3164 4524 misericordia
3211 4477 3315 4523 tua:
3365 4465 3575 4534 adjuti;

2000 4585 2065 4625 ac
2100 4566 2296 4622 deinde
2329 4563 2513 4619 subdit
2545 4561 2805 4631 apertius.
2829 4576 2858 4614 a
2880 4559 3075 4629 quibus
3122 4557 3279 4613 malis
3325 4565 3575 4626 precetur

1998 4663 2135 4726 erui,
2184 4659 2455 4722 \idelicct,
2507 4665 2622 4710 uta
2649 4663 2860 4723 peccato
2908 4653 3072 4707 simus
3126 4649 3292 4713 liberi,
3323 4658 3378 4703 et
3412 4662 3575 4717 quam

1999 4771 2184 4828 pacem
2212 4758 2483 4823 precetur,
2515 4747 2697 4803 subdit
2724 4747 2945 4809 iterum,
2979 4742 3114 4797 etab
3137 4740 3275 4796 omni
3305 4738 3577 4828 perturba.

1997 4851 2138 4903 tione
2160 4846 2351 4899 securi.
2388 4842 2541 4909 Quod
2581 4854 2687 4894 non
2736 4845 2915 4907 potest
2954 4836 3091 4900 ﬁeri,
3141 4833 3242 4888 nisi
3294 4833 3575 4888 studeatur

1997 4935 2305 4993 virtutibus.
2335 4933 2403 4990 Ut
2422 4933 2679 4994 diximus,
2710 4928 2842 4983 nihil
2872 4926 3015 4982 aliud
3046 4925 3287 4981 continet
3318 4936 3572 4987 sequens,

1998 5030 2102 5084 nisi
2159 5035 2218 5082 ut
2264 5032 2499 5095 exponat
2547 5028 2898 5075 memoratam
2958 5016 3291 5086 petitionem.
3344 5012 3576 5067 Possunt

1998 5129 2111 5174 tres
2150 5116 2361 5172 articuli
2414 5113 2694 5184 praesentis
2744 5110 3004 5166 orationis
3052 5107 3290 5177 cooptari
3344 5102 3569 5170 tempori

1996 5207 2261 5262 triduana:
2313 5203 2600 5273 sepultura:
2645 5201 2875 5255 Domini.
2906 5199 2984 5254 Ac
3010 5199 3128 5253 ideo
3160 5197 3260 5251 hoc
3295 5193 3465 5247 solum
3506 5192 3571 5243 de

1994 5298 2160 5355 missa
2190 5311 2345 5368 posse
2370 5294 2591 5363 intelligi
2616 5293 2875 5348 celebrari
2903 5293 2956 5345 in
2998 5291 3292 5344 Parasceve
3332 5300 3429 5356 pro
3475 5282 3569 5336 lri—

1993 5389 2093 5446 bus
2126 5385 2522 5443 continentibus
2554 5383 2742 5439 diebus
2776 5381 3075 5447 sepulturae.

2706 5609 2851 5631 ’μυ-ροισι,
