3938 6178
432 314 565 370 illi!

1000 431 1225 487 CAP'th
1269 434 1417 487 XXX

434 520 512 575 De
539 524 941 591 pt'n'sentatione
980 524 1448 601 sididiaconorum.
1489 540 1544 583 ut
1571 533 1862 601 suscipiant
1895 549 2016 587 cor-

890 610 988 662 pus
1022 593 1234 649 Domini
1269 597 1336 651 de
1366 598 1545 655 altari.

507 681 620 736 Hoc
668 679 904 736 ollicium
955 684 1024 737 ad
1076 689 1397 743 memoriam
1445 691 1595 746 ducit
1639 695 2019 753 aevotissimas

438 770 717 831 mulieres.
755 785 877 839 qua:
911 772 1122 842 seipsas
1151 787 1621 847 prmsentavqrunt
1663 784 1717 835 in
1745 787 2018 854 exsequiis

433 860 727 928 sepulturae
774 862 1009 917 Domini.
1041 864 1506 925 Prtescntantibus
1540 887 1598 925 se
1648 854 1854 929 sanctis
1893 892 2015 931 mu-

432 949 661 1005 lieribus
693 952 760 1005 ad
801 953 1108 1021 sepulcrum
1149 956 1385 1023 Domini,
1435 960 1718 1017 inveniunt
1764 965 2014 1034 spiritum

434 1040 663 1095 rediisse
692 1040 758 1095 ad
789 1058 1005 1113 corpus,
1041 1053 1095 1100 et
1119 1047 1435 1117 angelorum
1464 1051 1727 1107 visionem
1759 1055 1902 1109 circa
1932 1072 2019 1112 se-

430 1130 700 1200 pulcrum,
734 1149 797 1188 ac
838 1136 1165 1191 annuntiant
1191 1140 1451 1208 apostolis
1478 1158 1597 1212 quae
1640 1144 1909 1202 viderunt.
1942 1149 2019 1204 De

433 1241 542 1292 quo
567 1226 753 1282 utilem
784 1228 1209 1285 admonitionem
1237 1231 1331 1285 dat
1363 1233 1504 1288 Beda
1555 1235 1610 1288 in
1643 1243 1881 1292 tractatu
1922 1255 2016 1294 su-

431 1332 529 1385 per
574 1318 776 1372 Lucam
804 1338 816 1372 :
844 1320 1147 1386 Quomodo,
1200 1322 1396 1392 inquit,
1444 1321 1621 1395 posito
1664 1328 1718 1381 in
1769 1330 2017 1398 sepulcro

433 1424 665 1477 corpore
714 1409 1032 1475 Salvatoris,
1088 1414 1263 1484 angeli
1314 1416 1555 1471 astitisse
1611 1417 1883 1489 leguntur,
1939 1422 2015 1477 ita

433 1500 600 1553 etiam
622 1500 963 1556 celebrandis
992 1502 1235 1572 ejusdem
1264 1507 1593 1562 sanctissimi
1623 1513 1875 1579 corporis
1902 1528 2017 1584 my-

431 1595 634 1660 steriis,
669 1603 913 1667 tempore
956 1600 1388 1655 consecrationis
1425 1602 1685 1658 assistere
1730 1614 1856 1660 sunt
1899 1622 2018 1661 crc-

431 1686 617 1750 dendi,
644 1696 900 1742 monente
924 1688 1204 1760 Apostolo,
1245 1692 1502 1748 mulieres
1536 1694 1783 1750 velamen
1812 1696 2015 1752 habere

438 1785 660 1845 propter
694 1779 914 1847 angelos
947 1777 996 1849 (Ι
1026 1777 1149 1833 Cor.
1205 1781 1304 1851 xl).
1353 1780 1486 1837 Cum
1530 1783 1790 1839 tlimerent
1833 1794 2014 1840 autem
2043 1784 2090 1843 B

430 1876 488 1920 et
512 1867 845 1923 declinarunt
876 1870 1081 1925 vultum
1130 1872 1184 1926 in
1218 1882 1442 1937 terram,
1469 1876 1725 1930 dixerunt
1756 1878 1820 1931 ad
1852 1878 2010 1933 illas:

433 1954 577 2019 Quid
613 1960 849 2027 quaritis
890 1960 1137 2014 viventem
1184 1978 1302 2015 cum
1350 1952 1611 2017 mortuis?
1636 1966 1755 2020 Non
1806 1979 1877 2021 est
1908 1970 2013 2035 hic,

426 2048 657 2101 surrexit
683 2048 876 2117 (Μαι-ε.
910 2052 1044 2119 xvx).
1073 2049 1272 2115 Nolite,
1306 2054 1579 2122 inquiunt,
1606 2072 1729 2110 cum
1762 2061 2012 2123 mortuis,

431 2139 532 2192 hoc
556 2146 660 2201 est,
692 2138 743 2190 in
777 2149 1147 2205 monumento,
1174 2142 1266 2212 qui
1294 2142 1445 2198 locus
1471 2144 1659 2213 utique
1686 2156 1771 2201 est
1798 2150 2016 2218 proprie

430 2235 790 2294 mortuorum,
821 2246 1064 2298 quaerere
1102 2248 1225 2287 eum
1256 2233 1349 2302 qui
1390 2235 1458 2289 ad
1489 2235 1650 2290 vitam
1673 2236 1787 2305 jam
1832 2255 2015 2293 resur-

433 2321 575 2374 rexit
601 2336 631 2373 a
657 2323 903 2377 mortuis.
936 2323 1002 2377 Et
1027 2339 1149 2389 nos,
1177 2327 1426 2396 exetnplo
1448 2328 1766 2385 devotarum
1800 2331 1910 2387 Deo
1938 2332 2015 2388 fe—

428 2412 699 2466 minarum
725 2453 739 2475 ,
797 2415 1013 2482 quoties
1055 2415 1344 2471 ecclesiam
1393 2418 1692 2483 intramus,
1737 2423 2014 2490 mysteriis

427 2500 744 2558 cmlestibus
790 2505 1312 2576 appmpinquamus,
1340 2508 1453 2565 sive
1499 2520 1722 2580 pmpter
1751 2513 2013 2580 angelicas

427 2593 773 2659 pnesentiam
792 2595 1028 2659 virtutis,
1060 2611 1153 2651 seu
1181 2606 1403 2667 propter
1448 2602 1811 2655 reverentiam
1841 2618 2012 2657 sacrze

425 2682 739 2748 oblationis,
777 2701 898 2739 cum
940 2687 1088 2740 omni
1117 2688 1421 2745 huu‘iilitate
1447 2700 1503 2746 et
1529 2692 1721 2748 timore
1752 2694 2012 2751 debemus

427 2771 657 2840 ingredi.
683 2774 764 2828 Ad
792 2785 1139 2843 conspectum
1189 2780 1405 2847 quidem
1446 2781 1760 2853 angelorum
1803 2784 2008 2842 vultum

426 2861 761 2918 declinamus
788 2865 841 2917 in
868 2873 1090 2931 terram,
1113 2884 1235 2921 Ctltll
1261 2885 1618 2939 supernorum
1643 2873 1864 2937 civium,
1889 2889 2010 2944 quae

426 2963 552 3007 sunt
581 2956 775 3025 gaudia
823 2966 1047 3024 alterna,
1087 2963 1537 3031 contemplantes,
1583 2966 1863 3021 humiliter
1908 2986 2008 3025 nos

425 3043 666 3098 cinerem
711 3062 833 3100 esse
865 3056 1176 3120 terramque
1221 3053 1530 3108 recolimus.
1575 3054 1706 3110 Post
1735 3058 1850 3113 lucc
1876 3074 2010 3130 pne-

426 3146 605 3192 sentat
628 3153 686 3192 se
708 3140 1071 3197 subdiaconus
1096 3160 1216 3198 cum
1248 3154 1444 3214 pateua
1479 3162 1575 3201 sua
1604 3148 1672 3203 ad
1696 3150 2003 3219 sepulcrum
2036 3137 2080 3199 (Σ

426 3226 661 3296 Domini,
691 3246 853 3300 quam
877 3235 1087 3304 accepit
1109 3252 1140 3289 a
1164 3237 1492 3293 subdiacono
1518 3251 1797 3309 sequente,
1821 3245 1913 3313 qui
1939 3246 2007 3300 ad

426 3321 768 3387 memoriam,
806 3331 867 3377 ut
924 3340 1087 3395 supra
1135 3326 1389 3394 diximus,
1438 3329 1648 3386 reducit
1696 3342 2006 3390 sanctarum

423 3411 748 3468 feminarum
789 3416 1249 3474 studiosissimum
1279 3419 1532 3477 allectum
1579 3424 1723 3480 circa
1773 3428 2011 3497 sepultu-

394 3549 398 3553 .
427 3519 547 3557 ram
574 3506 810 3561 Domini.
854 3507 971 3564 Non
1001 3519 1084 3566 est
1120 3512 1428 3568 mirandum
1467 3516 1513 3570 si
1563 3524 1764 3572 sancta:
1794 3517 2009 3576 feminae

420 3592 720 3665 iungantur
744 3598 798 3654 in
842 3598 1019 3656 ollicio
1046 3602 1309 3669 diacouis,
1359 3621 1483 3660 cum
1522 3606 1723 3664 Paulus
1759 3625 1853 3665 eas
1879 3626 2010 3666 con-

416 3688 611 3759 jungat
658 3692 711 3746 in
768 3694 1112 3752 ordinatione
1165 3697 1283 3762 eis;
1316 3699 1507 3754 scribit
1551 3701 1618 3755 ad
1663 3702 2006 3759 Timotheum

422 3789 546 3849 post
569 3783 967 3840 ordinationem
1004 3788 1221 3843 diaconi
1248 3807 1261 3843 :
1287 3788 1539 3845 Mulieres
1572 3793 1816 3848 similiter
1846 3796 2007 3865 pudi-

423 3887 535 3931 cas,
569 3879 624 3925 et
652 3872 855 3941 reliqua
878 3874 930 3945 (ι
958 3874 1091 3930 Tim.
1118 3877 1223 3949 ιιι).
1250 3879 1310 3934 1η
1340 3882 1487 3935 omni
1520 3883 1892 3941 admonitione
1916 3902 2009 3942 or-

422 3961 761 4028 dinationis,
786 3966 902 4019 vult
931 3981 1025 4023 eas
1074 3970 1277 4027 similes
1306 3987 1429 4029 esse
1472 3974 1735 4033 diaconis.
1786 3979 1900 4046 Qua
1939 3983 2007 4038 de

425 4065 589 4105 causa
638 4053 749 4109 sint
792 4055 1050 4125 sejunctas
1098 4075 1129 4114 a
1160 4064 1433 4119 consortio
1471 4064 1850 4136 diaconorum,
1880 4089 2001 4129 cum

420 4144 621 4200 Paulus
640 4162 733 4203 cas
760 4148 1053 4221 conjungat
1073 4154 1402 4229 ordinationi
1434 4158 1674 4224 illorum,
1705 4171 1761 4216 et
1784 4164 2007 4219 subdia-

421 4235 543 4288 coni
584 4238 899 4305 succedant,
947 4241 1013 4296 de
1042 4245 1240 4312 quibus
1281 4247 1419 4301 nihil
1461 4248 1599 4305 dixit
1630 4251 1850 4318 Paulus,
1901 4271 2003 4311 no-

422 4336 551 4382 runt
579 4330 669 4399 qui
708 4341 858 4386 caste
886 4334 1074 4390 volunt
1098 4337 1301 4395 vivere.
1342 4340 1477 4395 Nam
1503 4351 1561 4398 et
1589 4345 1645 4399 in
1674 4347 1844 4401 choro
1869 4364 1999 4419 apo-

417 4419 679 4475 stolorum
719 4422 950 4493 legimus
980 4426 1149 4484 fuisse
1189 4430 1440 4490 feminas.
1492 4436 1644 4493 Unde
1692 4439 1893 4496 Paulus
1934 4443 2001 4497 ad

415 4509 748 4577 Corinthios,
777 4513 1032 4588 Nunquid
1055 4536 1158 4573 non
1192 4523 1442 4580 habemus
1476 4538 1785 4597 potestatem
1808 4531 1999 4585 mulie-

416 4616 497 4654 res
527 4604 976 4672 circumducendi,
1003 4610 1136 4663 sicut
1172 4622 1221 4666 et
1246 4615 1423 4669 ειπερ-ἱ
1456 4620 1701 4687 apostoli,
1728 4630 1776 4674 et
1808 4622 2001 4689 fratres

418 4689 654 4757 Domini,
692 4704 741 4748 et
780 4686 982 4766 Cepnas
1022 4699 1074 4770 (1
1104 4700 1228 4757 Cor.
1260 4705 1386 4773 rx)?
1414 4707 1709 4779 Postquam
1738 4686 1998 4767 sacerdos

414 4782 564 4848 dicit,
609 4783 729 4840 Pas:
783 4787 995 4844 Domini
1039 4793 1107 4846 sit
1153 4811 1355 4867 semper
1398 4799 1679 4864 vobiscum,
1726 4812 2000 4870 ponuntur

412 4875 607 4932 oblatae
630 4880 683 4932 in
711 4889 928 4948 patena.
960 4884 1250 4957 Postquam
1278 4890 1423 4945 enim
1452 4891 1704 4947 Christus
1732 4908 1828 4947 sua
1855 4896 2000 4951 salu-

414 4967 621 5022 tatione
658 4968 951 5028 laztiticavit
972 4978 1135 5032 corda
1164 4980 1570 5052 discipulorum,
1603 4993 1728 5039 vota
1756 4984 1993 5043 femina-

412 5072 531 5111 rum
561 5061 825 5131 completa
852 5074 999 5130 sunt,
1032 5081 1290 5141 percepto
1329 5073 1526 5143 gaudio
1549 5078 1986 5134 resurrectionis.

972 5177 1201 5235 CAPUT
1244 5181 1429 5235 XXXI.

728 5263 806 5319 De
844 5267 1168 5322 immissione
1196 5271 1349 5341 panis
1378 5272 1431 5325 in
1462 5289 1656 5328 rmum.

478 5356 871 5413 lmmissionem
915 5362 1071 5430 panis
1108 5362 1163 5418 in
1210 5364 1393 5418 vinum
1445 5381 1610 5422 cerno
1641 5372 1782 5440 apud
1827 5389 1991 5443 quos-

408 5447 532 5501 dam
576 5449 723 5503 varie
767 5450 1003 5515 actitari,
1038 5453 1109 5506 ita
1157 5460 1216 5506 ut
1251 5455 1416 5525 aliqui
1465 5458 1641 5528 primo
1682 5462 1902 5519 mittant
1923 5466 1989 5521 de

408 5548 592 5594 sancta
636 5542 689 5596 in
727 5545 975 5609 calicem,
1004 5556 1058 5602 et
1100 5557 1285 5618 postea
1333 5549 1536 5615 dicant,
1576 5550 1695 5607 Par
1733 5554 1985 5621 Domini;

407 5644 439 5680 e
482 5640 669 5685 contra
695 5634 857 5702 aliqui
905 5646 1183 5692 reservent
1207 5638 1617 5703 immissiouem,
1652 5659 1822 5713 usque
1858 5646 1985 5702 dum

408 5731 511 5786 pax
563 5720 832 5776 celebrata
876 5726 961 5789 sit,
995 5735 1049 5781 et
1096 5726 1290 5783 fractio
1314 5733 1488 5800 panis.
1523 5731 1599 5786 Ac
1651 5733 1771 5788 idco
1802 5737 1987 5793 studet

1478 322 1808 378 AMALARll
1847 323 2283 380 PRESBYTERI
2324 327 2667 385 METENSIS

2047 443 2096 500 Α
2121 440 2366 508 parvitas
2405 458 2524 497 mea
2556 452 2617 498 ut
2645 444 2813 501 verba
2853 445 3021 502 libelli
3053 449 3286 505 Romani
3328 454 3397 509 de
3430 458 3629 512 eadem
3660 478 3724 515 re

3566 233 3600 248 ρ

3572 347 3719 401 {ibi

2120 546 2339 600 ponam,
2373 542 2428 587 et
2455 534 2598 604 quod
2636 551 2667 589 a
2699 535 2932 592 Domino
2957 541 3251 610 impetrare
3274 555 3503 613 potem,
3526 558 3589 603 ut
3606 552 3725 620 opi-

2120 638 2241 687 nor,
2277 624 2332 678 in
2364 625 2615 697 indagine
2643 639 2960 685 memorata:
2989 633 3067 687 rei
3096 649 3366 704 promam.
3390 639 3542 695 Dicit
3565 641 3725 699 lihel—

2120 715 2204 770 lus
2243 727 2577 773 memoratus
2616 738 2629 773 :
2671 738 2691 770 ι
2723 720 2858 776 Cum
2905 725 3104 780 dixerit
3147 746 3160 780 :
3202 727 3323 783 Pax
3372 729 3603 788 Domini
3653 738 3723 790 sit

2118 821 2321 876 semper
2343 800 2630 874 uobiscum,
2671 813 2840 867 mittit
2871 815 2923 868 in
2971 816 3197 872 calicem
3228 820 3297 875 de
3338 832 3560 879 sancta.
3596 845 3617 877 s
3654 826 3723 883 lit

2120 911 2264 961 reor,
2296 913 2402 952 non
2436 898 2658 954 frustra.
2696 901 3008 973 Corporalis
3038 907 3146 962 vita
3175 924 3243 964 ex
3270 914 3541 984 sanguine
3576 930 3713 971 con-

2119 995 2230 1041 stat
2253 997 2309 1042 et
2334 1005 2518 1045 carne.
2548 991 2799 1058 Quandiu
2829 996 2945 1050 base
2986 996 3093 1053 duo
3135 1000 3317 1072 vigent
3363 1003 3419 1057 in
3458 1005 3715 1072 homine,

2118 1082 2339 1150 spiritus
2367 1085 2539 1140 adest.
2571 1086 2627 1140 ln
2659 1088 2766 1142 isto
2790 1088 2969 1146 ollieio
3000 1102 3359 1163 monstratur,
3383 1102 3716 1171 sanguineus

2118 1172 2298 1228 fusum
2329 1190 2429 1245 pro
2459 1187 2647 1234 nostra
2713 1182 2913 1248 anima,
2963 1191 3019 1238 et
3054 1201 3276 1242 carnem
3307 1201 3590 1249 mortuam
3618 1212 3719 1266 pro

2117 1274 2304 1319 nostro
2331 1282 2560 1337 corpore
2588 1270 2768 1325 redire
2799 1273 2867 1326 ad
2900 1276 3175 1345 propriam
3204 1279 3600 1350 substantiam,
3631 1296 3715 1340 at-

2116 1369 2221 1424 que
2249 1357 2440 1425 spiritu
2469 1358 2777 1415 vivificante
2805 1366 3055 1433 vegetari
3076 1368 3351 1424 hominem
3382 1388 3613 1440 novum,
3660 1386 3722 1432 ut

2116 1445 2256 1498 ultra
2302 1462 2409 1500 non
2451 1448 2736 1515 moriatur,
2766 1453 2859 1521 qui
2901 1469 2999 1523 pro
3046 1458 3202 1512 nobis
3231 1470 3484 1517 mortuus
3512 1463 3621 1519 fuit
3661 1479 3719 1522 et

2117 1540 2437 1593 resurrexit.
2470 1540 2613 1595 Crux
2645 1558 2769 1611 qua:
2793 1543 3061 1600 formatur
3088 1563 3251 1618 super
3278 1552 3509 1608 calicem
3533 1558 3708 1625 parti

2116 1628 2234 1683 cuia
2274 1629 2489 1695 oblatze,
2521 1633 2695 1701 ipsum
2743 1635 2899 1690 nobis
2943 1652 3143 1708 corpus
3179 1648 3307 1695 ante
3353 1643 3546 1699 oculos
3571 1661 3718 1716 pr:—

2118 1719 2308 1774 scrihit
2346 1722 2489 1791 quod
2539 1738 2639 1793 pro
2674 1725 2829 1779 nobis
2856 1727 3174 1809 cruciﬁxum
3221 1741 3326 1785 est.
3378 1733 3510 1789 Ideo
3535 1739 3720 1809 tangit

2119 1822 2353 1883 quatuor
2376 1814 2544 1869 latera
2571 1815 2775 1879 calicis,
2807 1819 2931 1887 quia
2954 1802 3053 1889 per
3076 1821 3204 1876 illud
3232 1824 3514 1882 hominum
3538 1802 3719 1900 genus

2119 1914 2350 1974 quatuor
2374 1905 2650 1961 climatum
2674 1908 2741 1961 ad
2771 1910 3033 1965 unitatem
3062 1914 3224 1969 unius
3246 1921 3495 1987 corporis
3522 1936 3717 1977 acces-

2117 1998 2210 2059 sit,
2260 2006 2315 2051 et
2363 1998 2430 2051 ad
2474 2013 2660 2067 pacem
2701 2001 2983 2057 catholicae
3036 2003 3311 2060 Ecclesiae.
3351 2008 3505 2064 Talia
3538 2013 3715 2067 verba

2118 2090 2371 2144 sacerdos
2399 2090 2501 2144 hoc
2527 2091 2737 2161 agendo
2765 2093 3010 2161 profert:
3041 2093 3163 2150 Fiat
3197 2102 3503 2155 commixtio
3523 2121 3719 2174 corpo-

2117 2180 2190 2232 ris
2223 2188 2271 2232 et
2299 2180 2571 2249 sanguinis
2618 2180 2831 2235 Domini
2866 2184 3240 2252 accipientibus
3270 2190 3419 2244 nobis
3449 2193 3506 2245 in
3543 2197 3717 2248 vitam

2116 2280 2389 2325 a'ternam.
2433 2271 2564 2338 Qua:
2603 2273 2769 2328 verba
2811 2288 3102 2345 precantur
3130 2288 3189 2333 ut
3217 2280 3311 2335 fiat
3359 2300 3560 2355 corpus
3606 2289 3718 2343 Do-

2115 2361 2251 2416 mini
2276 2377 2514 2431 prresens
2537 2365 2739 2419 oblatio
2777 2382 2874 2436 per
2906 2373 3380 2439 resurrectionem,
3408 2390 3509 2444 per
3535 2394 3712 2447 quam

2115 2452 2420 2505 veneranda
2464 2462 2518 2507 et
2565 2462 2768 2509 :eterna
2809 2472 2912 2525 pax
2957 2459 3083 2514 data
3116 2470 3219 2525 est,
3272 2481 3380 2519 non
3426 2466 3610 2523 solum
3658 2473 3713 2526 in

2116 2550 2283 2606 terra,
2314 2543 2407 2597 sed
2435 2545 2599 2598 etiam
2630 2547 2683 2600 in
2709 2548 2866 2602 caelo.
2899 2549 3049 2605 Tunc
3075 2567 3425 2612 cessaverunt
3450 2576 3715 2617 murmu—

2115 2650 2237 2690 rare
2262 2638 2499 2706 operarii
2530 2640 2703 2695 vinea:
2741 2640 2891 2697 horae
2917 2644 3123 2713 primm,
3172 2650 3368 2715 tertiae,
3405 2660 3461 2706 et
3492 2664 3709 2720 sextae.

2116 2732 2244 2779 tunc
2276 2726 2400 2779 data
2428 2737 2512 2780 est
2537 2742 2642 2797 pax
2684 2744 2845 2797 quam
2877 2733 3244 2801 promiserunt
3274 2737 3453 2808 angeli
3484 2741 3539 2793 in
3572 2758 3713 2798 san—

2112 2816 2355 2871 ctissima
2405 2816 2563 2875 nocte
2602 2821 2868 2887 dicentes,
2921 2824 3105 2879 Gloria
3136 2828 3192 2882 in
3232 2830 3452 2885 excelsis
3483 2833 3627 2899 Deo,
3656 2848 3707 2890 et

2111 2906 2166 2959 in
2195 2916 2334 2961 terra
2362 2927 2468 2979 pax
2493 2912 2790 2969 hominibus
2817 2916 2965 2970 bona:
2991 2918 3293 2975 uoluntatis.
3320 2922 3583 2980 Eamdem
3617 2944 3709 2982 sa-

2110 2996 2305 3053 cerdos
2356 3016 2503 3057 nunc
2552 3004 2616 3056 ad
2659 3008 2979 3062 memoriam
3029 3019 3267 3075 revocat,
3317 3013 3503 3069 dicens
3534 3034 3548 3069 :
3578 3014 3709 3073 Pas:

2112 3087 2327 3143 Domini
2353 3091 2422 3144 sit
2459 3109 2660 3163 semper
2692 3095 2975 3150 uobiscum.
3006 3097 3265 3155 Eamdcm
3295 3104 3530 3173 populus
3553 3108 3710 3163 inse-

2111 3179 2301 3249 quitur
2343 3197 2442 3251 per
2468 3184 2621 3238 basia
2667 3185 2881 3241 blanda.
2921 3186 3177 3256 ASstimo,
3206 3196 3507 3248 secundum
3549 3197 3708 3255 hunc

2111 3285 2355 3337 sensum,
2389 3273 2531 3343 quod
2558 3291 2664 3330 non
2704 3288 2851 3332 erret
2882 3280 2928 3334 si
2958 3281 3079 3349 quis
3109 3284 3285 3352 primo
3313 3296 3501 3341 sancta
3527 3304 3704 3358 ponat

2110 3358 2163 3412 in
2204 3361 2449 3427 calicem,
2509 3375 2565 3419 et
2601 3365 2725 3420 dein
2751 3369 2966 3434 dixerit,
3002 3368 3119 3426 Paa.
3153 3374 3364 3429 Domini
3388 3382 3459 3431 sit
3486 3397 3704 3452 semper

2109 3450 2391 3518 vobiscum,
2434 3456 2583 3512 s'lvo
2626 3459 2942 3541 magisterio
2974 3462 3395 3520 didascalurum.
3434 3450 3708 3539 Sequitur

2109 3540 2163 3594 in
2187 3540 2366 3598 libello
2391 3556 2728 3617 memorato:
2762 3568 2780 3598 ι
2809 3540 2916 3604 Sed
2943 3553 3359 3612 archidiaconus
3382 3574 3573 3628 pacem
3602 3562 3705 3618 dat

2108 3632 2364 3704 episcopo
2402 3636 2575 3706 prior.
2604 3639 2802 3696 deinde
2839 3646 3019 3699 cazteri
3069 3661 3168 3714 per
3198 3649 3468 3715 ordinem,
3500 3663 3556 3708 et
3601 3672 3704 3726 po—

2109 3724 2285 3792 pulus.
2344 3725 2494 3784 Tunc
2546 3732 2791 3800 pontifex
2843 3737 3048 3806 rumpit
3103 3737 3340 3794 oblatam
3398 3759 3465 3798 ex
3521 3724 3703 3804 latere

2109 3815 2322 3883 dextro,
2347 3826 2402 3873 et
2429 3821 2754 3888 particulam
2778 3839 2942 3894 quam
2973 3830 3176 3898 rumpit
3209 3846 3376 3902 super
3407 3835 3585 3890 altare
3617 3853 3705 3892 re-

2109 3906 2337 3978 linquit,
2380 3909 2619 3981 reliquas
2647 3929 2775 3970 vero
2812 3917 3115 3976 oblationes
3144 3924 3298 3991 ponit
3321 3924 3377 3978 in
3414 3936 3699 3995 patenum.

2110 4014 2272 4068 quam
2307 4008 2454 4055 tenet
2475 4003 2754 4061 diaconus.
2789 4027 2808 4059 ι
2845 4008 2913 4063 Et
2930 4019 3055 4079 post
3087 4027 3258 4081 pauca
3285 4031 3300 4067 :
3332 4033 3353 4065 ι
3389 4016 3546 4073 Tunc
3569 4035 3700 4075 aco-

2107 4086 2243 4158 lythi
2286 4089 2493 4147 vadunt
2525 4092 2750 4150 dextera
2804 4097 3051 4170 laevaque
3089 4116 3187 4170 per
3226 4103 3518 4176 episcopos
3549 4110 3699 4164 circa

2109 4179 2319 4235 altare:
2347 4182 2540 4253 reliqui
2568 4185 2904 4244 descendunt
2940 4190 3009 4246 ad
3044 4192 3413 4264 presbyteros.
3444 4206 3509 4251 ut
3547 4198 3701 4255 fran-

2107 4281 2240 4339 gant
2270 4271 2494 4329 hostias.
2531 4274 2737 4333 Patena
2764 4282 3020 4349 praecedit
3038 4281 3195 4350 juxta
3223 4287 3431 4353 sedem,
3472 4287 3701 4346 ferenti-

2107 4363 2208 4417 bus
2242 4379 2364 4419 eam
2402 4366 2616 4422 duobus
2653 4369 3079 4429 subdiaconibus
3111 4377 3435 4447 regionariis
3470 4380 3542 4434 ad
3572 4382 3697 4437 dia-

2108 4469 2296 4519 conos,
2327 4464 2387 4510 ut
2415 4455 2686 4528 frangant.
2722 4481 2740 4512 ι
2778 4461 2845 4515 Et
2886 4462 3086 4519 iterum
3121 4476 3247 4536 post
3274 4469 3457 4540 aliqua
3486 4489 3500 4525 :
3530 4491 3551 4523 ι
3584 4473 3697 4528 Es-

2106 4547 2247 4615 pleta
2276 4548 2671 4612 confractione,
2712 4553 2973 4610 diaconus
3012 4558 3207 4625 minor,
3239 4559 3414 4616 levata
3453 4563 3528 4620 de
3556 4568 3692 4620 sub.

2103 4640 2336 4695 diacono
2386 4651 2616 4712 patena,
2678 4643 2783 4699 fert
2836 4648 2903 4702 ad
2964 4650 3147 4705 sedem
3201 4658 3265 4705 ut
3320 4658 3694 4712 couimunicet

2101 4732 2374 4800 pontifex;
2415 4733 2506 4802 qui
2546 4733 2672 4789 dum
2715 4739 3202 4795 communicaverit
3238 4743 3306 4797 de
3342 4744 3484 4814 ipsa,
3523 4761 3689 4817 quam

2102 4825 2490 4889 momorderat,
2522 4827 2672 4894 ponit
2698 4828 2843 4882 inter
2876 4846 3070 4885 manus
3102 4834 3474 4891 archidiaconi
3508 4838 3565 4893 in
3592 4855 3686 4894 ra—

2100 4912 2280 4969 licem.
2313 4936 2330 4967 »
2364 4914 2420 4970 Si
2445 4918 2549 4971 hoc
2571 4916 2644 4971 ita
2668 4919 2920 4989 agiturin
2945 4921 3190 4978 Romana
3218 4925 3460 4983 Ecclesia
3493 4931 3564 4984 ab
3583 4932 3690 4987 illis

2100 5014 2281 5074 potest
2307 5006 2512 5061 addisci
2542 5008 2671 5078 quid
2694 5010 2963 5080 significet
2985 5014 3069 5069 bis
3096 5015 3303 5085 positus
3323 5019 3484 5087 panis
3511 5022 3567 5075 in
3594 5037 3689 5077 ea.

2101 5093 2281 5149 licem.
2313 5093 2429 5149 Non
2473 5097 2619 5151 enim
2658 5108 2817 5154 vacat
2869 5116 2900 5154 a
2945 5105 3205 5173 mysterio
3231 5107 3497 5177 quidquid
3533 5111 3589 5164 in
3620 5127 3688 5165 eo

2098 5187 2274 5243 ollicio
2298 5189 2476 5256 agitur
2494 5190 2646 5261 juxta
2676 5194 3119 5251 constitutionem
3144 5197 3391 5277 Patrum.
3417 5201 3560 5268 Quid
3586 5219 3681 5257 no-

2100 5277 2184 5333 bis
2211 5277 2427 5333 videtur
2463 5294 2624 5348 posse
2655 5282 2965 5353 significare
3008 5287 3278 5344 immissio
3313 5293 3470 5360 panis
3508 5292 3562 5348 in
3603 5295 3681 5347 ri-

2100 5387 2247 5436 uum,
2282 5380 2338 5427 et
2362 5389 2465 5443 pax
2491 5374 2689 5445 popqu
2728 5386 2980 5447 porrecta
3008 5394 3108 5449 per
3144 5395 3333 5437 vocem
3358 5386 3678 5447 sacerdotis.

2096 5464 2373 5535 iitagistris
2398 5464 2695 5522 obtulimus
2721 5468 2790 5523 ad
2818 5468 3242 5526 dilucidandum.

2643 5557 2870 5614 CAPUT
2910 5559 3125 5615 XXXII.

2636 5650 2714 5704 De
2740 5649 2898 5705 Pacis
2935 5653 3132 5707 «culo.

2165 5739 2486 5798 Contcutmu
2517 5740 2601 5798 mc
2640 5752 2855 5812 oportet
2890 5758 3012 5801 esse
3058 5744 3124 5800 de
3155 5760 3289 5817 pace
3338 5748 3393 5803 in
3435 5763 3501 5803 eo
3530 5749 3677 5820 quod
