3938 6178
260 321 405 377 ’11Ϊίξὸ

1014 318 1099 372 DE
1139 316 1686 373 ECCLESIASTICIS
1723 316 2011 373 OFFICIIS
2045 317 2222 374 LlDlil
2262 318 2351 373 IV.
2390 350 2458 359 ——
2499 320 2624 375 LIB.
2667 321 2747 377 ιιι.

3383 329 3521 384 libb

260 433 609 504 Innocentius
635 432 701 486 de
739 446 802 485 ea
850 430 1040 485 scribit
1071 431 1138 485 ad
1181 429 1496 484 Decentium
1527 428 1837 498 episcopum
1866 430 1915 489 Α
1943 428 2185 497 utrisque
2214 428 2302 483 dat
2333 437 2514 498 aptum
2544 431 2827 485 consilium
2859 430 2916 485 S.
2957 432 3290 503 Augustinus
3327 436 3395 490 ad
3437 438 3519 492 in-

262 529 319 581 in
345 522 720 581 Decretalibus
746 521 926 591 primo
953 520 1188 590 capitulo
1216 517 1414 590 (σι-ιιι..
1454 518 1582 572 dist.
1610 533 1686 582 χι,
1713 533 1831 587 cap.

261 618 350 683 Si,
388 626 438 671 et
461 616 528 669 de
555 612 797 677 Consec.,
829 612 953 665 dist.
983 628 1101 683 cap.
1128 610 1364 681 Pacem),
1398 602 1619 680 propter
1653 617 1838 664 aucto-

259 710 483 763 ritatem
510 705 645 759 tanti
675 703 772 757 viri
802 720 814 755 :
843 702 1039 756 Pacem
1063 701 1229 771 igitur
1262 701 1464 756 asseris
1500 708 1627 754 ante
1654 697 1838 754 confe-

257 811 347 857 cta
374 798 633 870 mysteria
662 796 926 867 quosdam
957 794 1171 865 populis
1199 794 1490 863 imperare,
1520 793 1601 847 vel
1629 794 1732 847 sibi
1762 793 1840 847 in—

257 889 435 943 vicem
463 885 772 942 sacerdotes
789 884 1024 949 tradere,
1048 898 1171 937 cum
1190 891 1313 952 post
1338 882 1540 946 omnia,
1566 897 1687 951 quas
1708 897 1838 951 ape-

256 978 371 1032 rire
411 990 522 1030 non
555 975 746 1035 debeo,
791 988 895 1041 pax
942 972 1013 1026 sit
1047 972 1354 1026 necessaria
1403 970 1708 1035 indicendo,
1742 985 1839 1039 per

248 1084 427 1139 quam
467 1075 685 1123 constet
710 1065 967 1136 pupulum
1013 1065 1081 1120 ad
1114 1065 1297 1120 omnia
1334 1079 1455 1132 quae
1481 1064 1535 1117 in
1564 1062 1838 1133 mysteriis

258 1173 518 1233 aguntur,
553 1168 716 1229 atque
754 1160 807 1213 in
848 1158 1081 1213 ecclesia
1126 1156 1495 1221 celebrantur,
1544 1156 1839 1233 praebuisse

198 1248 203 1251 Α
255 1230 619 1317 consensum,
644 1266 710 1305 ac
739 1249 888 1304 linito
919 1264 1041 1305 esse
1076 1248 1228 1319 pacis
1263 1230 1639 1302 concludent'is
1659 1246 1840 1317 signa-

258 1345 384 1401 culo
413 1345 867 1400 demonstrentur.
897 1340 1267 1410 Interrogatus
1297 1356 1415 1394 sum
1457 1340 1525 1393 ab
1567 1339 1838 1408 aliquibus

259 1448 434 1504 quare
461 1449 565 1485 non
601 1432 831 1485 invicem
854 1429 1141 1501 porrigant
1170 1429 1274 1483 sibi
1312 1428 1495 1483 oscula
1540 1428 1641 1482 viri
1665 1438 1721 1483 et
1749 1428 1834 1482 fe-

262 1525 424 1578 mina:
471 1524 525 1577 in
551 1522 725 1576 oﬂicio
771 1522 984 1575 misse?
1032 1521 1240 1587 Quibus
1269 1520 1519 1589 quamvis
1563 1529 1693 1573 tunc
1733 1535 1837 1575 non

262 1614 687 1683 responderem,
745 1611 1176 1682 respondendum
1219 1627 1365 1665 nunc
1414 1611 1530 1665 fore
1577 1610 1833 1665 arbitror.

260 1702 523 1757 Carnales
547 1696 851 1770 amplexus,
873 1701 1069 1770 quibus
1089 1701 1391 1772 junguntur
1416 1699 1712 1769 scepissime
1737 1698 1836 1753 viri

1939 518 2284 585 quisitionetn
2334 518 2567 574 Ianuarii
2618 521 2686 575 de
2720 521 2909 575 eadem
2948 537 3006 576 re
3045 522 3167 594 (Ep.
3214 524 3336 595 “8)
3372 525 3519 581 :Re—

1937 610 2111 673 ctius,
2162 610 2370 679 inquit,
2412 611 2555 665 inter
2601 626 2696 665 eos
2742 611 2971 666 fortasse
3005 614 3271 682 quispiam
3313 615 3520 669 dirimit

1939 700 2105 760 litem.
2136 700 2226 768 qui
2265 709 2451 755 monet
2494 710 2552 754 ut
2589 702 2861 770 praecipue
2901 702 2954 756 in
2981 702 3185 757 Christi
3235 718 3369 772 pace
3396 719 3519 774 per-

1939 798 2213 844 maneant.
2244 789 2347 863 (De
2389 808 2619 846 consccr.
2650 792 2776 846 dist.
2807 792 2861 856 2,
2913 808 2961 845 c.
3008 791 3296 865 Quotidie.)
3331 794 3520 859 Faciat

1938 890 2120 935 autem
2150 882 2524 951 unusquisque
2554 884 2693 950 quod
2734 882 3028 938 secundum
3056 884 3216 940 iidem
3244 902 3396 941 suam
3428 889 3515 957 pie

1937 971 2114 1026 credit
2133 987 2255 1027 esse
2273 971 2602 1028 faciendum.
2632 973 2833 1029 Neuter
2851 977 2997 1031 enim
3021 992 3209 1032 eorum
3225 979 3517 1035 exhorrcat

1937 1078 2135 1132 corpus
2168 1072 2223 1117 et
2246 1064 2562 1133 sanguinem
2602 1064 2836 1130 Domini,
2867 1067 2959 1120 sed
2983 1068 3403 1122 saluberrimum
3431 1086 3517 1124 sa-

1937 1161 2276 1207 cramentum
2329 1155 2579 1208 certatim
2632 1155 2901 1210 honorare
2951 1158 3267 1212 contendat.
3333 1158 3518 1228 Neque

1938 1244 2083 1297 enim
2141 1243 2489 1314 litigaverunt
2539 1245 2681 1299 inter
2719 1259 2798 1311 se,
2852 1256 2947 1300 aut
2999 1248 3284 1317 quisquam
3327 1264 3514 1304 eorum

1938 1348 1998 1387 se
2031 1332 2189 1387 alteri
2226 1334 2534 1404 praeposuit.
2574 1334 2833 1391 Zachteus
2868 1344 2925 1390 et
2954 1336 3043 1391 ille
3082 1339 3332 1392 centurio
3359 1336 3512 1408 (an.

1940 1422 2075 1493 nx),
2103 1438 2225 1477 cum
2249 1423 2385 1478 alter
2400 1440 2586 1479 eorum
2620 1425 2859 1495 gaudens
2888 1442 2941 1479 ιιι
2966 1427 3185 1480 domum
3215 1442 3367 1480 suam
3398 1442 3516 1481 sus-

1938 1513 2141 1582 ceperit
2174 1514 2481 1579 Dtuninum,
2511 1513 2648 1567 alter
2677 1515 2896 1579 dixerit,
2925 1516 3047 1569 Non
3085 1534 3203 1570 sum
3245 1517 3433 1586 dignus
3460 1527 3515 1571 ut

1936 1603 2033 1656 sub
2065 1612 2255 1655 tectum
2290 1618 2461 1655 meum
2496 1604 2657 1656 intres
2690 1603 2907 1667 (Matth.
2944 1607 3083 1676 vrtt).
3116 1606 3289 1661 Ambo
3328 1608 3515 1661 Salva-

1939 1701 2109 1746 torem
2169 1691 2591 1747 honorificantes
2640 1693 2855 1747 diverso
2913 1702 2968 1748 ct
3016 1697 3171 1764 quasi
3234 1698 3511 1752 contrario

257 1803 319 1847 et
359 1791 592 1857 (ennium,
623 1792 831 1846 vitandi
878 1800 1006 1847 sunt
1047 1793 1100 1847 in
1138 1792 1385 1847 ecclesiae
1426 1800 1718 1847 conventu.
1754 1791 1834 1845 Ac
1864 1784 1909 1844 Β
1940 1784 2123 1848 modo,
2162 1782 2322 1838 ambo
2361 1784 2599 1852 peccatis
2636 1783 2846 1852 miseri,
2874 1785 3035 1839 ambo
3080 1786 3511 1842 misericordiam

262 1890 389 1943 ideo
430 1895 846 1956 sequestrantur
884 1888 987 1942 viri
1018 1897 1072 1942 et
1104 1888 1319 1943 femina:
1361 1888 1415 1943 in
1444 1887 1696 1953 ecclesia,
1728 1904 1837 1944 non

258 1980 436 2035 solum
474 1981 544 2035 ab
574 1979 763 2034 osculo
799 1979 1023 2041 carnali,
1056 1979 1149 2034 sed
1195 1980 1361 2033 etiam
1387 1980 1494 2035 situ
1539 1979 1715 2035 locati.
1753 1979 1837 2033 Ab

261 2072 349 2126 his
388 2070 637 2140 personis
671 2070 869 2124 dantur
913 2070 1097 2126 oscula
1130 2079 1319 2124 mutua
1363 2070 1418 2124 in
1463 2069 1714 2134 ecclesia,
1746 2072 1838 2140 qui

259 2160 464 2216 nullam
505 2160 868 2217 titillationem
903 2160 1208 2216 libidinosa:
1249 2161 1612 2232 suggestionis
1640 2173 1839 2233 cogunt

256 2254 519 2308 excitare.

788 2321 1018 2379 CAPUT
1058 2322 1295 2377 ΧΧΧΠΖ.

837 2413 914 2469 De
934 2414 1121 2486 Agnus
1148 2415 1261 2469 Dei.

336 2508 558 2579 Sergius
582 2522 720 2577 papa
755 2506 1036 2560 constituit
1063 2513 1120 2558 ιιι
1152 2506 1329 2576 Agnus
1370 2505 1465 2559 Dei
1491 2515 1830 2571 cantaretnr,

256 2602 403 2657 sicut
427 2602 700 2671 ,scriptum
742 2607 828 2654 est
863 2599 916 2653 in
944 2598 1126 2654 Gestis
1155 2598 1573 2668 pontiticatibus.
1603 2600 1702 2654 ilic
1728 2608 1837 2654 sta-

260 2694 366 2749 tuit
417 2702 475 2747 nt
533 2700 775 2762 tempore
821 2689 1209 2745 confractionis
1266 2690 1536 2745 Dominici
1590 2690 1837 2761 corporis

257 2789 441 2855 Agnus
470 2784 568 2840 Dei
600 2800 630 2837 a
650 2783 796 2837 clero
825 2791 880 2839 et
910 2782 1106 2854 populo
1144 2784 1480 2839 decantetur.
1513 2784 1836 2855 Deprecatio

255 2887 345 2932 est
378 2893 476 2948 pro
511 2876 728 2948 populo,
760 2876 852 2944 qni
898 2885 1212 2945 sumpturus
1246 2884 1331 2930 est
1359 2890 1557 2944 corpus
1596 2875 1832 2938 Domini,

259 2979 321 3022 ut
345 2967 715 3023 misericordia
756 2967 1059 3021 innocentis
1096 2966 1242 3035 agni,
1282 2972 1508 3038 peccata
1548 2965 1836 3020 subitanea

255 3067 315 3114 ct
346 3058 607 3112 irruentia
636 3056 973 3121 auferantur,
1003 3056 1212 3112 scilicet
1231 3056 1621 3127 cogitationum
1640 3057 1838 3113 verbo-

259 3164 515 3219 rumque,
543 3159 597 3203 et
628 3151 766 3204 sicut
794 3149 1045 3219 passione
1071 3164 1167 3202 sua
1199 3148 1363 3202 totius
1392 3148 1581 3202 mundi
1608 3147 1732 3202 tulit
1757 3146 1835 3203 of-
1860 3133 1905 3195 (ἶ

257 3239 431 3302 tensa,
478 3239 551 3294 ita
590 3250 647 3293 et
688 3255 830 3294 nunc
866 3238 1143 3302 Ecclesia,
1192 3253 1313 3307 quae
1349 3253 1472 3291 eun
1515 3247 1835 3307 susceptura

255 3342 345 3387 est
378 3348 477 3402 per
504 3332 923 3387 Eucharistiam.
970 3332 1282 3401 Antiphonta
1331 3346 1589 3399 sequens,
1635 3332 1685 3384 id
1725 3338 1834 3395 est,

258 3442 365 3482 vox
402 3426 698 3498 reciproca,
741 3426 864 3496 iura
904 3424 1264 3481 fraternitatis
1296 3424 1554 3487 ostendit,
1587 3432 1646 3477 ut
1675 3439 1839 3478 unus-

265 3516 500 3586 quisque
522 3515 747 3571 alterius
768 3515 988 3569 utilitati
1016 3515 1252 3580 studeat,
1282 3523 1336 3569 ct
1361 3528 1659 3585 provocare
1682 3523 1838 3569 curet

260 3607 331 3661 ad
364 3606 557 3677 gaudia
584 3605 1020 3660 resurrectionis.
1048 3605 1216 3673 Quem
1243 3615 1424 3676 typum
1453 3614 1740 3677 gesserunt
1761 3605 1837 3660 illi

259 3699 368 3752 duo
394 3699 487 3768 qui
525 3696 810 3752 Dominum
859 3708 1230 3767 cognoverunt
1279 3699 1330 3751 in
1368 3698 1633 3754 fractione
1659 3701 1835 3769 panis,

259 3797 317 3842 et
346 3788 490 3846 illico
520 3798 874 3858 perrexerunt
897 3788 1259 3856 Hierusalem,
1298 3800 1344 3843 et
1371 3790 1675 3845 invenerunt
1715 3806 1841 3844 con-

259 3890 500 3950 gregatos
521 3879 779 3944 undecim,
807 3890 855 3933 et
879 3896 966 3934 eos
994 3880 1083 3951 qui
1114 3896 1231 3933 cum
1265 3879 1391 3950 ipsis
1416 3891 1565 3934 erant
1588 3882 1837 3945 dicentes,

262 3970 405 4034 Quia
437 3970 665 4024 surrexit
692 3968 952 4024 Dominus
987 3987 1122 4034 cere,
1148 3980 1196 4023 ct
1234 3972 1478 4041 apparuit
1516 3970 1763 4026 Simoni:
1793 3983 1841 4025 et

262 4061 367 4130 ipsi
403 4060 693 4115 narrabant
724 4078 842 4131 qua:
883 4072 1034 4115 erant
1063 4071 1207 4132 gesta
1255 4063 1310 4116 in
1341 4064 1448 4128 via,
1492 4072 1542 4117 et
1578 4065 1839 4133 quomodo

257 4160 613 4221 cognoverunt
656 4168 798 4219 eum,
826 4154 880 4206 in
908 4152 1165 4221 [ractione
1193 4154 1344 4222 panis
1371 4152 1522 4225 (an.
1556 4153 1726 4227 χειν).
1762 4153 1840 4208 llli

261 4255 500 4309 namque
520 4243 1271 4314 cantaveruntantiphonam,
1305 4245 1540 4300 vicissim
1572 4246 1841 4301 narrando

262 4331 333 4385 de
356 4330 755 4387 resurrectione
786 4333 1016 4387 Domini.

792 4443 1018 4499 CAPUT
1057 4444 1296 4499 XXXIV.

796 4532 876 4587 De
907 4531 1269 4588 Eacltaristia.

333 4620 674 4677 Eucharistia
734 4622 994 4677 sumenda
1046 4630 1131 4677 est
1183 4634 1307 4693 post
1360 4626 1604 4678 osculum
1666 4627 1836 4696 pacis.

261 4712 419 4767 Sicut
472 4726 610 4765 unus
649 4711 806 4780 panis
844 4727 1034 4767 sumus
1074 4713 1127 4767 in
1169 4713 1410 4778 Christo,
1465 4715 1545 4767 sic
1588 4723 1642 4769 et
1674 4731 1841 4770 unum

259 4819 359 4860 cor
385 4802 644 4858 debemus
663 4803 882 4857 habere.
916 4802 1036 4873 Ipsa
1066 4803 1246 4856 unitas
1268 4812 1325 4858 ut
1354 4812 1620 4866 teneatur,
1656 4806 1843 4859 admo-

261 4906 425 4950 netur
454 4907 551 4964 per
569 4894 754 4949 oscula
783 4895 950 4965 pacis.
986 4893 1137 4948 Unde
1160 4893 1302 4949 Beda
1334 4895 1388 4947 in
1412 4902 1647 4948 tractatu
1678 4910 1843 4965 super

261 4986 464 5041 Lucam
493 5000 509 5039 :
539 4984 618 5040 Ne
647 4986 930 5054 quisquam
968 4999 1026 5038 se
1070 4984 1343 5040 Christum
1385 4986 1673 5055 agnovisse
1697 4986 1842 5040 arbi-

264 5089 456 5142 tretur,
506 5077 718 5147 si~ejus
764 5079 1007 5147 corporis
1053 5080 1328 5150 particeps
1367 5097 1472 5135 non
1503 5091 1608 5147 est,
1653 5080 1706 5135 id
1734 5089 1837 5147 cst,

262 5170 542 5226 Ecclesiae.
577 5168 743 5241 Cujus
771 5171 1032 5233 unitatem
1060 5171 1114 5224 in
1139 5179 1482 5226 sacramento
1508 5172 1667 5239 panis
1694 5186 1843 5226 com-

260 5264 483 5318 mendat
502 5262 809 5331 Apostolus,
845 5263 1029 5317 dicens
1055 5280 1067 5316 :
1096 5260 1241 5315 Unus
1262 5263 1440 5332 panis,
1464 5278 1627 5315 unum
1653 5278 1842 5331 corpus

261 5354 417 5409 multi
450 5371 633 5409 sumus
662 5353 713 5425 (Ι
740 5354 863 5407 Cor.
912 5354 989 5424 ιι).
1022 5353 1124 5408 Per
1167 5352 1563 5407 Eucharistiam
1593 5353 1844 5409 Christus

264 5446 321 5499 in
358 5444 513 5499 nobis
561 5452 761 5508 manet,
798 5452 854 5497 et
889 5460 988 5498 nos
1025 5444 1081 5496 in
1126 5440 1216 5496 illo
1255 5457 1352 5511 per
1377 5451 1716 5512 assumptum
1749 5443 1845 5497 ho-

260 5538 487 5592 minem.
514 5537 633 5607 ipse
664 5547 748 5592 est
789 5536 930 5591 Deus
966 5538 1134 5606 pacis,
1176 5550 1274 5605 per
1300 5551 1461 5605 quem
1493 5545 1689 5605 pacata
1719 5545 1846 5590 sunt

258 5625 511 5683 cmlestia
548 5634 605 5681 et
657 5627 956 5682 terrestria.
1001 5626 1137 5681 Sunt
1175 5635 1356 5681 autem
1406 5626 1550 5680 intra
1597 5635 1845 5681 sanctam

267 5716 566 5773 Ecclesium
594 5718 686 5788 qui
738 5733 862 5774 raro
899 5718 1322 5784 communicant,
1356 5725 1412 5772 et
1438 5717 1531 5788 qui
1569 5717 1843 5786 quotidie;

1868 4480 1918 4538 l)

1940 1873 2238 1929 consecuti.
2269 1872 2414 1927 Idem
2455 1872 2678 1942 exponit
2704 1872 2944 1942 Apostoli
2975 1875 3199 1941 dictum,
3235 1876 3337 1942 Qui
3379 1879 3515 1930 enim

1940 1967 2223 2020 manducet
2255 1974 2304 2020 et
2328 1966 2455 2020 bibit
2478 1967 2708 2035 indigne,
2731 1967 2994 2036 judicium
3034 1970 3135 2023 sibi
3156 1971 3439 2025 mandarat
3466 1982 3516 2025 ct

1939 2059 2062 2112 bibit
2089 2058 2139 2131 (1
2160 2056 2283 2113 Cor.
2310 2060 2410 2130 ιι).
2433 2059 2488 2112 In
2514 2062 2862 2129 sequentibus
2885 2063 2986 2116 ita:
3007 2061 3134 2116 inde
3155 2063 3352 2118 etenim
3382 2063 3518 2133 Apo-

1939 2150 2110 2205 stolus
2160 2150 2378 2221 indigne
2413 2151 2544 2205 dicit
2583 2164 2866 2220 acceptum
2910 2154 2978 2208 ab
3016 2154 3095 2209 eis
3132 2154 3224 2225 qui
3274 2156 3373 2210 hoc
3408 2172 3513 2209 non

1938 2242 2321 2297 discernetant
2345 2257 2376 2295 a
2417 2242 2628 2296 ceteris
2657 2243 2795 2297 cibis
2841 2245 3189 2299 veneratione
3226 2246 3516 2317 singulari-

1938 2342 2022 2388 ter
2041 2334 2241 2389 debita.
2274 2333 2543 2389 Continuo
2571 2336 2787 2405 quippe,
2828 2349 2950 2389 cum
2980 2336 3229 2401 dixisset,
3248 2337 3517 2406 judicium

1936 2425 2035 2479 sibi
2062 2425 2345 2479 manducet
2374 2434 2424 2478 et
2454 2424 2602 2490 bibit,
2636 2425 2842 2479 addidit
2885 2433 2945 2478 ut
2978 2426 3203 2491 diceret,
3235 2443 3338 2480 non
3375 2427 3514 2495 diju-

1936 2518 2119 2571 dicans
2146 2535 2337 2589 corpus
2360 2519 2592 2572 Domini.
2630 2518 2700 2573 Ut
2733 2534 2762 2571 a
2779 2516 2982 2586 jejunis
3005 2518 3348 2587 susefpiatur,
3374 2511 3536 2573 idezn'

1937 2609 2066 2663 dicit
2111 2608 2162 2662 in
2210 2610 2401 2664 eodem
2443 2609 2581 2665 libro
2607 2628 2618 2661 :
2646 2608 2892 2679 Namque
2935 2607 3187 2665 Salvator
3216 2624 3323 2679 quo
3352 2610 3518 2665 vcbe-
3612 2684 3616 2689 ρ

1937 2700 2174 2756 tuentius
2218 2702 2624 2756 commendaret
2667 2702 2915 2773 mysterii
2969 2702 3115 2756 illius
3150 2703 3512 2765 altitudinem,

1937 2791 2184 2845 ultimum
2222 2792 2324 2845 hoc
2358 2790 2525 2844 voluit
2573 2790 2797 2861 infigere
2846 2790 3102 2846 cordibus
3141 2800 3199 2846 et
3242 2792 3517 2846 memoria:

1938 2884 2325 2954 discipulorum
2372 2899 2404 2937 a
2450 2883 2647 2953 quibus
2699 2882 2768 2936 ad
2817 2883 3126 2952 passionem
3172 2883 3519 2954 digressurus

1935 2984 2073 3031 erat.
2106 2975 2175 3030 Et
2211 2975 2335 3031 ideo
2363 2989 2473 3030 non
2501 2975 2757 3045 pmcepit
2793 2990 2902 3044 quo
2922 2973 3181 3045 deinceps
3213 2975 3403 3030 ordine
3427 2991 3517 3029 su-

1937 3076 2200 3133 meretur,
2226 3075 2287 3121 ιιι
2314 3066 2593 3137 apostolis,
2626 3081 2726 3136 per
2757 3082 2897 3137 quos
2927 3066 3190 3121 ecclesias
3219 3067 3518 3137 dispositu-

1939 3174 2033 3214 rus
2063 3168 2205 3222 erat,
2234 3168 2475 3215 servaret
2505 3159 2650 3214 hunc
2679 3159 2875 3217 locum.
2910 3157 3043 3212 Nam
3080 3159 3125 3213 si
3150 3160 3253 3213 hoc
3282 3158 3370 3213 ille
3396 3175 3515 3215 mo-

1938 3250 2168 3316 nuisset,
2186 3259 2247 3305 ut
2268 3259 2391 3319 post
2411 3251 2563 3306 cibos
2584 3250 2721 3305 alios
2742 3264 2958 3318 semper
2974 3250 3330 3319 acciperetur,
3356 3252 3518 3309 credo

1938 3343 2080 3413 quod
2127 3356 2252 3395 eum
2282 3356 2489 3396 morem
2521 3355 2681 3394 nemo
2709 3341 2972 3395 variasset
3018 3343 3076 3410 1-.
3114 3340 3191 3394 Ex
3232 3356 3341 3410 quo
3372 3350 3511 3396 tem-

1938 3448 2069 3504 pore
2096 3432 2290 3487 debeat
2331 3446 2390 3486 se
2418 3430 2760 3485 sanctiﬁcare
2804 3432 2963 3483 homo
3002 3430 3069 3484 ad
3104 3431 3510 3499 perceptionem

1940 3524 2076 3580 tanti
2108 3522 2370 3587 muneris,
2406 3531 2562 3576 vetus
2599 3522 2825 3576 historia
2860 3521 3038 3575 docet.
3072 3520 3212 3575 Dicit
3243 3521 3297 3574 in
3326 3520 3513 3575 Exodo

1940 3619 2198 3673 Dominus
2220 3615 2387 3687 Moysi
2413 3634 2425 3669 :
2459 3613 2605 3668 Vade
2629 3615 2699 3668 ad
2727 3614 3000 3685 populum,
3023 3625 3070 3669 et
3092 3614 3366 3683 sancti/ica
3396 3614 3515 3668 illos

1938 3709 2092 3763 hodie
2118 3717 2168 3762 et
2207 3724 2323 3761 cras
2357 3707 2628 3776 laventque
2656 3707 2954 3760 vestimenta
2980 3723 3099 3770 sua,
3128 3716 3177 3758 et
3205 3707 3309 3759 sint
3336 3707 3513 3776 parati

1939 3799 2008 3854 ad
2035 3799 2173 3854 diem
2199 3798 2429 3853 tertium.
2460 3796 2526 3851 In
2559 3798 2644 3851 a'ie
2682 3797 2817 3851 enim
2845 3798 2997 3851 tertio
3030 3798 3303 3851 descendet
3329 3795 3512 3850 Domi-

1941 3909 2037 3946 nus
2083 3909 2261 3946 coram
2304 3892 2445 3945 omni
2483 3890 2628 3961 plebe
2673 3907 2828 3960 super
2878 3901 3102 3944 montem
3142 3888 3275 3945 Sina
3317 3889 3516 3962 (Exod.

1940 3988 2076 4049 xix).
2113 3986 2310 4040 Eodem
2344 4000 2569 4039 numero
2600 3984 2767 4039 David
2796 3999 2854 4038 se
2876 3992 2930 4037 et
2957 3999 3146 4039 omnes
3168 3999 3367 4053 pueros
3387 3998 3517 4038 suos

1942 4076 2339 4132 sanctiﬁcatum
2369 4076 2526 4141 dixit,
2555 4085 2613 4128 ut
2638 4075 2888 4129 comedat
2915 4089 3082 4143 panes
3111 4074 3513 4143 propositionis.

1941 4168 2019 4222 lla
2049 4169 2310 4238 scriptum
2335 4175 2419 4221 est
2448 4168 2502 4221 in
2534 4166 2673 4220 libro
2706 4165 2974 4220 Samuelis
3004 4182 3016 4216 :
3054 4163 3196 4216 Dixit
3222 4162 3516 4216 Abimelecb

1940 4262 2210 4326 sacerdos,
2254 4258 2377 4313 Non
2421 4260 2585 4313 habeo
2625 4275 2786 4329 panes
2825 4257 2987 4311 (uicos
3024 4257 3093 4311 ad
3145 4273 3381 4321 manum,
3429 4257 3517 4311 scd

1942 4363 2144 4405 tantum
2168 4367 2354 4421 panem
2386 4359 2621 4403 sanctum
2644 4368 2660 4413 ;
2687 4351 2731 4402 si
2754 4349 2934 4402 mundi
2953 4357 3077 4401 sunt
3093 4348 3260 4417 pueri,
3291 4349 3518 4402 maxime

1945 4459 1976 4494 a
2004 4441 2330 4495 mulieribus.
2366 4438 2435 4492 Et
2466 4439 2730 4509 respondit
2775 4439 2943 4494 David
2984 4438 3269 4503 sacerdoti,
3308 4438 3517 4494 et'discit

1944 4534 2032 4585 ei:
2068 4531 2137 4585 Et
2163 4531 2371 4603 quidem
2410 4533 2455 4586 si
2500 4532 2564 4585 de
2605 4532 2910 4585 mulieribus
2949 4530 3124 4601 agitur
3164 4530 3517 4584 continuimus

1944 4639 2039 4678 nos
2083 4624 2149 4677 ab
2177 4622 2291 4678 lteri
2331 4634 2378 4677 et
2424 4624 2826 4687 nudiustertius,
2854 4621 3066 4694 quando
3098 4621 3515 4694 egrediebamur,

1943 4724 1992 4770 et
2019 4714 2230 4784 fuerunt
2264 4730 2389 4767 vasa
2418 4729 2698 4784 puerorum
2727 4724 2911 4767 sancta
2932 4727 2950 4763 :
2980 4728 3136 4781 porro
3161 4714 3242 4766 via
3272 4712 3385 4767 [nec
3403 4712 3517 4783 pol-

1944 4804 2056 4857 luta
2086 4813 2183 4868 est,
2205 4804 2297 4858 sed
2320 4814 2368 4857 et
2394 4804 2507 4873 ipsa
2533 4802 2687 4856 hodie
2715 4802 3127 4869 sanctiﬁcabitur
3150 4803 3205 4856 in
3229 4802 3389 4858 vasis.
3416 4802 3519 4856 Dc-

1948 4896 2021 4948 dit
2043 4911 2167 4963 ergo
2188 4895 2233 4948 ei
2260 4895 2502 4949 sacerdos
2525 4894 2909 4963 sanctiﬁcatum
2934 4910 3120 4964 panem
3144 4893 3195 4966 (I
3223 4893 3351 4965 Reg.
3379 4896 3514 4964 XXI).

2490 5007 2720 5064 CAPUT
2760 5007 2975 5062 XXXV.

2122 5076 2202 5132 De
2240 5076 2413 5150 parte'
2433 5078 2621 5132 oblatw
2650 5095 2765 5149 qua:
2801 5089 3032 5132 remanet
3071 5080 3126 5132 in
3156 5079 3334 5134 altari.

2017 5170 2285 5225 Triforme
2332 5180 2418 5226 est
2455 5186 2652 5241 corpus
2686 5170 2910 5235 Christi,
2957 5186 3142 5226 eorum
3190 5173 3398 5227 scilicet
3424 5169 3517 5239 qui

1947 5272 2301 5334 gustaverunt
2327 5272 2558 5317 mortem
2586 5273 2640 5318 et
2686 5265 2935 5318 morituri
2975 5273 3117 5318 sunt.
3163 5263 3402 5317 Primum
3431 5262 3515 5315 vi-

1947 5355 2160 5420 delicet,
2188 5364 2432 5409 sanctum
2464 5364 2518 5408 ct
2541 5356 2970 5422 immaculatum,
2999 5355 3142 5425 quod
3180 5359 3517 5419 assumptum

1948 5457 2033 5501 est
2080 5462 2146 5499 ex
2196 5445 2362 5500 Maria
2404 5447 2650 5515 virgine;
2683 5448 2940 5511 alterum,
2982 5443 3124 5513 quod
3172 5441 3415 5495 ambulat
3462 5440 3517 5493 in

1948 5546 2125 5599 terra;
2161 5538 2396 5600 tertium,
2430 5541 2570 5605 quod
2596 5537 2743 5606 jacet
2782 5539 2835 5591 in
2881 5534 3163 5603 sepulcris.
3205 5531 3311 5586 Per
3344 5530 3516 5601 parti-

1948 5630 2124 5683 culam
2152 5630 2345 5685 oblatce
2387 5628 2645 5684 immissa:
2684 5631 2738 5682 in
2775 5628 2997 5683 calicem
3026 5623 3332 5679 ostenditur
3357 5621 3517 5678 Chri-

1949 5721 2018 5776 sti
2069 5736 2286 5791 corpus,
2338 5721 2480 5790 quod
2523 5723 2635 5790 iam
2682 5717 2979 5775 resurrexit
3024 5731 3054 5771 a
3098 5716 3369 5784 mortuis;
3422 5729 3522 5787 per
