3938 6178
438 328 458 381 l
479 322 578 379 155
1465 310 1794 367 AMALARll
1832 306 2263 365 PRESBYTERI
2305 305 2644 363 METENSlS
3568 308 3589 360 ι
3612 305 3712 360 156

438 443 736 493 comestam
763 445 794 486 a
825 426 1105 486 sacerdote
1130 425 1216 480 vel
1245 439 1273 479 a
1296 423 1515 496 populo,
1538 399 2016 479 ambulans'adhuc
2042 429 2089 489 Α
2121 420 2412 491 Uuigenito
2446 421 2592 475 enim
2630 419 2743 475 ﬁlio
2777 435 2878 491 pro
2923 419 3144 477 homine
3188 419 3543 492 interpell..re
3562 461 3578 484 ,
3627 432 3717 475 est

439 544 603 598 super
631 536 866 586 terram,
908 532 1007 590 per
1037 517 1281 572 relictam
1313 517 1368 570 in
1409 515 1590 580 altari,
1618 513 1805 583 iacens
1852 515 1905 569 in
1934 528 2021 568 se-
2120 512 2263 580 apud
2290 519 2619 566 coaeternum
2646 518 2856 582 patrem
2892 512 3131 581 seipsum
3166 512 3447 567 hominem
3486 512 3720 567 demou—

440 620 662 692 pulcris.
698 615 847 670 Idem
893 625 1092 680 corpus
1138 607 1377 663 oblatam
1418 606 1570 662 ducit
1608 620 1792 660 secum
1830 604 1899 659 ad
1936 617 2023 658 se-

441 712 707 785 pulcrum,
731 715 785 760 et
800 712 961 759 vocat
984 702 1130 756 illam
1158 708 1348 756 sancta
1371 697 1613 753 Ecclesia
1629 696 1887 751 viaticum
1911 710 2024 750 mo—

440 802 651 863 rientis,
684 807 744 853 ut
779 796 1099 852 ostendatur
1120 808 1228 847 nou
1256 807 1352 846 eos
1380 791 1579 846 debere
1603 789 1696 859 qui
1726 789 1783 842 in
1806 787 2025 844 Christo

442 895 750 951 moriuntur
771 888 1019 960 deputari
1058 895 1324 950 mortuos,
1357 883 1454 937 sed
1478 881 1852 936 dormientes.
1870 880 2026 935 Unde

442 998 497 1043 et
524 988 677 1041 locus
718 994 1092 1052 sepulcrorum
1128 977 1319 1032 Graece
1344 981 1570 1028 vocatur
1595 975 1936 1044 κοιμητήριον,
1972 969 2027 1026 id

445 1086 552 1143 est,
590 1073 992 1131 dormitorium.
1037 1067 1192 1124 Unde
1221 1075 1277 1122 et
1324 1064 1524 1118 Paulus
1559 1061 1625 1116 ad
1672 1060 2023 1116 Corinthios:

446 1167 644 1224 Mulier
669 1163 888 1235 alligata
911 1169 986 1216 est
1007 1159 1129 1229 legi,
1153 1165 1351 1229 quanto
1376 1164 1602 1223 tempore
1619 1152 1698 1205 vir
1724 1150 1841 1219 ejus
1867 1149 2028 1213 vivit;

445 1258 584 1332 quod
634 1258 678 1311 si
717 1255 989 1309 dormierit
1017 1252 1095 1305 vir
1143 1248 1279 1318 ejus,
1323 1245 1546 1299 liberata
1580 1251 1655 1296 est
1678 1240 1731 1312 (I
1757 1238 1881 1294 Cor.
1905 1240 2025 1313 vn).

2123 610 2321 666 strare,
2354 602 2514 672 eique
2539 616 2641 672 pro
2668 602 2906 656 humana
2934 610 3130 657 natura
3158 617 3410 674 rogasse,
3442 610 3541 658 est
3567 619 3721 657 caut-

2123 696 2245 751 dem
2276 704 2529 750 naturam
2561 697 2615 751 in
2644 696 2947 752 divinitatis
2973 712 3084 751 sua:
3112 696 3499 751 celsitudinem
3529 710 3728 751 susce-

2123 788 2288 858 pisse.
2323 787 2635 859 lnterpellat
2664 788 2832 859 igitur
2855 804 2955 859 pro
2982 788 3141 844 nobis
3168 788 3454 851 Dominus,
3485 804 3601 843 non
3630 804 3728 843 vo—

2125 893 2217 942 ce,
2252 879 2348 933 sed
2374 878 2749 934 miseratione.
2785 877 2832 934 0
2859 878 3070 933 utinam
3096 879 3314 947 quando
3339 878 3665 933 audivimus
3692 894 3727 933 ι

2125 967 2357 1023 diacono
2392 987 2405 1021 :
2446 967 2529 1022 Ite
2563 969 2726 1022 missa
2762 977 2871 1034 est,
2908 984 3065 1023 mens
3101 976 3288 1023 nostra
3326 968 3397 1022 ad
3433 967 3589 1022 illam
3628 984 3729 1038 pa-

2128 1061 2289 1114 triam
2325 1060 2541 1125 tendat,
2581 1075 2690 1130 quo
2727 1066 2889 1130 caput
2922 1067 3173 1115 nostrum
3200 1059 3512 1128 praecessit,
3546 1069 3616 1113 ut
3649 1059 3727 1113 ibi

2132 1151 2303 1206 simus
2334 1151 2637 1215 desiderio,
2675 1150 2769 1205 ubi
2814 1151 3155 1205 desideratus
3216 1151 3426 1205 cunctis
3465 1150 3729 1220 gentibus

2129 1255 2230 1295 nos
2257 1247 2539 1309 exspectat
2568 1255 2691 1294 cum
2725 1254 2824 1294 suo
2855 1241 3129 1310 trophaeo,
3163 1248 3432 1308 quatenus
3460 1240 3547 1294 sic
3580 1239 3729 1294 desir

448 1331 821 1418 itemanetque
849 1348 904 1402 in
943 1344 1100 1399 altari
1127 1342 1242 1412 ipsa
1266 1337 1530 1411 particula
1569 1348 1739 1404 usque
1771 1334 1838 1388 ad
1867 1334 2028 1388 ﬁnem
2134 1331 2409 1396 derando,
2463 1331 2753 1401 aliquando
2799 1331 2866 1385 ad
2913 1347 3039 1387 eum
3082 1333 3369 1403 pervenire
3402 1332 3727 1401 possimus,

451 1449 654 1509 misszc,
694 1443 819 1512 quia
856 1455 1028 1510 usque
1061 1439 1116 1492 in
1149 1437 1310 1491 ﬁnem
1341 1434 1523 1490 sreculi
1555 1443 1785 1502 corpora
1816 1435 2032 1484 sancto-
2258 1420 2333 1473 ita
2366 1419 2591 1512 Patrem,
2618 1421 2889 1512 supplicat
2918 1437 3019 1492 pro
3043 1423 3202 1477 nobis
3230 1441 3243 1475 :
3280 1419 3431 1512 Vota,
3455 1432 3641 1493 pater,

451 1555 570 1592 rum
607 1510 890 1606 quiescent
918 1534 972 1587 in
1009 1529 1298 1600 sepulcris.
1350 1526 1663 1581 Munditiam
1704 1523 1899 1578 mentis
1937 1523 2034 1575 do—
2099 1510 2225 1606 ubi
2252 1526 2346 1580 ego
2371 1526 2520 1606 tum.
2542 1511 2627 1606 ibi
2653 1512 2721 1564 sit
2751 1521 2800 1565 et
2840 1512 3081 1606 minister
3114 1528 3258 1565 meus
3299 1510 3507 1606 («Ioan-
3541 1528 3659 1606 xvu
3683 1511 3728 1581 ).

452 1637 537 1684 cet
573 1599 853 1697 corporale
892 1623 1035 1693 quod
1065 1599 1310 1675 remanet
1355 1618 1410 1672 in
1453 1616 1614 1670 altari
1652 1622 1777 1684 post
1818 1610 2030 1666 Domini
2072 1690 2095 1697 ἡ
2135 1599 2291 1697 ἓξὲξ
2317 1600 2815 1697 νυξεηεᾴίηίξθειηιιι
2848 1602 3164 1697 requirere.
3194 1617 3365 1697 aqua
3392 1600 3518 1657 1000
3551 1603 3729 1657 toi-ills

453 1690 935 1780 resurrectionem,
966 1713 1050 1768 cui
1081 1712 1241 1767 debet
1272 1708 1644 1778 unusquisque
1678 1719 1894 1773 semper
1918 1710 2033 1757 stu-
2061 1690 2101 1780 ξ
2135 1692 2294 1748 οίῖἶϐῖὶ
2327 1693 2491 1748 missa
2521 1692 2830 1760 ίηοιιοθιιπ,
2863 1703 2921 1747 ιιι
2951 1694 2995 1749 Si
3025 1692 3169 1748 Ῑοηθ
3191 1694 3260 1749 ad
3287 1702 3465 1748 ιοιυιῐι
3494 1709 3608 1747 "0“
3638 1708 3732 1748 οε-

454 1774 584 1864 dere
612 1805 888 1875 accipiens
915 1774 1116 1872 corpus
1138 1800 1378 1865 Domini,
1411 1774 1505 1853 sed
1526 1774 1800 1869 praecipue
1823 1796 1878 1850 in
1904 1793 2030 1848 ﬁne.
2061 1774 2109 1834 Β
2138 1786 2403 1851 currerit,
2443 1786 2616 1856 possit
2656 1787 2800 1842 scire
2832 1786 3029 1856 quibus
3064 1784 3256 1840 olIiciis
3293 1800 3353 1839 se
3381 1793 3731 1855 praesentare

984 1911 1212 1969 CAPUT
1264 1909 1504 1965 xxxv}.
2137 1876 2334 1933 debeat
2368 1877 2487 1933 sine
2522 1878 2934 1932 retractatione.
2972 1877 3139 1933 Nobis
3175 1877 3392 1969 videtur
3425 1877 3603 1932 missa
3632 1893 3730 1932 vo-

926 1967 1213 2038 De—ultitna
1246 1981 1617 2035 benedictione.
2137 1970 2251 2025 cari
2305 1970 2374 2024 ah
2421 1985 2487 2025 co
2541 1970 2693 2035 loco,
2732 1985 2841 2039 quo
2876 1970 3071 2038 incipit
3099 1967 3357 2025 sacerdos
3389 1970 3730 2024 sacriﬁcium

526 2078 741 2133 Etenim
768 2075 1027 2129 Dominus
1059 2080 1183 2127 ante
1209 2070 1585 2126 ascensionem
1611 2068 1666 2121 in
1696 2064 1861 2122 caelos
1882 2065 2038 2121 duxit
2137 2058 2335 2116 offerre
2374 2059 2519 2125 Deo,
2560 2073 2733 2129 usque
2766 2056 2832 2112 ad
2870 2057 3119 2113 ultimam
3153 2059 3600 2113 benedictionem
3623 2099 3641 2122 ,
3679 2060 3735 2114 id

457 2165 753 2236 discipulos
787 2165 841 2218 in
878 2162 1219 2226 Bethaniam,
1272 2160 1454 2229 ibique
1501 2156 1782 2213 benedixit
1832 2171 1945 2222 eos,
1982 2163 2037 2209 et
2138 2160 2253 2218 est,
2285 2150 2355 2205 ab
2382 2149 2668 2207 Oﬁ'erenda
2701 2165 2872 2219 usque
2902 2150 3003 2213 ad,
3035 2149 3146 2216 Ite,
3178 2151 3339 2204 missa
3367 2160 3468 2223 est.
3501 2150 3546 2203 Α
3582 2158 3733 2205 teni-

458 2232 708 2312 ascendit!
744 2255 799 2308 in
823 2252 1021 2308 coelum
1053 2249 1207 2323 (Luc.
1253 2246 1401 2320 ult.).
1454 2246 1610 2303 Hunc
1646 2261 1853 2301 morem
1890 2252 2040 2300 tenet
2138 2261 2271 2316 pore
2302 2243 2556 2300 sacriﬁcii
2588 2244 2828 2299 Isidorus
2857 2243 3090 2297 otticinm
3127 2243 3307 2298 missa:
3339 2244 3611 2313 deputat,
3654 2243 3742 2298 in-

460 2346 740 2411 sacerdos,
772 2352 833 2399 ut
869 2351 993 2414 post
1026 2342 1209 2398 omnia
1257 2346 1595 2396 sacramenta
1637 2344 2038 2401 consummata,
2140 2335 2334 2405 quiens
2362 2334 2414 2389 in
2445 2334 2587 2388 libro
2620 2333 3077 2406 Etymologiarum
3108 2352 3121 2387 :
3155 2333 3313 2388 Missa
3348 2343 3603 2403 tempore
3643 2351 3738 2389 sa-

460 2438 750 2495 benedicat
808 2434 1039 2507 populo,
1096 2447 1259 2502 atque
1317 2431 1534 2486 salutet.
1591 2428 1796 2483 Deinde
1852 2442 2041 2482 rever-
2140 2423 2332 2479 criﬁcii
2358 2432 2444 2479 est
2468 2423 2684 2493 quando
2716 2423 3092 2478 catechumeni
3122 2424 3410 2479 mittuntur
3434 2423 3594 2480 foras
3624 2426 3741 2482 ela-

465 2530 598 2584 titur
629 2527 693 2581 ad
733 2526 1023 2589 orientem,
1052 2532 1114 2577 ut
1144 2538 1203 2578 se
1238 2520 1580 2576 commendet
1611 2517 1824 2573 Domini
1853 2531 2042 2573 ascen-
2144 2527 2327 2574 mante
2350 2516 2621 2573 levita:Si
2651 2517 2771 2587 quis
2799 2518 3223 2573 catechumenus
3249 2521 3534 2584 remansit,
3564 2530 3739 2575 exeat

462 2618 623 2676 sioni.
680 2616 927 2685 Dicitque
990 2615 1250 2669 diaconus
1292 2631 1304 2666 :
1346 2610 1461 2677 Ite,
1529 2610 1691 2664 missa
1758 2617 1855 2663 est.
1920 2607 2045 2663 Sin-
2142 2609 2307 2667 foras.
2340 2611 2406 2666 Et
2434 2611 2560 2666 inde
2590 2611 2921 2680 missa,quia
2950 2611 3307 2666 sacramentis
3334 2611 3529 2666 altaris
3557 2613 3740 2667 inter-

463 2711 665 2784 gularis
691 2710 891 2765 ctenim
927 2708 1127 2778 legatio
1155 2706 1406 2761 Christus
1430 2704 1597 2759 missa
1641 2710 1726 2758 est
1757 2718 1855 2773 pro
1889 2701 2044 2756 nobis
2142 2719 2265 2760 esse
2300 2720 2406 2759 non
2435 2712 2696 2774 possunt,
2725 2705 2817 2774 qui
2840 2704 3085 2773 {nondum
3139 2707 3445 2775 regenerati
3486 2722 3742 2763 noscun-

464 2803 533 2857 ad
569 2802 812 2866 Patrem,
856 2801 1064 2855 habens
1114 2798 1314 2852 indicia
1356 2811 1469 2851 suae
1518 2810 1704 2850 secum
1750 2791 2039 2863 passionis.

465 2894 669 2957 Primo,
699 2900 759 2946 ut
786 2905 881 2961 per
905 2891 1022 2945 haec
1048 2888 1331 2958 discipulis
1358 2887 1517 2942 ﬁdem
1544 2899 1655 2942 suae
1682 2883 2043 2941 resurrectio-

466 2985 551 3039 nis
581 2990 831 3047 astruat;
864 2980 1092 3046 deinde,
1124 2988 1185 3034 ut
1210 2978 1359 3033 Patri
1387 2993 1487 3048 pro
1519 2977 1678 3032 nobis
1704 2976 2043 3046 supplicans,

465 3073 625 3144 quale
659 3087 831 3143 genus
867 3069 1059 3125 mortis
1092 3083 1192 3138 pro
1234 3067 1545 3121 mortalium
1574 3064 1685 3120 vita
1720 3066 2042 3136 pertulerit,

468 3178 681 3233 semper
714 3162 1002 3226 ostendat;
1041 3159 1237 3223 tertio,
1276 3165 1335 3211 ut
1371 3172 1468 3212 sua
1506 3163 1684 3210 morte
1721 3156 2045 3226 redemptis,

468 3272 631 3327 quam
662 3252 1091 3310 misericorditer
1128 3253 1237 3307 sint
1268 3249 1466 3319 adiuti,
1507 3249 1800 3319 propositis
1837 3264 2053 3319 semper

468 3347 708 3416 ejusdem
740 3346 931 3400 mortis
959 3345 1178 3399 innovet
1205 3342 1456 3397 indiciis:
1487 3340 1718 3410 ideoque
1751 3341 2055 3397 misericor-

470 3437 587 3492 dias
621 3434 835 3489 Domini
875 3432 928 3486 in
966 3439 1230 3487 aeternum
1263 3439 1485 3486 cantare
1521 3445 1629 3486 non
1671 3437 1924 3486 cessent:
1957 3431 2051 3487 sed

474 3528 650 3582 dicant
679 3526 768 3597 qui
800 3524 1049 3595 redempti
1078 3532 1198 3578 sunt
1228 3540 1259 3576 a
1291 3521 1540 3588 Domino,
1572 3523 1819 3593 quoniam
1853 3521 2047 3586 bonus,

471 3619 719 3691 quoniam
746 3619 802 3672 in
835 3614 1085 3672 uetulum
1119 3614 1478 3668 misericordia
1513 3613 1627 3683 ejus
1657 3611 1831 3683 (Psal.
1859 3611 2049 3683 cxvn).

474 3709 775 3771 Postremo,
816 3716 879 3761 ut
910 3706 1076 3761 etiam
1111 3704 1332 3774 perﬁdis
1371 3704 1426 3758 in
1458 3703 1666 3773 judicio
1716 3718 1877 3773 quam
1908 3701 2054 3771 juste

477 3803 821 3863 damnentur,
865 3806 1096 3851 ostensze
1127 3796 1269 3850 inter
1294 3796 1398 3849 alia
1428 3795 1633 3867 ﬂagitia
1664 3796 1830 3850 etiam
1865 3796 2052 3850 vulne-

477 3905 597 3943 rum
617 3927 632 3952 ,
660 3904 779 3957 quae
806 3888 875 3940 ab
900 3887 979 3941 eis
1006 3887 1276 3955 suscepit,
1305 3886 1589 3941 cicatrices
1613 3886 1949 3942 denuntient.
1980 3887 2055 3942 De

430 3986 433 3987 ⁷
474 4001 582 4057 qua
610 3983 876 4055 legatione
896 3982 1028 4036 dicit
1051 3982 1286 4036 Joannes
1315 3980 1594 4050 apostolus
1618 4000 1630 4035 :
1668 3980 1774 4036 Sed
1798 3990 1846 4036 et
1870 3982 1915 4036 si
1939 3983 2054 4053 quis

471 4074 757 4150 peccaverit
781 4114 795 4140 ,
836 4072 1145 4126 advocatum
1179 4071 1428 4124 habemus
1464 4070 1604 4141 apud
1641 4082 1840 4141 patrem
1871 4069 2055 4125 Iesum

472 4165 743 4221 Christum
769 4162 976 4234 justum
1012 4159 1089 4233 (1
1125 4160 1283 4216 Joan.
1324 4160 1428 4229 ιι).
1466 4158 1584 4231 Ipse
1620 4158 1858 4215 Joannes
1906 4167 2057 4215 certe

474 4259 565 4314 vir
595 4258 778 4328 justus
808 4261 928 4310 erat
961 4260 1016 4308 et
1049 4268 1309 4324 magnus,
1352 4251 1446 4322 qni
1486 4252 1552 4306 de
1588 4258 1809 4322 pectore
1841 4249 2054 4304 Domini

470 4349 864 4419 zinysteriorum
893 4353 1106 4400 secreta
1131 4344 1349 4398 bibebat
1373 4361 1385 4396 :
1414 4342 1532 4397 Non
1561 4351 1742 4396 tamen
1769 4340 1937 4406 dixit,
1964 4342 2059 4395 ad-

2144 2801 2258 2847 tur.
2295 2791 2647 2848 Consuetudo
2675 2802 2860 2848 nostra
2893 2802 3075 2859 tenet,
3105 2802 3169 2849 ut
3194 2795 3627 2851 catechumenos
3656 2811 3745 2851 re-

2142 2882 2409 2953 pellamus
2450 2892 2577 2938 ante
2620 2884 2991 2955 Evangelium.
3043 2884 3160 2940 Non
3206 2887 3338 2940 mihi
3385 2886 3615 2941 videtur
3667 2906 3734 2944 es

2146 2971 2359 3026 ratione
2384 2972 2855 3037 incumbere,cum
2881 2975 3067 3043 procul
3091 2973 3255 3030 dubio
3279 2976 3745 3045 praedicatoribus

2149 3062 2388 3134 gentium
2417 3074 2747 3134 praeceptum
2786 3066 2892 3133 sit,
2929 3074 2990 3121 ut
3027 3067 3378 3137 Evangelium
3415 3070 3503 3124 eis
3536 3072 3746 3140 prndi-

2151 3164 2276 3212 cent
2301 3174 2314 3212 :
2347 3157 2442 3212 sed
2476 3158 2746 3214 sacriﬁcio
2775 3160 2998 3215 omnino
3031 3161 3294 3216 interesse
3324 3176 3432 3215 non
3462 3156 3759 3231 possunt,

2151 3246 2257 3303 nisi
2292 3250 2496 3314 renati,
2527 3248 2654 3319 quia
2686 3265 2863 3320 neque
2891 3265 2991 3321 pro
3018 3251 3099 3306 eis
3131 3260 3354 3322 rogatur
3381 3268 3410 3306 a
3441 3254 3743 3309 sacerdote

2150 3337 2206 3392 in
2236 3339 2647 3394 consecratione
2673 3342 2916 3411 corporis
2943 3341 3185 3407 Domini,
3215 3357 3390 3413 neque
3416 3343 3744 3399 confectum

2153 3431 2260 3487 illis
2288 3432 2605 3503 porrigitur.
2639 3430 2731 3488 Sic
2756 3442 2878 3489 orat
2909 3436 3164 3490 sacerdos
3188 3451 3289 3506 pro
3316 3436 3741 3493 circumstanti-

2152 3523 2254 3578 bus
2288 3541 2301 3577 :
2338 3522 2620 3589 Memento,
2650 3522 2905 3590 Domine,
2934 3524 3258 3595 famulorum
3301 3526 3747 3598 famularumque

2152 3624 2395 3681 tuarum,
2446 3626 2496 3670 et
2543 3617 2777 3672 omnium
2821 3619 3141 3683 astantium,
3190 3637 3411 3690 quorum
3463 3621 3562 3675 tibi
3604 3623 3743 3691 ﬁdes

2157 3707 2368 3776 cognita
2405 3716 2513 3773 est,
2555 3718 2604 3762 et
2641 3717 2767 3762 nota
2823 3708 3049 3765 devotio.
3090 3710 3339 3765 Nondum
3375 3713 3582 3776 renati,
3620 3712 3745 3767 inﬁ-

2153 3795 2301 3851 deles
2349 3805 2642 3871 vocantur,
2683 3813 2789 3853 non
2837 3799 3042 3855 ﬁdeles.
3096 3800 3266 3871 Igitur
3302 3817 3406 3858 non
3440 3817 3744 3872 possumus

2146 3888 2585 3942 animadvertere
2617 3904 2717 3958 pm
2751 3888 2859 3944 illis
2891 3891 3241 3945 constitutam
3279 3906 3400 3947 esse
3423 3893 3739 3949 orationem

2152 3979 2209 4035 in
2247 3978 2425 4034 oiﬁcio
2459 3978 2819 4035 confectionis
2855 3981 3101 4051 corporis
3133 3981 3355 4037 Christi.
3386 3981 3742 4054 Quapropter

2154 4070 2351 4124 merito
2381 4085 2448 4125 co
2487 4078 2730 4139 tempore
2766 4071 3025 4126 rewdunt
3043 4112 3059 4137 ,
3087 4086 3194 4142 quo
3222 4071 3556 4129 sacriﬁcium
3587 4075 3734 4131 cele-

2150 4158 2363 4213 bratur.

2679 4251 2905 4309 CAPUT
2940 4253 3202 4311 XXXVII.

2457 4341 2532 4395 De
2565 4342 2812 4397 ulteriore
2840 4343 3027 4399 ultima
3053 4344 3419 4404 benedictione.

472 4449 729 4494 vocatum
768 4453 855 4492 me
886 4436 1268 4504 habetis‘apud
1298 4442 1508 4503 patrem
1534 4476 1545 4496 ,
1574 4434 1668 4489 sed
1699 4432 2050 4496 advocatum,
2079 4465 2132 4523 D
2225 4434 2326 4488 Est
2347 4434 2536 4489 ultima
2560 4436 2886 4502 benedictio,
2905 4437 2981 4493 de
3006 4454 3111 4508 qua
3140 4455 3282 4495 nunc
3312 4442 3551 4511 agimus,
3573 4459 3742 4513 quam

473 4528 688 4599 inquit,
728 4528 993 4582 habemus
1018 4545 1030 4578 :
1071 4532 1128 4579 et
1163 4524 1425 4579 habemus
1456 4524 1625 4589 dixit,
1656 4539 1763 4579 non
1794 4522 2008 4590 habetis
2038 4538 2049 4573 :

472 4620 673 4677 maluit
707 4633 768 4673 se
801 4630 1005 4687 ponere
1032 4615 1087 4670 in
1118 4629 1346 4670 numero
1373 4624 1724 4684 peccatorum
1746 4653 1761 4678 ,
1794 4623 1853 4666 ut
1886 4613 2053 4667 habe-

478 4718 569 4763 ret
593 4710 914 4763 advocatum
942 4705 1222 4762 Christum
1239 4746 1254 4772 ,
1285 4722 1447 4776 quam
1472 4721 1674 4776 ponere
1702 4721 1760 4760 se
1784 4721 1883 4775 pro
1907 4706 2059 4761 Chri-

484 4812 570 4853 sto
598 4803 916 4855 advocatum
939 4840 953 4864 ,
985 4807 1042 4854 et
1068 4799 1301 4853 inveniri
1334 4802 1476 4852 inter
1505 4797 1843 4852 damnandos
1872 4812 2058 4866 super—

483 4891 603 4945 bos.
646 4890 755 4951 Nec
791 4899 970 4944 tamen
1009 4890 1332 4954 dicendum,
1361 4889 1488 4958 quia
1527 4888 1763 4959 episc0pi
1800 4889 1885 4943 vel
1918 4903 2058 4958 pra:-

484 4981 646 5051 positi
678 4996 783 5033 non
809 4990 1004 5050 petant
1034 4995 1131 5051 pro
1166 4979 1386 5051 populo.
1428 4978 1562 5034 Orat
1595 4979 1741 5033 enim
1783 4979 2060 5048 apostolus

484 5090 585 5148 pro
613 5071 787 5142 plebe,
817 5081 939 5126 orat
966 5072 1116 5143 plebs
1145 5088 1244 5142 pro
1270 5070 1551 5141 Apostolo,
1579 5070 1672 5140 qui
1695 5068 1859 5124 dicit:
1888 5068 2061 5124 Oran-

484 5177 562 5222 tcs
591 5162 825 5218 simulet
853 5176 948 5231 pro
974 5160 1151 5221 nobis,
1186 5168 1241 5212 ut
1271 5157 1412 5211 Deus
1450 5157 1651 5227 aperiat
1691 5156 1835 5210 nobis
1867 5156 2059 5211 ostium

489 5256 626 5315 verbi
661 5251 816 5326 (Col.
848 5266 868 5306 ι
893 5259 940 5304 et
968 5266 1024 5305 ιγ
1046 5249 1086 5320 ).
1128 5249 1195 5303 Ει
1231 5263 1331 5317 pro
1374 5247 1538 5303 Petro
1574 5248 1769 5303 orabat
1817 5246 2059 5302 Ecclesia

488 5351 510 5422 (
538 5349 651 5403 Act.
680 5360 759 5401 xu
780 5344 838 5415 )r,
874 5356 997 5397 cum
1026 5348 1170 5394 esset
1211 5341 1262 5393 in
1300 5339 1529 5394 vinculis
1558 5339 1779 5404 Petrus,
1814 5348 1869 5394 et
1897 5354 2064 5394 exau-

487 5442 603 5496 dita
626 5446 730 5494 est.
758 5432 1042 5503 Quomodo
1071 5439 1126 5486 et
1150 5430 1345 5484 Petrus
1369 5446 1471 5501 pro
1496 5430 1767 5496 Ecclesia,
1795 5430 1922 5501 quia
1947 5444 2061 5484 om-

491 5531 582 5586 nia
606 5544 707 5599 pro
737 5525 978 5583 invicem
1001 5523 1242 5577 membra
1265 5531 1450 5576 orant.
1481 5522 1655 5592 Caput
1682 5537 1783 5592 pro
1810 5521 2061 5576 omnibus

492 5619 830 5689 interpellat,
863 5618 930 5673 de
966 5631 1076 5687 quo
1105 5615 1365 5685 scriptum
1394 5621 1513 5670 est:
1535 5613 1639 5679 Qui
1674 5623 1750 5668 est
1780 5613 1849 5667 ad
1878 5614 2060 5667 deste—

495 5723 609 5762 ram
646 5708 775 5777 Dei,
808 5709 898 5773 qui
935 5718 982 5762 et
1018 5706 1311 5778 interpellat
1348 5723 1442 5777 pro
1482 5706 1629 5762 nobis
1669 5705 1686 5775 (
1714 5705 1863 5761 Rom.
1897 5723 1989 5761 vtu
2017 5706 2059 5777 ).

2157 4524 2496 4594 potissimum
2525 4522 2934 4595 frequentamus
2961 4536 3206 4600 tempore
3234 4531 3700 4604 quadragesimali
3725 4579 3743 4595 .

2159 4615 2265 4669 hoc
2297 4622 2382 4670 est
2402 4656 2418 4680 ,
2457 4624 2582 4686 post
2615 4616 2765 4671 illam
2797 4617 3043 4673 ultimam
3077 4620 3453 4676 continuatam
3480 4664 3497 4688 ,
3538 4625 3595 4679 in
3636 4643 3742 4696 qua

2158 4706 2419 4776 spiritalis
2447 4706 2670 4762 reiectio
2695 4710 3123 4776 commendatur,
3149 4720 3322 4768 restat
3347 4715 3465 4769 haec
3492 4718 3737 4777 ulterior.

2162 4797 2228 4851 de
2273 4813 2379 4866 qua
2423 4812 2599 4864 nunc,
2652 4808 2712 4854 ut
2757 4800 3029 4867 diximus,
3066 4803 3262 4875 agitur,
3299 4807 3354 4860 in
3392 4822 3502 4876 qua
3540 4812 3740 4867 milites

2160 4887 2360 4942 Christi
2388 4889 2837 4944 commendantur
2870 4907 3061 4964 pugnae
3088 4903 3278 4951 contra
3313 4898 3606 4969 antiquum
3646 4905 3742 4958 Iso-

2160 4987 2316 5035 stem.
2370 4980 2428 5035 Si
2466 4983 2614 5037 omni
2659 4990 2904 5054 tempore
2948 5002 3173 5044 necesse
3211 4999 3296 5044 est
3328 5002 3587 5058 paratum
3622 5010 3741 5051 eae

2160 5068 2474 5124 bellicosum
2510 5072 2773 5129 adversus
2809 5074 3035 5130 insidias
3067 5077 3183 5132 sive
3216 5077 3454 5148 impetus
3492 5082 3741 5139 inimice-

2160 5176 2282 5214 rum
2312 5179 2324 5214 :
2366 5171 2566 5231 quanto
2597 5165 2770 5233 magis
2803 5166 2857 5219 in
2894 5168 3222 5237 procinctu?
3268 5170 3737 5245 Quadragesimaii

2160 5258 2406 5319 tempore
2442 5251 2547 5307 scit
2580 5252 2928 5311 adversarius
2964 5266 3148 5312 noster
3189 5274 3219 5313 a
3265 5270 3457 5318 sancta
3492 5264 3738 5322 Ecclesia

2162 5341 2435 5411 singulare
2464 5350 2739 5398 certamen
2770 5347 3119 5402 commissum
3154 5364 3274 5405 esse
3311 5362 3508 5409 contra
3547 5371 3641 5421 se,
3676 5372 3736 5411 ac

2161 5432 2284 5488 ideo
2320 5432 2486 5487 instat
2519 5433 2712 5489 fortius
2749 5436 2818 5490 ad
2855 5437 3171 5507 rapiendum
3199 5449 3366 5510 atque
3391 5454 3740 5513 prosternen—

2162 5521 2321 5587 dum,
2358 5520 2406 5577 si
2444 5521 2587 5578 forte
2621 5522 2858 5595 aliquem
2896 5526 3163 5582 invenerit
3205 5530 3591 5603 negligentem.
3642 5533 3741 5589 Sa-

2160 5614 2353 5670 cerdos
2387 5624 2596 5682 noster,
2630 5624 2696 5671 ut
2724 5620 2964 5687 prudens
2997 5620 3318 5690 agonotheta
3354 5630 3416 5677 et
3446 5633 3739 5695 pugnator,

2162 5711 2425 5775 quantum
2452 5705 2507 5760 in
2536 5703 2740 5776 majore
2770 5706 3008 5776 periculo
3036 5708 3182 5764 videt
3209 5709 3411 5767 milites
3436 5710 3590 5781 fore,
3621 5724 3735 5769 tau-
