3938 6178
298 226 432 282 1157

298 355 409 397 tum
438 336 612 393 munit
641 349 735 388 eos
762 331 991 401 amplius
1021 345 1116 384 sua
1149 326 1547 383 benedictione.
1579 325 1746 377 Arma
1779 335 1872 374 no-
1903 324 1949 381 Α

295 441 411 488 stra
461 434 649 483 contra
703 421 1003 484 diabolum,
1060 428 1184 472 sunt
1234 414 1511 471 humilitas
1554 420 1610 466 et
1659 419 1869 466 caetera!

292 521 546 574 virtutes.
602 513 729 569 Vult
778 509 1031 565 sacerdos
1086 514 1288 570 noster,
1342 515 1403 558 ut
1446 502 1651 557 nostris
1704 500 1872 553 armis

292 606 478 664 vestiti
507 604 678 660 simus
702 618 715 652 :
745 607 1032 669 propterea
1052 595 1208 665 jubet
1234 609 1329 663 per
1356 592 1665 646 ministrum
1695 598 1756 642 ut
1778 590 1873 643 hu-

292 697 567 752 miliemus
594 691 767 761 capita
798 696 981 743 nostra
1013 686 1153 747 Deo,
1187 691 1241 737 et
1273 684 1344 736 ita
1382 679 1601 735 tandem
1636 676 1872 732 infundit

292 799 462 855 super
509 780 712 837 milites
748 775 1136 847 protectionem
1177 769 1567 826 benedictionis
1604 782 1735 823 sua).
1773 766 1871 819 Be-

293 876 533 933 nedictio
571 869 869 929 sacerdotis
902 880 1110 920 morem
1153 863 1437 931 antiquum
1484 865 1664 921 tenet,
1711 864 1771 910 ut
1816 857 1868 909 in

292 966 591 1023 novissimo
616 961 937 1032 porrigatur.
967 954 1135 1011 Iacob
1158 952 1466 1022 patriarcha
1494 952 1547 1003 in
1578 948 1871 1003 novissimo

291 1061 418 1113 vita:
455 1070 564 1111 sua:
599 1049 876 1107 benedixit
911 1046 1037 1117 ﬁliis
1070 1045 1201 1099 suis.
1245 1042 1520 1111 Scriptum
1556 1047 1640 1094 est
1674 1039 1726 1092 in
1760 1038 1868 1093 Geo

293 1149 411 1204 nesi
442 1166 456 1201 :
486 1143 762 1199 Benedixit
793 1137 1014 1208 singulis
1048 1132 1492 1190 benedictionibus
1524 1129 1781 1200 propriis,
1819 1136 1869 1181 et

287 1236 534 1307 pra'cepit
587 1234 695 1296 eis,
744 1230 921 1283 dicens
946 1241 965 1278 .'
1014 1225 1127 1296 Ego
1175 1237 1459 1292 congregor
1503 1221 1572 1273 ad
1619 1218 1867 1307 populum

290 1305 508 1381 meum:
539 1321 746 1392 sepelite
774 1335 853 1373 me
881 1333 999 1371 cum
1034 1314 1268 1386 patribus
1305 1312 1435 1365 meis
1471 1308 1644 1379 (Gen.
1676 1323 1800 1362 xux
1823 1305 1867 1377 ).

290 1420 360 1474 Et
386 1428 577 1473 iterum
610 1433 622 1468 :
656 1412 949 1479 Finitisque
978 1408 1276 1471 mandatis,
1325 1404 1511 1476 quibus
1543 1402 1682 1472 ﬁlios
1720 1402 1871 1455 insti-

291 1509 500 1572 tuebat,
538 1504 742 1575 coIlegit
793 1502 947 1573 pedes
998 1516 1121 1553 suos
1169 1514 1326 1567 super
1376 1495 1595 1555 lectum.
1648 1502 1696 1548 et
1742 1493 1866 1548 obiit

290 1597 473 1669 (Ibid.
498 1596 536 1665 ).
570 1593 833 1648 Similiter
861 1591 1122 1660 scriptum
1164 1596 1251 1643 est
1292 1587 1359 1642 de
1404 1586 1584 1655 Moyse
1630 1584 1683 1637 in
1730 1582 1868 1638 libro

1040 217 1125 272 DE
1162 209 1718 273 ECCLESIASTICIS
1757 205 2045 264 OFFICIIS
2085 208 2263 263 LIBRI
2303 208 2392 265 iV.
2432 240 2503 249 —
2542 210 2664 265 LIB.
2707 210 2791 265 III.

3412 215 3546 274 MSS

2567 321 2791 377 CAPUT
2828 322 2940 377 XL.

2472 412 2544 466 De
2571 413 2794 467 adventu
2819 412 3051 468 Domini.

2039 500 2096 554 ln
2128 501 2370 572 antiquis
2393 501 2547 557 libris
2573 502 2863 557 Missalium
2894 513 2944 558 ct
2974 503 3439 566 Lectionariorum
3468 525 3547 564 re—

1969 590 2178 658 peritur
2207 591 2468 661 scriptum
2490 631 2504 654 ,
2538 589 2880 646 “ebdomada
2922 592 3109 660 quinta
3141 601 3266 648 ante
3294 594 3542 652 Natalem

1969 678 2205 734 Domini.
2236 680 2482 735 Totidem
2511 680 2656 735 enim
2685 681 2945 735 lectiones
2972 682 3237 738 habentur
3261 685 3313 738 in
3343 684 3548 741 Lectio-

1969 771 2162 835 nario,
2193 779 2250 825 et
2291 771 2515 826 totidem
2557 770 2844 841 Evangelia
2888 788 2917 825 ιι
2963 780 3206 841 tempore
3246 788 3548 833 memorato

1968 873 2068 927 per
2094 859 2215 915 dies
2258 860 2568 916 Dominieos
2608 876 2778 929 usque
2818 861 2883 913 ad
2926 860 3270 917 Nativitatem
3310 864 3544 920 Domini.

1971 950 2400 1021 Antiphonarius
2429 952 2592 1006 habet
2621 953 2720 1006 tria
2751 952 2929 1007 officia
2958 954 3148 1008 diurna
3169 996 3182 1021 ,
3213 965 3268 1010 et
3297 967 3548 1027 quartum

1971 1041 2024 1096 in
2058 1044 2143 1097 die
2167 1043 2470 1109 Dominico,
2499 1043 2590 1114 qui
2616 1053 2771 1098 vacat
2792 1053 2916 1114 post
2939 1044 3200 1101 lectiones
3227 1047 3543 1103 duodecim:

1971 1134 2247 1189 Nocturna
2285 1150 2419 1189 vero
2458 1143 2709 1205 quatuor,
2750 1145 2811 1191 ut
2848 1139 3095 1207 superius
3122 1139 3269 1205 dixi,
3302 1156 3400 1210 per
3430 1141 3549 1197 dies

1970 1225 2301 1281 Dominieos.
2325 1225 2531 1281 Auctor
2555 1227 2857 1282 lectionarii
2884 1230 3087 1284 excitat
3113 1230 3272 1285 fidem
3300 1241 3546 1287 nostram

1969 1315 2037 1369 ad
2080 1315 2423 1370 recolendum
2461 1315 2673 1371 Domini
2718 1319 2888 1371 nostri
2927 1317 3054 1373 Jesu
3090 1320 3293 1377 Christi
3324 1324 3543 1379 venturi

1971 1405 2026 1459 iu
2056 1406 2315 1459 mundum
2355 1408 2687 1474 pra‘conium
2728 1422 2824 1476 per
2850 1409 3088 1479 quinque
3115 1420 3305 1466 aetates
3334 1412 3545 1467 mundi.

1969 1497 2175 1552 Auctor
2217 1495 2469 1562 Missalis,
2516 1498 2609 1567 qui
2647 1507 2870 1552 vocatur
2912 1498 3262 1571 Gregorialis,
3296 1512 3351 1557 et
3390 1503 3546 1556 Anti—

1970 1586 2255 1657 phonarii,
2289 1602 2391 1642 nos
2420 1587 2621 1659 tangit,
2655 1595 2715 1642 ut
2745 1588 3050 1645 recolamus
3078 1592 3415 1648 nativitatem
3449 1593 3551 1647 Do-

288 1683 687 1741 Deuteronomii
719 1697 733 1734 :
774 1679 905 1734 liirc
958 1677 1241 1732 benedictio
1277 1692 1379 1747 qua
1423 1674 1681 1728 benedixit
1725 1671 1873 1743 Moy-
1901 1683 1950 1743 Β
1979 1677 2109 1730 mini
2141 1677 2471 1732 celebratam
2497 1693 2597 1746 per
2625 1687 2733 1732 tres
2763 1678 2980 1733 ordines
3011 1678 3277 1734 librorum
3296 1722 3310 1745 ,
3340 1683 3551 1736 scilicet

286 1796 373 1833 ses
406 1779 558 1832 homo
593 1774 689 1828 Dei
724 1773 849 1842 ﬁliis
883 1769 1053 1824 Israel
1085 1779 1205 1823 ante
1237 1776 1455 1822 mortem
1483 1782 1633 1820 suam
1665 1764 1864 1837 (Deut.

289 1884 465 1923 χχχιιι
488 1866 528 1938 ).
569 1866 812 1934 Denique
849 1870 904 1918 et
939 1861 1056 1931 ipse
1090 1859 1350 1914 Dominus
1384 1856 1652 1920 Salvator,
1684 1864 1743 1909 ut
1771 1871 1864 1909 su-

286 1962 474 2031 perius
501 1956 837 2029 praetulimus
859 1995 875 2020 ,
916 1963 1043 2008 ante
1072 1952 1444 2008 ascensionem
1475 1964 1629 2003 suam
1664 1952 1718 2001 in
1758 1962 1870 2001 cce-

290 2051 438 2114 lum,
474 2048 751 2104 benedixit
787 2045 1068 2115 discipulis
1111 2044 1225 2099 suis
1272 2039 1442 2112 (Luc.
1484 2037 1671 2109 xxiv).
1711 2038 1777 2091 Et
1808 2045 1869 2092 ut

289 2149 491 2195 caetera
513 2180 528 2203 ,
555 2136 964 2208 praetermittam
994 2143 1304 2189 sanctorum
1331 2139 1548 2200 patrum
1584 2127 1829 2197 exempla
1849 2166 1865 2192 ,

285 2245 453 2284 causa
485 2227 788 2297 compendii
820 2225 1060 2281 breviter
1088 2224 1208 2278 ilico
1238 2240 1251 2276 :
1283 2220 1511 2288 Quando
1542 2217 1866 2273 familiarem

290 2319 512 2374 aliatum
536 2360 551 2384 ,
590 2318 855 2372 habemus
889 2331 1011 2371 cum
1050 2314 1224 2368 servis
1259 2312 1352 2368 Dei
1402 2325 1553 2366 more
1594 2309 1869 2381 religionis

287 2422 493 2467 nostra
513 2452 528 2477 ,
556 2419 846 2480 antequam
876 2421 1191 2477 separemur
1218 2404 1287 2459 ab
1313 2403 1420 2458 illis
1440 2442 1453 2467 ,
1482 2402 1535 2456 in
1567 2400 1754 2455 ultimo
1784 2402 1870 2457 be-

288 2501 650 2557 nedictionem
685 2498 939 2570 petimus.

806 2604 1033 2661 CAPUT
1065 2601 1351 2658 XXXVIII.

366 2698 442 2751 De
470 2698 628 2751 missa
668 2698 723 2751 in
765 2696 1043 2767 festiuitate
1069 2694 1239 2774 sancti
1275 2690 1504 2746 Joannis
1546 2690 1797 2760 Raptis-hc

889 2780 1041 2818 mane
1068 2780 1258 2834 prima.

362 2880 559 2936 Beatus
577 2880 814 2935 Joannes
834 2879 1074 2950 Baptista
1099 2878 1296 2949 legitur
1315 2878 1367 2932 in
1393 2877 1687 2947 Ev‘angelio
1709 2875 1868 2931 Lucan

285 2969 531 3040 repletus
556 2985 675 3025 esse
704 2969 908 3040 Spiritu
940 2979 1128 3024 sancto
1143 2986 1207 3023 ex
1234 2978 1391 3023 utero
1416 2967 1772 3040 matris(Luc.
1799 2969 1860 3039 ι).
1888 3024 1936 3049 Π

1974 1768 2111 1841 legis
2130 1811 2144 1835 ,
2176 1769 2601 1839 Prophetarum,
2632 1778 2686 1824 et
2713 1768 3047 1824 Psalmorum
3067 1810 3081 1834 ,
3113 1786 3325 1826 necnon
3372 1779 3425 1825 et
3452 1788 3550 1841 per

1971 1870 2257 1931 quartum,
2290 1860 2342 1914 id
2370 1868 2487 1924 est,
2516 1860 2839 1930 principium
2871 1859 3178 1931 Evangelii,
3208 1861 3262 1915 in
3293 1877 3399 1931 quo
3425 1878 3548 1914 nar-

1972 1960 2128 2005 ratur
2172 1950 2389 2005 Gabriel
2436 1951 2795 2020 archangelus
2838 1950 3037 2006 missus
3073 1951 3140 2004 ad
3184 1951 3543 2023 Zachariam,

1969 2040 2220 2096 videlicet
2266 2041 2487 2095 nuntius
2539 2041 2838 2095 nativitatis
2889 2042 3240 2111 praecursoris
3288 2040 3538 2103 Domini,

1969 2147 2156 2185 verum
2186 2133 2349 2186 etiam
2380 2139 2434 2186 et
2462 2132 2743 2202 prophetia
2775 2133 3051 2187 Zachariae
3080 2134 3145 2187 de
3173 2135 3403 2189 adventu
3436 2135 3543 2189 Do-

1969 2223 2135 2287 mini,
2163 2231 2217 2277 et
2247 2222 2466 2277 Gabriel
2494 2224 2695 2277 missus
2735 2223 2801 2277 ad
2830 2222 3054 2277 Mariam
3080 2222 3384 2294 Virginem,
3418 2239 3544 2278 nar—

1970 2329 2100 2368 rans
2144 2314 2194 2368 ei
2240 2313 2645 2383 conceptionem
2693 2311 2994 2368 Salvatoris
3039 2315 3208 2369 nostri
3254 2323 3308 2369 et
3350 2324 3545 2369 caetera

1970 2404 2097 2457 talia
2139 2418 2309 2473 usque
2348 2403 2416 2457 ad
2455 2405 2816 2459 nativitatem.
2860 2403 3066 2475 Nempe
3105 2415 3159 2460 et
3201 2407 3314 2476 ipsa
3347 2416 3544 2476 quarta

1971 2493 2339 2559 hebdomada,
2372 2495 2476 2549 hoc
2525 2503 2642 2560 est,
2692 2512 2811 2565 quae
2837 2497 3084 2565 proxima
3114 2506 3196 2552 est
3227 2506 3351 2553 ante
3398 2498 3545 2554 Nati-

1972 2582 2193 2637 vitatem
2224 2584 2434 2638 Domini
2459 2625 2472 2648 ,
2507 2586 2620 2640 sive
2662 2586 2714 2640 in
2747 2603 2851 2656 qua
2896 2587 3221 2651 celebratur,
3255 2589 3547 2658 singularis

1970 2683 2086 2736 est,
2118 2684 2175 2730 et
2200 2675 2366 2731 habet
2396 2676 2451 2731 in
2494 2678 2801 2732 matutinali
2832 2678 3014 2733 ofﬁcio
3053 2694 3151 2748 per
3177 2695 3446 2749 quamque
3476 2679 3548 2734 fe-

1972 2765 2109 2820 riam
2138 2765 2462 2837 antiphonas
2486 2769 2734 2839 proprias
2760 2770 2814 2824 in
2845 2768 3094 2825 Psalmis.
3121 2772 3189 2826 Et
3213 2772 3320 2828 alio
3349 2772 3543 2826 modo:

1970 2868 2125 2912 actor
2151 2858 2486 2913 Lectionarii
2518 2860 2674 2914 docet
2704 2875 2832 2923 nos.
2866 2876 3027 2930 quam
3061 2861 3218 2917 fortis
3245 2862 3317 2916 sit
3353 2862 3541 2917 Domi-

1972 2965 2073 3003 nus
2115 2948 2208 3019 qui
2235 2957 2501 3004 venturus
2540 2958 2623 3004 est
2651 2950 2717 3003 ad
2745 2966 2843 3005 nos
2861 2992 2875 3015 ,
2902 2959 2957 3004 et
2995 2951 3297 3006 intraturus
3324 2950 3544 3006 domum

287 3027 629 3131 ριξερτοριοι.
668 3062 723 3115 in
747 3027 987 3116 ἐκοηιίο
1028 3061 1165 3115 lucis
1203 3060 1308 3115 diei
1353 3060 1505 3129 quasi
1547 3060 1600 3113 ίη
1627 3027 1864 3114 ἐχονάέο
1887 3027 1938 3092 C
1974 3048 2246 3106 nostram,
2275 3050 2337 3095 ut
2363 3040 2419 3095 in
2449 3056 2513 3096 ea
2544 3041 2782 3107 habitet,
2814 3057 2974 3111 quam
3008 3041 3241 3097 solemus
3268 3042 3550 3097 sordidare

290 3152 594 3206 nativitatis
637 3152 961 3207 sacriﬁcium
1004 3151 1113 3204 Deo
1154 3148 1380 3206 oii‘ertur
1420 3150 1477 3205 in
1500 3149 1721 3213 {honore
1748 3149 1865 3218 ejus

287 3243 363 3296 ad
411 3242 621 3297 tandem
668 3242 945 3299 Creatoris
976 3242 1067 3312 qui
1106 3241 1253 3296 illum
1289 3238 1542 3311 dignatus
1578 3249 1663 3294 est
1692 3240 1855 3295 hono-

288 3348 417 3387 rare
451 3348 520 3388 ex
557 3341 715 3388 utero
754 3333 964 3387 matris.
1001 3332 1125 3387 ldeo
1165 3339 1345 3386 autem
1378 3340 1490 3386 tres
1515 3332 1692 3385 missa:
1721 3330 1863 3384 cele-

285 3423 522 3477 brantur
549 3422 604 3477 in
634 3422 927 3477 festivitate
962 3422 1105 3476 beati
1133 3419 1389 3486 Joannis,
1421 3420 1550 3490 quia
1579 3419 1753 3475 tribus
1784 3418 1865 3472 in-

287 3514 536 3586 signibus
566 3513 854 3583 triumphis
876 3513 1201 3567 excellenter
1226 3511 1456 3567 refulsit.
1484 3511 1569 3567 Ad
1593 3511 1694 3566 hoc
1717 3510 1862 3566 enim

289 3606 442 3662 venit
467 3613 528 3660 ut
552 3604 697 3659 viam
725 3603 951 3658 Domino
978 3611 1301 3673 praepararet
1326 3602 1573 3673 exemplo
1598 3617 1709 3667 suae
1735 3616 1864 3656 con—

286 3691 638 3747 versationis.
659 3690 761 3757 Qui
785 3691 1090 3760 triumphus
1110 3689 1416 3745 celebratur
1438 3691 1491 3745 in
1518 3690 1697 3760 vigilia
1723 3690 1859 3760 ejus.

290 3787 398 3841 Per
444 3785 699 3856 baptismi
741 3784 1104 3839 ministerium
1147 3783 1343 3838 claruit
1382 3784 1607 3855 insignis
1641 3797 1656 3835 :
1704 3780 1864 3850 hujus

287 3875 578 3931 ministerii
610 3873 917 3943 triumphus
950 3873 1204 3927 recolitur
1235 3875 1287 3927 in
1316 3874 1491 3943 prima
1519 3872 1685 3927 missa
1716 3889 1729 3925 :
1760 3871 1864 3926 Na‘

288 3982 500 4024 sarteus
537 3980 665 4021 vero
703 3964 1004 4036 permansit
1039 3979 1106 4019 ex
1150 3973 1307 4019 utero
1350 3964 1541 4019 matris
1574 3983 1586 4017 :
1621 3964 1724 4020 hoc
1762 3963 1863 4020 do-

288 4071 421 4112 num
454 4055 708 4111 recolitur
731 4054 969 4109 secunda
1002 4054 1169 4108 missa
1204 4054 1256 4108 in
1289 4054 1399 4109 die.

850 4187 1080 4243 CAPUT
1117 4186 1362 4242 XXXIX.

598 4279 674 4333 De
699 4279 995 4349 o/ferenda,
1032 4279 1128 4333 Vir
1156 4286 1273 4333 erat
1301 4280 1353 4333 in
1388 4290 1551 4334 terra.

367 4392 585 4446 Interim
612 4392 849 4447 occurrit
871 4390 1000 4445 mihi
1025 4390 1275 4460 repetitio
1296 4391 1580 4445 verborum
1597 4433 1610 4457 ,
1638 4408 1757 4462 quae
1782 4401 1864 4448 est

291 4487 347 4539 in
373 4483 618 4540 versibus
641 4481 899 4538 offertorii
923 4524 936 4547 ,
973 4481 1067 4535 Vir
1091 4492 1245 4547 erat;
1277 4482 1420 4536 nolui
1447 4486 1863 4551 praetermittere

290 4573 436 4644 quod
464 4572 606 4626 sensi
637 4571 702 4626 de
732 4572 818 4625 illa
838 4613 851 4635 ,
884 4572 1132 4641 quamvis
1161 4572 1293 4626 ordo
1326 4588 1503 4626 rerum
1535 4582 1713 4628 teneat
1745 4583 1864 4645 post

290 4663 643 4732 scriptionem
685 4663 984 4716 nativitatis
1024 4663 1195 4717 sancti
1232 4660 1486 4728 Joannis,
1526 4664 1861 4719 nativitatem

290 4751 497 4807 Christi
524 4749 783 4806 scribere.
818 4750 876 4804 In
906 4750 1184 4807 oﬂ‘ertorio
1211 4769 1317 4807 non
1345 4764 1425 4808 est
1467 4755 1716 4824 repetitio
1744 4771 1864 4811 ver-

289 4841 486 4899 borum
504 4880 521 4904 ,
544 4839 599 4892 in
627 4838 875 4894 versibus
899 4847 1001 4895 est.
1033 4840 1208 4897 Verba
1240 4843 1488 4899 historici
1517 4846 1865 4902 continentur

291 4933 350 4988 in
394 4930 712 4986 oﬂ‘ertorio:
756 4930 922 4985 verba
960 4928 1061 4985 Job
1100 4933 1286 5001 argroti
1328 4943 1379 4988 et
1418 4934 1654 4991 dolentis
1695 4937 1867 4991 conti-

292 5029 492 5077 nentur
517 5020 570 5074 in
597 5020 863 5075 versibus.
888 5019 1147 5091 AEgrotus
1173 5022 1327 5093 cujus
1354 5024 1628 5080 anhelitus
1650 5041 1756 5080 non
1784 5035 1870 5081 est

292 5127 489 5176 sanus,
519 5125 697 5181 neque
736 5108 918 5173 fortis,
948 5110 1085 5165 solet
1115 5112 1279 5165 verba
1313 5113 1628 5182 imperfecta
1669 5117 1866 5185 saepius

292 5210 561 5272 repetere.
591 5198 762 5255 Ollicii
793 5207 1002 5263 auctor,
1033 5207 1093 5254 ut
1122 5199 1437 5257 eil'ectanter
1466 5203 1622 5259 nobis
1650 5204 1719 5258 ad
1758 5220 1868 5259 me-

293 5292 524 5349 moriam
547 5291 831 5347 reduceret
848 5300 1199 5362 aegrotantem
1224 5293 1324 5348 Job
1343 5335 1359 5360 ,
1386 5296 1637 5364 repetivit
1672 5297 1869 5367 sapius

292 5383 460 5439 verba
491 5396 641 5437 more
669 5383 1067 5452 :egrotantium.
1100 5382 1157 5438 In
1188 5382 1463 5438 otl‘ertorio
1493 5395 1552 5439 ut
1578 5386 1726 5453 dixi,
1758 5403 1865 5442 non

292 5486 423 5535 sunt
451 5478 615 5533 verba
643 5478 870 5547 repetita
893 5518 907 5542 ,
936 5477 1061 5546 quia
1099 5476 1389 5533 historicus
1418 5478 1661 5535 scribens
1700 5480 1870 5537 histo-

296 5572 436 5627 riam
454 5612 468 5636 ,
497 5588 604 5627 non
634 5573 950 5641 aegrotabat.

1890 4355 1940 4413 D

1969 3132 2208 3201 quinque
2237 3131 2490 3187 sensibus
2520 3133 2743 3187 uestris.
2794 3132 2971 3188 [ilices
2999 3132 3187 3187 fornae
3216 3134 3420 3191 intrant
3447 3149 3548 3204 per

1969 3221 2194 3276 oculos:
2231 3221 2472 3290 suspicio
2512 3221 2655 3275 mala
2695 3222 2760 3276 de
2790 3221 2993 3285 fratre,
3023 3238 3122 3291 per
3163 3237 3325 3277 aures
3357 3241 3368 3276 :
3412 3224 3549 3277 odor

1956 3308 2290 3365 libidinosus
2315 3326 2415 3379 per
2441 3325 2603 3365 nares
2629 3328 2641 3363 :
2673 3326 2771 3380 per
2801 3326 2862 3365 os
2892 3310 3158 3381 ingluvies
3185 3310 3414 3381 polluit,
3445 3326 3546 3382 per

1970 3409 2172 3456 tactum
2214 3402 2525 3457 crudelitas.
2578 3401 2634 3456 In
2676 3402 2926 3457 sordibus
2969 3417 3076 3456 non
3124 3402 3239 3456 vult
3279 3403 3548 3458 'habitare

1969 3507 2061 3547 rex
2091 3504 2389 3548 venturus:
2422 3493 2526 3547 nisi
2558 3494 2632 3548 ita
2671 3501 2933 3563 purgetur
2972 3492 3303 3562 hospitium,
3338 3503 3398 3548 ut
3439 3510 3545 3550 nec

1966 3583 2158 3639 saltem
2193 3583 2370 3654 pulvis
2410 3582 2594 3637 talium
2632 3583 3070 3652 phantasmatum
3112 3593 3389 3639 remaneat
3431 3600 3540 3641 non

1966 3675 2276 3745 dignabitur
2318 3674 2513 3743 hospes
2567 3681 2823 3729 venturus
2875 3675 2928 3728 in
2978 3674 3107 3728 illud
3152 3674 3378 3731 intrare.
3421 3677 3547 3732 Ideo

1966 3767 2156 3821 scribit
2209 3776 2398 3821 auctor
2448 3766 2686 3836 quinque
2741 3766 3004 3821 lectiones
3055 3767 3292 3836 quinque
3346 3769 3546 3824 hebdo-

1965 3858 2279 3922 madarum,
2329 3865 2391 3911 ut
2436 3871 2536 3912 nos
2584 3858 2834 3912 hortetur
2880 3858 3270 3914 circumcidere
3307 3859 3557 3929 quinque-

1966 3962 2156 4002 sensus
2184 3954 2400 4002 nostros
2430 3947 2497 4001 ab
2528 3946 2676 4001 omni
2706 3947 2873 4012 vitio,
2905 3956 2961 4002 et
2988 3962 3180 4017 parare
3211 3949 3545 4003 mansionem

1963 4036 2183 4108 dignam
2215 4038 2378 4110 Regi,
2414 4045 2471 4093 et
2500 4038 2750 4104 Domino,
2781 4046 2944 4106 atque
2974 4052 3105 4091 vero
3134 4036 3434 4105 Prophetas.
3472 4039 3556 4091 Dc-

1966 4126 2084 4197 ipso
2112 4142 2242 4199 rege
2270 4127 2403 4183 dicit
2431 4128 2605 4197 prima
2636 4126 2799 4181 lectio
2826 4140 2840 4179 :
2876 4123 3012 4177 Ecce
3050 4123 3162 4177 dies
3197 4124 3427 4188 venient,
3458 4125 3543 4176 di-

1963 4220 2033 4274 cit
2061 4219 2347 4283 Dominus,
2381 4227 2430 4271 ct
2467 4216 2728 4271 suscitabo
2772 4214 2940 4270 David
2981 4230 3189 4284 germen
3223 4214 3460 4284 justum,
3490 4225 3539 4268 et

1969 4309 2199 4378 regnabit
2231 4323 2355 4372 rex,
2378 4315 2433 4360 et
2464 4305 2671 4373 sapiens
2701 4307 2819 4359 erit.
2855 4305 2921 4358 Et
2949 4305 3146 4357 iterum
3178 4305 3244 4358 de
3274 4304 3498 4357 Domino
3525 4322 3538 4358 :

1972 4393 2041 4448 Et
2078 4395 2174 4448 hoc
2214 4403 2290 4447 est
2320 4410 2506 4448 nomen
2533 4393 2672 4461 quod
2699 4392 2952 4446 vocabunt
2983 4408 3100 4445 eum
3122 4434 3136 4456 ,
3171 4391 3424 4446 Dominus
3445 4392 3541 4461 ju-

1968 4493 2081 4536 stus
2128 4491 2321 4535 noster.
2362 4482 2430 4536 Et
2466 4482 2663 4536 iterum
2706 4481 2759 4533 in
2802 4479 3090 4550 Evangelia
3131 4481 3201 4534 de
3240 4479 3554 4550 Propheta,.

1970 4570 2110 4638 Quia
2140 4570 2223 4625 hic
2254 4580 2332 4625 est
2362 4588 2472 4625 vere
2498 4570 2751 4642 propheta
2769 4611 2782 4632 ,
2812 4570 2902 4641 qui
2927 4578 3176 4624 venturus
3205 4580 3278 4623 est
3305 4570 3360 4625 in
3390 4586 3526 4625 mun-

1969 4663 2113 4716 dum.
2164 4660 2370 4717 Auctor
2415 4660 2645 4716 Missalis
2691 4661 2807 4716 sive
2843 4659 3249 4729 Antiphonarii,
3295 4663 3547 4718 eamdem

1969 4755 2415 4824 praeparationem
2466 4753 2713 4806 hortatur
2765 4766 2864 4805 nos
2916 4749 3095 4805 facere
3148 4766 3248 4820 per
3307 4761 3542 4821 quatuor

1965 4846 2351 4902 hebdomadas.
2382 4844 2532 4899 Sicut
2562 4844 2704 4897 enim
2734 4844 2895 4896 homo
2924 4843 3278 4898 internunciis
3305 4844 3555 4913 quinque-

1966 4939 2215 4995 sensibus
2261 4938 2328 4992 ad
2371 4937 2605 4992 animam
2654 4937 2791 4989 bene
2829 4943 2924 4988 aut
2963 4934 3103 4989 male
3143 4945 3418 5005 operatur,
3465 4936 3545 4990 ita

1964 5044 2064 5099 per
2088 5036 2325 5099 quatuor
2353 5028 2621 5083 elementa
2653 5037 2747 5080 aut
2792 5025 2901 5078 ruit
2930 5024 2996 5078 ad
3026 5025 3168 5079 mala
3199 5026 3498 5097 corporalia
3521 5067 3549 5087 ,.

1968 5129 2063 5175 aut
2099 5122 2273 5191 surgit
2300 5120 2368 5174 ad
2398 5121 2556 5173 lona.
2588 5117 2950 5188 Quapropter,
2995 5126 3055 5171 ut
3099 5118 3247 5184 dixi,
3291 5120 3547 5173 hortatur

1972 5227 2071 5267 nos
2097 5220 2285 5266 auctor
2308 5219 2657 5274 memoratus,
2691 5218 2750 5264 ut
2777 5210 2821 5264 si
2850 5225 3022 5279 usque
3051 5210 3210 5264 modo
3241 5211 3549 5278 torpuimus

1973 5301 2330 5374 negligentia,
2371 5301 2569 5356 dehinc
2610 5316 2896 5371 surgamus
2933 5300 3000 5354 ad
3045 5299 3404 5353 mundandam
3445 5298 3549 5352 do-

1972 5412 2119 5451 mum
2160 5403 2405 5450 nostram
2449 5402 2509 5449 ut
2549 5393 2642 5463 qui
2689 5392 2794 5447 ιτοιι
2836 5392 3105 5446 excitatus
3143 5398 3226 5444 est
3265 5389 3317 5444 in
3350 5390 3549 5459 quinta

1970 5485 2339 5550 hebdomada,
2384 5484 2574 5539 saltem
2619 5491 2806 5554 surgat
2847 5482 2900 5534 in
2940 5486 3153 5547 quarta.
3185 5478 3362 5548 ipsum
3390 5481 3550 5536 enim

1976 5586 2133 5632 sonat
2179 5576 2375 5641 lectio,
2423 5591 2542 5646 quae
2593 5573 2785 5644 legitur
2826 5572 2879 5625 in
2922 5574 3117 5640 quarta
3156 5570 3495 5629 hebdomada
3520 5591 3546 5627 ε
