3938 6178
414 357 549 415 H359

1449 334 1786 395 AMALARII
1822 323 2261 389 PRESBYTERI
2304 312 2649 377 METENSIS

3553 304 3696 360 $160

415 474 634 530 Scimus
658 482 783 539 quia
816 466 946 519 hora
976 470 1059 517 est
1079 459 1192 530 jam
1225 473 1327 512 nos
1358 456 1423 511 de
1452 467 1644 509 somno
1673 459 1920 519 surgere,
1947 451 2003 498 et
2031 443 2073 503 Α
2107 439 2422 511 supervenit
2451 438 2504 491 in
2532 450 2599 490 eo
2629 451 2643 487 :
2677 431 2774 487 sed
2803 445 2869 484 ex
2902 429 3021 498 ipsa
3053 424 3210 480 vulva
3240 423 3461 487 unitus,
3490 417 3700 478 nstiti-

2470 532 2485 539 -
2911 532 2922 539 ,
2978 524 3009 539 ..
3148 519 3481 539 unum“

415 567 645 634 reliqua.
679 558 794 617 Non
825 556 1011 611 dubito
1039 559 1360 623 propterea,
1396 554 1679 604 cautorem
1711 542 1766 595 in
1794 550 2002 595 memo-

419 626 552 713 rata
573 648 906 708 hebdomada
954 660 1077 700 cum
1108 643 1236 697 tuba
1268 656 1365 695 sua
1393 636 1636 693 exaltare
1663 646 1851 687 vocem
1873 671 1888 694 ,
1919 626 2000 680 Ad

420 757 467 799 te
494 742 656 796 levavi
694 737 925 792 animum
958 748 1126 786 meam
1143 771 1158 795 ,
1187 737 1248 783 ut
1272 727 1475 782 excitet
1499 739 1593 779 eos
1618 722 1709 792 qui
1737 720 1789 774 in
1815 717 2002 788 quinta

424 830 761 891 bebdomada
792 840 987 898 sopore
1021 820 1366 895 negligentia:
1398 816 1647 889 oppressi
1679 820 1827 869 sunt.
1861 810 2006 876 Quo-

422 929 582 984 modo
613 928 832 983 domum
866 929 1106 976 nostram
1134 929 1449 988 praeparare
1477 912 1771 968 debeamus
1790 948 1804 972 ,
1838 906 1893 959 in
1923 917 2005 957 se-

421 1018 713 1090 quentibus
753 1021 1053 1070 memorata
1097 1009 1259 1065 lectio
1302 1012 1613 1061 monstrat:
1654 1000 1774 1055 Non
1815 999 1870 1051 in
1914 1013 2005 1049 co-

422 1089 826 1165 messationibus
874 1113 923 1158 et
974 1100 1348 1164 ebrietatibus,
1403 1114 1507 1150 non
1556 1096 1613 1148 in
1658 1089 1913 1147 cubilibus
1959 1096 2006 1140 et

421 1199 766 1270 impudicitiis
790 1237 805 1263 ,
838 1195 1024 1250 nonin
1055 1192 1380 1246 contentione
1419 1198 1467 1242 et
1507 1184 1874 1247 annulatione,
1918 1180 2009 1234 sed

422 1289 709 1365 induimini
738 1287 1021 1341 Dominum
1048 1282 1229 1336 Jesum
1262 1278 1551 1334 Christum.
1579 1276 1837 1331 Eamdem
1866 1287 2010 1342 prm-

421 1380 763 1450 parationem
796 1374 1031 1430 inculcat
1076 1372 1129 1426 in
1172 1385 1333 1424 aures
1377 1377 1593 1423 nostras
1633 1365 2013 1419 Sacramenta-

427 1470 567 1524 rium
600 1486 614 1521 :
665 1465 1061 1536 Suscipiamus,
1108 1461 1359 1530 inquiens
1382 1500 1396 1523 ,
1428 1458 1684 1519 Domine,
1719 1452 2014 1507 misericor-

425 1562 571 1614 diam
605 1569 751 1612 tuam
790 1556 845 1610 in
886 1555 1058 1609 medio
1099 1552 1275 1624 templi
1317 1552 1429 1615 tui,
1460 1559 1514 1603 ut
1546 1544 1892 1619 reparationis
1920 1561 2014 1599 uo—

426 1661 551 1704 strte
591 1659 805 1704 ventura
844 1644 1101 1700 solemnia
1143 1643 1387 1712 congruis
1422 1638 1708 1694 honoribus
1742 1634 2011 1709 prwceda-

432 1760 572 1796 mus.
605 1741 663 1794 Si
694 1743 816 1809 quis
843 1738 1075 1792 voluerit
1102 1744 1288 1791 nostra
1320 1734 1461 1789 dicta
1493 1730 1824 1801 infringere,
1858 1727 2013 1798 quasi

434 1851 542 1888 non
573 1833 682 1886 sint
708 1840 942 1901 quatuor
970 1829 1321 1883 bebdomadm
1344 1825 1501 1896 plene
1528 1840 1556 1878 a
1585 1829 1885 1878 memorata
1915 1820 2021 1874 Do-

436 1926 636 1979 minica
668 1940 839 1992 usque
871 1924 925 1976 in
969 1921 1318 1974 Nativitatcm
1360 1916 1610 1988 Domini,
1643 1912 1859 1967 videtur
1886 1909 2019 1966 mihi

436 2016 664 2084 ignarus
696 2027 816 2067 esse
843 2009 1041 2079 regulae
1069 2015 1273 2084 sapclte
1302 2004 1628 2074 Scripturae,
1662 2017 1781 2071 qua:
1810 2015 1840 2054 a
1868 2010 2021 2070 parte

436 2024 664 2084 ignarus
696 2027 816 2067 esse
843 2024 1041 2079 regulae
1069 2024 1128 2063 sa
1154 2024 1273 2060 ncne
1304 2024 1628 2074 bCl‘lthl‘iB,
1662 2024 1781 2071 qua:
1810 2024 1840 2054 a
1868 2024 2021 2070 parte

435 2113 604 2156 totum
637 2101 773 2155 solet
803 2099 1049 2168 implere.
1083 2024 1203 2149 Vidi
1238 2104 1478 2164 tempore
1507 2094 1719 2165 prisco,
1751 2089 1936 2145 Gloria
1966 2090 2022 2143 in

432 2195 654 2250 excelsis
689 2193 826 2255 Deo,
868 2188 1212 2261 pra‘termilti
1260 2188 1314 2241 in
1360 2186 1552 2241 diebus
1593 2184 1874 2239 Adventus
1920 2181 2026 2236 Do-

438 2293 602 2355 mini,
636 2300 688 2345 et
720 2290 772 2343 in
806 2288 1077 2357 aliquibus
1106 2285 1240 2339 locis
1278 2282 1619 2337 dalmaticas.
1666 2278 1841 2333 Habet
1878 2276 2023 2345 enim

435 2393 493 2439 et
532 2381 678 2437 istud
721 2380 923 2449 aliquid
972 2376 1234 2440 rationis,
1278 2375 1344 2428 ad
1391 2370 1771 2427 insinuandum
1816 2376 2026 2435 tempus

441 2472 654 2530 Veteris
677 2469 1033 2528 Testamenti.
1065 2466 1208 2520 Nulli
1239 2464 1462 2519 dubium
1492 2462 1622 2533 quin
1655 2458 1827 2528 major
1856 2458 2025 2529 gloria

438 2565 511 2621 sit
543 2565 595 2618 in
627 2561 868 2617 Ecclesia
897 2559 992 2614 Dei
1025 2567 1266 2629 tempore
1297 2555 1430 2610 Novi
1461 2552 1800 2609 Tcstamenti
1820 2592 1834 2614 ,
1863 2564 2024 2619 quam

440 2656 550 2712 fort
579 2654 812 2709 Veteris.
847 2653 912 2706 Et
940 2652 1046 2705 alio
1074 2650 1230 2704 modo
1259 2669 1270 2702 :
1302 2646 1575 2716 Quidquid
1605 2645 1751 2700 enim
1782 2657 1904 2697 raro
1929 2640 1987 2694 lit
2008 2681 2023 2706 ,

442 2750 733 2821 pretiosius
775 2746 836 2800 lit
879 2760 1003 2799 cum
1044 2743 1123 2797 ﬁt.
1170 2741 1322 2797 Unde
1361 2739 1622 2793 scribitur
1661 2737 1714 2791 in
1757 2736 1895 2789 libro
1925 2733 2026 2788 Sa—

443 2840 636 2895 muelis
664 2853 679 2891 :
712 2834 857 2889 Puer
880 2832 1092 2887 Sanine!
1118 2830 1451 2885 ministrabat
1479 2838 1602 2880 ante
1628 2825 1912 2881 Dominum
1942 2836 2030 2876 co-

443 2948 559 2983 rmn
592 2927 745 2990 Heli,
787 2936 835 2978 et
866 2940 1034 2978 sermo
1068 2921 1279 2975 Domini
1321 2928 1436 2973 erat
1477 2918 1755 2988 pretiosus.
1788 2914 1912 2968 Ideo
1953 2911 2033 2965 di-

443 3022 587 3073 citur
628 3018 938 3087 pretiosus,
985 3014 1109 3084 quia
1155 3013 1246 3067 illo
1289 3013 1342 3065 in
1394 3022 1636 3078 tempore
1682 3015 1801 3061 erat
1849 3019 2028 3058 rarus.

452 3111 603 3167 Unde
656 3109 1017 3176 Hieronymus
1063 3103 1129 3157 ad
1160 3102 1450 3173 Evagrium
1502 3101 1556 3154 in
1604 3098 1831 3168 epistola
1882 3111 2027 3152 sua:

2105 544 2271 589 tatem
2301 532 2578 588 carnalem
2609 528 2851 584 creditur
2876 532 2931 579 et
2960 523 3162 578 dicitur
3186 519 3506 593 pertulisse.

2694 655 2923 713 CAPUT
2959 652 3115 710 XLII.

2482 747 2558 806 De
2585 758 2830 804 consueto
2859 757 3086 819 tempore
3116 743 3307 797 missw.

2180 870 2510 926 Mcmoratus
2549 881 2691 937 papa
2722 863 3086 933 Telesphorus
3127 860 3379 929 scripsit,
3410 874 3525 930 quo
3574 867 3715 916 tem-

2107 981 2241 1036 pore
2284 964 2463 1033 primo
2503 960 2592 1014 die
2636 958 2826 1013 liceret
2866 956 3090 1010 missam
3122 952 3427 1009 celebrare.
3476 951 3713 1020 Legitur

2111 1059 2164 1112 in
2196 1056 2375 1111 Gestis
2403 1049 2809 1123 episcopalibus
2837 1046 3043 1101 dixisse
3073 1052 3437 1099 memoratum
3466 1057 3674 1113 papam
3692 1082 3709 1105 ,

2111 1156 2173 1203 ut
2222 1156 2351 1201 ante
2398 1146 2546 1199 horae
2599 1141 2776 1196 tertiae
2831 1152 3054 1195 cursum
3114 1136 3296 1191 nullus
3347 1142 3715 1205 praesumeret

2114 1254 2309 1296 missas
2338 1237 2614 1293 celebrare
2632 1276 2648 1300 ,
2679 1249 2786 1303 qua
2816 1234 2951 1288 hora
2982 1230 3247 1285 Dominus
3276 1236 3472 1284 noster
3512 1240 3715 1281 ascen-

2114 1331 2195 1387 dit
2220 1330 2276 1385 in
2307 1343 2544 1384 crucem.
2578 1325 2637 1380 Si
2669 1325 2816 1380 enim
2846 1330 3139 1393 propterea
3167 1328 3352 1389 aptum
3392 1326 3521 1382 est,
3548 1317 3714 1387 juxta

2114 1429 2477 1476 memoratum
2518 1431 2744 1487 papam,
2789 1423 3006 1483 tempus
3047 1419 3197 1466 hora:
3241 1407 3418 1463 tertia:
3462 1406 3718 1462 celebra-

2117 1514 2253 1569 tioni
2287 1513 2466 1567 missa!
2487 1551 2502 1574 ,
2530 1509 2659 1579 quia
2690 1508 2746 1562 in
2778 1520 2846 1560 eo
2887 1504 3086 1574 legitur
3121 1500 3420 1556 secundum
3464 1497 3716 1552 Marcum

2117 1619 2335 1659 crucem
2361 1601 2639 1656 Christum
2669 1596 2980 1652 ascendisse
3005 1614 3017 1648 :
3053 1602 3109 1649 et
3136 1608 3237 1648 nos
3261 1605 3559 1661 possumus
3587 1606 3717 1645 con—

2120 1697 2401 1751 venienter
2441 1695 2654 1757 dicere,
2697 1700 2883 1761 aptum
2920 1703 3042 1743 esse
3087 1696 3300 1756 tempus
3326 1684 3481 1739 borze
3506 1691 3716 1746 sexta,

2048 1793 2096 1852 B
2124 1802 2231 1857 quo
2270 1786 2569 1840 secundum
2614 1781 2925 1835 Matthreum
2955 1792 3174 1832 crucem
3203 1774 3454 1831 ascendit
3486 1793 3501 1827 :
3533 1774 3637 1828 sed
3663 1784 3724 1828 et

2125 1886 2336 1947 tempus
2376 1875 2524 1929 hora:
2565 1887 2759 1938 nonae,
2790 1871 3007 1942 quando
3035 1869 3220 1949 emisit
3246 1868 3506 1938 spiritum
3537 1884 3554 1920 :
3588 1865 3721 1921 meo

2124 1969 2229 2024 tria
2282 1976 2525 2037 tempora
2573 1973 2793 2021 sacrata
2841 1971 2971 2019 sunt
3011 1961 3215 2017 Christi
3262 1959 3467 2015 ﬁxione
3514 1959 3722 2030 linguis

2123 2061 2435 2118 Judzeorum
2462 2066 2517 2113 et
2540 2059 2706 2128 ligno.
2733 2056 2797 2112 Hi
2821 2057 2913 2128 qui
2945 2064 3072 2110 ante
3100 2055 3290 2109 horam
3317 2052 3578 2118 tertiam,
3607 2053 3723 2107 sive

2124 2163 2249 2226 post
2291 2154 2482 2208 horam
2527 2164 2727 2205 nonam
2766 2147 3079 2203 necessario
3116 2144 3353 2202 oﬂ'erunt
3381 2144 3726 2199 sacriﬁcium

2125 2249 2237 2303 Deo
2265 2260 2451 2301 amore
2480 2243 2663 2299 divino
2692 2241 2879 2297 infecti
2904 2283 2919 2306 ,
2949 2248 3011 2295 ut
3038 2255 3147 2294 non
3176 2246 3470 2309 prtetereat
3496 2238 3625 2292 dies
3653 2237 3730 2291 si-

2130 2354 2197 2394 ne
2225 2337 2437 2392 illorum
2466 2333 2756 2398 sacriﬁcio,
2790 2339 2853 2386 ut
2881 2346 3022 2395 reor,
3055 2346 3163 2386 non
3192 2331 3296 2384 hoc
3325 2338 3527 2399 agunt,
3561 2329 3729 2397 quasi

2128 2437 2384 2501 proterve
2428 2434 2619 2482 contra
2659 2425 2904 2480 instituta
2952 2421 3248 2493 apostolica
3295 2438 3309 2473 :
3365 2420 3464 2474 sed
3515 2421 3733 2474 habent

2129 2540 2349 2582 causam
2392 2524 2623 2587 seriam,
2668 2537 2773 2593 qua
2815 2535 3078 2576 excusare
3115 2516 3474 2589 probabiliter
3499 2532 3565 2571 se
3607 2532 3735 2586 pos-

2129 2619 2259 2684 sint,
2288 2625 2349 2672 ut
2391 2616 2686 2680 Dominus,
2729 2612 3022 2683 discipulos
3065 2609 3305 2665 defendit
3355 2608 3732 2679 reprehensos

2131 2726 2162 2764 a
2205 2707 2437 2771 Iudaeis,
2482 2706 2704 2777 quando
2747 2703 3020 2758 vellebant
3058 2702 3266 2772 spicas,
3306 2699 3463 2770 quasi
3509 2699 3624 2753 hoc
3658 2697 3729 2753 fa-

2132 2808 2323 2855 cerent
2345 2797 2491 2869 quod
2518 2812 2626 2851 non
2668 2795 2872 2851 licebat
2914 2794 2970 2847 in
3009 2790 3286 2855 sabbatis,
3331 2789 3590 2860 exemplo
3634 2791 3735 2844 Da-

2132 2891 2256 2957 vid,
2287 2889 2505 2960 quando
2530 2887 2856 2943 necessitate
2878 2884 3041 2940 famis
3062 2924 3078 2949 ,
3108 2883 3386 2955 ingressus
3408 2892 3500 2936 est
3520 2882 3735 2953 legem,

2134 2987 2197 3036 ut
2237 2979 2592 3035 manducaret
2630 2992 2799 3047 panes
2824 2982 3198 3032 consecratos.
3227 2972 3423 3026 Fames
3450 2972 3654 3040 utique
3682 2972 3737 3025 in

2136 3086 2303 3129 causa
2330 3071 2431 3126 t‘uit
2450 3111 2464 3132 ,
2494 3077 2555 3124 ut
2575 3067 2843 3140 probabili
2869 3066 3223 3122 excusatione
3248 3062 3743 3132 transgrederetur

438 3204 619 3255 (hunc
667 3197 808 3268 quod
855 3153 1040 3249 rarum
1087 3203 1204 3258 est,
1253 3153 1372 3263 plus
1411 3153 1703 3261 appetitur.
1749 3187 2029 3259 Pulcgium
2059 3163 2307 3268 C136?n
2352 3159 2540 3216 οπίά·
2583 3158 2852 3268 θυίοινξξ
2889 3156 3094 3268 aliquid
3138 3154 3312 3268 Simiae
3348 3153 3547 3262 δοτίίξίι
3572 3153 3741 3208 1930'

447 3293 587 3363 apud
615 3291 773 3344 ludos
795 3289 982 3358 pipere
1010 3286 1306 3358 pretiosius
1329 3291 1431 3339 est.
1456 3282 1535 3337 Ac
1556 3281 1678 3336 ideo
1704 3280 1921 3350 quando
1952 3279 2033 3333 in-

452 3381 777 3436 termittitur
816 3376 999 3433 Gloria
1029 3379 1085 3432 in
1113 3375 1332 3431 excelsis
1358 3373 1467 3427 Deo
1488 3414 1503 3439 ,
1534 3372 1649 3426 sive
1679 3370 1783 3425 alia
1813 3369 2035 3425 claritas

453 3473 593 3529 sacri
643 3472 854 3525 ordinis
905 3470 973 3525 ad
1025 3479 1279 3539 tempus,
1328 3466 1499 3520 multo
1547 3463 1759 3518 avidius
1803 3461 2037 3516 sumitur

451 3565 670 3635 quando
698 3562 943 3617 redditur
966 3578 981 3628 ;
1004 3569 1060 3615 et
1094 3560 1293 3615 clarius
1322 3556 1577 3612 inanimis
1613 3559 1928 3610 devotorum
1951 3568 2040 3607 re-

453 3658 730 3729 splendet,
780 3656 995 3724 quando
1040 3655 1108 3708 ab
1151 3651 1472 3722 aeruginosis
1518 3656 1821 3719 reparatur.
1871 3643 2037 3712 Quasi

454 3763 655 3803 novum
687 3746 953 3799 canticum
987 3744 1254 3806 redditur,
1286 3739 1469 3793 Gloria
1501 3742 1555 3793 in
1581 3736 1796 3792 excelsis
1826 3736 1954 3802 Deo,
1986 3736 2038 3789 in

459 3849 618 3901 nocte
662 3836 974 3889 Nativitatis
1014 3834 1263 3897 Domini,
1308 3843 1366 3886 ut
1406 3846 1471 3884 co
1518 3830 1692 3897 magis
1739 3826 1807 3882 ad
1837 3842 2041 3881 memo-

456 3930 592 3983 riam
624 3926 781 3980 nobis
805 3925 1116 3986 reducatur,
1143 3932 1272 3978 tunc
1298 3922 1531 3992 primum
1560 3918 1891 3975 celebratum
1922 3930 2045 3972 esse

454 4019 705 4076 eumdem
736 4025 957 4072 cantum
990 4014 1214 4085 Hymnis
1241 4010 1575 4083 Angelorum.

1046 4144 1274 4233 CAPUT
1314 4143 1451 4199 XLI.

924 4259 1000 4314 De
1029 4258 1080 4314 Ν
1085 4260 1320 4314 ativitale
1342 4257 1573 4312 Domini.

440 4410 441 4413 η
533 4372 784 4436 Missam,
835 4386 998 4441 quam
1047 4370 1388 4426 celebramus
1436 4369 1490 4424 in
1536 4376 1694 4424 nocte
1734 4367 2047 4424 Nativitatis

462 4466 710 4530 Domini,
741 4463 1105 4532 Telesphorus
1130 4462 1461 4533 apostolicus
1487 4460 1790 4517 constituit.
1815 4460 1895 4516 Ita
1918 4460 2046 4516 seri-

2138 3258 2350 3312 centius
2390 3269 2565 3327 papa,
2613 3268 2734 3323 cap.
2784 3253 2876 3309 55.
2925 3252 3068 3323 Ergo
3105 3251 3250 3321 quod
3285 3249 3596 3306 necessitas
3638 3265 3741 3320 pro

2137 3348 2385 3403 remedio
2409 3345 2655 3417 reperit,
2688 3351 2939 3401 cessante
2963 3344 3289 3400 necessitate
3306 3382 3323 3407 ,
3352 3341 3519 3397 debet
3539 3342 3743 3413 utide

2138 3454 2358 3494 cessare
2397 3438 2604 3508 pariter
2636 3437 2780 3507 quod
2818 3436 3087 3506 urgebat:
3127 3434 3255 3504 quia
3293 3433 3432 3489 alius
3469 3441 3560 3488 est
3600 3434 3743 3489 ordo

2142 3528 2450 3599 legitimus,
2499 3528 2604 3582 alia
2632 3526 2960 3597 usurpatio,
3006 3541 3171 3596 quam
3215 3524 3283 3580 ad
3326 3540 3573 3595 prasens
3619 3527 3742 3579 ﬁeri

2140 3627 2354 3689 tempus
2382 3618 2630 3689 impellit.
2660 3616 2905 3687 Namque
2943 3617 3052 3671 vidi
3093 3616 3331 3671 Leonem
3372 3617 3743 3687 apostolicum

2141 3708 2379 3766 diluculo
2425 3708 2633 3762 intrare
2676 3708 2746 3762 ad
2795 3707 3048 3773 Missam,
3091 3708 3278 3763 nescio
3325 3717 3510 3764 utrum
3562 3725 3738 3764 causa

2142 3797 2492 3856 necessitatis
2536 3799 2912 3854 intercedente
2955 3800 3061 3854 hoc
3102 3806 3324 3869 ageret,
3368 3814 3437 3854 an
3485 3801 3606 3854 sola
3656 3817 3745 3871 po-

2150 3898 2369 3946 testate.
2409 3889 2563 3957 ρυυά
2604 3889 2836 3961 legimus
2872 3891 2926 3945 in
2966 3890 3138 3961 gestis
3161 3890 3606 3962 pontiﬁcalibus,
3640 3894 3741 3948 hoc

2145 3981 2487 4052 scripsimus.
2526 3980 2724 4050 Fulget
2757 3981 2905 4036 enim
2939 3990 3184 4051 potestas
3209 3983 3420 4038 ratione
3456 3983 3739 4038 decorata.

2157 4072 2394 4128 Protulit
2431 4072 2579 4127 enim
2608 4071 2971 4143 Telesphorus
3003 4081 3337 4129 memoratus
3366 4074 3646 4129 rationem
3680 4075 3744 4129 de

2148 4164 2283 4219 hora
2333 4164 2545 4229 misstc,
2596 4179 2701 4233 qua
2751 4164 2818 4218 de
2866 4178 2926 4217 re
2977 4172 3169 4235 sponte
3216 4162 3585 4219 incumbimus
3636 4180 3747 4219 sua:

2156 4254 2490 4310 auctoritati.
3050 4270 3089 4299 κ

2710 4346 2938 4404 CAPUT
2968 4347 3145 4403 XLIII.

2790 4437 2870 4491 De
2889 4439 3111 4499 ύπαντή.

466 4566 620 4627 ptum
649 4513 734 4611 est
762 4555 816 4609 in
844 4513 1025 4608 Gestis
1048 4513 1456 4623 lepivsbopalibus
2073 4513 2125 4574 Β
2223 4546 2494 4619 Scriptum
2526 4556 2610 4603 est
2638 4548 2692 4602 in
2714 4548 2881 4618 gestis
2922 4549 3323 4619 pontificalibus
3342 4552 3492 4622 quod
3520 4550 3752 4626 Sergius

470 4648 563 4703 tali
595 4647 808 4703 Domini
838 4654 1001 4701 noctu
1029 4645 1211 4701 missa:
1251 4644 1678 4699 celebrarentur.
1722 4642 1794 4697 Ut
1833 4643 2043 4714 opinor,

471 4749 694 4810 propter
741 4739 1175 4795 recordationem
1223 4738 1570 4808 angelorum,
1620 4738 1713 4808 qui
1764 4745 1924 4793 nocte
1958 4738 2051 4795 illa

475 4834 825 4896 cecinerunt,
856 4830 1039 4884 Gloria
1079 4831 1133 4885 in
1161 4830 1376 4884 excelsis
1401 4829 1535 4883 Deo.
1575 4829 1632 4884 In
1674 4831 1862 4885 eadem
1905 4831 2055 4886 Nati-

403 4954 428 4982 ,
479 4922 647 4975 vitate
688 4923 875 4976 statuit
915 4932 1106 4976 auctor
1133 4918 1294 4975 olllcii
1329 4920 1544 4973 Missam
1589 4919 1855 4975 celebrari
1893 4935 2053 4975 mane

446 5011 786 5081 “secundam.
818 5011 971 5077 Quod
1010 5012 1259 5081 superius
1289 5007 1625 5079 prmtulimus
1655 5009 1721 5064 de
1765 5009 2051 5067 nativitate

471 5099 723 5163 Joannis,
756 5114 877 5169 quae
906 5100 1068 5155 habet
1095 5100 1317 5155 missam
1348 5099 1401 5153 in
1442 5098 1598 5153 initio
1640 5098 1811 5165 lucis,
1856 5098 1959 5154 hoc
1997 5108 2053 5154 et

479 5190 532 5244 in
564 5189 668 5245 ista
694 5188 1024 5253 retinemus,
1047 5188 1295 5257 quamvis
1324 5187 1553 5241 multum
1583 5187 1746 5242 distet
1776 5189 1919 5243 inter
1942 5204 2054 5244 ser-

473 5296 600 5335 vum
628 5287 684 5333 et
711 5277 1023 5333 Dominum.
1064 5276 1233 5332 Nemo
1270 5278 1484 5332 dubitat
1520 5280 1663 5348 qu'od
1704 5280 1864 5335 homo
1900 5279 2057 5336 Chri-

476 5382 594 5427 slus
621 5370 779 5426 .lesus
804 5378 1088 5440 postquam
1118 5370 1286 5439 cmpit
1312 5370 1475 5425 homo
1500 5385 1639 5435 esse,
1670 5387 1883 5441 semper
1906 5371 2053 5427 Deus

480 5464 697 5519 mansit.
750 5461 904 5517 Unde
949 5461 1082 5516 dicit
1127 5458 1363 5531 Cyrillus
1399 5460 1741 5516 Alexandriae
1768 5464 2055 5535 episcopus

484 5555 535 5608 in
565 5553 792 5622 epistola
822 5554 889 5608 ad
919 5552 1226 5609 Nestorium
1257 5553 1572 5624 episcopum
1604 5554 2057 5627 Constantinopo-

485 5639 662 5695 Iitaua:
701 5644 850 5699 urbis
882 5660 897 5696 :
937 5642 1054 5700 Non
1097 5643 1244 5698 enim
1280 5642 1435 5713 prius
1463 5645 1627 5700 homo
1657 5648 1962 5702 communis
1987 5664 2055 5702 ex

488 5739 673 5783 sancta
714 5742 795 5787 est
839 5735 1053 5795 seruitus
1092 5734 1333 5809 virgine,
1381 5744 1435 5790 et
1476 5737 1553 5792 sic
1596 5746 1784 5807 postea
1818 5738 2055 5793 Verbum
2121 5735 2129 5745 ’

2151 4654 2289 4710 papa
2321 4638 2644 4709 praeciperet
2690 4638 2931 4694 Litanias
2986 4639 3103 4696 ﬁeri
3135 4643 3189 4696 in
3224 4642 3314 4698 die
3365 4646 3751 4713 praesentane-

2151 4732 2239 4786 nis
2271 4730 2483 4784 Domini
2533 4730 2588 4784 in
2623 4731 2844 4802 templo.
2903 4732 2980 4786 Ita
3010 4734 3158 4788 enim
3193 4735 3458 4805 scriptum
3489 4744 3575 4790 est
3606 4755 3620 4788 :
3680 4738 3747 4792 Ut

2155 4823 2345 4877 diebus
2370 4822 2803 4877 annuntiationis
2858 4824 3073 4879 Domini
3122 4825 3492 4891 dormitionis,
3529 4838 3589 4881 et
3614 4830 3749 4881 natio

2156 4912 2345 4968 vitatis
2407 4922 2610 4967 sanctae
2665 4914 2761 4968 Dei
2795 4915 3074 4985 genitricis
3118 4915 3320 4982 Marim,
3359 4929 3416 4972 et
3450 4921 3632 4974 sancti
3671 4920 3751 4973 Si-

2161 5002 2390 5066 meonis,
2441 5004 2585 5072 quod
2630 5009 2830 5065 ὐπαντή
2870 5005 3071 5060 dicitur
3122 5004 3331 5071 (innec,
3382 5024 3510 5062 cum
3566 5009 3750 5062 litania

2159 5101 2354 5149 exeant
2405 5110 2437 5147 a
2485 5103 2675 5149 sancto
2704 5094 2967 5158 Adriano.
3022 5105 3076 5151 et
3117 5097 3186 5151 ad
3218 5098 3477 5153 Sanctam
3526 5100 3751 5153 Mariam

2160 5182 2392 5255 populus
2423 5192 2696 5239 occurrat.
2722 5184 2800 5240 De
2832 5202 2939 5256 qua
2993 5185 3291 5244 festivitate
3326 5190 3463 5244 dicit
3492 5189 3641 5244 Beda
3665 5205 3751 5244 sa-

2164 5276 2356 5329 cerdos
2389 5283 2445 5329 et
2481 5274 2673 5330 doctor
2705 5276 2937 5331 eximius
2985 5276 3037 5331 in
3066 5276 3208 5332 libro
3244 5279 3310 5333 de
3345 5278 3747 5350 Temporibus:

2167 5367 2477 5422 Secundum
2526 5383 2773 5423 mensem
2804 5368 2978 5423 Numa
3012 5371 3212 5425 dicavit
3266 5371 3502 5437 Februo,
3558 5372 3613 5427 id
3646 5381 3748 5430 est.

2163 5457 2399 5523 Plutoni,
2448 5459 2540 5528 qui
2593 5458 2976 5515 lustrationum
3035 5473 3230 5531 potens
3275 5463 3621 5525 credebatur,
3674 5462 3752 5515 lu-

2166 5552 2437 5622 strarique
2465 5567 2531 5607 eo
2565 5567 2750 5608 mense
2772 5556 3047 5611 civitatem
3081 5572 3305 5613 necesse
3329 5566 3470 5623 erat,
3502 5574 3610 5629 quo
3640 5566 3753 5612 sta-

2167 5643 2272 5698 tuit
2296 5653 2356 5698 ut
2371 5644 2496 5713 jura
2526 5645 2631 5700 diis
2675 5644 2922 5702 Manibus
2975 5649 3331 5704 solverentur.
3370 5650 3478 5707 Sed
3508 5652 3655 5706 hanc
3677 5649 3760 5703 lu.

2171 5738 2377 5795 strandt
2400 5738 2845 5794 consuetudinem
2892 5739 3031 5795 bene
3055 5740 3287 5796 mutavit
3324 5738 3641 5796 Christiana
3671 5753 3757 5796 re-
