3938 6178
272 291 405 348 “81

1020 290 1108 345 DE
1147 282 1699 373 MBSIASTEIS
1732 293 2021 349 OFFlCllS
2059 294 2237 350 LIBRI
2276 294 2361 349 Ν.
2402 326 2473 337 ν-
2510 298 2639 354 LIB.
2680 299 2762 354 Ill.

3356 307 3515 362 1162

268 404 419 475 ligio,
446 411 568 457 cum
592 401 647 454 in
676 414 861 455 mense
886 402 1074 456 eodem
1111 403 1213 473 pia:
1255 413 1457 459 sanetae
1490 404 1671 459 Maria:
1693 405 1845 475 plebs
1870 408 1923 467 Α
1947 407 2190 476 erigitur,
2217 419 2275 461 ut
2299 408 2487 478 diligat
2536 410 2705 464 Deum
2730 423 2796 466 ex
2849 420 2961 467 toto
3010 415 3193 480 corde,
3229 425 3283 470 et
3304 432 3371 471 ex
3403 426 3513 476 tota

269 494 525 547 universa
548 505 673 545 eum
696 488 1068 547 sacerdotibus
1103 507 1167 546 ac
1210 494 1472 550 ministris
1495 496 1710 566 hymnis
1739 511 1849 550 mo-

269 582 469 637 dulata:
496 581 647 637 vocis
677 595 775 651 per
802 579 1081 648 ecclesias,
1143 597 1350 652 perque
1397 599 1637 655 congrua
1697 584 1849 639 urbis

267 672 388 727 loca
416 671 679 741 procedit,
734 671 994 740 datosque
1018 687 1048 724 a
1078 673 1336 741 pontiﬁce
1361 689 1550 729 cereos
1598 675 1850 729 manibus

268 770 449 831 gestat
482 761 755 823 ardentes,
779 768 835 814 et
884 769 1210 828 augescente
1255 764 1394 819 bona
1441 764 1847 829 consuetudine,

269 853 505 922 idipsum
543 850 599 904 in
633 849 845 905 eteteris
893 865 1106 920 quoque
1153 851 1393 920 ejusdem
1437 853 1629 908 matris
1651 861 1707 907 et
1726 867 1850 922 per-

267 952 446 1013 petua:
489 941 715 1013 virginis
762 940 1148 997 festivitatibus
1177 958 1339 1013 agere
1368 944 1574 1009 didicit,
1605 959 1715 999 non
1745 945 1851 998 uti-

269 1050 383 1107 que
412 1036 470 1090 in
489 1034 862 1089 lustrationem
892 1035 1165 1091 terrestris
1193 1035 1403 1104 imperii
1427 1035 1846 1104 quinquennem,

270 1131 368 1184 sed
397 1143 693 1199 perennem
741 1128 895 1198 regni
944 1127 1179 1183 caelestis
1233 1127 1573 1193 memoriam,
1610 1128 1848 1197 quando,

263 1218 421 1287 juxta
451 1218 761 1288 parabolam
790 1216 1057 1289 virginum
1080 1218 1427 1288 prudentum,
1452 1232 1643 1272 omnes
1667 1219 1848 1285 electi,

268 1309 575 1365 lucentibus
622 1310 889 1364 bonorum
951 1317 1169 1364 actuum
1228 1310 1605 1380 lampadibus,
1633 1311 1850 1371 obviam

271 1413 472 1469 sponso
513 1414 581 1454 ac
627 1399 741 1470 regi
772 1414 871 1457 suo
914 1399 1214 1467 venientes,
1271 1415 1396 1455 mox
1416 1415 1543 1457 cum
1565 1416 1631 1456 eo
1657 1402 1724 1456 ad
1753 1419 1851 1465 nu-

269 1496 417 1566 ptias
443 1510 694 1566 supernae
717 1495 955 1551 civitatis
983 1497 1282 1552 intrabunt.

786 1637 795 1640 -
822 1587 1049 1645 CAPUT
1084 1588 1268 1645 XLIV.

722 1678 800 1734 De
828 1681 991 1734 missa
1027 1697 1123 1738 oro
1150 1682 1392 1736 mortuis.

1948 496 2150 561 anima,
2182 506 2237 551 et
2258 511 2322 551 ex
2378 507 2487 553 tota
2523 509 2721 557 mente.
2752 500 2959 571 Corpus
3002 518 3133 558 vero
3157 515 3390 575 quatuor
3416 524 3521 567 no-

1949 585 2175 639 tissimis
2199 587 2481 642 elementis
2529 588 2793 644 subsistit.
2846 590 3135 647 Peccatum
3179 595 3374 652 animae
3396 613 3518 668 quae

1949 673 2184 743 neglexit
2213 674 2419 729 cultum
2442 676 2537 731 Dei
2573 677 2628 731 in
2666 679 3013 749 cogitatione,
3046 681 3100 735 in
3130 682 3242 737 vita
3269 693 3327 740 et
3356 686 3518 742 intel-

1948 762 2114 829 lectu,
2154 765 2429 824 humiliter
2452 768 2757 826 conﬁtendo
2788 770 3068 828 offerimus
3089 772 3199 829 Deo
3227 776 3384 831 tertia
3409 778 3520 841 die,

1949 863 2010 908 ut
2028 854 2097 909 ab
2147 856 2232 913 bis
2290 859 2529 928 peccatis
2589 870 2868 932 purgetur.
2918 862 3183 919 Similiter
3235 876 3520 937 peccatum

1948 954 2091 1022 quod
2124 969 2227 1023 per
2243 969 2440 1024 corpus
2469 957 2656 1027 gessit,
2688 959 2936 1028 cupimus
2989 975 3225 1031 purgare
3246 961 3519 1033 inquarto

1946 1041 2036 1097 die
2056 1052 2178 1112 post
2212 1046 2432 1099 tertium
2470 1046 2632 1113 diem,
2670 1047 2723 1101 id
2765 1056 2850 1102 est
2878 1050 3109 1118 septimo
3147 1059 3271 1121 post
3290 1063 3519 1109 mortem

1950 1146 2124 1187 suam.
2153 1132 2373 1189 Duobus
2402 1134 2575 1190 modis
2607 1136 2969 1191 committitur
2992 1149 3295 1208 peccatum,
3325 1153 3419 1198 aut
3445 1144 3523 1197 fa-

1947 1221 2141 1276 ciendo
2163 1238 2229 1276 ea
2254 1238 2373 1291 qua:
2397 1239 2502 1279 non
2553 1225 2836 1281 debuimus
2860 1226 3059 1294 facere,
3110 1238 3204 1285 aut
3226 1232 3523 1288 omittendo

1948 1325 2015 1365 ea
2040 1327 2161 1382 quae
2186 1312 2471 1369 debuimus
2501 1313 2699 1371 facere.
2738 1316 2921 1387 Usque
2949 1320 3015 1374 ad
3040 1321 3328 1389 septimum
3352 1323 3518 1389 dicm,

1950 1401 2005 1456 in
2031 1416 2140 1471 quo
2170 1418 2398 1460 numero
2435 1405 2750 1476 designatur
2792 1409 3140 1476 universitas,
3192 1415 3372 1468 omnia
3396 1429 3523 1484 pec-

1950 1498 2069 1545 cata
2099 1506 2218 1560 qua:
2245 1494 2377 1561 egit,
2408 1503 2591 1551 etnon
2623 1497 2807 1553 debuit
2834 1515 2996 1570 agere
3026 1500 3306 1571 deﬂemus,
3337 1514 3393 1561 et
3420 1522 3521 1577 pro

1950 1582 2035 1636 his
2064 1598 2336 1652 rogamus,
2394 1600 2635 1641 seorsum
2696 1604 2795 1658 pro
2823 1592 3023 1659 anima,
3052 1602 3107 1648 et
3155 1610 3397 1654 seorsum
3421 1615 3521 1669 pro

1950 1688 2216 1745 corpore:
2275 1676 2528 1747 deinceps
2563 1696 2733 1750 usque
2789 1683 2857 1737 ad
2908 1684 3284 1743 tricesimum:
3332 1698 3389 1745 et
3419 1706 3520 1760 pro

342 1770 501 1826 Missa
524 1784 623 1839 pro
644 1768 873 1824 mortuis
894 1769 950 1823 in
975 1771 1078 1825 hoc
1104 1769 1285 1825 (ιω-θη
1307 1786 1339 1825 a
1367 1780 1625 1827 consueta
1655 1772 1840 1837 missa,
1871 1759 1918 1819 B
1945 1765 2031 1821 his
2056 1781 2175 1835 qua:
2203 1769 2363 1824 modo
2391 1770 2447 1823 in
2467 1772 2835 1841 superioribus
2878 1778 3320 1847 memoravimus,
3343 1789 3397 1836 et

269 1868 412 1929 quod
454 1860 571 1914 sine
593 1856 776 1913 Gloria
800 1867 858 1915 et
890 1858 1115 1915 Alleluia
1147 1869 1201 1915 et
1224 1861 1375 1931 pacis
1403 1862 1589 1917 osculo
1613 1861 1846 1918 celebra-

270 1961 378 2003 tur.
411 1948 593 2003 Gloria
620 1958 676 2005 et
700 1947 930 2003 Alleluia
960 1950 1281 2006 suavitatem
1305 1958 1362 2006 et
1382 1951 1625 2007 lzetitiam
1647 1954 1849 2009 nostris

272 2040 543 2094 mentibus
603 2039 895 2111 inculcant.
952 2040 1091 2108 Quid
1141 2042 1374 2112 cogitem
1421 2059 1488 2098 ex
1522 2045 1624 2099 hoc
1645 2045 1845 2112 dicere,

268 2129 455 2184 verbis
490 2127 742 2198 Origenis
797 2130 1097 2199 explicabo.
1165 2130 1370 2186 Scribit
1414 2132 1557 2187 enim
1618 2134 1759 2189 idem
1792 2135 1846 2190 in

268 2220 490 2274 homilia
528 2219 812 2275 5’Levitici
847 2220 968 2275 libri
1004 2240 1016 2274 :
1058 2219 1396 2277 Sacriﬁcium
1443 2239 1574 2279 vero
1597 2240 1696 2295 pro
1722 2240 1849 2296 pec—

267 2318 392 2363 cato
426 2324 530 2364 non
593 2308 653 2362 ﬁt
712 2324 779 2363 ex
813 2309 950 2364 oleo.
987 2310 1131 2364 Dicit
1159 2312 1326 2377 enim,
1371 2311 1487 2366 Non
1530 2316 1848 2383 superponit

267 2402 319 2455 ei
346 2401 521 2455 oleum
546 2415 668 2454 cum
692 2398 807 2468 jam
849 2415 948 2469 pro
976 2408 1198 2469 peccato
1228 2411 1329 2456 est.
1370 2401 1531 2469 Quod
1587 2420 1720 2474 ergo
1745 2421 1846 2474 pro

265 2499 491 2561 peccato
514 2496 615 2557 est,
638 2506 740 2546 nec
765 2490 942 2545 oleum
972 2489 1171 2545 laetitia:
1199 2490 1277 2556 ei,
1332 2504 1433 2546 nec
1461 2493 1584 2547 thus
1611 2495 1847 2549 suavita-

268 2583 343 2639 tis
366 2583 661 2653 imponitur
693 2583 764 2652 ἦ.
816 2581 958 2637 Nulli
985 2581 1207 2639 dubium
1237 2582 1366 2652 quin
1411 2598 1557 2639 mors
1578 2584 1649 2640 sit
1667 2586 1844 2640 vindi-

265 2682 359 2729 Cta
380 2673 541 2744 primi
571 2672 800 2742 peccati,
825 2687 891 2727 ac
924 2672 1046 2727 ideo
1070 2672 1188 2727 sine
1212 2670 1395 2728 Gloria
1415 2682 1473 2728 et
1501 2673 1727 2729 Alleluia
1750 2690 1843 2730 ce-

266 2765 530 2830 lebratur,
581 2766 734 2834 quasi
783 2766 902 2821 sine
958 2764 1079 2820 oleo
1105 2772 1161 2820 et
1192 2766 1370 2822 thure.
1427 2766 1734 2822 Notandum
1760 2776 1846 2825 est

265 2856 436 2911 etiam
488 2857 630 2925 quod
680 2855 916 2911 ollicium
974 2870 1075 2926 pro
1108 2856 1336 2912 mortuis
1371 2857 1439 2911 ad
1485 2857 1843 2915 imitationem

265 2949 449 3018 agitur
492 2948 796 3005 ofﬁciorum
849 2964 971 3019 quae
1015 2956 1251 3019 aguntur
1302 2949 1356 3003 in
1389 2957 1563 3004 morte
1603 2948 1838 3005 Domini.

1950 1856 2055 1912 illis
2089 1873 2209 1928 quae
2232 1858 2418 1914 debuit
2442 1860 2622 1917 facere
2672 1872 2728 1919 et
2754 1880 2861 1920 non
2901 1865 3045 1923 fecit.
3100 1869 3343 1942 Triginta
3370 1875 3515 1929 enim

1948 1950 2137 2005 diebus
2165 1951 2467 2021 completur
2515 1955 2735 2011 mensis.
2770 1956 2877 2014 Per
2928 1975 3170 2017 mensem
3202 1963 3521 2035 designatur

1947 2041 2247 2096 curriculus
2287 2045 2571 2113 praesentis
2607 2047 2750 2113 vice,
2796 2057 2858 2103 ut
2908 2065 2975 2104 ex
3021 2059 3166 2107 statu
3196 2052 3335 2109 lunas
3358 2054 3517 2109 facile

1947 2133 2298 2205 dignoscitur.
2328 2136 2481 2192 Unde
2518 2136 2812 2209 Gregorius
2836 2141 2889 2195 in
2915 2142 3204 2200 Moralibus
3226 2143 3518 2211 Job,libro

1946 2234 2177 2280 octavo:
2219 2227 2484 2285 Mensium
2534 2230 2732 2301 quippe
2764 2233 2981 2289 nomine
3029 2234 3242 2290 dierum
3274 2235 3518 2292 concutio

1946 2322 2000 2369 et
2020 2329 2227 2369 summa
2257 2317 2522 2388 signatur.
2553 2318 2655 2373 Per
2679 2320 2821 2375 diem
2844 2337 2973 2393 ergo
2999 2338 3337 2394 unaquaeque
3374 2327 3519 2381 actio

1943 2406 2172 2475 exprimi
2202 2415 2380 2476 potest
2409 2423 2423 2461 :
2460 2424 2559 2479 per
2581 2424 2823 2465 mensem
2872 2421 3052 2467 autem
3089 2415 3362 2470 actionum
3393 2415 3515 2470 ﬁnis

1944 2494 2207 2550 innuitur.
2243 2496 2468 2564 Quando
2515 2499 2791 2555 studemus
2816 2510 2876 2555 ut
2904 2516 3069 2572 opera
3095 2502 3395 2559 amicorum
3415 2522 3511 2560 no-

1944 2595 2178 2643 strorum
2206 2589 2316 2643 sint
2343 2589 2500 2660 plena
2537 2591 2891 2658 coram‘Deo,
2944 2593 3165 2664 triginta
3189 2595 3378 2653 diebus
3412 2612 3512 2668 pro

1943 2678 2021 2734 eis
2049 2678 2438 2734 sacriﬁcamus.
2474 2679 2590 2734 Non
2635 2681 2827 2751 opinor
2851 2689 2911 2737 ut
2956 2682 3151 2753 aliquis
3178 2683 3305 2741 velit
3330 2685 3513 2741 dicere

1944 2769 2085 2838 quod
2118 2784 2225 2823 non
2262 2756 2423 2824 liceat
2452 2769 2609 2824 nobis
2635 2785 2793 2827 orare
2830 2772 3073 2843 quotidie
3107 2768 3160 2829 et
3204 2761 3514 2831 sacriﬁcare

1943 2860 2055 2915 Deo
2080 2875 2180 2929 pro
2210 2861 2459 2927 mortuis.
2494 2857 2598 2917 Sed
2635 2862 2780 2933 quod
2827 2864 3008 2935 agitur
3037 2862 3091 2921 in
3140 2866 3318 2931 tertia,
3354 2874 3410 2921 et
3431 2880 3515 2921 se-

1943 2953 2132 3024 ptima,
2162 2960 2217 3008 et
2241 2952 2513 3009 tricesima
2549 2955 2657 3039 die,
2707 2955 2920 3025 publice
2946 2957 3140 3029 agitur,
3166 2966 3221 3013 et
3250 2957 3517 3028 generali-

264 3039 388 3094 1am
437 3041 793 3109 przetulimus,
845 3041 987 3110 quod
1044 3040 1314 3106 novimus,
1342 3055 1510 3110 quare
1567 3041 1623 3096 in
1644 3039 1844 3096 ofﬁciis
1873 3094 1914 3110 Α
1946 3050 2034 3098 ter
2065 3044 2135 3099 ab
2168 3044 2421 3099 omnibus
2447 3044 2662 3110 amicis,
2693 3059 2756 3102 ac
2780 3047 3100 3102 convenitur
3126 3047 3285 3104 simul
3315 3050 3382 3105 ad
3412 3050 3515 3106 hoc

265 3132 540 3200 passionis
578 3132 790 3187 Domini
839 3132 992 3202 pacis
1016 3132 1257 3187 osculum
1285 3148 1393 3188 non
1423 3135 1724 3201 debemus;
1752 3135 1847 3199 hic
1868 3094 1916 3158 Ο
1952 3136 2004 3189 in
2038 3135 2289 3205 precibus
2311 3136 2623 3202 missarum,
2653 3146 2815 3207 atque
2849 3137 3203 3210 eleemosynis
3225 3147 3278 3196 et
3301 3133 3512 3197 caeteris

265 3224 545 3279 nescimus
588 3225 733 3279 aliud
760 3224 1026 3295 proferre,
1090 3224 1197 3279 nisi
1249 3225 1392 3293 quod
1443 3225 1517 3280 ibi
1538 3225 1847 3296 praelibavi-

265 3331 411 3381 mus,
441 3317 695 3385 quoniam
724 3317 798 3371 ibi
825 3331 936 3371 non
966 3316 1144 3386 agitur
1164 3315 1410 3371 osculum
1435 3317 1605 3385 pacis,
1639 3332 1740 3372 nec
1760 3318 1848 3372 hic

264 3408 470 3479 agitur.
510 3408 833 3464 Recordatio
886 3416 1225 3463 mortuorum
1258 3410 1625 3479 nuncupative
1665 3410 1847 3480 agitur

262 3506 415 3563 ante,
450 3497 618 3553 Nobis
665 3514 867 3569 quoque
914 3498 1291 3568 peccatoribus.
1324 3498 1404 3553 lbi
1432 3498 1617 3553 linitur
1640 3513 1846 3554 memo-

264 3592 349 3647 ria
377 3591 567 3645 mortis
624 3589 860 3653 Domini,
898 3598 953 3643 et
1000 3590 1284 3645 inchoatur
1320 3604 1469 3646 mors
1508 3597 1718 3654 nostra,
1746 3604 1845 3660 per

262 3679 660 3738 confessionem
682 3687 1052 3748 peccatorum.
1078 3679 1157 3735 Ac
1192 3680 1316 3736 ideo
1342 3681 1535 3736 merito
1568 3681 1644 3736 ibi
1666 3682 1846 3752 agitur

262 3773 529 3829 memoria
582 3772 981 3827 transeuntium
1033 3772 1208 3842 quiin
1235 3773 1464 3828 Domino
1515 3774 1839 3829 moriuntur.

261 3844 515 3918 Christus
548 3862 690 3916 enim
715 3862 995 3931 prrecessit
1016 3876 1128 3926 eos,
1153 3875 1253 3917 nos
1274 3864 1570 3932 sequimur.
1599 3862 1846 3919 Solemus

261 3966 457 4006 eorum
510 3951 821 4008 memorias,
853 3951 1183 4022 generaliter
1221 3953 1499 4009 celebrare
1555 3953 1737 4018 tertia,
1780 3970 1844 4010 ac

262 4043 516 4113 septima,
551 4050 607 4097 et
629 4042 903 4097 tricesima
923 4043 1029 4098 die.
1069 4042 1222 4099 Unde
1249 4044 1411 4098 talem
1458 4045 1723 4100 habemus
1747 4060 1843 4101 au-

261 4133 575 4189 ctoritatem
632 4133 691 4187 in
747 4133 924 4188 Veteri
985 4133 1351 4190 Testamento.
1420 4134 1697 4206 Scriptum
1754 4144 1842 4201 est

264 4222 323 4275 in
358 4220 496 4275 libro
518 4221 896 4286 Numerorum,
950 4223 1187 4293 capitulo
1236 4224 1653 4295 quadragesimo
1677 4225 1843 4295 septi-

265 4326 398 4369 me:
431 4309 535 4375 Qui
559 4313 781 4382 tetigerit
836 4312 1059 4366 cadaver
1100 4314 1349 4380 hominis,
1401 4325 1449 4368 et
1495 4325 1708 4385 propter
1745 4317 1843 4370 hoc

1949 3224 2109 3281 bonis
2137 3226 2350 3281 studiis.
2382 3216 2635 3297 Legimus
2661 3228 2714 3281 in
2746 3216 2975 3282 Historia
2999 3224 3291 3300 Anglorum
3327 3246 3510 3300 quem-

1948 3314 2075 3369 dam
2102 3316 2479 3386 presbyterum
2505 3317 2783 3386 opinatum
2818 3332 2937 3371 esse
2963 3317 3030 3372 de
3058 3318 3227 3374 fratre
3247 3335 3345 3375 suo
3371 3316 3512 3391 quod

1948 3412 2193 3458 mortuus
2228 3411 2372 3459 esset
2403 3404 2458 3458 in
2495 3406 2699 3474 prmlio,
2726 3407 2817 3475 qui
2867 3413 3044 3463 tamen
3094 3425 3198 3463 non
3225 3418 3344 3465 erat
3370 3404 3516 3466 mor-

1948 3501 2094 3558 tuus,
2124 3493 2219 3548 sed
2248 3490 2563 3550 vulneratus
2595 3504 2649 3551 et
2673 3497 2994 3552 vinculatus.
3031 3497 3151 3553 Mox
3184 3505 3515 3556 memoratus

1946 3582 2231 3653 presbyter
2252 3597 2360 3637 non
2388 3586 2723 3655 exspectavit
2778 3575 2997 3642 tertium
3026 3577 3188 3652 diem,
3223 3603 3397 3658 neque
3429 3605 3516 3645 sc—

1945 3672 2199 3742 ptimum,
2242 3687 2415 3742 neque
2456 3674 2814 3746 trigesimum,
2854 3677 2949 3732 sed
2975 3676 3402 3747 frequentissime
3427 3696 3518 3735 ce-

1945 3762 2175 3818 lebravit
2197 3777 2294 3834 pro
2319 3778 2385 3818 eo
2422 3765 2633 3820 missas.
2668 3754 2932 3836 Tempore
2962 3754 3140 3823 missa:
3162 3770 3397 3839 quotidie
3429 3787 3515 3826 so-

1946 3855 2059 3910 luta
2088 3863 2218 3911 sunt
2244 3856 2455 3911 vincula
2489 3856 2772 3912 vulnerati.
2813 3856 3083 3929 Scriptum
3131 3866 3214 3914 est
3241 3859 3511 3916 volumine

1945 3957 2288 4013 memorum,
2349 3947 2468 4002 libri
2517 3949 2696 4017 quarti
2746 3950 2920 4019 capite
2966 3944 3225 4007 vicesimo
3275 3961 3514 4022 quarto:

1945 4036 2187 4107 Cumque
2210 4038 2431 4094 vidisset
2454 4039 2543 4108 qui
2569 4047 2776 4094 emerat
2795 4052 2918 4094 eum
2943 4055 3003 4095 sc
3030 4041 3258 4096 vinculis
3284 4057 3392 4097 non
3416 4057 3516 4113 po-

1949 4130 2115 4186 tuisse
2147 4130 2433 4194 eohlbere,‘
2456 4131 2675 4185 donavit
2700 4132 2750 4185 ei
2797 4129 3108 4185 facultatem
3157 4130 3436 4196 redeundi,
3463 4131 3510 4187 si

1944 4229 2144 4290 posset.
2201 4220 2248 4275 A
2297 4221 2458 4275 tertia
2507 4227 2686 4275 autem
2738 4219 2888 4282 hora,
2928 4217 3142 4288 quando
3181 4219 3360 4274 missre
3392 4219 3514 4275 ﬁeri

1944 4314 2209 4378 solebant,
2233 4312 2530 4382 saepissime
2559 4311 2766 4366 vincula
2812 4311 3176 4367 solvebantur.
3208 4311 3279 4367 At
3311 4312 3400 4367 ille
3419 4312 3511 4383 ju-

266 4403 429 4473 [μετὰ
458 4402 779 4467 immundus,
803 4415 994 4474 samem
1018 4402 1129 4458 dies
1148 4413 1451 4476 aspergetur
1472 4421 1537 4459 ea:
1556 4406 1654 4458 hac
1680 4423 1839 4476 aqua,
1867 4437 1923 4497 Β
1948 4403 2236 4471 rejurando
2258 4400 2590 4472 promisit'ut
2611 4402 2831 4465 rediret,
2862 4401 2946 4456 vel
2994 4402 3279 4471 pecuniam
3313 4403 3387 4457 illi
3414 4419 3514 4473 pro

261 4493 355 4547 die
380 4494 536 4546 tertia
564 4502 613 4547 et
644 4495 882 4563 septima,
934 4502 980 4547 et
1007 4494 1081 4547 sic
1108 4494 1448 4547 mandabitur
1477 4494 1671 4564 (Num.
1702 4493 1838 4566 xxx).

268 4581 329 4635 ιιι
363 4581 726 4637 celebratione
753 4584 973 4653 triginta
1004 4583 1214 4637 dierum
1242 4580 1445 4637 sutl‘ulti
1486 4598 1671 4639 sumus
1703 4585 1844 4656 Moy-

265 4674 346 4727 sis
371 4682 429 4727 et
480 4672 659 4728 Aaron
712 4674 1095 4729 celebratione.
1148 4674 1228 4728 lta
1255 4675 1514 4743 scriptum
1560 4682 1645 4729 est
1671 4677 1724 4730 in
1755 4691 1847 4730 eo-

264 4765 391 4818 dem
415 4755 576 4826 libro,
630 4764 864 4833 capitulo
920 4765 1098 4834 primo
1129 4783 1140 4818 :
1177 4765 1361 4819 Omnis
1389 4767 1528 4819 enim
1564 4766 1844 4820 multitudo

265 4857 449 4911 videns
481 4858 783 4910 occubuisse
815 4858 1017 4921 Aaron,
1072 4857 1213 4927 ﬂevit
1261 4872 1417 4926 super
1464 4873 1584 4909 eum
1628 4855 1845 4925 triginta

264 4946 449 5000 diebus
470 4962 564 5015 per
590 4956 804 5000 cunctas
844 4946 1077 5017 familias
1125 4965 1249 5002 suas
1282 4948 1471 5020 (Num.
1506 4948 1621 5021 xx).
1650 4947 1715 5001 Et
1746 4948 1846 5002 ite-

265 5052 390 5091 rum
416 5038 483 5093 de
512 5037 692 5109 Moyse
724 5039 777 5093 in
799 5039 1237 5104 Deuteronomio,
1291 5040 1529 5110 capitulo
1566 5039 1843 5110 trigesimo

266 5137 465 5196 quarto
495 5146 508 5181 :
548 5128 929 5200 Fleveruntque
955 5147 1112 5201 super
1130 5146 1250 5184 eum
1272 5131 1373 5199 ﬁlii
1425 5129 1595 5185 Israel
1622 5132 1680 5185 in
1701 5147 1844 5184 cam—

261 5219 527 5289 pestribus
556 5217 713 5273 Hoab
764 5221 979 5291 triginta
1033 5219 1215 5291 diebus
1262 5219 1440 5291 (Deut.
1490 5218 1704 5291 xxxuv).
1739 5218 1844 5273 lm-

265 5288 505 5362 mundus
531 5315 757 5377 propter
780 5288 1013 5361 cadaver
1032 5288 1280 5362 hominis
1296 5308 1556 5377 pollutam
1605 5288 1843 5363 animam

263 5396 544 5466 signiﬁcat
568 5398 799 5452 mortuis
821 5397 1095 5468 operibus.
1124 5397 1382 5468 Purgatio
1424 5398 1621 5453 mortui
1671 5399 1846 5454 homi-

263 5487 357 5543 nis
384 5502 483 5556 per
503 5487 832 5543 sacriﬁcium
855 5489 1154 5545 sacerdotis
1186 5489 1343 5543 tertia
1375 5488 1463 5543 die
1507 5497 1563 5543 et
1612 5490 1842 5559 septima
1886 5518 1901 5529 -

260 5580 741 5649 congruitnaturte
760 5581 1027 5637 humanae.
1057 5580 1281 5637 Constat
1307 5580 1469 5636 homo
1492 5595 1557 5636 ex
1582 5582 1759 5636 anima
1790 5590 1847 5636 et

260 5685 518 5731 corpore.
551 5674 745 5728 Anima
783 5674 955 5729 tribus
978 5675 1131 5744 quasi
1158 5675 1551 5743 quodammodo
1580 5676 1846 5733 columnis

592 5771 865 5829 PATROL.
930 5769 1049 5833 CV.

1946 4508 2005 4551 se
2030 4493 2264 4547 mittere.
2303 4492 2369 4546 Et
2386 4499 2512 4561 post
2537 4507 2707 4563 pauca
2731 4506 2744 4544 :
2773 4491 2873 4559 Qui
2901 4492 3168 4562 posthac
3198 4493 3252 4547 in
3278 4494 3512 4563 patriam

1946 4599 2219 4648 reversus,
2242 4591 2403 4653 atque
2431 4583 2500 4637 ad
2523 4598 2679 4638 suum
2706 4581 2929 4637 fratrem
2978 4583 3321 4651 perveniens,
3344 4584 3511 4654 repli-

1946 4675 2088 4730 cavit
2118 4690 2185 4731 ex
2210 4674 2403 4730 ordine
2432 4680 2628 4728 cuncta
2652 4688 2772 4743 quae
2817 4673 2921 4728 sibi
2969 4673 3219 4739 adversa,
3243 4688 3431 4746 quaeve
3459 4673 3513 4729 in

1946 4764 2187 4819 adversis
2238 4762 2429 4817 solatia
2471 4761 2867 4832 provenissent.
2919 4760 3288 4833 Cognovitque
3326 4777 3515 4819 rever-

1946 4863 2091 4909 tente
2115 4868 2204 4919 eo,
2243 4853 2347 4908 illis
2383 4854 2615 4907 maxime
2640 4851 2969 4922 temporibus
2991 4867 3088 4906 sua
3108 4850 3277 4909 fuisse
3304 4855 3515 4911 vinculi

1944 4944 2138 5007 soluta,
2164 4944 2361 5013 quibus
2392 4956 2490 5013 pro
2523 4957 2581 4996 se
2634 4942 2921 4997 missarum
2976 4940 3193 4997 fuerant
3240 4942 3514 4999 celebrata

1944 5038 2226 5094 solemnia.
2277 5036 2429 5091 Solet
2472 5035 2661 5106 vulgus
2706 5034 2985 5104 requirere
3043 5033 3087 5089 si
3117 5049 3215 5106 pro
3263 5035 3514 5090 omnibus

1944 5116 2271 5184 Christianis
2302 5125 2529 5189 licitum
2587 5124 2660 5179 sit
2711 5125 2933 5180 missam
2986 5124 3281 5179 celebrare.
3312 5124 3516 5192 Quibus

1943 5217 2278 5287 Augustinus
2330 5215 2624 5285 respondet
2673 5215 2727 5269 in
2784 5214 2923 5270 libro
2973 5214 3323 5269 Enchiridion
3373 5214 3513 5284 (cap.

1948 5306 2108 5379 HO):
2146 5305 2332 5374 Neque
2391 5305 2699 5373 negandum
2748 5313 2834 5359 est
2882 5302 3258 5361 defunctorum
3305 5302 3514 5357 animas

1945 5399 2148 5471 pietate
2204 5411 2426 5452 suorum
2469 5398 2765 5452 viventium
2793 5411 2950 5467 posse
2978 5393 3227 5458 relevari,
3264 5407 3387 5447 cum
3416 5407 3515 5462 pro

1947 5491 2055 5545 illis
2084 5487 2410 5545 sacrificium
2431 5487 2715 5543 mediatori
2748 5487 2994 5550 offertur,
3030 5483 3116 5539 vel
3159 5482 3516 5553 eleemosynte

1948 5586 2002 5639 in
2049 5584 2276 5641 ecclesia
2324 5582 2504 5639 ﬁunt:
2541 5584 2635 5640 sed
2689 5582 2772 5638 eis
2823 5584 2940 5639 haec
2988 5587 3236 5651 prosunt,
3261 5578 3356 5651 qui
3390 5593 3512 5635 cum

1943 5677 2212 5735 viverent.
2233 5676 2348 5731 haec
2386 5674 2487 5730 sibi
2516 5682 2575 5728 ut
2620 5682 2807 5744 postea
2842 5675 3051 5745 possint
3092 5671 3369 5743 prodesse,
3395 5686 3512 5727 me-
