3938 6178
396 202 402 207 ’
467 232 606 289 nos

1488 225 1820 284 AMALARII
1854 228 2295 287 PRESBYTERI
2329 229 2675 289 METENSlS
2758 280 2765 291 .

3582 236 3721 293 il“

467 350 714 401 ruerunt.
762 342 859 398 Est
883 342 1026 398 enim
1052 339 1271 411 quidam
1319 339 1533 397 vivendi
1561 340 1781 407 modus,
1800 355 1906 397 nec
1930 349 2041 396 tam
2069 346 2121 406 Α
2145 342 2237 412 qui
2260 343 2389 408 sint,
2415 351 2632 413 oportet
2646 358 2720 399 ea
2754 357 2852 412 pro
2881 344 3218 416 regeneratis
3245 347 3504 403 omnibus
3524 347 3719 414 facere,

465 435 658 499 bonus,
692 442 752 489 ut
786 448 893 488 non
939 432 1181 502 requth
1205 432 1309 488 ista
1353 439 1475 502 post
1523 438 1775 496 mortem,
1801 446 1904 488 nec
1927 442 2037 490 tam

465 526 656 592 malus,
681 531 745 579 ut
771 525 819 579 ei
844 538 949 578 non
972 524 1183 593 prosint
1225 524 1327 579 ista
1356 531 1480 593 post
1501 531 1755 578 mortem.
1785 523 1880 578 Est
1905 540 2039 582 vero

463 616 587 671 talis
621 618 678 670 in
728 616 893 680 bono,
934 622 994 669 ut
1027 615 1075 670 is
1099 615 1215 671 haec
1247 630 1355 669 non
1403 614 1682 684 requirat;
1719 623 1885 671 etest
1910 622 2039 671 rur-

446 725 554 767 sus
595 706 719 763 talis
767 707 821 761 in
847 705 1012 773 malo,
1051 713 1111 760 ut
1154 721 1255 761 nec
1285 705 1371 760 his
1404 705 1601 772 valeat,
1644 720 1767 761 cum
1789 706 1906 760 ᾕρεε
1929 706 2036 761 vita

446 796 774 861 transierit,
830 792 1092 864 adjuvari.
1143 794 1407 863 Quocirca
1446 795 1536 851 hic
1567 809 1729 851 omne
1783 795 2038 850 meritum

454 896 825 961 comparatur,
841 902 950 959 quo
969 888 1140 957 possit
1154 896 1279 958 post
1295 888 1434 943 hanc
1454 888 1623 943 vitam
1645 888 1875 944 relevari
1889 887 2039 958 quis-

440 984 602 1054 piam
622 980 709 1039 vel
743 980 981 1051 gravari.
1006 980 1082 1035 :Et
1109 979 1271 1051 paulo
1316 986 1438 1051 post
1463 998 1476 1033 :
1513 978 1651 1035 Cum
1674 979 1742 1035 de
1768 978 2039 1035 sacriﬁcio

455 1077 573 1133 sive
623 1075 846 1141 altaris,
900 1074 1015 1130 sive
1073 1087 1518 1144 quarumcunque
1570 1071 2037 1143 eleemosynarum

457 1166 861 1237 probaptizatis
875 1164 1141 1221 defunctis
1164 1163 1418 1220 omnibus
1438 1154 1760 1229 offeruntur,
1773 1162 2038 1233 pro'valde

460 1257 640 1323 bonis,
666 1256 967 1327 gratiarum
994 1256 1235 1311 actiones
1270 1262 1432 1320 sunt;
1468 1268 1569 1324 pro
1591 1268 1700 1308 non
1730 1253 1888 1309 valde
1920 1268 2038 1309 ma-

452 1348 542 1414 lis,
572 1348 987 1419 propitiationes
1029 1353 1186 1412 sunt;
1217 1361 1336 1417 opro
1384 1344 1540 1400 valde
1593 1343 1770 1410 malis,
1820 1343 2036 1399 etiamsi

456 1438 607 1493 nulla
642 1439 754 1494 sint
785 1437 1093 1509 adjumenta
1134 1445 1497 1500 mortuorum,
1527 1434 1931 1505 qualescunque
1953 1433 2033 1488 vi—

458 1544 650 1587 vorum
698 1529 1100 1587 consolationes
1147 1536 1293 1584 sunt.
1326 1528 1535 1596 Quibus
1569 1535 1750 1583 autem
1780 1535 2029 1598 prosunt,

453 1628 551 1676 aut
574 1622 644 1677 ad
664 1621 770 1677 hoc
796 1626 1048 1692 prosunt,
1079 1627 1141 1675 ut
1175 1620 1245 1675 sit
1276 1618 1436 1690 plena
1462 1617 1734 1684 remissio,
1762 1624 1857 1672 aut
1882 1622 2030 1672 certe

2143 443 2203 489 ut
2234 434 2413 491 nullus
2441 450 2633 492 eorum
2668 436 3115 506 praetermittatur
3137 439 3208 493 ad
3235 453 3376 508 quos
3419 438 3539 495 lucc
3561 441 3724 499 bene-

2141 524 2261 580 ﬁcia
2296 528 2510 596 possint
2550 534 2606 582 et
2636 527 2868 584 debeant
2896 528 3203 597 pervenire.
3235 528 3429 584 Melius
3455 530 3605 584 enim
3630 546 3720 586 su-

2138 626 2400 690 pererunt
2442 619 2546 674 ista
2595 619 2677 675 eis
2714 618 2912 689 quibus
2945 634 3048 674 nec
3081 620 3301 685 obsunt,
3334 634 3439 676 nec
3475 631 3720 691 prosunt,

2138 726 2304 781 quam
2339 711 2422 766 eis
2450 713 2679 766 deerunt
2700 712 2896 782 quibus
2917 718 3167 783 prosunt.
3196 711 3589 768 Annivcrsaria
3609 715 3720 768 dies

2137 802 2262 858 ideo
2307 804 2574 873 repetitur
2620 816 2722 872 pro
2781 801 3070 868 defunctis,
3129 801 3384 873 quoniam
3448 803 3720 858 nescimus

2136 890 2371 961 qualiter
2416 906 2605 947 eorum
2657 908 2821 948 causa
2868 892 3135 948 habeatur
3160 892 3219 948 in
3253 893 3362 948 alia
3392 893 3529 948 vita.
3569 893 3720 950 Sicut

2136 991 2450 1038 sanctorum
2504 982 2875 1038 anniversaria
2922 983 3041 1039 dies
3084 984 3141 1039 in
3186 998 3374 1039 eorum
3405 984 3622 1039 honore
3652 985 3719 1039 ad

2135 1073 2455 1128 memoriam
2512 1073 2668 1130 nobis
2710 1074 2991 1130 reducitur
3027 1090 3193 1145 super
3233 1074 3472 1132 utilitate
3505 1083 3715 1143 nostra,

2135 1163 2212 1219 ita
2247 1162 2648 1231 defunctorum,
2686 1165 2756 1220 ad
2798 1165 3086 1221 utilitatem
3124 1165 3360 1232 illorum,
3393 1181 3453 1221 et
3474 1175 3714 1223 nostram

2135 1256 2476 1313 devotionem
2522 1256 2867 1327 implendam,
2939 1259 3214 1314 credendo
3267 1274 3363 1314 eos
3426 1259 3715 1331 aliquando

2133 1353 2392 1401 venturos
2418 1346 2487 1400 ad
2519 1346 2850 1401 consortium
2897 1354 3231 1403 sanctorum.
3282 1348 3545 1420 Alioquin
3570 1352 3713 1406 omni

2133 1445 2377 1507 tempore
2440 1437 2644 1492 bonum
2691 1446 2775 1492 est
2811 1452 2971 1494 orare
3011 1454 3114 1508 pro
3153 1437 3446 1506 defunctis,
3497 1441 3713 1497 etiamsi

2131 1528 2249 1584 dies
2272 1529 2549 1584 nesciatur
2572 1527 2813 1584 defuncti
2838 1536 2935 1599 per
2948 1528 3295 1595 oblivionem,
3324 1544 3423 1585 seu
3448 1545 3552 1597 per
3572 1532 3714 1601 igno-

2132 1619 2393 1684 rantiam,
2422 1618 2508 1674 vel
2541 1621 2992 1689 praetermittatur
3023 1629 3247 1692 propter
3298 1622 3711 1693 occupationem

456 1720 518 1767 ut
542 1724 609 1767 eo
650 1711 988 1767 tolerabilior
1020 1711 1115 1766 ﬁat
1162 1711 1278 1781 ipsa
1300 1709 1597 1766 damnatio.
1644 1708 1798 1765 Unde
1827 1708 2027 1763 iterum
2054 1694 2104 1755 Β
2129 1708 2370 1779 aliquam
2392 1716 2669 1765 terrenam
2694 1728 2709 1765 :
2742 1720 2937 1783 agatur
2962 1719 3143 1768 tamen
3166 1728 3354 1770 eorum
3393 1713 3712 1770 solunnitas

449 1801 518 1856 ad
554 1798 863 1867 Paulinum,
917 1801 985 1857 de
1010 1816 1143 1857 cura
1177 1816 1277 1871 pro
1323 1800 1553 1856 mortuis
1600 1798 1855 1870 gerenda,
1881 1797 2023 1852 libro

447 1889 728 1946 secundo:
767 1890 1027 1958 Quamvis
1063 1905 1169 1946 non
1218 1906 1318 1962 pro
1361 1890 1557 1960 quibus
1588 1888 1743 1954 tiunt,
1770 1887 2023 1943 omnibus

436 1980 679 2048 prosint,
740 1982 835 2036 sed
860 1982 942 2037 eis
994 1989 1205 2035 tantum
1229 1995 1328 2050 pro
1379 1980 1595 2050 quibus,
1624 1979 1754 2035 dum
1808 1978 2018 2042 vivunt,

446 2079 792 2139 comparatur
827 2080 885 2125 ut
917 2072 1146 2141 prosint.
1195 2070 1301 2126 Sed
1327 2071 1455 2141 quia
1513 2084 1619 2125 non
1660 2068 2021 2124 discernimus

2124 1796 2280 1868 juxta
2343 1799 2619 1855 decretum
2668 1802 3147 1859 devotissimarum
3194 1804 3489 1871 mentium,
3552 1806 3711 1860 credo

2128 1891 2269 1960 apud
2297 1905 2423 1946 eum
2466 1893 2608 1963 apud
2632 1908 2796 1963 quem
2832 1911 2938 1950 non
2969 1904 3055 1950 est
3094 1896 3494 1952 vicissitudinis
3529 1899 3710 1954 obum-

2127 1982 2304 2037 bratio
2343 1993 2622 2052 acceptam
2643 1996 2763 2040 esse
2789 1986 2948 2055 quasi
2972 1985 3345 2041 anniversaria
3369 1986 3465 2040 sit.

451 2187 3709 2221 W

1617 2325 1914 2407 LIBER
1988 2322 2489 2421 QUARTUS.

936 2529 1519 2587 BASFATIUNCULA.

509 2642 567 2697 ln
596 2642 702 2698 hoc
736 2649 932 2712 quarto
967 2640 1149 2697 libello
1178 2642 1526 2698 continentur
1555 2640 1723 2697 multa
1766 2640 1836 2696 ad
1866 2640 2018 2697 inve-

441 2732 773 2803 stigandum,
800 2739 857 2788 et
882 2730 1037 2802 juxta
1073 2729 1385 2786 facultatem
1415 2746 1578 2805 quam
1626 2730 1778 2802 potui
1799 2731 2016 2802 precari

442 2838 474 2877 a
501 2822 874 2879 misericordia
900 2821 1135 2889 Domini,
1166 2823 1368 2893 scripta
1417 2822 1484 2879 de
1509 2823 1757 2879 cursibus
1790 2823 2015 2878 diurna-

2124 2542 2288 2598 quam
2311 2526 2476 2582 etiam
2506 2524 2627 2594 plus
2654 2523 2829 2593 placet
2852 2520 3202 2593 Redemptori
3224 2532 3419 2581 nostro
3443 2525 3714 2584 inbuere

2122 2617 2195 2682 ei,
2219 2630 2340 2687 qua:
2360 2623 2613 2686 portatur
2638 2629 2669 2669 a
2713 2627 2958 2683 corpore.
3014 2612 3203 2668 Eidem
3243 2614 3627 2685 Redemptoﬁ,
3659 2632 3715 2674 ut

2123 2706 2299 2764 fidelis
2335 2721 2526 2763 servus
2558 2705 2776 2762 domino
2805 2720 2926 2768 suo,
2964 2718 3176 2775 semper
3213 2706 3497 2765 debitores
3525 2726 3715 2767 sumtis

2120 2801 2352 2867 servire,
2375 2799 2518 2855 sicut
2544 2798 2780 2855 servitus
2806 2797 3036 2868 iustitiae
3083 2808 3139 2854 et
3166 2800 3622 2871 sanetitlcatioui,
3659 2813 3713 2858 et

437 2915 578 2971 libus
615 2923 673 2971 et
712 2916 1137 2982 nocturnalibus,
1185 2917 1300 2973 sive
1337 2916 1394 2971 in
1454 2914 1609 2971 festis
1656 2914 1868 2982 diebus,
1916 2929 2013 2972 seu
2043 2942 2087 3005 ε
2118 2891 2783 3005 ξὲξθτξξξξθηξδῄξῗίξῗιξιξδ
2796 2905 3228 3005 -ξδξξέῗοτξῗ
3373 2908 3491 3005 qia

435 3007 784 3079 quotidianis.
819 3006 1096 3075 Quatenus
1143 3006 1488 3063 considerato
1529 3005 1722 3061 ordine
1745 3006 2016 3075 composi—

436 3103 618 3169 tionis,

434 3192 861 3265 sponsoriorum,
920 3188 1267 3247 convenienti
1300 3187 1604 3258 quibusque
1651 3186 2011 3256 temporibus,

438 3274 654 3341 dulcius
689 3290 852 3355 atque
874 3280 1253 3353 eompunctius
1278 3279 1389 3334 Deo
1445 3277 1734 3333 assistatur
1762 3275 1817 3330 in
1841 3274 2017 3331 eccle—

436 3376 538 3443 sia,
570 3383 627 3431 et
679 3382 900 3448 rogetur
930 3380 1094 3444 atque
1147 3370 1465 3427 recordetur
1502 3375 1612 3423 tam
1654 3382 1755 3440 pro
1804 3382 1884 3433 se,
1920 3366 2013 3437 qui

437 3470 614 3535 rogat,
647 3478 809 3535 quam
837 3478 937 3536 pro
988 3462 1098 3519 illis
1130 3460 1328 3534 quibus
1373 3457 1680 3514 necessaria
1708 3465 1792 3513 est
1824 3458 2014 3527 depre-

434 3557 578 3612 catio
610 3570 628 3611 :
668 3563 724 3612 et
759 3555 1077 3611 recordetur
1111 3546 1326 3606 illorum
1356 3562 1587 3618 quorum
1617 3546 1777 3602 nobis
1798 3553 1882 3602 est
1906 3545 2013 3600 uti—

430 3648 500 3704 lis
534 3646 861 3704 recordatio.
909 3644 1131 3700 Necnon
1160 3641 1326 3697 etiam
1371 3639 1552 3708 aliqua
1583 3636 2013 3707 recapitulantur

431 3739 500 3795 de
522 3737 890 3808 superioribus
910 3734 1128 3800 libellis,
1176 3747 1298 3802 quae
1332 3730 1574 3801 apertius
1620 3719 1839 3783 inventa
1886 3734 2011 3782 sunt

433 3843 465 3882 a
496 3842 614 3883 mea
650 3825 923 3896 parvitate
944 3831 1068 3894 post
1095 3821 1327 3892 scriptos
1352 3826 1680 3876 memoratos
1704 3818 1934 3874 libellos.

917 3949 1144 4008 CAPUT
1194 3948 1485 4006 PRIMUM.

434 4045 507 4102 Ut
538 4063 601 4117 ea
638 4060 757 4117 quae
777 4042 877 4098 Dei
913 4050 1038 4098 sunt
1066 4041 1177 4117 pro
1229 4040 1555 4117 reddantur;
1596 4048 1721 4111 quot
1746 4039 1891 4117 horis
1927 4041 2009 4096 sol

503 4109 680 4172 urbem
726 4113 937 4179 lustrat,
986 4113 1200 4166 totidem
1237 4109 1627 4181 repetitionibus
1667 4111 2007 4181 nosmetipsos

501 4187 770 4255 o/Terimus
798 4183 911 4255 Deo
927 4181 1166 4255 interdiu
1194 4180 1479 4255 noctuque,
1502 4180 1727 4255 exceptis
1752 4180 2003 4255 vesperti-

497 4247 600 4320 nis,
638 4251 1102 4325 completoriisque,
1155 4260 1206 4304 et
1233 4247 1509 4303 matutinis
1548 4247 1862 4319 ofﬁciis,‘de
1881 4250 2004 4321 qui-

619 4301 851 4379 securum
875 4301 1153 4376 dicendam
1173 4330 1269 4374 est.
1586 4301 1621 4319 ’”
1749 4301 1763 4316 ’
1812 4334 1815 4335 ν
1887 4301 1908 4321 ⁷
2030 4301 2082 4361 D

496 4436 605 4493 Nos
628 4434 722 4506 qui
753 4445 1037 4490 censemur
1074 4430 1291 4486 nomine
1345 4429 1676 4496 Christiano,
1734 4430 2002 4500 redempti

431 4542 620 4583 sumus
645 4541 674 4579 a
698 4523 958 4581 servitute
983 4519 1247 4575 diabolica
1286 4518 1488 4573 Christi
1514 4519 1753 4590 pretioso
1791 4521 2005 4591 sangui-

431 4634 517 4671 nc.
548 4617 672 4672 Ideo
699 4629 807 4670 non
838 4626 1025 4669 sumus
1057 4611 1254 4678 nostri,
1288 4610 1381 4665 sed
1408 4610 1785 4679 Redemptoris
1807 4612 1997 4666 nostri.

429 4706 505 4759 De
532 4720 641 4774 quo
682 4703 861 4773 pretio
910 4701 1044 4755 dicit
1099 4699 1427 4770 Apostolus:
1463 4699 1643 4769 Empti
1695 4700 1834 4752 enim
1878 4702 2001 4756 estis

424 4795 593 4866 pretio
615 4809 825 4863 magno.
855 4793 922 4846 Et
949 4790 1070 4847 ideo
1087 4791 1216 4861 quid
1243 4803 1404 4861 agere
1431 4790 1742 4855 debeamus,
1776 4791 2002 4862 subjun-

426 4891 546 4960 git;
581 4888 885 4957 Gloriﬁcate
918 4896 965 4941 et
998 4895 1203 4958 portate
1252 4885 1423 4939 Deum
1450 4883 1507 4937 in
1549 4898 1763 4953 corpore
1810 4893 1998 4956 vestro.

425 4978 807 5037 Gloriﬁcamus
844 4976 997 5033 illum
1029 4975 1244 5047 quando
1272 4975 1321 5029 ei
1367 4974 1587 5053 gratias
1626 4973 1914 5053 referimus
1934 4975 2001 5032 de

427 5088 523 5144 sua
550 5069 945 5141 redemptione,
1004 5046 1393 5138 portamusque
1428 5067 1483 5120 in
1532 5050 1760 5135 corpore
1795 5046 1999 5120 'nostro

424 5162 641 5235 quando
676 5161 730 5214 in
769 5160 950 5214 anima
998 5164 1205 5220 nostra,
1246 5170 1373 5224 qua:
1416 5162 1668 5226 portatur
1695 5170 1726 5209 a
1750 5170 1997 5226 corpore,

424 5250 693 5310 inhabitat
718 5262 818 5320 per
845 5246 1187 5303 dilectionem
1223 5259 1378 5299 suam
1415 5244 1468 5298 in
1500 5244 1760 5315 cogitatu,
1788 5253 1839 5300 et
1866 5245 1994 5311 vita,

425 5355 482 5402 ct
521 5341 799 5400 intellectu
830 5358 844 5394 :
882 5337 962 5394 Ac
995 5337 1117 5393 ideo
1173 5337 1369 5407 saepius
1416 5352 1515 5407 per
1549 5338 1864 5392 memmium
1901 5351 1999 5391 no-

425 5445 592 5491 stram
622 5440 679 5489 et
726 5445 882 5488 suam
939 5425 1426 5486 sanctiﬁcationem
1450 5427 1721 5497 portando
1769 5427 1917 5481 illum
1942 5428 2041 5484 in-

428 5533 607 5579 mente
627 5523 925 5579 secundum
952 5535 1108 5577 suum
1124 5519 1262 5577 bone
1286 5521 1570 5591 placitum,
1593 5519 1667 5584 ei,
1694 5519 1747 5574 id
1777 5528 1860 5575 est
1878 5536 1997 5575 cor—

428 5616 564 5681 pmi,
600 5629 750 5667 mens
792 5621 1087 5668 memorata
1134 5613 1376 5682 praecipit
1402 5614 1467 5667 ad
1492 5611 1875 5673 obedientiam,
1902 5625 1996 5679 per

2118 2990 2237 3040 tute
2273 2983 2405 3039 dicit
2460 2983 2755 3038 Zacharias
2796 2982 3103 3051 propheta:
3137 2980 3207 3036 Ut
3253 2984 3370 3038 sine
3410 2984 3611 3040 timore
3648 2988 3712 3039 de

645 3109 700 3158 et
750 3073 977 3161 numero
1031 3098 1392 3169 psalmorum,
1420 3104 1476 3152 et
1508 3095 1804 3152 lectionum
1835 3073 1899 3151 ac
1931 3111 2017 3152 re-
2091 3091 2281 3169 illa?“
2308 3074 2643 3169 ίξτίξηίεονανη
2693 3081 2994 3169 ξιοξίτοηιπι
3047 3073 3255 3169 ιξθθναεί
3306 3076 3713 3169 “tutamini

2115 3167 2173 3221 in
2210 3164 2429 3236 iustitia
2453 3172 2504 3218 et
2540 3159 2817 3217 sanctitate
2866 3178 3059 3216 coram
3073 3164 3187 3232 ipso
3239 3163 3490 3218 omnibus
3523 3164 3710 3220 diebus

2114 3255 2332 3310 nostris.
2384 3252 2668 3309 Concessit
2698 3253 2857 3308 nobis
2882 3252 3029 3308 idem
3068 3252 3332 3308 Dominus
3370 3264 3570 3311 uoster
3587 3260 3713 3314 ’ἀπο

2113 3345 2319 3401 lumina
2345 3352 2670 3413 temporum,
2697 3343 2930 3407 scilicet,
2957 3342 3066 3399 diei
3091 3351 3153 3398 et
3182 3345 3382 3411 noctis,
3406 3356 3472 3401 ut
3496 3348 3585 3403 sol
3612 3365 3710 3404 no-

2112 3436 2201 3491 bis
2226 3435 2433 3490 luceret
2461 3449 2562 3504 per
2587 3433 2753 3500 diem,
2804 3441 2863 3488 et
2886 3432 3016 3489 luna
3063 3448 3164 3505 per
3210 3443 3457 3491 noctem.
3488 3437 3579 3493 Ex
3621 3440 3708 3496 his

2112 3525 2323 3581 duobus
2366 3524 2661 3581 luminibus
2714 3522 3020 3594 profectum
3055 3532 3256 3581 nostra:
3298 3524 3493 3598 fruges
3544 3544 3705 3586 assu-

2108 3624 2286 3680 munt,
2316 3625 2378 3672 ut
2410 3617 2481 3671 ad
2503 3615 2798 3672 utilitatem
2818 3624 3063 3672 nostram
3090 3618 3436 3687 perveniant.
3466 3619 3554 3676 Ex
3576 3621 3705 3677 luna

2111 3707 2316 3763 habent
2360 3707 2646 3762 humorem
2697 3713 2758 3761 ut
2786 3714 3060 3773 crescant,
3111 3722 3177 3762 ex
3202 3708 3319 3763 sole
3375 3714 3705 3780 temperati—

2109 3812 2236 3853 vum
2263 3798 2515 3853 ardorem
2541 3805 2603 3851 ut
2627 3799 2696 3853 ad
2722 3797 3095 3853 maturitatem
3120 3800 3468 3868 perveniant.
3502 3800 3702 3858 Possu-

2109 3903 2232 3944 mus
2281 3888 2398 3943 haec
2446 3887 2798 3943 manifestare
2844 3903 2913 3944 ex
2960 3888 3120 3943 dictis
3161 3889 3368 3945 domini
3402 3890 3573 3947 Beda:
3613 3894 3699 3963 (sit

2109 3987 2449 4048 assumptum
2473 3977 2544 4032 ab
2578 3977 2669 4033 illo
2716 3993 2747 4032 a
2777 3992 3101 4049 quocunque
3153 3979 3269 4050 ipse
3310 3980 3509 4048 voluit,
3566 3985 3697 4039 mihi

2108 4064 2304 4122 sufﬁcit
2329 4065 2446 4135 ejus
2478 4066 2795 4140 auctoritas)
2832 4083 2848 4122 :
2882 4068 3135 4138 denique,
3163 4070 3362 4140 inquit,
3398 4088 3527 4128 cum
3558 4088 3700 4129 sere-

2108 4156 2230 4209 nior
2257 4171 2365 4210 nox
2390 4165 2492 4223 est,
2522 4166 2580 4213 et
2620 4157 2746 4211 luna
2781 4174 3009 4228 pernox,
3072 4167 3204 4216 tunc
3236 4161 3445 4233 largior
3488 4179 3589 4221 res
3618 4181 3701 4221 leo

2106 4242 2281 4298 fertur
2306 4260 2435 4299 arva
2468 4245 2817 4314 perfundere,
2866 4257 2922 4304 et
2956 4248 3203 4318 plerique
3234 4252 3340 4306 sub
3381 4266 3513 4309 aen
3538 4256 3701 4325 guis

2110 4342 2344 4403 scentes,
2397 4350 2506 4405 quo
2535 4337 2710 4408 magis
2763 4339 2864 4394 sub
2886 4338 3096 4394 lumine
3143 4339 3372 4396 fuissent
3404 4326 3703 4421 iunge.

2106 4426 2231 4496 plus
2262 4426 2508 4482 humoris
2539 4442 2600 4483 se
2643 4428 2820 4498 capite
2859 4428 3143 4499 collegisse
3191 4444 3503 4489 senserunt.
3542 4432 3705 4492 Elin

2107 4517 2214 4572 alio
2239 4516 2358 4573 loco
2392 4517 2459 4572 de
2484 4516 2599 4572 sole
2628 4536 2643 4571 :
2678 4518 2945 4588 Tempora
2968 4527 3097 4573 sunt
3126 4521 3256 4576 anni
3283 4530 3546 4591 quatuor,
3572 4525 3705 4595 qui-

2106 4607 2207 4661 bus
2233 4606 2313 4662 sol
2338 4623 2437 4677 per
2462 4607 2676 4664 diversa
2724 4608 2852 4663 C(Bli
2895 4608 3067 4676 spatia
3113 4609 3478 4679 discurrendo
3508 4616 3699 4684 subje-

2107 4705 2254 4752 ctum
2289 4706 2555 4769 temperat
2577 4698 2789 4765 orbem,
2815 4698 2999 4754 divina
3035 4701 3223 4770 utique
3242 4714 3587 4771 procurante
3610 4724 3697 4762 sa-

2106 4787 2335 4859 pientia,
2367 4796 2427 4844 ut
2450 4804 2565 4844 non
2591 4804 2807 4860 semper
2833 4790 3040 4846 eisdem
3075 4804 3450 4853 commoratus
3470 4800 3528 4853 in
3556 4800 3695 4856 locis

2104 4878 2338 4936 fervoris
2361 4881 2621 4936 aviditate
2645 4881 2976 4938 mundanum
3004 4883 3363 4954 depopuletur
3384 4901 3651 4945 ornatum
3676 4912 3687 4943 :

2102 4970 2199 5025 sed
2228 4970 2489 5041 paulatim
2528 4986 2629 5039 per
2659 4971 2874 5028 diversa
2903 4974 3269 5044 commigrans
3296 4978 3535 5033 terrenis
3565 4979 3688 5033 fru-

2101 5060 2280 5116 ctibus
2322 5062 2608 5117 nascendis
2630 5062 3074 5132 maturandisque
3124 5070 3559 5133 temperamenta
3588 5086 3694 5125 cu-

2101 5152 2321 5207 stodiat.
2353 5151 2434 5206 Ex
2479 5150 2725 5224 frugibus
2771 5160 2930 5208 terra:
2951 5168 3146 5223 corpus
3172 5163 3426 5211 nostrum
3460 5169 3693 5214 susten-

2104 5250 2279 5298 tatur.
2309 5240 2520 5312 Corpus
2541 5243 2739 5298 animm
2765 5230 2820 5298 in
2849 5244 3115 5314 obsequio
3138 5253 3243 5315 est,
3262 5255 3326 5301 ut
3352 5247 3450 5304 hic
3469 5250 3525 5305 in
3552 5267 3697 5321 pne-

2098 5334 2241 5390 senti
2303 5335 2503 5392 seculo
2555 5336 2729 5406 possit
2788 5337 2996 5393 servire
3049 5338 3547 5397 Deumsnilestum
3578 5354 3691 5400 est.

2099 5424 2394 5496 Postquam
2446 5427 2627 5481 anima
2650 5441 2749 5497 per
2790 5427 3016 5483 nimiam
3047 5427 3403 5486 amtionem
3431 5434 3697 5503 corporis

2099 5518 2388 5573 recesserit
2408 5518 2478 5573 ab
2505 5532 2591 5585 eo,
2614 5533 2722 5573 non
2741 5516 2792 5575 ei
2814 5518 3104 5588 deputetur
3124 5520 3281 5577 labor
3300 5523 3371 5578 ad
3399 5521 3643 5578 fructum
3676 5541 3695 5585 ;

2101 5608 2195 5662 scd
2230 5610 2464 5679 quandiu
2496 5610 2549 5664 in
2581 5625 2807 5679 corpore
2868 5619 2975 5675 est,
3006 5621 3222 5679 oportet
3263 5612 3481 5681 operari
3536 5615 3699 5668 unde
