3938 6178
259 339 393 396 “65

994 348 1089 441 ‘DE
1125 349 1675 409 ECCLESlASTlClS
1711 352 1999 410 OFFICIIS
2034 356 2211 412 LIBRI
2251 359 2338 417 IV.
2377 393 2445 402 -—
2483 363 2611 418 LIB.
2654 365 2743 422 IV.

3357 383 3495 440 1168

250 465 466 534 placeat
491 460 618 517 Deo.
655 461 766 516 Non
796 464 940 518 enim
964 467 1133 522 solum
1164 485 1263 539 pro
1287 472 1373 525 his
1399 488 1518 540 quae
1548 474 1702 528 nobis
1730 475 1826 529 mi-
1852 472 1903 530 Α
1930 468 2089 538 dunt;
2124 473 2354 532 fodimus
2376 487 2428 533 et
2453 496 2550 535 nos
2579 491 2778 538 terram
2802 486 2946 544 circa
2979 492 3160 560 vitem,
3186 510 3248 551 ac
3272 499 3500 561 facimus

250 554 557 609 nistrantur
590 553 641 606 in
673 549 918 623 persenti
958 559 1172 625 seculo,
1206 559 1318 617 Deo
1383 572 1625 619 astamus
1658 567 1710 619 in
1732 582 1827 622 uo-

246 647 377 701 stris
406 643 601 700 ofﬁciis
627 661 641 709 ;
673 645 766 699 sed
793 647 954 701 etiam
990 649 1115 717 quia
1161 649 1433 708 debitores
1462 669 1561 709 nos
1586 670 1706 711 esse
1736 671 1826 711 co-

245 735 556 806 gnoscimus
590 733 739 807 jugis
770 737 977 790 servitii
1010 737 1166 806 ‘ejus,
1197 726 1254 794 ut
1284 741 1457 798 ﬁdelis
1516 759 1703 800 servus
1732 747 1823 816 qui

243 840 462 897 semper
485 827 599 880 vult
626 826 679 880 in
738 827 962 882 servitio
987 829 1179 885 adesse
1207 833 1437 889 senioris
1461 835 1564 890 sui.
1600 836 1667 889 Et
1703 836 1825 892 ideo

242 917 526 973 duodecim
574 917 925 987 repetitiones
957 919 1023 973 de
1055 921 1143 975 die
1169 919 1397 979 facimus
1428 942 1528 996 per
1560 928 1818 996 primam,

239 1017 294 1066 et
354 1011 588 1075 tertiam,
638 1020 692 1065 et
725 1010 958 1079 sextam,
1014 1024 1071 1070 et
1118 1032 1317 1072 nonam
1366 1019 1577 1084 horam,
1629 1030 1688 1076 ut
1726 1038 1823 1093 per

239 1115 678 1171 unamquamque
717 1103 1091 1173 repetitionem
1146 1108 1257 1162 Deo
1283 1118 1548 1178 praesente
1575 1112 1742 1168 simus
1765 1114 1820 1168 in

238 1195 387 1249 omni
424 1195 560 1248 hora
591 1210 604 1246 :
637 1194 885 1248 similiter
938 1195 990 1248 in
1020 1205 1179 1252 nocte
1223 1214 1321 1269 per
1347 1201 1629 1256 duodecim
1673 1203 1819 1274 psal-

238 1301 379 1341 mos.
413 1287 481 1341 Et
508 1288 634 1357 quia
663 1297 821 1359 pater
849 1302 1032 1348 noster
1074 1292 1299 1359 audivit,
1327 1292 1395 1348 In
1420 1293 1612 1349 sudore
1640 1294 1816 1349 vultus

239 1377 321 1430 tui
358 1379 579 1432 vesceris
599 1396 732 1446 pane
759 1389 870 1448 tuo,
907 1384 1274 1439 convertimus
1300 1400 1399 1441 nos
1427 1384 1715 1456 aliquando
1746 1386 1816 1440 ad

234 1483 403 1538 opera
429 1471 767 1540 temporalia.
796 1473 973 1544 Atque
998 1482 1057 1529 ut
1106 1484 1328 1547 propter
1358 1478 1473 1532 haec
1508 1478 1816 1533 necessaria

234 1574 347 1614 non
383 1559 699 1616 omittamus
748 1559 1064 1620 servitutem
1125 1582 1289 1637 quam
1319 1566 1429 1623 Deo
1474 1567 1732 1623 debemus
1759 1569 1814 1623 in

235 1649 420 1704 anima
446 1650 721 1718 exhibere,
754 1640 1271 1727 statuerunt-patres
1292 1659 1466 1714 nostri
1497 1667 1557 1713 ut
1587 1667 1666 1714 tot
1690 1675 1815 1714 ora-

235 1739 410 1794 tiones
436 1732 858 1808 psalmodiarum
899 1742 1109 1809 ﬁerent,
1141 1754 1273 1817 quot
1303 1746 1451 1802 hora:
1503 1756 1628 1802 sunt
1654 1747 1810 1803 nobis

232 1828 371 1885 data:
396 1831 462 1886 ad
491 1830 839 1888 laborandum
874 1849 971 1905 pro
1028 1837 1421 1894 sustentatione
1448 1841 1707 1911 corporis.
1740 1840 1810 1897 Et

230 1920 358 1991 quia
388 1938 494 1978 non
537 1938 824 1993 possumus
848 1927 920 1980 ita
964 1942 1179 1999 semper
1227 1930 1466 2000 operari,
1509 1933 1615 1987 nisi
1652 1932 1810 2003 quies

228 2011 518 2082 aliquando
555 2014 937 2086 subsequatur,
988 2020 1231 2089 sequitur
1271 2038 1401 2087 nox,
1458 2023 1515 2079 in
1540 2040 1643 2094 qua
1698 2042 1807 2082 non

226 2117 517 2172 possumus
537 2106 776 2173 operari,
804 2107 895 2161 sed
920 2108 1087 2177 quieti
1116 2111 1284 2166 otium
1312 2112 1523 2180 damus,
1548 2124 1607 2170 ut
1628 2124 1684 2171 et
1707 2132 1809 2186 pro

226 2197 347 2266 ipsa
382 2199 565 2269 quiete
591 2200 703 2257 Deo
725 2204 1004 2259 servitium
1029 2206 1335 2275 reddamus,
1367 2218 1649 2264 cantamus
1671 2210 1805 2266 duo-

225 2291 403 2347 decim
424 2293 662 2363 psalmos
705 2309 805 2363 pro
843 2296 1126 2352 duodecim
1179 2298 1329 2354 horis
1378 2301 1574 2356 noctis.
1609 2300 1807 2357 Tendi-

223 2396 349 2437 mus
376 2384 445 2439 ad
475 2384 580 2440 tale
618 2386 898 2440 servitium
927 2388 1086 2458 quale
1106 2390 1315 2458 primus
1336 2388 1509 2454 Adam
1535 2399 1689 2463 pater
1712 2408 1806 2449 no-

224 2480 341 2529 ster
364 2474 611 2529 exhibuit
636 2474 771 2542 Deo,
801 2485 1092 2549 antequam
1119 2490 1392 2550 peccaret,
1420 2491 1476 2538 et
1502 2481 1659 2553 quale
1688 2499 1808 2554 spe-

221 2580 413 2620 ramus
438 2565 678 2621 futurum
734 2575 857 2639 post
888 2567 1033 2624 hanc
1077 2571 1268 2637 vitam,
1305 2573 1409 2628 hoc
1458 2581 1561 2640 est,
1592 2582 1653 2629 ut
1677 2590 1806 2630 con-

223 2656 367 2710 tinui
405 2657 574 2712 simus
622 2659 678 2712 in
732 2658 828 2713 Dei
875 2662 1183 2729 prmsentia.
1226 2662 1343 2718 Non
1390 2664 1535 2719 enim
1583 2681 1807 2723 necesse

221 2755 313 2803 est
374 2748 607 2818 aliquem
645 2750 701 2805 in
737 2752 841 2808 hac
882 2753 1210 2812 discretione
1242 2758 1538 2814 mussitare
1586 2769 1806 2831 propter

220 2839 497 2911 disparem
538 2842 935 2917 longitudinem
973 2848 1183 2903 dierum
1221 2857 1278 2903 et
1321 2850 1563 2906 noctium
1591 2867 1606 2917 ;
1638 2851 1803 2906 etiam

219 2910 579 2990 calculatore's
605 2936 860 2992 horarum
886 2927 1139 3009 tempora
1177 2941 1255 2997 sic
1299 2942 1549 2999 dividunt
1593 2944 1804 2999 dierum

218 3031 277 3077 et
318 3026 577 3088 noctium,
610 3036 668 3082 ut
692 3028 819 3085 luna
842 3046 941 3102 per
970 3039 1186 3087 noctem
1237 3034 1417 3090 luceat
1473 3037 1586 3093 sive
1614 3038 1803 3093 mstivo

217 3129 317 3168 seu
363 3115 582 3171 hiemali
637 3126 877 3190 tempore
913 3122 1194 3178 duodecim
1248 3126 1419 3181 horis.
1475 3126 1630 3182 Unde
1659 3129 1804 3183 idem

218 3205 312 3273 qui
354 3220 514 3277 supra
550 3207 694 3264 Beda
750 3210 806 3264 in
861 3212 999 3267 libro
1050 3212 1118 3268 de
1168 3213 1564 3286 Temporibus:
1606 3215 1804 3273 Verum

217 3293 556 3364 longissimis
609 3298 664 3352 in
718 3299 909 3355 bruma
963 3302 1232 3369 noctibus,
1292 3304 1377 3357 vel
1432 3305 1561 3360 item
1614 3316 1805 3363 testate

214 3383 578 3455 brevissimis,
610 3405 838 3459 quarum
889 3392 1024 3448 alias
1071 3393 1352 3449 duodecim
1400 3396 1655 3451 horarum
1683 3413 1807 3468 spa-

215 3477 360 3531 tium
397 3477 553 3549 louge
611 3481 1016 3548 transcendere,
1055 3483 1190 3538 alias
1220 3500 1560 3554 nequaquam
1597 3488 1665 3542 ad
1702 3489 1806 3545 hoc

215 3565 533 3638 pertingere
564 3583 724 3637 posse
748 3577 985 3637 constat,
1013 3586 1120 3641 qua
1150 3575 1361 3630 ratione
1388 3574 1573 3632 lunam
1603 3578 1806 3634 duode-

213 3659 330 3714 cim
366 3659 528 3713 horas
565 3659 748 3714 lucere
776 3662 1081 3728 credamus,
1118 3665 1221 3721 nisi
1252 3665 1393 3722 forte
1420 3675 1671 3738 putemus
1695 3685 1803 3725 non

212 3752 628 3822 atquinoctiales
687 3755 853 3811 horas
925 3758 1323 3828 intelligendas,
1386 3762 1482 3817 sed
1539 3763 1803 3834 singulas,

211 3859 466 3915 quasque
495 3854 682 3902 noctes
726 3864 826 3918 pro
857 3865 956 3904 sua
1004 3865 1260 3907 mensura
1314 3852 1666 3924 longitudinis
1712 3864 1808 3910 aut

211 3935 506 3991 brevitatis
533 3937 587 3992 in
617 3938 900 3995 duodecim
932 3941 1253 4010 particulas,
1281 3959 1419 4015 quas
1462 3945 1625 4002 horas
1656 3946 1805 4002 voci-

216 4039 422 4100 tamus,
447 4048 598 4103 :equa
629 4033 1012 4091 distributione
1035 4035 1333 4093 ﬁndendas.

847 4167 1075 4224 CAPUT
1112 4169 1175 4224 11.

859 4276 939 4332 De
961 4277 1164 4333 Prima.

292 4388 828 4463 Magniﬁcentissimo
846 4401 902 4447 et
922 4392 1314 4463 gloriosissime
1343 4401 1505 4463 atque
1542 4390 1805 4450 Christia-

1928 560 2163 629 l'ossam,
2211 570 2426 636 quando
2481 584 2719 629 nostram
2768 586 3017 635 naturam
3065 587 3133 639 ad
3182 595 3498 652 memoriam

1926 654 2084 710 nobis
2109 656 2435 727 inducimus,
2460 672 2516 718 et
2559 666 2905 725 humiliamur
2941 676 3044 730 sub
3089 681 3294 748 potenti
3338 701 3500 743 manu

1927 744 2043 809 Dei,
2082 749 2389 817 aspicienda
2426 769 2523 808 nos
2563 757 2837 825 pulverem
2863 771 2917 817 et
2963 744 3200 826 cinerem
3239 789 3379 831 esse.
3408 779 3499 834 ln-

1925 849 2089 903 super
2116 839 2278 893 etiam
2304 843 2429 923 quia
2460 843 2631 923 ipsam
2658 857 2908 907 naturam
2948 862 3349 930 corrumpimus
3370 882 3500 937 pec-

1923 926 2116 991 cando,
2150 928 2455 989 inducimus
2499 945 2727 1001 stercus,
2757 950 2817 997 ut
2860 957 3085 1015 peccata
3127 926 3314 1010 nostra
3352 926 3499 1017 circa

1923 1030 2024 1070 nos
2046 1019 2155 1071 sint
2181 1018 2234 1073 in
2262 1026 2513 1091 praesenti
2546 1031 2763 1099 saaculo,
2793 1043 2958 1107 atque
2991 1040 3047 1095 in
3088 1041 3272 1101 futuro
3301 1048 3500 1117 desint,

1919 1112 1974 1159 et
2003 1120 2103 1175 per
2126 1108 2263 1165 duas
2299 1127 2407 1180 res,
2440 1115 2492 1171 id
2516 1127 2619 1185 est,
2648 1137 2743 1191 per
2771 1127 3259 1191 considerationem
3300 1108 3500 1200 nostra;

1919 1200 2150 1265 naturai,
2178 1208 2232 1254 et
2257 1218 2355 1272 per
2378 1208 2756 1275 paenitentiam
2784 1225 3098 1276 nostrorum
3126 1236 3497 1300 peccatorum,

1918 1299 2130 1343 crescat
2181 1301 2364 1349 noster
2402 1296 2612 1355 fructus
2658 1303 2899 1373 uberius,
2932 1309 3132 1383 ﬁatque
3173 1318 3359 1375 vinum

1918 1382 2222 1470 angustiam
2260 1388 2569 1456 toreularis,
2606 1401 2662 1447 et
2700 1382 3150 1468 exspoliationem
3197 1382 3497 1470 carnalium

1917 1466 2360 1549 delectationum,
2385 1481 2528 1548 quod
2550 1485 2702 1555 quasi
2725 1466 2825 1557 per
2849 1491 3121 1560 quoddam
3147 1466 3501 1560 toreularia:

1917 1567 2093 1661 troeat
2115 1563 2167 1617 in
2191 1566 2473 1623 cellarium
2500 1581 2719 1630 aeternze
2748 1578 2958 1637 domus.
2991 1583 3190 1642 Vinum
3236 1593 3382 1661 quod
3405 1609 3501 1650 ex-

1913 1646 2168 1716 primitur
2187 1653 2254 1708 ah
2268 1671 2371 1710 uva
2399 1673 2496 1729 per
2519 1676 2832 1730 pressuram
2858 1671 3147 1729 toreularis
3167 1646 3495 1740 desiderium

1915 1748 2160 1796 nostrum
2201 1742 2418 1802 fervens
2451 1757 2556 1815 cst,
2594 1753 2739 1823 quod
2770 1756 2990 1813 exuitur
3036 1776 3065 1816 a
3104 1767 3314 1821 carnali
3361 1771 3499 1828 desi.

1836 1813 1886 1875 Β
1916 1829 2088 1897 derie,
2114 1847 2171 1888 ut
2195 1834 2415 1907 dignum
2444 1840 2515 1895 sit
2540 1843 2761 1900 recondi
2791 1844 2844 1902 in
2866 1857 3238 1923 promptuario
3262 1857 3495 1918 Domini.

1912 1921 2134 1980 Fructui
2174 1928 2344 1984 vinem
2380 1930 2562 1989 multa:
2609 1934 2851 1994 adversae
2900 1921 3042 1999 ferai
3061 1944 3411 2019 insidiantur,
3440 1965 3501 2008 ut

1912 2029 2034 2068 eum
2063 2014 2312 2073 furentur
2343 2029 2399 2076 et
2428 2021 2698 2093 trajieiant
2729 2027 2785 2084 in
2827 2032 3025 2102 corpus
3048 2050 3225 2093 suum.
3258 2039 3351 2096 Eis
3379 2014 3496 2111 qui-

1912 2105 2032 2161 dem
2068 2106 2197 2165 feris
2224 2121 2450 2180 possunt
2493 2120 2797 2190 comparari
2829 2121 3050 2196 Zyphzei
3096 2105 3496 2199 quodammodo

1912 2201 2250 2269 apparitores
2303 2201 2453 2273 Saul,
2484 2209 2577 2278 qui
2624 2211 2912 2271 voluerunt
2961 2232 3154 2289 rapere
3195 2220 3388 2291 David,
3438 2238 3498 2280 ut

1911 2293 2189 2350 traderent
2224 2311 2349 2353 eum
2400 2300 2463 2379 in
2492 2316 2690 2359 manus
2740 2303 2871 2361 Saul
2919 2307 2987 2364 ad
3035 2311 3495 2373 interﬁciendum.

1911 2381 2026 2441 Non
2056 2385 2202 2478 enim
2232 2387 2429 2446 desunt
2456 2393 2613 2449 nobis
2640 2395 2805 2452 iidem
2837 2394 3081 2478 Zyphati,
3109 2405 3201 2476 qui
3232 2407 3498 2478 interpre-

1910 2481 2097 2530 tantur
2123 2475 2383 2536 ﬁorentes
2408 2499 2422 2534 :
2454 2499 2593 2555 quos
2638 2486 2990 2559 intelligimus
3017 2475 3220 2551 diaboli
3248 2475 3496 2557 membra

1909 2586 2050 2665 esse,
2075 2574 2191 2630 sive
2218 2575 2398 2648 ipsum
2430 2579 2836 2656 diabolum,qui
2864 2595 3045 2657 potest
3069 2589 3176 2647 dici
3204 2603 3501 2665 propterea

1907 2663 2130 2733 florens,
2148 2669 2274 2739 quia
2294 2672 2711 2741 prosperitatem
2752 2679 3012 2737 caducam
3060 2682 3176 2739 suis
3206 2663 3493 2745 ostendat.

1907 2759 2026 2828 lpse
2052 2760 2196 2815 enim
2230 2762 2345 2818 sive
2373 2778 2471 2833 per
2509 2757 2589 2834 se,
2610 2768 2726 2824 sive
2752 2784 2852 2839 per
2886 2773 3129 2830 membra
3156 2791 3253 2832 sua
3276 2776 3497 2835 insidia.

1910 2858 2000 2906 tur
2025 2852 2202 2919 nobis,
2234 2853 2320 2911 vel
2363 2865 2549 2927 aperte
2575 2861 2944 2932 persequitur,
2966 2872 3029 2919 ut
3072 2866 3252 2925 tradat
3276 2876 3497 2927 aeterna

1908 2942 2093 2997 morti.
2126 2943 2197 2999 Et
2224 2944 2402 3013 ﬁeret,
2424 2948 2530 3004 nisi
2559 2949 2718 3006 vinea
2747 2950 2987 3017 Domini,
3016 2970 3137 3025 quae
3164 2972 3265 3015 nos
3284 2973 3495 3028 sumus,

1907 3033 2135 3090 haberet
2162 3051 2346 3107 sepem
2367 3038 2575 3095 circum
2601 3055 2662 3097 se
2687 3051 2851 3113 atque
2876 3044 3115 3103 cultores
3143 3046 3287 3104 infra
3302 3064 3380 3106 se.
3400 3049 3504 3108 Se-

1909 3139 2006 3194 pes
2033 3127 2178 3181 enim
2208 3128 2453 3184 custodia
2485 3129 2700 3187 Domini
2744 3142 2831 3190 est
2870 3135 3015 3191 circa
3052 3135 3255 3203 electos
3301 3154 3431 3196 suos
3478 3161 3491 3196 :

1909 3215 2161 3273 Cultores
2183 3218 2351 3285 enim,
2381 3227 2442 3273 ut
2464 3220 2833 3292 praediximus,
2853 3233 2979 3279 sunt
3005 3225 3257 3283 doctores
3280 3236 3335 3283 et
3355 3243 3500 3298 pra:-

1906 3308 2071 3377 positi
2104 3309 2381 3364 Ecclesize.
2428 3310 2522 3366 Illa
2566 3328 2695 3383 sepe
2745 3316 3113 3372 circumdatus
3146 3329 3269 3374 erat
3323 3320 3496 3376 David

1907 3398 2122 3465 quando
2144 3398 2363 3468 Zyphzei
2395 3414 2518 3454 eum
2533 3401 3041 3471 circumdederunt;
3072 3421 3139 3463 ac
3168 3407 3290 3464 ideo
3313 3410 3492 3467 salva-

1908 3498 1996 3543 tus
2023 3498 2127 3555 est,
2157 3498 2211 3544 et
2231 3490 2428 3545 cecinit
2453 3492 2742 3563 psalmum,
2770 3492 2930 3560 Deus,
2962 3496 3017 3551 in
3039 3499 3248 3559 nomine
3268 3509 3357 3555 tuo
3378 3503 3491 3571 sal-

1906 3597 2028 3634 vum
2054 3597 2135 3635 me
2164 3580 2273 3652 fac,
2299 3589 2405 3637 etc.
2436 3582 2573 3651 Quia
2602 3583 2833 3641 Domino
2859 3587 3157 3649 miserante
3182 3589 3491 3648 inchoaturi

1907 3686 2094 3726 sumus
2120 3670 2385 3726 diurnalia
2432 3671 2607 3731 olIicia
2651 3675 2719 3730 ab
2767 3675 2901 3731 hora
2947 3693 3055 3748 qua
3102 3679 3493 3748 paterfamilias

1907 3762 2122 3818 vocavit
2145 3764 2423 3834 operarios
2448 3766 2500 3819 in
2527 3766 2742 3821 vineam
2771 3782 2947 3833 suam,
2974 3767 3058 3824 fas
3088 3769 3247 3826 nobis
3273 3771 3494 3829 videtur

1907 3861 1968 3907 ut
2011 3855 2078 3909 ab
2115 3855 2305 3909 eodem
2353 3864 2598 3926 tempore
2625 3871 2690 3912 ea
2719 3857 3072 3926 inchoemus,
3105 3859 3322 3932 quando
3362 3862 3494 3941 illud

1909 3946 2246 4015 evangelium
2284 3946 2484 4015 legitur
2510 3949 2652 4018 quod
2691 3950 3089 4007 ordinationem
3115 3950 3490 4025 operariorum

1828 4096 1835 4099 ,
1911 4036 2150 4091 continet
2172 4052 2269 4107 per
2287 4046 2658 4109 competentes
2678 4040 2862 4107 horas,
2879 4041 2931 4096 id
2952 4051 3054 4117 est,
3074 4045 3488 4115 septuagesima.

1910 4124 2062 4182 Sicut
2090 4129 2234 4184 enim
2264 4129 2454 4184 ovibus
2482 4146 2603 4199 qua:
2632 4140 2794 4186 nocte
2836 4132 3219 4188 custodiuntur
3255 4132 3311 4187 in
3342 4134 3492 4189 ovili-

1906 4222 2030 4286 bus,
2068 4231 2125 4276 et
2149 4230 2273 4292 post
2320 4222 2638 4277 matutinam
2690 4223 2994 4277 custodiam
3042 4224 3368 4280 exeuntibus
3416 4227 3484 4283 de

1909 4314 2029 4368 vico
2058 4315 2122 4369 ad
2155 4328 2357 4382 pascua
2395 4314 2450 4366 in
2500 4311 2838 4389 latitudinem
2881 4329 3192 4385 camporum
3221 4358 3236 4381 ,
3267 4333 3491 4375 necesse

1904 4410 1991 4456 est
2035 4411 2095 4456 ut
2140 4401 2283 4455 illico
2325 4400 2563 4457 habeant
2599 4402 2892 4471 opilionem
2919 4405 3012 4474 qui
3048 4420 3142 4462 eas
3170 4406 3424 4464 defendat
3455 4426 3489 4463 τι

210 4484 446 4540 nissime
470 4485 785 4556 imperator,
811 4487 1066 4556 quoniam
1094 4485 1372 4555 professus
1405 4497 1490 4541 est
1522 4502 1581 4542 se
1611 4492 1801 4541 servus
1826 4526 1879 4585 Ι)
1907 4492 2047 4563 lupis
2072 4492 2404 4572 irruentibus
2429 4511 2442 4545 :
2473 4494 2546 4547 ita
2579 4494 2734 4550 nobis
2756 4511 2979 4553 necesse
3004 4507 3120 4564 est,
3144 4500 3321 4569 primo
3344 4502 3479 4559 dilu.

208 4585 433 4641 vester,
463 4578 711 4647 quamvis
750 4579 1006 4635 minimus
1039 4581 1315 4651 omnium,
1353 4579 1533 4649 aliqua
1577 4580 1801 4650 pingere

208 4668 288 4724 de
310 4668 575 4737 operariis
604 4671 694 4740 qui
735 4671 881 4724 omni
910 4672 1039 4726 hora
1064 4671 1252 4727 volunt
1282 4673 1538 4727 assistere
1583 4673 1635 4726 in
1679 4689 1798 4727 ser—

204 4760 355 4814 vitio
378 4758 494 4825 Dei,
523 4761 735 4815 videtur
758 4764 1009 4834 parvitati
1037 4779 1168 4819 mea:
1190 4778 1286 4833 per
1308 4764 1401 4818 Del
1428 4762 1626 4817 donum
1656 4764 1800 4833 quod

206 4858 463 4906 vestrum
492 4851 731 4907 animum
757 4853 823 4908 ad
849 4870 906 4907 se
940 4856 1083 4925 rapit
1122 4850 1189 4909 in
1214 4856 1488 4925 prosperis
1523 4863 1577 4908 et
1611 4855 1802 4908 adver-

207 4942 321 5007 sis,
346 4951 402 4996 ut
430 4939 499 4996 ah
528 4943 618 4997 illa
648 4944 782 4999 hora
827 4945 1075 5000 inchoem
1106 4960 1210 5017 qua
1244 4944 1634 5016 paterfamilias
1663 4959 1796 4999 con—

207 5032 369 5089 ducit
405 5036 682 5104 operarios
728 5037 780 5090 in
825 5036 1037 5091 vineam
1080 5054 1254 5092 suam.
1314 5034 1514 5092 Sancta
1562 5036 1804 5093 Ecclesia

206 5123 408 5194 procul
424 5124 586 5180 dubio
606 5134 689 5181 est
709 5127 863 5182 vinea
874 5127 1300 5199 patrisfamilias,
1318 5144 1437 5198 qua:
1459 5128 1532 5182 ita
1549 5137 1807 5200 operatur

206 5229 322 5285 per
341 5218 619 5284 operarios
652 5217 706 5271 in
736 5219 893 5273 vinea
926 5235 1045 5285 sua,
1085 5230 1145 5274 ut
1192 5221 1293 5276 sibi
1331 5220 1640 5277 fructiﬁcct.
1694 5222 1803 5278 Nos

208 5320 411 5360 sumus
436 5306 592 5362 vinea
631 5325 751 5379 qum
777 5310 972 5366 colitur
999 5327 1097 5382 per
1133 5312 1392 5377 cultores,
1422 5313 1631 5369 scilicet
1661 5330 1801 5382 prae-

205 5398 429 5469 positos
462 5411 662 5456 sanctas
686 5402 960 5468 Ecclesia,
988 5413 1081 5460 aut
1108 5421 1206 5476 per
1234 5405 1614 5475 nosmetipsos.
1651 5406 1797 5460 Praa-

208 5487 384 5560 positi
415 5490 708 5547 ostendunt
743 5493 1034 5561 culturam,
1083 5512 1291 5568 nosque
1334 5497 1494 5553 simul
1523 5514 1647 5553 cum
1695 5498 1803 5553 illis

210 5592 542 5635 exercemus
571 5582 736 5639 illam.
772 5582 1004 5643 Fodiunt
1035 5587 1269 5644 cultores
1311 5590 1523 5645 vineam
1569 5598 1624 5646 et
1663 5601 1802 5647 ster—

214 5683 446 5728 corant.
475 5675 692 5743 quando
727 5678 890 5732 cerda
926 5688 1110 5734 nostra
1138 5681 1271 5736 dura
1301 5697 1396 5750 per
1422 5683 1586 5738 verba
1625 5683 1800 5740 incre-

215 5761 462 5829 pationis
492 5767 770 5825 scindunt.
799 5778 851 5825 et
903 5768 1065 5826 fetida
1112 5782 1336 5842 peccata
1386 5783 1569 5829 nostra
1617 5775 1798 5830 infun-

1904 4587 2026 4651 culo
2068 4586 2411 4659 surgentibus
2451 4586 2520 4641 ad
2548 4588 2808 4644 mandata
2838 4588 3072 4655 Domini,
3101 4599 3161 4645 ut
3189 4592 3491 4649 habeamus

1904 4686 2180 4749 pastorem
2209 4687 2266 4733 et
2294 4678 2572 4733 doctorem
2607 4679 2701 4748 qui
2742 4695 2841 4734 nos
2870 4680 3180 4735 introducat
3202 4682 3272 4735 ad
3294 4682 3484 4737 eadem

1904 4768 2155 4822 mandata
2185 4775 2241 4821 et
2263 4765 2517 4823 defendat
2540 4783 2571 4823 a
2595 4767 2767 4839 lupis;
2810 4770 2876 4824 de
2907 4770 3103 4840 quibus
3130 4770 3269 4840 lupis
3288 4770 3486 4843 legitur

1904 4857 1958 4909 iu
2007 4854 2298 4927 Evangelio
2333 4858 2639 4921 secundum
2686 4857 2972 4923 Joannem,
2999 4858 3065 4936 E5
3092 4858 3246 4931 lupus
3274 4862 3410 4933 rapit
3436 4874 3487 4918 et

1905 4950 2152 5023 dispergit
2199 4968 2315 5007 oves
2354 4965 2372 5003 :
2415 4968 2483 5009 ac
2508 4953 2858 5015 nihilominus
2888 4970 2919 5007 a
2943 4953 3115 5019 leone,
3140 4957 3241 5025 qui.
3263 4957 3500 5028 rugiens,

1909 5041 2102 5095 circuit
2127 5056 2377 5111 quaerens
2402 5058 2563 5113 quem
2589 5044 2828 5098 devoret.
2862 5043 3147 5112 Quomodo
3190 5047 3348 5118 lupus
3391 5062 3498 5121 ra-.

1906 5134 2042 5204 piat,
2082 5135 2196 5190 sive
2234 5134 2319 5190 leo
2367 5134 2609 5201 devoret,
2638 5134 2985 5193 manifestum
3013 5146 3099 5193 est
3128 5139 3215 5194 his
3251 5140 3343 5208 qui
3386 5138 3483 5193 im-

1906 5233 2212 5297 pugnantur
2232 5240 2261 5278 a
2285 5225 2449 5282 vitiis.
2475 5226 2851 5298 Unusquisque
2875 5228 3022 5284 enim
3053 5229 3147 5299 qui
3172 5230 3320 5284 videt
3341 5243 3480 5299 quo-

1906 5318 2067 5373 modo
2097 5324 2336 5373 tentatur
2363 5333 2392 5373 a
2438 5319 2877 5390 concupiscentia
2926 5336 3025 5376 sua
3068 5321 3373 5376 abstractus
3427 5325 3486 5375 et

1902 5412 2135 5475 illectus,
2163 5412 2443 5482 cognoscit
2480 5427 2641 5482 quem
2664 5423 2978 5469 memoratae
3002 5412 3136 5467 ferte
3160 5426 3259 5482 per
3294 5409 3478 5481 gulam

1904 5504 2139 5573 rapiant,
2167 5519 2327 5574 quem
2356 5519 2457 5574 per
2483 5502 2776 5569 luxuriam,
2798 5518 2958 5573 quem
2984 5517 3082 5572 per
3103 5502 3480 5558 curiositatem

1901 5594 2230 5651 nefariarum
2260 5595 2482 5661 artium,
2510 5609 2673 5665 quem
2697 5610 2796 5664 per
2828 5590 3334 5663 contemplationem
3359 5605 3483 5663 spc-

1903 5686 2235 5743 ctaculorum
2284 5685 2521 5754 turpium
2569 5692 2623 5738 et
2671 5696 3163 5752 supervacuorum,
3193 5697 3357 5751 quem
3387 5695 3483 5753 per

1904 5776 2312 5848 acquisitionem
2346 5788 2525 5829 rerum
2552 5772 2948 5842 temporalium,
2975 5787 3135 5842 quem
3164 5787 3262 5843 per
3304 5774 3485 5829 curio-
