3938 6178
439 316 575 371 1167

1461 309 1789 366 AMALARII
1830 303 2272 361 PRESBYTERI
2312 303 2652 360 METENSIS

3557 303 3698 354 “38

439 428 654 482 sitatem
683 423 1042 494 inquisitionis
1071 422 1182 477 sive
1209 420 1560 475 detractionis
1594 419 1849 474 vitiorum
1879 432 2008 487 pro-
2040 422 2088 479 Α
2114 414 2278 471 lsrael
2302 432 2407 471 non
2435 425 2518 471 est
2551 417 2693 470 aliud
2718 431 2878 485 quam
2899 423 2958 469 ut
2981 415 3174 470 reverti
3207 414 3370 468 faciat
3397 415 3562 469 Israel
3588 424 3707 469 toto

442 519 732 582 simorum,
763 529 922 585 quem
970 529 1066 582 per
1102 513 1429 584 superbiam,
1462 529 1620 582 quem
1666 527 1764 581 per
1801 509 2014 579 jactan-

444 609 592 662 tiam.
645 607 768 660 Haec
807 613 933 659 sunt
964 605 1112 669 vitia,
1143 620 1265 674 quae
1293 603 1651 672 subjiciuntur
1678 601 1851 657 tribus
1891 617 2016 658 con-

442 696 817 768 cupiscentiis,
848 696 1042 766 quibus
1091 703 1237 749 totus
1290 694 1520 750 mundus
1565 695 1898 760 involvitur,
1925 694 2018 765 ,ἀί-

442 797 598 843 cente
625 774 880 858 Apostolo
911 804 924 840 :
971 786 1136 842 Omne
1154 788 1292 857 quod
1318 789 1373 842 in
1409 794 1603 845 mundo
1645 796 1742 852 est,
1773 796 1862 841 aut
1895 804 2017 842 con-

441 879 762 949 cupiscentia
807 877 982 932 carnis
1021 887 1114 943 est,
1143 887 1234 932 aut
1265 879 1682 948 concupiscentia
1720 877 2015 945 oculorum,

441 980 530 1025 aut
560 969 803 1040 superbia
835 970 975 1024 vitm.
1007 966 1234 1041 Propter
1265 970 1660 1040 suprascriptas
1703 967 1848 1024 feras
1888 967 2021 1022 dicit

439 1065 605 1136 opilio
633 1072 840 1129 noster,
866 1063 1008 1118 Deus
1029 1064 1084 1116 in
1115 1063 1436 1133 adjutorium
1474 1078 1644 1116 meum
1667 1060 2020 1126 intende,Do-

439 1156 601 1221 mine,
625 1154 694 1208 ad
717 1154 1076 1224 adjuvandum
1102 1169 1181 1206 me
1205 1153 1416 1222 festina.
1449 1152 1507 1206 in
1529 1150 1688 1206 ollieii
1717 1151 1870 1207 initio
1892 1167 2017 1221 prc-

439 1250 618 1307 catur,
644 1250 705 1298 ut
736 1259 840 1297 non
873 1243 1083 1312 possint
1111 1250 1316 1296 tantum
1350 1241 1642 1312 praevalere
1665 1251 1933 1312 quatenus
1954 1243 2020 1296 ab

442 1333 1012 1390 eodem‘conciliabulo
1041 1333 1276 1403 aliquem
1319 1341 1570 1402 separent
1617 1349 1712 1403 per
1765 1333 2020 1387 astutiam

441 1435 616 1479 suam.
647 1423 820 1477 Simili
865 1424 1025 1478 modo
1069 1422 1302 1479 faciebat
1349 1423 1561 1497 Moyses
1589 1463 1604 1489 ,
1636 1425 1850 1492 quando
1896 1438 2022 1478 arca

440 1514 754 1569 elevabatur
781 1515 848 1568 ad
897 1514 1240 1584 portandum.
1300 1513 1560 1569 Dicebant
1610 1515 1754 1570 enim
1784 1533 1796 1568 :
1830 1515 2018 1587 Surge,

445 1603 688 1668 Domine,
715 1612 763 1658 et
797 1603 1117 1673 dissipentur
1168 1605 1369 1658 inimici
1428 1604 1537 1673 tui,
1581 1614 1628 1659 et
1683 1606 1889 1677 fugiant
1933 1608 2024 1678 qui

2116 508 2279 562 corde
2321 507 2387 560 ad
2439 522 2515 560 se.
2563 506 2702 560 Deus
2744 521 2849 560 non
2897 505 3078 568 habet,
3105 521 3213 574 quo
3252 513 3585 570 revertatur,
3617 507 3707 559 cui

2119 607 2286 651 totum
2315 612 2554 666 przesens
2575 605 2676 650 est.
2701 593 2781 650 lta
2815 597 2958 649 enim
2979 637 2993 657 ,
3020 595 3278 664 Exsurge,
3305 595 3566 658 Domine,
3597 612 3710 650 non

2117 688 2362 744 estaliud
2397 687 2828 758 intelligendum,
2853 702 3041 757 quam,
3073 685 3182 740 Nos
3226 685 3309 741 fac
3347 699 3652 756 exsurgere
3681 705 3712 742 a

2118 793 2308 833 somno
2352 777 2608 848 torporis,
2637 784 2691 831 et
2722 775 2807 830 fac
2837 776 3133 830 industrios
3161 783 3324 844 atque
3364 785 3627 832 strenuos
3658 777 3714 829 in

2117 883 2282 938 opere
2308 868 2687 928 mandatorum
2717 876 2951 922 tuorum.
2979 866 3061 920 Ab
3091 867 3206 936 ipsa
3250 866 3569 920 reversione
3616 881 3712 920 ac;

2119 961 2261 1031 cepit
2296 940 2439 1015 idem
2470 969 2664 1015 cantus
2691 975 2890 1014 nomen
2934 975 3130 1013 uersus.
3161 957 3418 1012 Eamdem
3441 959 3598 1012 enim
3632 973 3720 1013 re-

2117 1051 2444 1116 versionem,
2464 1051 2529 1105 de
2553 1067 2656 1120 qua
2681 1052 3000 1104 admonetur
3022 1064 3120 1118 per
3135 1063 3371 1113 versum,
3385 1063 3720 1113 exercemus

2119 1148 2262 1196 statu
2300 1141 2540 1212 corporis
2568 1141 2762 1195 nostri.
2779 1139 3004 1207 Quando
3028 1140 3278 1194 audimus
3301 1155 3545 1204 versum,
3570 1140 3719 1196 illico

2120 1234 2384 1289 vertimus
2408 1249 2506 1288 nos
2533 1234 2602 1310 ad
2630 1233 2922 1287 orientem.
2948 1231 3128 1298 Quare
3161 1231 3306 1286 hoc?
3357 1231 3460 1285 nisi
3490 1240 3551 1285 ut
3595 1247 3716 1286 om-

2122 1326 2206 1380 nis
2235 1325 2495 1396 cogitatio
2519 1341 2640 1396 quze
2672 1323 2818 1378 foras
2849 1324 3019 1378 exivit
3045 1324 3358 1392 aspiciendo
3381 1331 3435 1379 et
3479 1325 3720 1378 videndo

2122 1419 2238 1472 bmc
2273 1416 2608 1487 temporalia,
2640 1423 2947 1470 revertatur
2973 1415 3111 1468 infra
3139 1430 3238 1469 nos
3260 1457 3274 1480 ,
3303 1425 3359 1470 et
3402 1416 3662 1475 dicamus
3705 1435 3718 1469 :

2122 1506 2367 1570 Domine,
2401 1505 2470 1560 da
2499 1505 2629 1558 mihi
2651 1520 2744 1558 cor
2769 1514 2828 1557 ut
2857 1520 2999 1557 orem
3026 1503 3094 1556 ad
3127 1513 3192 1557 te.
3241 1503 3438 1558 Postea
3485 1503 3722 1557 inchoa-

2123 1612 2246 1652 mus
2294 1595 2590 1665 implorare
2639 1593 3075 1649 misericordiam
3135 1595 3344 1648 Domini
3396 1610 3498 1664 per
3552 1594 3722 1664 Hyrie

444 1694 665 1747 oderunt
729 1703 811 1760 te,
875 1711 908 1747 a
972 1693 1110 1762 {acie
1175 1703 1286 1748 tua.
1351 1693 1460 1750 Nos
1513 1696 1658 1750 enim
1714 1697 2028 1767 Spiritalitcr
2057 1710 2102 1768 Β
2130 1691 2358 1757 eleison,
2383 1699 2467 1754 et,
2493 1687 2700 1744 Christe
2726 1689 2950 1754 eleison,
2975 1700 3029 1744 et
3057 1690 3252 1743 iterum
3285 1687 3449 1758 Kyrie
3493 1689 3720 1744 eleison.

443 1799 630 1839 sumus
677 1784 764 1840 illa
811 1793 957 1840 arca.
1002 1783 1170 1840 'Sicut
1220 1785 1365 1840 enim
1423 1785 1662 1855 quotidie
1715 1788 2020 1843 circumda-

443 1876 604 1930 batur
633 1875 723 1930 illa
753 1876 822 1932 ab
864 1869 1120 1942 inimicis,
1146 1877 1224 1932 sic
1269 1885 1325 1932 et
1369 1887 1554 1934 sancta
1580 1873 1821 1933 Ecclesia
1858 1894 2028 1948 usque

445 1969 499 2024 in
539 1966 703 2024 finem
724 1968 1152 2023 circumdabitur
1176 1983 1205 2022 a
1233 1969 1691 2038 persecutoribus,
1726 1969 1840 2024 sive
1875 1985 2028 2039 aper-

444 2058 533 2123 tis,
561 2058 678 2112 sive
715 2057 962 2113 occultis.
1014 2056 1292 2126 Sequitur,
1319 2066 1444 2128 post
1470 2059 1903 2128 deprecationem
1932 2075 2028 2114 no-

445 2151 544 2206 stri
574 2150 845 2220 opilionis,
869 2148 1054 2204 Gloria
1082 2158 1278 2203 sanctte
1305 2147 1604 2216 Trinitatis,
1635 2165 1796 2218 quam
1832 2149 2025 2219 depre-

447 2258 638 2298 camur
675 2243 868 2297 adesse
912 2249 1098 2296 nostro
1152 2240 1437 2310 adiutorio.
1463 2233 1817 2316 'Becordatur
1864 2237 2028 2310 opilio

446 2343 633 2391 noster
660 2333 927 2389 sermonis
959 2332 1193 2397 Demini,
1225 2329 1390 2402 quem
1434 2327 1753 2393 dixit,‘Siue
1778 2349 1857 2386 me
1897 2331 2028 2386 nihil

445 2424 654 2495 potestis
682 2423 874 2493 facere.
904 2422 983 2477 De
1007 2423 1300 2486 additione,
1328 2422 1511 2477 Gloria
1532 2423 1672 2492 patri
1696 2438 1792 2492 per
1817 2418 2028 2478 diversa

447 2518 587 2585 loca,
617 2516 976 2587 Hieronymus
1002 2516 1221 2585 scripsit
1250 2515 1304 2568 in
1349 2514 1572 2585 epistola
1607 2531 1706 2569 sua
1733 2515 1800 2569 ad
1832 2516 2028 2570 Dama-

451 2622 570 2664 sum
598 2623 815 2678 papam.
861 2606 970 2662 Cur
1009 2607 1062 2661 in
1093 2614 1394 2661 memorato
1425 2613 1684 2677 tempore,
1713 2607 1764 2661 id
1790 2615 1894 2672 est,
1931 2605 2030 2660 Se-

446 2701 808 2772 ptuagesima,
827 2697 1080 2764 Alleluia,
1113 2715 1222 2754 non
1268 2708 1601 2770 supponatur
1628 2699 1811 2770 gloria!
1837 2711 2032 2754 sanctte

449 2792 750 2857 Trinitatis,
766 2805 886 2861 quae
905 2802 990 2846 eSt
1009 2807 1101 2862 per
1121 2794 1296 2846 omnia
1318 2792 1512 2847 sa'cula
1533 2792 1883 2856 sa’culorum;
1916 2794 2028 2856 sed,

452 2882 594 2937 Laus
614 2923 630 2948 ,
672 2882 796 2948 tibi,
843 2882 1086 2948 Domine,
1117 2899 1209 2937 rex
1240 2894 1450 2938 (eterna:
1476 2882 1680 2954 gldriw,
1713 2885 1950 2938 diximus
1969 2878 2033 2938 in

449 2973 631 3029 libello
657 2988 818 3043 quem
849 2972 1078 3028 fecimus
1115 2973 1181 3028 de
1210 2972 1617 3044 Septuagesima
1640 3015 1654 3039 ,
1688 2973 1897 3027 scilicet
1927 2989 2032 3027 non

2129 1784 2263 1839 Tres
2291 1783 2550 1837 articulos
2578 1783 2758 1852 aliquo
2793 1782 2952 1836 modo
2978 1782 3173 1835 divinae
3198 1780 3501 1848 maiestatis
3524 1794 3582 1835 et
3603 1783 3724 1837 Txi-

2125 1877 2312 1931 nitatis
2352 1876 2693 1931 celebramus
2740 1876 2795 1929 in
2823 1875 3074 1930 ecclesia.
3105 1875 3323 1929 Primus
3354 1884 3441 1930 est
3468 1884 3602 1929 ante
3630 1893 3718 1929 as-

2126 1977 2396 2038 sumptam
2425 1968 2816 2022 humanitatem
2838 2009 2853 2034 ,
2884 1967 3099 2037 quando
3145 1965 3386 2021 Trinitas
3434 1967 3726 2022 invocaba-

2127 2071 2217 2115 tur
2242 2062 2358 2116 sine
2386 2059 2728 2131 capulatione
2755 2059 3006 2114 humanm
3044 2068 3272 2123 natum,
3319 2073 3383 2113 ac
3435 2059 3564 2113 ideo
3615 2075 3727 2113 me-

2129 2149 2232 2206 rito
2260 2161 2343 2206 tcr
2390 2151 2620 2205 dicimus
2668 2149 2831 2219 Kyrie
2879 2149 3074 2204 eleison
3121 2150 3235 2204 sive
3281 2149 3451 2204 semel
3500 2161 3730 2220 propter

2128 2257 2291 2295 unam
2330 2241 2712 2296 substantiam.
2755 2239 3037 2294 Secundus
3087 2248 3169 2294 est
3213 2249 3336 2310 post
3375 2251 3728 2308 assumptum

2129 2335 2433 2397 hominem,
2473 2331 2689 2402 quando
2739 2330 2988 2385 Christus
3029 2332 3315 2384 videbatur
3365 2331 3416 2384 in
3485 2340 3635 2384 terra
3676 2339 3732 2384 et

2132 2427 2484 2482 nihilominus
2507 2441 2535 2478 a
2563 2426 2675 2480 suis
2707 2423 3032 2478 credebatur
3059 2425 3218 2486 Deus,
3248 2433 3303 2477 et
3331 2423 3474 2476 (ilius
3509 2423 3608 2476 Dei
3632 2465 3648 2487 ,
3676 2434 3732 2476 ut

2132 2521 2327 2574 Petrus
2351 2561 2366 2585 ,
2399 2517 2474 2572 Tu
2515 2535 2568 2572 es
2590 2559 2604 2584 ,
2636 2518 2846 2588 inquit,
2881 2517 3120 2570 Christus
3161 2515 3333 2570 Filius
3377 2515 3477 2568 Dei
3521 2517 3651 2579 tiri,
3683 2526 3736 2569 et

2132 2607 2330 2665 Paulus
2362 2611 2428 2663 de
2461 2609 2651 2665 eodem
2695 2601 2832 2662 Filio
2863 2625 2875 2660 :
2913 2605 3160 2676 Propria,
3201 2606 3407 2674 inquit,
3452 2603 3600 2657 Filio
3633 2623 3732 2657 sua

2135 2718 2238 2755 non
2265 2700 2513 2770 pepercit.
2558 2699 2821 2765 Quoniam
2853 2706 3076 2768 propter
3099 2705 3428 2766 assumptam
3465 2706 3732 2750 naturam

2135 2795 2360 2844 vocatur
2395 2789 2663 2855 Christus,
2697 2805 2815 2858 qua:
2841 2797 3006 2842 uncta
3047 2797 3130 2842 est
3175 2787 3440 2858 spirituali
3493 2787 3641 2849 oleo,
3679 2788 3732 2840 in

2136 2882 2314 2936 medio
2341 2881 2692 2936 articulorum
2724 2881 2976 2945 dicimus,
3002 2878 3204 2934 Christe
3245 2880 3458 2933 eleison.
3494 2877 3736 2946 Quando

2140 2974 2308 3029 semel
2338 2975 2568 3030 dicimus
2595 2974 2674 3038 ei,
2704 2971 2910 3027 Christe
2955 2972 3169 3035 eleison,
3211 2972 3550 3026 ostendimus
3601 2985 3736 3024 eum

451 3063 522 3119 ob
551 3062 716 3129 aliud,
737 3063 843 3118 nisi
871 3071 932 3116 ut
963 3063 1251 3118 humiliore
1282 3055 1460 3135 lingua
1489 3063 1700 3129 Latina,
1723 3079 1893 3133 'quam
1925 3057 2030 3118 lle-
2060 3055 2104 3117 C
2139 3065 2312 3122 solum
2363 3065 2528 3121 fuisse
2569 3060 2719 3120 inter
2759 3066 3029 3128 homines,
3062 3073 3118 3119 et
3153 3064 3423 3118 neminem
3467 3063 3739 3120 habuisse

451 3158 620 3221 bruta,
643 3156 1034 3211 admoneamur
1060 3171 1156 3210 nos
1195 3155 1391 3210 debere
1420 3156 1643 3210 formari
1673 3157 1739 3210 ad
1780 3151 2034 3210 humilio-

449 3260 567 3302 rem
628 3246 1091 3302 conversationem
1155 3245 1207 3300 in
1274 3254 1517 3317 tempore
1571 3246 1991 3318 Septuagesimae
2017 3289 2032 3312 ,

453 3351 617 3407 quam
643 3337 695 3391 in
722 3335 828 3390 alio
847 3335 1317 3406 tempore.Postea
1345 3338 1586 3406 sequitur
1614 3337 1852 3406 psalmus
1871 3353 2032 3407 quem

456 3427 630 3483 David
659 3427 922 3492 cantavit,
961 3428 1176 3496 quando
1203 3427 1419 3498 Zyphaei
1453 3427 1739 3483 voluerunt
1780 3443 1902 3482 eum
1948 3443 2036 3481 ra-

452 3534 584 3592 pere
627 3528 682 3575 et
709 3519 924 3574 tradere
963 3521 1018 3574 in
1059 3536 1222 3575 manu
1251 3519 1400 3575 Saul.
1427 3520 1596 3587 Quem
1622 3523 1778 3576 nobis
1811 3534 2036 3576 necesse

453 3619 539 3666 est
565 3619 786 3666 cantare
817 3611 1237 3682 diluculo,juxta
1264 3613 1407 3682 quod
1435 3613 1698 3682 scriptum
1721 3620 1826 3678 est,
1845 3612 2034 3667 Justus

458 3718 550 3756 cor
583 3719 734 3756 suum
760 3703 929 3755 tradet
956 3701 1025 3754 ad
1047 3700 1371 3772 vigilandum
1397 3700 1650 3766 diluculo,
1678 3711 1739 3756 ut
1773 3701 1905 3756 velit
1939 3717 2038 3757 nos

457 3791 600 3844 Deus
634 3791 866 3854 salvare,
896 3791 1153 3859 quoniam
1183 3790 1345 3844 alieni
1393 3790 1681 3860 insurgunt
1727 3806 1890 3861 super
1938 3807 2038 3848 nos

457 3879 552 3948 qui
591 3893 697 3932 non
727 3886 1035 3947 proponunt
1076 3879 1246 3933 Deum
1291 3888 1418 3933 ante
1458 3888 1806 3949 conspectum
1857 3897 2034 3947 suum,

460 3975 624 4038 atque
660 3973 720 4022 ut
761 3982 828 4022 ex
867 3968 1118 4022 omnibus
1148 3970 1590 4026 tribulationibus
1616 3987 1715 4026 nos
1743 3972 1960 4042 eripiat,
1984 3983 2041 4030 et

458 4072 625 4129 super
638 4072 826 4113 omnes
847 4057 1094 4112 inimicos
1116 4066 1333 4113 nostros
1348 4059 1608 4128 despiciat
1626 4061 1813 4117 oculus
1833 4072 2036 4131 noster,

458 4158 520 4204 ut
545 4148 713 4203 David
736 4163 834 4203 suo
859 4148 911 4202 in
937 4155 1178 4218 tempore
1207 4145 1351 4202 fecit.
1379 4149 1570 4203 Postea
1593 4160 1894 4221 sequuntur
1922 4155 2040 4209 duae

460 4241 810 4311 repetitiones
835 4239 1048 4309 psalmi,
1081 4239 1230 4294 Beati
1254 4241 1578 4295 immaculati
1597 4283 1611 4308 ,
1633 4243 1724 4312 qui
1751 4242 1940 4313 plenus
1959 4255 2042 4300 est

460 4332 719 4385 moribus.
745 4331 972 4400 Oportet
994 4331 1156 4394 enim,
1185 4340 1244 4385 ut
1285 4346 1420 4400 quos
1460 4331 1602 4388 Deus
1625 4332 1942 4390 liberaverit
1973 4335 2040 4392 de

459 4418 689 4478 v'inculis
732 4431 788 4478 et
825 4436 1044 4477 carcere
1079 4423 1419 4478 inimicorum
1443 4465 1457 4488 ,
1485 4423 1728 4480 moribus
1774 4425 1931 4482 bonis
1984 4436 2044 4482 et
2067 4407 2120 4467 D

461 4512 566 4583 piis
601 4513 649 4566 ei
673 4511 936 4568 assistant
959 4509 1012 4565 in
1043 4513 1189 4567 omni
1220 4513 1523 4578 devotione,
1549 4515 1690 4569 sicut
1716 4531 1782 4570 ex
1835 4515 2044 4571 duobus

461 4603 708 4658 versibus
745 4602 976 4657 duarum
1023 4603 1406 4672 repetitionum
1438 4619 1726 4673 possumus
1751 4606 2039 4676 conjicere.

468 4691 618 4749 Unus
639 4695 789 4759 dicit,
822 4691 1033 4747 Utinam
1055 4693 1356 4764 dirigantur
1379 4697 1474 4749 vite
1494 4711 1624 4750 meae
1649 4695 1719 4748 ad
1749 4696 2045 4752 custodien-

465 4785 563 4839 das
583 4786 992 4855 justi/icationes
1010 4795 1160 4849 tuas;
1187 4785 1324 4839 alter
1347 4787 1442 4850 ita,
1466 4783 1652 4839 Revela
1675 4785 1854 4841 oculos
1879 4802 2039 4854 meos,
2070 4786 2104 4856 Ξ

465 4884 516 4930 et
553 4875 890 4928 considerabo
905 4875 1186 4928 .mirabilia
1211 4875 1276 4928 de
1303 4875 1412 4946 lege
1436 4885 1547 4928 tua.
1590 4875 1713 4931 Ista:
1743 4886 1854 4933 tres
1892 4895 2045 4949 repe-

467 4967 688 5022 titiones
707 4974 1012 5021 sustentant
1033 4978 1088 5021 et
1111 4967 1405 5022 defendunt
1427 4982 1609 5022 arcam
1636 4969 1846 5026 Domini
1877 4983 2046 5043 usque

468 5060 536 5114 ad
571 5057 786 5128 plenam
835 5058 1078 5123 tertiam,
1107 5058 1161 5112 id
1197 5066 1307 5122 est,
1335 5073 1434 5128 per
1462 5059 1652 5114 horam
1692 5063 1956 5130 primam,
1989 5075 2046 5120 et

470 5150 782 5212 secundam,
814 5155 869 5202 et
899 5148 1136 5202 tertiam.
1167 5149 1371 5204 Deinde
1398 5152 1644 5222 sequitur
1690 5169 1894 5215 versus,
1932 5155 2044 5211 Ea:—

469 5257 645 5314 surge,
666 5239 908 5300 Domine,
939 5237 1133 5308 adjuva
1174 5255 1289 5303 nos,
1308 5249 1358 5293 et
1385 5239 1550 5295 libera
1578 5259 1671 5297 nos
1713 5255 1925 5316 propter
1953 5264 2046 5300 πο..

467 5353 586 5391 men
611 5343 780 5386 tuum.
805 5327 996 5384 Simile
1023 5328 1150 5398 quid
1175 5329 1389 5384 dicebat
1415 5331 1627 5404 Moyses
1666 5337 1880 5403 quando
1919 5352 2046 5392 arca

468 5423 860 5497 deponebatur.
894 5419 986 5474 Sic
1009 5420 1152 5473 enim
1180 5419 1438 5490 scriptum
1485 5430 1568 5476 est
1595 5423 1648 5476 in
1671 5423 1812 5479 libro
1841 5425 2042 5482 Nume-

468 5531 677 5580 rorum,
705 5511 941 5583 capitulo
972 5511 1234 5581 vigesimo
1262 5520 1447 5578 sexto;
1494 5515 1710 5584 quando
1745 5525 1923 5570 autem
1954 5519 2048 5574 de-

469 5613 779 5675 poneretur,
809 5603 986 5658 aiebat
1017 5620 1030 5656 :
1065 5601 1357 5668 Revertere,
1377 5603 1630 5669 Domine,
1654 5606 1724 5659 ad
1753 5606 2048 5662 multitudi-

473 5709 585 5746 nem
639 5693 868 5762 ﬁliorum
934 5693 1122 5748 Israel.
1175 5692 1437 5751 Reversio
1491 5695 1588 5751 Dei
1632 5696 1699 5751 ad
1745 5700 2043 5756 exercitum

2138 3158 2221 3211 sui
2250 3156 2481 3211 similem
2511 3171 2610 3225 per
2629 3157 2838 3221 omnia;
2871 3163 2927 3209 et
2951 3155 2994 3209 si
3028 3154 3562 3218 tertio,ostendimus
3590 3172 3740 3210 nune

2138 3263 2301 3319 quam
2348 3261 2468 3300 eum
2518 3245 2685 3300 fuisse
2734 3254 3048 3315 separatum
3097 3260 3128 3298 a
3184 3244 3486 3298 substantia
3518 3254 3740 3298 sancta:

2139 3333 2424 3394 Trinitatis
2455 3346 2676 3408 propter
2702 3337 2969 3390 unitatem
3012 3351 3276 3405 personae.
3325 3333 3542 3387 Tertius
3596 3336 3739 3387 arti-

2139 3429 2292 3486 culus
2325 3432 2409 3485 eSt
2441 3446 2506 3484 ex
2533 3445 2598 3483 eo
2629 3437 2871 3497 tempore
2897 3444 3003 3497 quo
3031 3427 3203 3481 voluit
3237 3425 3539 3480 clariﬁcarc
3574 3426 3738 3480 illum

2139 3529 2474 3589 assumptum
2503 3515 2775 3572 hominem
2804 3517 2925 3586 plus
2951 3532 3112 3586 quam
3134 3525 3280 3570 esset
3307 3514 3546 3584 quandiu
3573 3531 3736 3568 mor-

2140 3610 2261 3665 talis
2289 3618 2424 3664 erat.
2451 3607 2604 3663 Unde
2632 3609 2744 3676 ipse
2772 3600 2986 3661 dicebat
3012 3608 3076 3659 ad
3099 3605 3312 3660 Patrem
3335 3624 3345 3656 :
3367 3604 3627 3672 Clari/ica
3656 3624 3739 3658 me

2140 3713 2228 3767 tu,
2282 3701 2474 3765 Pater,
2517 3699 2659 3770 apud
2704 3699 3034 3768 temetipsum
3080 3696 3318 3750 claritate
3363 3712 3518 3765 quam
3562 3691 3736 3750 habui

2139 3792 2443 3862 priusquam
2470 3789 2698 3842 mundus
2727 3786 2893 3855 ﬁeret.
2917 3785 2995 3840 Ac
3017 3786 3137 3839 ideo
3163 3777 3326 3840 simili
3363 3785 3555 3850 modo,
3585 3794 3652 3838 ut
3681 3787 3734 3839 in

2140 3884 2334 3954 primo,
2367 3895 2655 3950 precamur
2682 3879 2968 3932 Dominum
2999 3879 3060 3930 ut
3101 3877 3344 3945 ignoscat
3376 3875 3533 3929 nobis
3563 3875 3625 3930 in
3655 3886 3734 3930 ta-

2142 3977 2284 4030 libus
2310 3971 2716 4031 tentationihus,
2747 3969 2865 4023 sine
2903 3967 3101 4038 quibus
3127 3967 3239 4020 haec
3267 3967 3375 4019 vita
3405 3981 3513 4020 non
3541 3971 3732 4035 potest

2144 4064 2390 4136 transigi.
2418 4063 2494 4116 De
2518 4061 2712 4131 quibus
2733 4059 2932 4114 dicitur
2961 4059 3015 4111 in
3055 4055 3335 4112 Parabolis
3364 4052 3688 4114 Salomonis
3720 4101 3732 4112 .

2144 4153 2343 4225 Septies
2370 4153 2514 4207 enim
2562 4151 2703 4204 cadit
2725 4150 2903 4220 justus
2943 4150 2999 4203 in
3040 4150 3156 4214 die,
3180 4158 3229 4202 et
3257 4149 3480 4218 resurgit
3499 4189 3514 4213 ,
3539 4149 3595 4204 id
3626 4161 3735 4213 est,

2145 4263 2241 4320 per
2271 4246 2656 4318 ignorantiam,
2685 4259 2785 4312 per
2815 4242 3162 4308 oblivionem,
3195 4257 3294 4312 per
3317 4242 3733 4312 cogitationem.

2145 4355 2242 4410 per
2266 4353 2594 4403 sermonem,
2622 4353 2719 4407 per
2747 4337 3168 4406 subreptionem,
3202 4351 3301 4404 per
3323 4337 3740 4404 necessitatem,

2147 4449 2245 4505 per
2273 4431 2625 4504 fragilitatem
2665 4430 2867 4485 carnis.
2903 4429 3141 4500 Singulis
3185 4429 3376 4484 diebus
3415 4428 3503 4483 vel
3545 4425 3736 4494 inviti.

2145 4521 2233 4579 vel
2259 4519 2525 4586 volentes,
2557 4521 2871 4590 frequenter
2905 4528 3114 4574 reatum
3157 4519 3518 4583 incurrimus,
3548 4528 3606 4575 et
3658 4529 3741 4576 ta-

2146 4629 2272 4668 men
2303 4613 2541 4684 resurgit
2563 4609 2765 4682 justus,
2795 4608 3046 4663 videlicet
3067 4610 3193 4678 quia
3223 4608 3448 4677 justitize
3475 4609 3594 4679 ejus
3623 4628 3736 4666 non

2146 4700 2459 4773 praeiudicat
2507 4701 2689 4770 lapsus
2737 4695 3046 4770 fragilitatis
3090 4699 3360 4754 humanm.
3413 4702 3494 4756 Ac
3533 4703 3736 4757 deinde

2147 4795 2392 4866 sequitur
2417 4793 2593 4847 oratio
2629 4791 2932 4856 Dominica,
2954 4805 3117 4860 quam
3148 4806 3270 4846 cum
3297 4807 3497 4862 magna
3519 4792 3734 4849 cautela

2146 4892 2359 4956 oportet
2405 4891 2644 4947 cantare,
2689 4889 2750 4936 ut
2801 4881 2945 4951 ipsas
2997 4895 3084 4935 res
3138 4880 3194 4934 in
3233 4890 3416 4936 mente
3444 4892 3734 4937 teneamus

2146 4993 2283 5048 quas
2321 4977 2503 5032 verbis
2531 4975 2966 5045 pronuntiamus.
2999 4973 3309 5045 Saapissime
3334 4978 3596 5045 pra-cedit
3621 4975 3734 5049 Κυ-

2148 5069 2225 5123 rie
2251 5068 2467 5132 eleison,
2489 5082 2588 5137 per
2615 5065 2759 5136 quod
2811 5066 3191 5122 reconciliatur
3234 5067 3413 5136 primo
3465 5067 3614 5125 Deus
3634 5113 3650 5137 ,
3679 5080 3737 5126 ut

2147 5174 2269 5214 cum
2315 5173 2411 5212 sua
2453 5157 2803 5212 miseratione
2845 5164 2898 5211 et
2941 5155 3248 5226 dignatione
3288 5159 3564 5227 possimus
3608 5178 3736 5219 con-

2147 5255 2405 5320 gruenter
2431 5246 2580 5302 illum
2621 5245 2876 5301 invocare
2915 5245 3128 5301 Patrem
3173 5256 3443 5313 nostrum,
3472 5261 3525 5304 et
3560 5251 3733 5309 inten-

2147 5341 2277 5397 dere
2304 5339 2483 5396 verbis
2529 5338 2810 5396 orationis.
2859 5337 2989 5392 Post
3034 5339 3336 5395 orationem
3390 5338 3728 5400 Dominicam

2149 5431 2396 5500 sequitur
2450 5438 2638 5485 nostra
2692 5430 3023 5494 credulitas,
3069 5446 3230 5500 quam
3275 5434 3453 5489 sancti
3495 5441 3727 5506 apostoli

2149 5523 2546 5578 constituerunt
2573 5522 2638 5576 de
2665 5521 2769 5576 fide
2803 5530 3004 5576 sancta:
3042 5520 3357 5589 Trinitatis,
3401 5534 3568 5596 atque
3612 5530 3730 5583 dis-

2149 5613 2462 5682 pensatione
2517 5611 2907 5667 incarnationis
2955 5611 3200 5677 Domini,
3229 5627 3294 5666 ac
3341 5622 3487 5668 statu
3527 5626 3732 5673 nostra

2150 5701 2425 5758 Ecclesia.
2453 5703 2641 5759 Modus
2665 5703 2927 5759 orationis
2953 5718 3114 5773 quem
3141 5705 3502 5774 praetulimus,
3536 5711 3603 5762 ad
3635 5726 3733 5768 eos
