  <div class='ocr_page' id='page_1' title='image "/cluster/home/n/w/nwhite01/storage/ocr_20150623/105/hvd.32044054759709/592.png"; bbox 0 0 3938 6178; ppageno 0'>
   <div class='ocr_carea' id='block_1_1' title="bbox 237 293 377 350">
    <p class='ocr_par' dir='ltr' id='par_1_1' title="bbox 237 293 377 350">
     <span class='ocr_line' id='line_1_1' title="bbox 237 293 377 350; baseline -0.029 0"><span class='ocrx_word' id='word_1_1' title='bbox 237 293 377 350; x_wconf 71' lang='grc' dir='ltr'><strong>Ηϐτ)</strong></span> 
     </span>
    </p>
   </div>
   <div class='ocr_carea' id='block_1_2' title="bbox 992 284 2731 349">
    <p class='ocr_par' dir='ltr' id='par_1_2' title="bbox 992 284 2731 349">
     <span class='ocr_line' id='line_1_2' title="bbox 992 284 2731 349; baseline 0.002 -4"><span class='ocrx_word' id='word_1_2' title='bbox 992 291 1080 346; x_wconf 81' lang='lat' dir='ltr'><strong>DE</strong></span> <span class='ocrx_word' id='word_1_3' title='bbox 1111 287 1665 345; x_wconf 78' lang='lat' dir='ltr'><strong>ECCLESIASTICIS</strong></span> <span class='ocrx_word' id='word_1_4' title='bbox 1702 284 1989 342; x_wconf 74' lang='lat' dir='ltr'><strong>OFFICIIS</strong></span> <span class='ocrx_word' id='word_1_5' title='bbox 2026 287 2205 344; x_wconf 71' lang='lat' dir='ltr'><strong>IJBRI</strong></span> <span class='ocrx_word' id='word_1_6' title='bbox 2240 290 2329 345; x_wconf 84' lang='lat' dir='ltr'><strong>IV.</strong></span> <span class='ocrx_word' id='word_1_7' title='bbox 2367 321 2439 331; x_wconf 88' lang='lat'><em>—</em></span> <span class='ocrx_word' id='word_1_8' title='bbox 2476 290 2601 345; x_wconf 84' lang='lat' dir='ltr'><strong>LIB.</strong></span> <span class='ocrx_word' id='word_1_9' title='bbox 2644 290 2731 349; x_wconf 79' lang='lat' dir='ltr'><strong>1V.</strong></span> 
     </span>
    </p>
   </div>
   <div class='ocr_carea' id='block_1_3' title="bbox 3356 294 3491 349">
    <p class='ocr_par' dir='ltr' id='par_1_3' title="bbox 3356 294 3491 349">
     <span class='ocr_line' id='line_1_3' title="bbox 3356 294 3491 349; baseline -0.03 0"><span class='ocrx_word' id='word_1_10' title='bbox 3356 294 3491 349; x_wconf 69' lang='lat' dir='ltr'><strong>H7!)</strong></span> 
     </span>
    </p>
   </div>
   <div class='ocr_carea' id='block_1_4' title="bbox 236 395 3492 479">
    <p class='ocr_par' dir='ltr' id='par_1_4' title="bbox 236 395 3492 479">
     <span class='ocr_line' id='line_1_4' title="bbox 236 395 3492 479; baseline 0.002 -22"><span class='ocrx_word' id='word_1_11' title='bbox 236 402 433 472; x_wconf 84' lang='lat' dir='ltr'><strong>aspicit</strong></span> <span class='ocrx_word' id='word_1_12' title='bbox 481 400 574 470; x_wconf 92' lang='lat' dir='ltr'><strong>qui</strong></span> <span class='ocrx_word' id='word_1_13' title='bbox 615 400 679 454; x_wconf 92' lang='lat' dir='ltr'><strong>de</strong></span> <span class='ocrx_word' id='word_1_14' title='bbox 724 399 930 454; x_wconf 85' lang='lat' dir='ltr'><strong>levibus</strong></span> <span class='ocrx_word' id='word_1_15' title='bbox 954 401 1195 470; x_wconf 78' lang='lat' dir='ltr'><strong>peccatis</strong></span> <span class='ocrx_word' id='word_1_16' title='bbox 1219 407 1275 456; x_wconf 90' lang='lat' dir='ltr'><strong>et</strong></span> <span class='ocrx_word' id='word_1_17' title='bbox 1302 400 1633 470; x_wconf 87' lang='lat' dir='ltr'><strong>quotidianis</strong></span> <span class='ocrx_word' id='word_1_18' title='bbox 1663 414 1809 455; x_wconf 85' lang='lat' dir='ltr'><strong>com-</strong></span> <span class='ocrx_word' id='word_1_19' title='bbox 1838 395 1883 455; x_wconf 76' lang='grc' dir='ltr'><strong>Α</strong></span> <span class='ocrx_word' id='word_1_20' title='bbox 1911 411 2080 465; x_wconf 87' lang='lat' dir='ltr'><strong>genua</strong></span> <span class='ocrx_word' id='word_1_21' title='bbox 2104 401 2393 458; x_wconf 88' lang='lat' dir='ltr'><strong>sua.Unde</strong></span> <span class='ocrx_word' id='word_1_22' title='bbox 2405 401 2763 475; x_wconf 83' lang='lat' dir='ltr'><strong>Hieronymus</strong></span> <span class='ocrx_word' id='word_1_23' title='bbox 2781 404 2835 459; x_wconf 90' lang='lat' dir='ltr'><strong>in</strong></span> <span class='ocrx_word' id='word_1_24' title='bbox 2859 405 3231 476; x_wconf 70' lang='lat' dir='ltr'><strong>explanatione</strong></span> <span class='ocrx_word' id='word_1_25' title='bbox 3251 409 3492 479; x_wconf 83' lang='lat' dir='ltr'><strong>ejusdem</strong></span> 
     </span>
    </p>
   </div>
   <div class='ocr_carea' id='block_1_5' title="bbox 233 494 1815 570">
    <p class='ocr_par' dir='ltr' id='par_1_5' title="bbox 233 494 1815 570">
     <span class='ocr_line' id='line_1_5' title="bbox 233 494 1815 570; baseline 0 -17"><span class='ocrx_word' id='word_1_26' title='bbox 233 504 569 570; x_wconf 82' lang='lat' dir='ltr'><strong>panguntur.</strong></span> <span class='ocrx_word' id='word_1_27' title='bbox 594 494 736 550; x_wconf 88' lang='lat' dir='ltr'><strong>Sunt</strong></span> <span class='ocrx_word' id='word_1_28' title='bbox 777 496 923 549; x_wconf 90' lang='lat' dir='ltr'><strong>enim</strong></span> <span class='ocrx_word' id='word_1_29' title='bbox 966 497 1180 567; x_wconf 76' lang='lat' dir='ltr'><strong>utrique</strong></span> <span class='ocrx_word' id='word_1_30' title='bbox 1224 497 1278 552; x_wconf 86' lang='lat' dir='ltr'><strong>in</strong></span> <span class='ocrx_word' id='word_1_31' title='bbox 1325 505 1510 558; x_wconf 85' lang='lat' dir='ltr'><strong>nostra</strong></span> <span class='ocrx_word' id='word_1_32' title='bbox 1552 497 1815 565; x_wconf 83' lang='lat' dir='ltr'><strong>Ecclesia,</strong></span> 
     </span>
    </p>
   </div>
   <div class='ocr_carea' id='block_1_6' title="bbox 235 586 1819 659">
    <p class='ocr_par' dir='ltr' id='par_1_6' title="bbox 235 586 1819 659">
     <span class='ocr_line' id='line_1_6' title="bbox 235 586 1819 659; baseline -0.001 -14"><span class='ocrx_word' id='word_1_33' title='bbox 235 589 444 646; x_wconf 83' lang='lat' dir='ltr'><strong>scilicet</strong></span> <span class='ocrx_word' id='word_1_34' title='bbox 466 595 522 642; x_wconf 91' lang='lat' dir='ltr'><strong>et</strong></span> <span class='ocrx_word' id='word_1_35' title='bbox 550 586 640 657; x_wconf 88' lang='lat' dir='ltr'><strong>qui</strong></span> <span class='ocrx_word' id='word_1_36' title='bbox 670 586 724 640; x_wconf 90' lang='lat' dir='ltr'><strong>in</strong></span> <span class='ocrx_word' id='word_1_37' title='bbox 755 587 997 643; x_wconf 82' lang='lat' dir='ltr'><strong>bonitate</strong></span> <span class='ocrx_word' id='word_1_38' title='bbox 1023 597 1461 657; x_wconf 88' lang='lat' dir='ltr'><strong>permanserunt,</strong></span> <span class='ocrx_word' id='word_1_39' title='bbox 1492 597 1548 643; x_wconf 91' lang='lat' dir='ltr'><strong>et</strong></span> <span class='ocrx_word' id='word_1_40' title='bbox 1574 589 1669 659; x_wconf 92' lang='lat' dir='ltr'><strong>qui</strong></span> <span class='ocrx_word' id='word_1_41' title='bbox 1699 604 1819 645; x_wconf 82' lang='lat' dir='ltr'><strong>cor-</strong></span> 
     </span>
    </p>
   </div>
   <div class='ocr_carea' id='block_1_7' title="bbox 1902 483 3496 565">
    <p class='ocr_par' dir='ltr' id='par_1_7' title="bbox 1902 483 3496 565">
     <span class='ocr_line' id='line_1_7' title="bbox 1902 483 3496 565; baseline 0.011 -27"><span class='ocrx_word' id='word_1_42' title='bbox 1902 483 2037 540; x_wconf 84' lang='lat' dir='ltr'><strong>&#39;libri</strong></span> <span class='ocrx_word' id='word_1_43' title='bbox 2064 505 2089 551; x_wconf 90' lang='lat'><strong>:_</strong></span> <span class='ocrx_word' id='word_1_44' title='bbox 2105 488 2230 543; x_wconf 89' lang='lat' dir='ltr'><strong>Tria</strong></span> <span class='ocrx_word' id='word_1_45' title='bbox 2261 500 2440 545; x_wconf 89' lang='lat' dir='ltr'><strong>autem</strong></span> <span class='ocrx_word' id='word_1_46' title='bbox 2462 500 2727 565; x_wconf 87' lang='lat' dir='ltr'><strong>tempora,</strong></span> <span class='ocrx_word' id='word_1_47' title='bbox 2741 494 2938 565; x_wconf 85' lang='lat' dir='ltr'><strong>quibus</strong></span> <span class='ocrx_word' id='word_1_48' title='bbox 2953 496 3063 553; x_wconf 91' lang='lat' dir='ltr'><strong>Deo</strong></span> <span class='ocrx_word' id='word_1_49' title='bbox 3076 495 3340 557; x_wconf 83' lang='lat' dir='ltr'><strong>ﬂectenda</strong></span> <span class='ocrx_word' id='word_1_50' title='bbox 3367 508 3496 557; x_wconf 89' lang='lat' dir='ltr'><strong>sunt</strong></span> 
     </span>
    </p>
   </div>
   <div class='ocr_carea' id='block_1_8' title="bbox 1917 584 3493 657">
    <p class='ocr_par' dir='ltr' id='par_1_8' title="bbox 1917 584 3493 657">
     <span class='ocr_line' id='line_1_8' title="bbox 1917 584 3493 657; baseline 0.009 -21"><span class='ocrx_word' id='word_1_51' title='bbox 1917 596 2114 651; x_wconf 89' lang='lat' dir='ltr'><strong>genua,</strong></span> <span class='ocrx_word' id='word_1_52' title='bbox 2150 584 2364 639; x_wconf 83' lang='lat' dir='ltr'><strong>tertiam</strong></span> <span class='ocrx_word' id='word_1_53' title='bbox 2407 584 2616 653; x_wconf 90' lang='lat' dir='ltr'><strong>horam,</strong></span> <span class='ocrx_word' id='word_1_54' title='bbox 2647 594 2703 641; x_wconf 89' lang='lat' dir='ltr'><strong>et</strong></span> <span class='ocrx_word' id='word_1_55' title='bbox 2728 594 2959 655; x_wconf 81' lang='lat' dir='ltr'><strong>sextam,</strong></span> <span class='ocrx_word' id='word_1_56' title='bbox 2993 597 3050 644; x_wconf 89' lang='lat' dir='ltr'><strong>et</strong></span> <span class='ocrx_word' id='word_1_57' title='bbox 3074 606 3293 657; x_wconf 88' lang='lat' dir='ltr'><strong>nonam,</strong></span> <span class='ocrx_word' id='word_1_58' title='bbox 3320 593 3493 649; x_wconf 84' lang='lat' dir='ltr'><strong>eccle-</strong></span> 
     </span>
    </p>
   </div>
   <div class='ocr_carea' id='block_1_9' title="bbox 237 673 3495 753">
    <p class='ocr_par' dir='ltr' id='par_1_9' title="bbox 237 673 3495 753">
     <span class='ocr_line' id='line_1_9' title="bbox 237 673 3495 753; baseline 0.001 -17"><span class='ocrx_word' id='word_1_59' title='bbox 237 688 467 736; x_wconf 90' lang='lat' dir='ltr'><strong>ruerunt</strong></span> <span class='ocrx_word' id='word_1_60' title='bbox 490 679 799 749; x_wconf 77' lang='lat' dir='ltr'><strong>peccando,</strong></span> <span class='ocrx_word' id='word_1_61' title='bbox 822 679 914 734; x_wconf 89' lang='lat' dir='ltr'><strong>sed</strong></span> <span class='ocrx_word' id='word_1_62' title='bbox 953 677 1212 735; x_wconf 78' lang='lat' dir='ltr'><strong>festinant</strong></span> <span class='ocrx_word' id='word_1_63' title='bbox 1253 680 1495 750; x_wconf 88' lang='lat' dir='ltr'><strong>quotidie</strong></span> <span class='ocrx_word' id='word_1_64' title='bbox 1537 696 1820 753; x_wconf 78' lang='lat' dir='ltr'><strong>resurgere</strong></span> <span class='ocrx_word' id='word_1_65' title='bbox 1918 673 2136 730; x_wconf 78' lang='lat' dir='ltr'><strong>sinstica</strong></span> <span class='ocrx_word' id='word_1_66' title='bbox 2168 677 2389 731; x_wconf 86' lang='lat' dir='ltr'><strong>traditio</strong></span> <span class='ocrx_word' id='word_1_67' title='bbox 2417 677 2687 749; x_wconf 81' lang='lat' dir='ltr'><strong>intelligit.</strong></span> <span class='ocrx_word' id='word_1_68' title='bbox 2718 677 2961 753; x_wconf 88' lang='lat' dir='ltr'><strong>Denique</strong></span> <span class='ocrx_word' id='word_1_69' title='bbox 3005 681 3171 737; x_wconf 88' lang='lat' dir='ltr'><strong>tertia</strong></span> <span class='ocrx_word' id='word_1_70' title='bbox 3221 682 3354 743; x_wconf 82' lang='lat' dir='ltr'><strong>hora</strong></span> <span class='ocrx_word' id='word_1_71' title='bbox 3402 686 3495 749; x_wconf 58' lang='lat' dir='ltr'><strong>de,-</strong></span> 
     </span>
    </p>
   </div>
   <div class='ocr_carea' id='block_1_10' title="bbox 235 768 3494 842">
    <p class='ocr_par' dir='ltr' id='par_1_10' title="bbox 235 768 3494 842">
     <span class='ocr_line' id='line_1_10' title="bbox 235 768 3494 842; baseline 0.003 -21"><span class='ocrx_word' id='word_1_72' title='bbox 235 786 338 842; x_wconf 82' lang='lat' dir='ltr'><strong>per</strong></span> <span class='ocrx_word' id='word_1_73' title='bbox 354 768 752 840; x_wconf 85' lang='lat' dir='ltr'><strong>pcenitentiam.</strong></span> <span class='ocrx_word' id='word_1_74' title='bbox 781 768 861 823; x_wconf 85' lang='lat' dir='ltr'><strong>Ex</strong></span> <span class='ocrx_word' id='word_1_75' title='bbox 890 783 1117 839; x_wconf 88' lang='lat' dir='ltr'><strong>persona</strong></span> <span class='ocrx_word' id='word_1_76' title='bbox 1140 770 1351 826; x_wconf 89' lang='lat' dir='ltr'><strong>illorum</strong></span> <span class='ocrx_word' id='word_1_77' title='bbox 1379 772 1628 827; x_wconf 86' lang='lat' dir='ltr'><strong>dicitur:</strong></span> <span class='ocrx_word' id='word_1_78' title='bbox 1674 771 1819 827; x_wconf 81' lang='lat' dir='ltr'><strong>Vivet</strong></span> <span class='ocrx_word' id='word_1_79' title='bbox 1918 769 2127 823; x_wconf 86' lang='lat' dir='ltr'><strong>scendit</strong></span> <span class='ocrx_word' id='word_1_80' title='bbox 2186 784 2347 841; x_wconf 86' lang='lat' dir='ltr'><strong>super</strong></span> <span class='ocrx_word' id='word_1_81' title='bbox 2407 771 2679 842; x_wconf 87' lang='lat' dir='ltr'><strong>apostolos</strong></span> <span class='ocrx_word' id='word_1_82' title='bbox 2744 770 2981 842; x_wconf 84' lang='lat' dir='ltr'><strong>Spiritus</strong></span> <span class='ocrx_word' id='word_1_83' title='bbox 3036 781 3276 830; x_wconf 89' lang='lat' dir='ltr'><strong>sanctus.</strong></span> <span class='ocrx_word' id='word_1_84' title='bbox 3327 774 3494 833; x_wconf 83' lang='lat' dir='ltr'><strong>Sexta</strong></span> 
     </span>
    </p>
   </div>
   <div class='ocr_carea' id='block_1_11' title="bbox 237 857 3494 934">
    <p class='ocr_par' dir='ltr' id='par_1_11' title="bbox 237 857 3494 934">
     <span class='ocr_line' id='line_1_11' title="bbox 237 857 3494 934; baseline 0.003 -20"><span class='ocrx_word' id='word_1_85' title='bbox 237 861 419 914; x_wconf 85' lang='lat' dir='ltr'><strong>anima</strong></span> <span class='ocrx_word' id='word_1_86' title='bbox 444 876 592 927; x_wconf 80' lang='lat' dir='ltr'><strong>mea,</strong></span> <span class='ocrx_word' id='word_1_87' title='bbox 607 868 657 912; x_wconf 88' lang='lat' dir='ltr'><strong>et</strong></span> <span class='ocrx_word' id='word_1_88' title='bbox 685 857 923 914; x_wconf 79' lang='lat' dir='ltr'><strong>laudabit</strong></span> <span class='ocrx_word' id='word_1_89' title='bbox 950 870 1020 925; x_wconf 90' lang='lat' dir='ltr'><strong>te,</strong></span> <span class='ocrx_word' id='word_1_90' title='bbox 1048 870 1096 915; x_wconf 89' lang='lat' dir='ltr'><strong>et</strong></span> <span class='ocrx_word' id='word_1_91' title='bbox 1111 862 1321 931; x_wconf 83' lang='lat' dir='ltr'><strong>judicia</strong></span> <span class='ocrx_word' id='word_1_92' title='bbox 1357 873 1449 917; x_wconf 90' lang='lat' dir='ltr'><strong>tua</strong></span> <span class='ocrx_word' id='word_1_93' title='bbox 1492 863 1819 934; x_wconf 86' lang='lat' dir='ltr'><strong>adjuvabunt</strong></span> <span class='ocrx_word' id='word_1_94' title='bbox 1918 857 2105 914; x_wconf 76' lang='lat' dir='ltr'><strong>volens</strong></span> <span class='ocrx_word' id='word_1_95' title='bbox 2140 860 2332 916; x_wconf 85' lang='lat' dir='ltr'><strong>Petrus</strong></span> <span class='ocrx_word' id='word_1_96' title='bbox 2376 862 2691 928; x_wconf 90' lang='lat' dir='ltr'><strong>comedere,</strong></span> <span class='ocrx_word' id='word_1_97' title='bbox 2734 863 2801 918; x_wconf 85' lang='lat' dir='ltr'><strong>ad</strong></span> <span class='ocrx_word' id='word_1_98' title='bbox 2835 864 3133 925; x_wconf 81' lang='lat' dir='ltr'><strong>orationem</strong></span> <span class='ocrx_word' id='word_1_99' title='bbox 3165 866 3407 924; x_wconf 88' lang='lat' dir='ltr'><strong>ascendit</strong></span> <span class='ocrx_word' id='word_1_100' title='bbox 3440 868 3494 923; x_wconf 87' lang='lat' dir='ltr'><strong>in</strong></span> 
     </span>
    </p>
   </div>
   <div class='ocr_carea' id='block_1_12' title="bbox 240 944 3496 1027">
    <p class='ocr_par' dir='ltr' id='par_1_12' title="bbox 240 944 3496 1027">
     <span class='ocr_line' id='line_1_12' title="bbox 240 944 3496 1027; baseline 0.004 -24"><span class='ocrx_word' id='word_1_101' title='bbox 240 965 342 1003; x_wconf 83' lang='lat' dir='ltr'><strong>me.</strong></span> <span class='ocrx_word' id='word_1_102' title='bbox 370 947 449 1003; x_wconf 83' lang='lat' dir='ltr'><strong>Ac</strong></span> <span class='ocrx_word' id='word_1_103' title='bbox 479 948 526 1003; x_wconf 87' lang='lat' dir='ltr'><strong>si</strong></span> <span class='ocrx_word' id='word_1_104' title='bbox 552 948 760 1003; x_wconf 85' lang='lat' dir='ltr'><strong>diceret</strong></span> <span class='ocrx_word' id='word_1_105' title='bbox 800 963 814 1002; x_wconf 95' lang='lat'><strong>:</strong></span> <span class='ocrx_word' id='word_1_106' title='bbox 853 947 910 1003; x_wconf 90' lang='lat' dir='ltr'><strong>Si</strong></span> <span class='ocrx_word' id='word_1_107' title='bbox 950 959 1163 1007; x_wconf 88' lang='lat' dir='ltr'><strong>mortua</strong></span> <span class='ocrx_word' id='word_1_108' title='bbox 1192 951 1353 1006; x_wconf 83' lang='lat' dir='ltr'><strong>fuerit</strong></span> <span class='ocrx_word' id='word_1_109' title='bbox 1377 952 1555 1010; x_wconf 86' lang='lat' dir='ltr'><strong>anima</strong></span> <span class='ocrx_word' id='word_1_110' title='bbox 1581 969 1701 1009; x_wconf 89' lang='lat' dir='ltr'><strong>mea</strong></span> <span class='ocrx_word' id='word_1_111' title='bbox 1723 969 1821 1024; x_wconf 88' lang='lat' dir='ltr'><strong>pro</strong></span> <span class='ocrx_word' id='word_1_112' title='bbox 1856 944 1898 1003; x_wconf 59' lang='grc' dir='ltr'><em>ἒ</em></span> <span class='ocrx_word' id='word_1_113' title='bbox 1920 950 2279 1006; x_wconf 81' lang='lat' dir='ltr'><strong>ccenaculum.</strong></span> <span class='ocrx_word' id='word_1_114' title='bbox 2335 951 2487 1013; x_wconf 80' lang='lat' dir='ltr'><strong>Nona</strong></span> <span class='ocrx_word' id='word_1_115' title='bbox 2529 951 2724 1008; x_wconf 76' lang='lat' dir='ltr'><strong>Petrus</strong></span> <span class='ocrx_word' id='word_1_116' title='bbox 2756 962 2813 1009; x_wconf 84' lang='lat' dir='ltr'><strong>et</strong></span> <span class='ocrx_word' id='word_1_117' title='bbox 2838 951 3073 1011; x_wconf 67' lang='lat' dir='ltr'><strong>Joannes</strong></span> <span class='ocrx_word' id='word_1_118' title='bbox 3101 959 3397 1027; x_wconf 78' lang='lat' dir='ltr'><strong>pergebant</strong></span> <span class='ocrx_word' id='word_1_119' title='bbox 3429 959 3496 1013; x_wconf 81' lang='lat' dir='ltr'><strong>ad</strong></span> 
     </span>
    </p>
   </div>
   <div class='ocr_carea' id='block_1_13' title="bbox 238 1039 1821 1115">
    <p class='ocr_par' dir='ltr' id='par_1_13' title="bbox 238 1039 1821 1115">
     <span class='ocr_line' id='line_1_13' title="bbox 238 1039 1821 1115; baseline 0.003 -20"><span class='ocrx_word' id='word_1_120' title='bbox 238 1039 519 1095; x_wconf 89' lang='lat' dir='ltr'><strong>erratibus</strong></span> <span class='ocrx_word' id='word_1_121' title='bbox 546 1041 714 1107; x_wconf 88' lang='lat' dir='ltr'><strong>meis,</strong></span> <span class='ocrx_word' id='word_1_122' title='bbox 739 1050 795 1097; x_wconf 92' lang='lat' dir='ltr'><strong>at</strong></span> <span class='ocrx_word' id='word_1_123' title='bbox 821 1042 944 1098; x_wconf 91' lang='lat' dir='ltr'><strong>dein</strong></span> <span class='ocrx_word' id='word_1_124' title='bbox 972 1044 1119 1099; x_wconf 90' lang='lat' dir='ltr'><strong>vivet</strong></span> <span class='ocrx_word' id='word_1_125' title='bbox 1155 1060 1253 1115; x_wconf 91' lang='lat' dir='ltr'><strong>per</strong></span> <span class='ocrx_word' id='word_1_126' title='bbox 1287 1047 1719 1103; x_wconf 85' lang='lat' dir='ltr'><strong>conversionem.</strong></span> <span class='ocrx_word' id='word_1_127' title='bbox 1756 1046 1821 1101; x_wconf 87' lang='lat' dir='ltr'><strong>Et</strong></span> 
     </span>
    </p>
   </div>
   <div class='ocr_carea' id='block_1_14' title="bbox 233 1130 1821 1202">
    <p class='ocr_par' dir='ltr' id='par_1_14' title="bbox 233 1130 1821 1202">
     <span class='ocr_line' id='line_1_14' title="bbox 233 1130 1821 1202; baseline 0.003 -17"><span class='ocrx_word' id='word_1_128' title='bbox 233 1130 443 1202; x_wconf 77' lang='lat' dir='ltr'><strong>judicia</strong></span> <span class='ocrx_word' id='word_1_129' title='bbox 469 1139 562 1184; x_wconf 86' lang='lat' dir='ltr'><strong>tua</strong></span> <span class='ocrx_word' id='word_1_130' title='bbox 586 1131 914 1201; x_wconf 82' lang='lat' dir='ltr'><strong>adjuvabunt</strong></span> <span class='ocrx_word' id='word_1_131' title='bbox 944 1150 1044 1188; x_wconf 86' lang='lat' dir='ltr'><strong>me.</strong></span> <span class='ocrx_word' id='word_1_132' title='bbox 1069 1134 1205 1201; x_wconf 84' lang='lat' dir='ltr'><strong>Quia</strong></span> <span class='ocrx_word' id='word_1_133' title='bbox 1236 1136 1420 1192; x_wconf 81' lang='lat' dir='ltr'><strong>dixisti</strong></span> <span class='ocrx_word' id='word_1_134' title='bbox 1450 1155 1462 1190; x_wconf 92' lang='lat'><strong>:</strong></span> <span class='ocrx_word' id='word_1_135' title='bbox 1496 1134 1636 1191; x_wconf 88' lang='lat' dir='ltr'><strong>Nolo</strong></span> <span class='ocrx_word' id='word_1_136' title='bbox 1677 1153 1821 1192; x_wconf 89' lang='lat' dir='ltr'><strong>mor-</strong></span> 
     </span>
    </p>
   </div>
   <div class='ocr_carea' id='block_1_15' title="bbox 240 1223 1824 1294">
    <p class='ocr_par' dir='ltr' id='par_1_15' title="bbox 240 1223 1824 1294">
     <span class='ocr_line' id='line_1_15' title="bbox 240 1223 1824 1294; baseline 0.004 -17"><span class='ocrx_word' id='word_1_137' title='bbox 240 1234 344 1278; x_wconf 88' lang='lat' dir='ltr'><strong>tem</strong></span> <span class='ocrx_word' id='word_1_138' title='bbox 374 1223 664 1294; x_wconf 73' lang='lat' dir='ltr'><strong>peccatoris</strong></span> <span class='ocrx_word' id='word_1_139' title='bbox 683 1262 699 1289; x_wconf 93' lang='lat'><strong>,</strong></span> <span class='ocrx_word' id='word_1_140' title='bbox 728 1223 820 1278; x_wconf 88' lang='lat' dir='ltr'><strong>sed</strong></span> <span class='ocrx_word' id='word_1_141' title='bbox 852 1226 1019 1294; x_wconf 84' lang='lat' dir='ltr'><strong>magis</strong></span> <span class='ocrx_word' id='word_1_142' title='bbox 1049 1235 1107 1279; x_wconf 86' lang='lat' dir='ltr'><strong>ut</strong></span> <span class='ocrx_word' id='word_1_143' title='bbox 1138 1236 1472 1281; x_wconf 81' lang='lat' dir='ltr'><strong>convertatur</strong></span> <span class='ocrx_word' id='word_1_144' title='bbox 1495 1236 1545 1281; x_wconf 89' lang='lat' dir='ltr'><strong>et</strong></span> <span class='ocrx_word' id='word_1_145' title='bbox 1574 1229 1741 1293; x_wconf 80' lang='lat' dir='ltr'><strong>vivat;</strong></span> <span class='ocrx_word' id='word_1_146' title='bbox 1768 1237 1824 1284; x_wconf 88' lang='lat' dir='ltr'><strong>et</strong></span> 
     </span>
    </p>
   </div>
   <div class='ocr_carea' id='block_1_16' title="bbox 241 1311 1823 1388">
    <p class='ocr_par' dir='ltr' id='par_1_16' title="bbox 241 1311 1823 1388">
     <span class='ocr_line' id='line_1_16' title="bbox 241 1311 1823 1388; baseline 0.003 -21"><span class='ocrx_word' id='word_1_147' title='bbox 241 1316 485 1370; x_wconf 86' lang='lat' dir='ltr'><strong>iterum:</strong></span> <span class='ocrx_word' id='word_1_148' title='bbox 528 1311 750 1368; x_wconf 82' lang='lat' dir='ltr'><strong>Gaudeo</strong></span> <span class='ocrx_word' id='word_1_149' title='bbox 797 1330 955 1386; x_wconf 88' lang='lat' dir='ltr'><strong>super</strong></span> <span class='ocrx_word' id='word_1_150' title='bbox 1000 1332 1105 1370; x_wconf 90' lang='lat' dir='ltr'><strong>uno</strong></span> <span class='ocrx_word' id='word_1_151' title='bbox 1152 1325 1422 1386; x_wconf 86' lang='lat' dir='ltr'><strong>peccatore</strong></span> <span class='ocrx_word' id='word_1_152' title='bbox 1468 1317 1823 1388; x_wconf 69' lang='lat' dir='ltr'><strong>paenitentiam</strong></span> 
     </span>
    </p>
   </div>
   <div class='ocr_carea' id='block_1_17' title="bbox 239 1407 1824 1478">
    <p class='ocr_par' dir='ltr' id='par_1_17' title="bbox 239 1407 1824 1478">
     <span class='ocr_line' id='line_1_17' title="bbox 239 1407 1824 1478; baseline 0.004 -20"><span class='ocrx_word' id='word_1_153' title='bbox 239 1414 444 1475; x_wconf 81' lang='lat' dir='ltr'><strong>agente,</strong></span> <span class='ocrx_word' id='word_1_154' title='bbox 467 1421 625 1476; x_wconf 90' lang='lat' dir='ltr'><strong>quam</strong></span> <span class='ocrx_word' id='word_1_155' title='bbox 652 1421 809 1475; x_wconf 87' lang='lat' dir='ltr'><strong>super</strong></span> <span class='ocrx_word' id='word_1_156' title='bbox 839 1407 1128 1476; x_wconf 88' lang='lat' dir='ltr'><strong>nonaginta</strong></span> <span class='ocrx_word' id='word_1_157' title='bbox 1171 1418 1350 1461; x_wconf 86' lang='lat' dir='ltr'><strong>novem</strong></span> <span class='ocrx_word' id='word_1_158' title='bbox 1373 1407 1537 1478; x_wconf 85' lang='lat' dir='ltr'><strong>justis</strong></span> <span class='ocrx_word' id='word_1_159' title='bbox 1555 1448 1569 1473; x_wconf 96' lang='lat'><strong>,</strong></span> <span class='ocrx_word' id='word_1_160' title='bbox 1591 1409 1682 1478; x_wconf 86' lang='lat' dir='ltr'><strong>qui</strong></span> <span class='ocrx_word' id='word_1_161' title='bbox 1721 1425 1824 1466; x_wconf 87' lang='lat' dir='ltr'><strong>non</strong></span> 
     </span>
    </p>
   </div>
   <div class='ocr_carea' id='block_1_18' title="bbox 239 1496 1823 1569">
    <p class='ocr_par' dir='ltr' id='par_1_18' title="bbox 239 1496 1823 1569">
     <span class='ocr_line' id='line_1_18' title="bbox 239 1496 1823 1569; baseline 0.003 -19"><span class='ocrx_word' id='word_1_162' title='bbox 239 1496 476 1566; x_wconf 84' lang='lat' dir='ltr'><strong>indigent</strong></span> <span class='ocrx_word' id='word_1_163' title='bbox 513 1496 835 1565; x_wconf 68' lang='lat' dir='ltr'><strong>paenitentia,</strong></span> <span class='ocrx_word' id='word_1_164' title='bbox 882 1510 1123 1552; x_wconf 89' lang='lat' dir='ltr'><strong>errorem</strong></span> <span class='ocrx_word' id='word_1_165' title='bbox 1174 1498 1464 1568; x_wconf 87' lang='lat' dir='ltr'><strong>pristinum</strong></span> <span class='ocrx_word' id='word_1_166' title='bbox 1511 1499 1686 1564; x_wconf 90' lang='lat' dir='ltr'><strong>illius,</strong></span> <span class='ocrx_word' id='word_1_167' title='bbox 1730 1501 1823 1569; x_wconf 89' lang='lat' dir='ltr'><strong>qui</strong></span> 
     </span>
    </p>
   </div>
   <div class='ocr_carea' id='block_1_19' title="bbox 242 1584 1823 1654">
    <p class='ocr_par' dir='ltr' id='par_1_19' title="bbox 242 1584 1823 1654">
     <span class='ocr_line' id='line_1_19' title="bbox 242 1584 1823 1654; baseline 0.003 -15"><span class='ocrx_word' id='word_1_168' title='bbox 242 1599 388 1639; x_wconf 89' lang='lat' dir='ltr'><strong>nunc</strong></span> <span class='ocrx_word' id='word_1_169' title='bbox 411 1598 711 1641; x_wconf 90' lang='lat' dir='ltr'><strong>conversus</strong></span> <span class='ocrx_word' id='word_1_170' title='bbox 736 1585 886 1652; x_wconf 91' lang='lat' dir='ltr'><strong>dicit,</strong></span> <span class='ocrx_word' id='word_1_171' title='bbox 929 1584 1067 1641; x_wconf 84' lang='lat' dir='ltr'><strong>Vivet</strong></span> <span class='ocrx_word' id='word_1_172' title='bbox 1109 1589 1290 1643; x_wconf 88' lang='lat' dir='ltr'><strong>anima</strong></span> <span class='ocrx_word' id='word_1_173' title='bbox 1319 1606 1455 1654; x_wconf 87' lang='lat' dir='ltr'><strong>mea,</strong></span> <span class='ocrx_word' id='word_1_174' title='bbox 1488 1599 1538 1643; x_wconf 88' lang='lat' dir='ltr'><strong>et</strong></span> <span class='ocrx_word' id='word_1_175' title='bbox 1583 1588 1823 1644; x_wconf 83' lang='lat' dir='ltr'><strong>laudabit</strong></span> 
     </span>
    </p>
   </div>
   <div class='ocr_carea' id='block_1_20' title="bbox 240 1677 1823 1753">
    <p class='ocr_par' dir='ltr' id='par_1_20' title="bbox 240 1677 1823 1753">
     <span class='ocr_line' id='line_1_20' title="bbox 240 1677 1823 1753; baseline 0.005 -25"><span class='ocrx_word' id='word_1_176' title='bbox 240 1683 312 1740; x_wconf 90' lang='lat' dir='ltr'><strong>te,</strong></span> <span class='ocrx_word' id='word_1_177' title='bbox 342 1683 613 1731; x_wconf 83' lang='lat' dir='ltr'><strong>monstrat</strong></span> <span class='ocrx_word' id='word_1_178' title='bbox 641 1692 833 1733; x_wconf 89' lang='lat' dir='ltr'><strong>versus</strong></span> <span class='ocrx_word' id='word_1_179' title='bbox 860 1692 1093 1748; x_wconf 91' lang='lat' dir='ltr'><strong>sequens</strong></span> <span class='ocrx_word' id='word_1_180' title='bbox 1129 1697 1142 1732; x_wconf 91' lang='lat'><strong>:</strong></span> <span class='ocrx_word' id='word_1_181' title='bbox 1177 1677 1371 1734; x_wconf 87' lang='lat' dir='ltr'><strong>Erravi</strong></span> <span class='ocrx_word' id='word_1_182' title='bbox 1401 1681 1535 1735; x_wconf 87' lang='lat' dir='ltr'><strong>sicut</strong></span> <span class='ocrx_word' id='word_1_183' title='bbox 1568 1682 1677 1736; x_wconf 88' lang='lat' dir='ltr'><strong>ovis</strong></span> <span class='ocrx_word' id='word_1_184' title='bbox 1705 1698 1823 1753; x_wconf 81' lang='lat' dir='ltr'><strong>qua:</strong></span> 
     </span>
    </p>
   </div>
   <div class='ocr_carea' id='block_1_21' title="bbox 1922 1039 3498 1113">
    <p class='ocr_par' dir='ltr' id='par_1_21' title="bbox 1922 1039 3498 1113">
     <span class='ocr_line' id='line_1_21' title="bbox 1922 1039 3498 1113; baseline 0.008 -22"><span class='ocrx_word' id='word_1_185' title='bbox 1922 1039 2198 1109; x_wconf 83' lang='lat' dir='ltr'><strong>templum.</strong></span> <span class='ocrx_word' id='word_1_186' title='bbox 2268 1040 2365 1096; x_wconf 87' lang='lat' dir='ltr'><strong>llis</strong></span> <span class='ocrx_word' id='word_1_187' title='bbox 2423 1042 2498 1096; x_wconf 89' lang='lat' dir='ltr'><strong>ita</strong></span> <span class='ocrx_word' id='word_1_188' title='bbox 2552 1041 2806 1113; x_wconf 88' lang='lat' dir='ltr'><strong>perlectis</strong></span> <span class='ocrx_word' id='word_1_189' title='bbox 2830 1084 2844 1109; x_wconf 94' lang='lat'><strong>,</strong></span> <span class='ocrx_word' id='word_1_190' title='bbox 2903 1044 3206 1103; x_wconf 83' lang='lat' dir='ltr'><strong>invenimus</strong></span> <span class='ocrx_word' id='word_1_191' title='bbox 3257 1047 3313 1102; x_wconf 89' lang='lat' dir='ltr'><strong>in</strong></span> <span class='ocrx_word' id='word_1_192' title='bbox 3361 1047 3498 1103; x_wconf 89' lang='lat' dir='ltr'><strong>libro</strong></span> 
     </span>
    </p>
   </div>
   <div class='ocr_carea' id='block_1_22' title="bbox 1921 1128 3502 1210">
    <p class='ocr_par' dir='ltr' id='par_1_22' title="bbox 1921 1128 3502 1210">
     <span class='ocr_line' id='line_1_22' title="bbox 1921 1128 3502 1210; baseline 0.008 -26"><span class='ocrx_word' id='word_1_193' title='bbox 1921 1128 2129 1196; x_wconf 63' lang='lat' dir='ltr'><strong>Esdraa,</strong></span> <span class='ocrx_word' id='word_1_194' title='bbox 2159 1132 2253 1202; x_wconf 86' lang='lat' dir='ltr'><strong>qui</strong></span> <span class='ocrx_word' id='word_1_195' title='bbox 2282 1140 2405 1205; x_wconf 89' lang='lat' dir='ltr'><strong>post</strong></span> <span class='ocrx_word' id='word_1_196' title='bbox 2443 1133 2715 1190; x_wconf 88' lang='lat' dir='ltr'><strong>Danielem</strong></span> <span class='ocrx_word' id='word_1_197' title='bbox 2752 1134 2873 1201; x_wconf 81' lang='lat' dir='ltr'><strong>luit,</strong></span> <span class='ocrx_word' id='word_1_198' title='bbox 2902 1145 3096 1207; x_wconf 90' lang='lat' dir='ltr'><strong>quater</strong></span> <span class='ocrx_word' id='word_1_199' title='bbox 3149 1138 3203 1193; x_wconf 88' lang='lat' dir='ltr'><strong>in</strong></span> <span class='ocrx_word' id='word_1_200' title='bbox 3257 1138 3345 1195; x_wconf 89' lang='lat' dir='ltr'><strong>die</strong></span> <span class='ocrx_word' id='word_1_201' title='bbox 3402 1154 3502 1210; x_wconf 54' lang='lat' dir='ltr'><strong>po.</strong></span> 
     </span>
    </p>
   </div>
   <div class='ocr_carea' id='block_1_23' title="bbox 1923 1220 3499 1291">
    <p class='ocr_par' dir='ltr' id='par_1_23' title="bbox 1923 1220 3499 1291">
     <span class='ocr_line' id='line_1_23' title="bbox 1923 1220 3499 1291; baseline 0.007 -19"><span class='ocrx_word' id='word_1_202' title='bbox 1923 1220 2106 1291; x_wconf 87' lang='lat' dir='ltr'><strong>pulum</strong></span> <span class='ocrx_word' id='word_1_203' title='bbox 2146 1223 2241 1278; x_wconf 92' lang='lat' dir='ltr'><strong>Dei</strong></span> <span class='ocrx_word' id='word_1_204' title='bbox 2281 1224 2538 1279; x_wconf 86' lang='lat' dir='ltr'><strong>adorasse</strong></span> <span class='ocrx_word' id='word_1_205' title='bbox 2595 1224 2881 1281; x_wconf 87' lang='lat' dir='ltr'><strong>Dominum</strong></span> <span class='ocrx_word' id='word_1_206' title='bbox 2930 1235 2986 1282; x_wconf 89' lang='lat' dir='ltr'><strong>et</strong></span> <span class='ocrx_word' id='word_1_207' title='bbox 3022 1226 3328 1284; x_wconf 78' lang='lat' dir='ltr'><strong>confessum</strong></span> <span class='ocrx_word' id='word_1_208' title='bbox 3378 1243 3499 1283; x_wconf 88' lang='lat' dir='ltr'><strong>esse</strong></span> 
     </span>
    </p>
   </div>
   <div class='ocr_carea' id='block_1_24' title="bbox 1924 1304 3500 1385">
    <p class='ocr_par' dir='ltr' id='par_1_24' title="bbox 1924 1304 3500 1385">
     <span class='ocr_line' id='line_1_24' title="bbox 1924 1304 3500 1385; baseline 0.004 -21"><span class='ocrx_word' id='word_1_209' title='bbox 1924 1319 2142 1379; x_wconf 88' lang='lat' dir='ltr'><strong>peccata</strong></span> <span class='ocrx_word' id='word_1_210' title='bbox 2181 1327 2297 1366; x_wconf 89' lang='lat' dir='ltr'><strong>sua.</strong></span> <span class='ocrx_word' id='word_1_211' title='bbox 2338 1312 2415 1367; x_wconf 85' lang='lat' dir='ltr'><strong>Ita</strong></span> <span class='ocrx_word' id='word_1_212' title='bbox 2453 1313 2597 1368; x_wconf 87' lang='lat' dir='ltr'><strong>enim</strong></span> <span class='ocrx_word' id='word_1_213' title='bbox 2634 1313 2895 1385; x_wconf 89' lang='lat' dir='ltr'><strong>scriptum</strong></span> <span class='ocrx_word' id='word_1_214' title='bbox 2952 1304 3038 1371; x_wconf 81' lang='lat' dir='ltr'><strong>est</strong></span> <span class='ocrx_word' id='word_1_215' title='bbox 3092 1316 3149 1370; x_wconf 90' lang='lat' dir='ltr'><strong>in</strong></span> <span class='ocrx_word' id='word_1_216' title='bbox 3200 1325 3500 1372; x_wconf 90' lang='lat' dir='ltr'><strong>memorato</strong></span> 
     </span>
    </p>
   </div>
   <div class='ocr_carea' id='block_1_25' title="bbox 1924 1396 3498 1475">
    <p class='ocr_par' dir='ltr' id='par_1_25' title="bbox 1924 1396 3498 1475">
     <span class='ocr_line' id='line_1_25' title="bbox 1924 1396 3498 1475; baseline 0.006 -24"><span class='ocrx_word' id='word_1_217' title='bbox 1924 1397 2065 1452; x_wconf 90' lang='lat' dir='ltr'><strong>libro</strong></span> <span class='ocrx_word' id='word_1_218' title='bbox 2094 1417 2106 1452; x_wconf 91' lang='lat'><strong>:</strong></span> <span class='ocrx_word' id='word_1_219' title='bbox 2140 1396 2505 1456; x_wconf 85' lang='lat' dir='ltr'><strong>Convenerunt</strong></span> <span class='ocrx_word' id='word_1_220' title='bbox 2530 1401 2631 1471; x_wconf 82' lang='lat' dir='ltr'><strong>filii</strong></span> <span class='ocrx_word' id='word_1_221' title='bbox 2659 1402 2829 1457; x_wconf 79' lang='lat' dir='ltr'><strong>Israel</strong></span> <span class='ocrx_word' id='word_1_222' title='bbox 2867 1404 2922 1457; x_wconf 90' lang='lat' dir='ltr'><strong>in</strong></span> <span class='ocrx_word' id='word_1_223' title='bbox 2958 1404 3170 1475; x_wconf 83' lang='lat' dir='ltr'><strong>jejunio</strong></span> <span class='ocrx_word' id='word_1_224' title='bbox 3218 1414 3266 1459; x_wconf 86' lang='lat' dir='ltr'><strong>et</strong></span> <span class='ocrx_word' id='word_1_225' title='bbox 3310 1407 3498 1471; x_wconf 85' lang='lat' dir='ltr'><strong>saccis,</strong></span> 
     </span>
    </p>
   </div>
   <div class='ocr_carea' id='block_1_26' title="bbox 1924 1478 3500 1563">
    <p class='ocr_par' dir='ltr' id='par_1_26' title="bbox 1924 1478 3500 1563">
     <span class='ocr_line' id='line_1_26' title="bbox 1924 1478 3500 1563; baseline 0.006 -23"><span class='ocrx_word' id='word_1_226' title='bbox 1924 1496 1972 1541; x_wconf 93' lang='lat' dir='ltr'><strong>et</strong></span> <span class='ocrx_word' id='word_1_227' title='bbox 1991 1488 2181 1541; x_wconf 81' lang='lat' dir='ltr'><strong>humus</strong></span> <span class='ocrx_word' id='word_1_228' title='bbox 2202 1505 2359 1559; x_wconf 90' lang='lat' dir='ltr'><strong>super</strong></span> <span class='ocrx_word' id='word_1_229' title='bbox 2385 1506 2491 1556; x_wconf 89' lang='lat' dir='ltr'><strong>eos,</strong></span> <span class='ocrx_word' id='word_1_230' title='bbox 2520 1502 2567 1544; x_wconf 86' lang='lat' dir='ltr'><strong>et</strong></span> <span class='ocrx_word' id='word_1_231' title='bbox 2602 1478 2902 1561; x_wconf 71' lang='lat' dir='ltr'><strong>separatum</strong></span> <span class='ocrx_word' id='word_1_232' title='bbox 2942 1501 3018 1547; x_wconf 88' lang='lat' dir='ltr'><strong>est</strong></span> <span class='ocrx_word' id='word_1_233' title='bbox 3054 1510 3229 1548; x_wconf 87' lang='lat' dir='ltr'><strong>semen</strong></span> <span class='ocrx_word' id='word_1_234' title='bbox 3268 1494 3500 1563; x_wconf 78' lang='lat' dir='ltr'><strong>ﬁliorum</strong></span> 
     </span>
    </p>
   </div>
   <div class='ocr_carea' id='block_1_27' title="bbox 1924 1575 3503 1651">
    <p class='ocr_par' dir='ltr' id='par_1_27' title="bbox 1924 1575 3503 1651">
     <span class='ocr_line' id='line_1_27' title="bbox 1924 1575 3503 1651; baseline 0.006 -21"><span class='ocrx_word' id='word_1_235' title='bbox 1924 1575 2099 1632; x_wconf 82' lang='lat' dir='ltr'><strong>Israel</strong></span> <span class='ocrx_word' id='word_1_236' title='bbox 2143 1578 2208 1632; x_wconf 87' lang='lat' dir='ltr'><strong>ab</strong></span> <span class='ocrx_word' id='word_1_237' title='bbox 2257 1579 2399 1632; x_wconf 89' lang='lat' dir='ltr'><strong>omni</strong></span> <span class='ocrx_word' id='word_1_238' title='bbox 2428 1579 2541 1647; x_wconf 83' lang='lat' dir='ltr'><strong>[ilio</strong></span> <span class='ocrx_word' id='word_1_239' title='bbox 2568 1578 2897 1651; x_wconf 58' lang='lat' dir='ltr'><strong>alienigena,</strong></span> <span class='ocrx_word' id='word_1_240' title='bbox 2922 1592 2969 1637; x_wconf 86' lang='lat' dir='ltr'><strong>et</strong></span> <span class='ocrx_word' id='word_1_241' title='bbox 2998 1592 3271 1651; x_wconf 85' lang='lat' dir='ltr'><strong>steterunt,</strong></span> <span class='ocrx_word' id='word_1_242' title='bbox 3300 1593 3348 1639; x_wconf 90' lang='lat' dir='ltr'><strong>et</strong></span> <span class='ocrx_word' id='word_1_243' title='bbox 3378 1601 3503 1649; x_wconf 83' lang='lat' dir='ltr'><strong>con-</strong></span> 
     </span>
    </p>
   </div>
   <div class='ocr_carea' id='block_1_28' title="bbox 1926 1667 3504 1746">
    <p class='ocr_par' dir='ltr' id='par_1_28' title="bbox 1926 1667 3504 1746">
     <span class='ocr_line' id='line_1_28' title="bbox 1926 1667 3504 1746; baseline 0.006 -24"><span class='ocrx_word' id='word_1_244' title='bbox 1926 1667 2209 1737; x_wconf 78' lang='lat' dir='ltr'><strong>ﬁtebantur</strong></span> <span class='ocrx_word' id='word_1_245' title='bbox 2256 1678 2471 1741; x_wconf 86' lang='lat' dir='ltr'><strong>peccata</strong></span> <span class='ocrx_word' id='word_1_246' title='bbox 2517 1687 2618 1725; x_wconf 82' lang='lat' dir='ltr'><strong>sua</strong></span> <span class='ocrx_word' id='word_1_247' title='bbox 2674 1681 2722 1725; x_wconf 90' lang='lat' dir='ltr'><strong>et</strong></span> <span class='ocrx_word' id='word_1_248' title='bbox 2782 1672 3093 1743; x_wconf 27' lang='lat' dir='ltr'><strong>iniquitates,</strong></span> <span class='ocrx_word' id='word_1_249' title='bbox 3135 1684 3345 1746; x_wconf 72' lang='lat' dir='ltr'><strong>patrum</strong></span> <span class='ocrx_word' id='word_1_250' title='bbox 3380 1692 3504 1732; x_wconf 79' lang='lat' dir='ltr'><strong>suo—</strong></span> 
     </span>
    </p>
   </div>
   <div class='ocr_carea' id='block_1_29' title="bbox 240 1740 3501 1840">
    <p class='ocr_par' dir='ltr' id='par_1_29' title="bbox 240 1740 3501 1840">
     <span class='ocr_line' id='line_1_29' title="bbox 240 1740 3501 1840; baseline 0.002 -21"><span class='ocrx_word' id='word_1_251' title='bbox 240 1766 440 1835; x_wconf 88' lang='lat' dir='ltr'><strong>periit;</strong></span> <span class='ocrx_word' id='word_1_252' title='bbox 472 1768 676 1837; x_wconf 89' lang='lat' dir='ltr'><strong>require</strong></span> <span class='ocrx_word' id='word_1_253' title='bbox 700 1783 907 1822; x_wconf 88' lang='lat' dir='ltr'><strong>servum</strong></span> <span class='ocrx_word' id='word_1_254' title='bbox 930 1740 1103 1834; x_wconf 73' lang='lat' dir='ltr'><strong>tuum,</strong></span> <span class='ocrx_word' id='word_1_255' title='bbox 1128 1770 1254 1840; x_wconf 88' lang='lat' dir='ltr'><strong>quia</strong></span> <span class='ocrx_word' id='word_1_256' title='bbox 1294 1769 1552 1824; x_wconf 89' lang='lat' dir='ltr'><strong>mandata</strong></span> <span class='ocrx_word' id='word_1_257' title='bbox 1578 1780 1669 1825; x_wconf 90' lang='lat' dir='ltr'><strong>tua</strong></span> <span class='ocrx_word' id='word_1_258' title='bbox 1718 1740 1825 1827; x_wconf 72' lang='lat' dir='ltr'><strong>non</strong></span> <span class='ocrx_word' id='word_1_259' title='bbox 1849 1740 1899 1800; x_wconf 77' lang='grc' dir='ltr'><strong>Β</strong></span> <span class='ocrx_word' id='word_1_260' title='bbox 1928 1780 2065 1827; x_wconf 68' lang='lat' dir='ltr'><strong>tum.</strong></span> <span class='ocrx_word' id='word_1_261' title='bbox 2104 1772 2154 1817; x_wconf 76' lang='lat' dir='ltr'><strong>el</strong></span> <span class='ocrx_word' id='word_1_262' title='bbox 2210 1774 2646 1820; x_wconf 66' lang='lat' dir='ltr'><strong>consurrexerunt</strong></span> <span class='ocrx_word' id='word_1_263' title='bbox 2701 1765 2771 1819; x_wconf 81' lang='lat' dir='ltr'><strong>ad</strong></span> <span class='ocrx_word' id='word_1_264' title='bbox 2824 1767 3107 1835; x_wconf 75' lang='lat' dir='ltr'><strong>standum,</strong></span> <span class='ocrx_word' id='word_1_265' title='bbox 3143 1777 3193 1823; x_wconf 90' lang='lat' dir='ltr'><strong>et</strong></span> <span class='ocrx_word' id='word_1_266' title='bbox 3247 1767 3501 1839; x_wconf 83' lang='lat' dir='ltr'><strong>legerunt,</strong></span> 
     </span>
    </p>
   </div>
   <div class='ocr_carea' id='block_1_30' title="bbox 241 1856 1825 1932">
    <p class='ocr_par' dir='ltr' id='par_1_30' title="bbox 241 1856 1825 1932">
     <span class='ocr_line' id='line_1_30' title="bbox 241 1856 1825 1932; baseline 0.004 -21"><span class='ocrx_word' id='word_1_267' title='bbox 241 1873 359 1911; x_wconf 85' lang='lat' dir='ltr'><strong>sum</strong></span> <span class='ocrx_word' id='word_1_268' title='bbox 386 1856 594 1912; x_wconf 81' lang='lat' dir='ltr'><strong>oblitus.</strong></span> <span class='ocrx_word' id='word_1_269' title='bbox 641 1859 722 1913; x_wconf 87' lang='lat' dir='ltr'><strong>Ex</strong></span> <span class='ocrx_word' id='word_1_270' title='bbox 748 1858 958 1914; x_wconf 75' lang='lat' dir='ltr'><strong>’eadem</strong></span> <span class='ocrx_word' id='word_1_271' title='bbox 992 1874 1223 1930; x_wconf 82' lang='lat' dir='ltr'><strong>persona</strong></span> <span class='ocrx_word' id='word_1_272' title='bbox 1272 1861 1518 1930; x_wconf 86' lang='lat' dir='ltr'><strong>sequitur</strong></span> <span class='ocrx_word' id='word_1_273' title='bbox 1563 1861 1825 1932; x_wconf 87' lang='lat' dir='ltr'><strong>psalmus,</strong></span> 
     </span>
    </p>
   </div>
   <div class='ocr_carea' id='block_1_31' title="bbox 242 1948 1827 2020">
    <p class='ocr_par' dir='ltr' id='par_1_31' title="bbox 242 1948 1827 2020">
     <span class='ocr_line' id='line_1_31' title="bbox 242 1948 1827 2020; baseline 0.003 -18"><span class='ocrx_word' id='word_1_274' title='bbox 242 1963 404 2018; x_wconf 86' lang='lat' dir='ltr'><strong>quem</strong></span> <span class='ocrx_word' id='word_1_275' title='bbox 435 1948 605 2003; x_wconf 82' lang='lat' dir='ltr'><strong>David</strong></span> <span class='ocrx_word' id='word_1_276' title='bbox 629 1949 867 2003; x_wconf 83' lang='lat' dir='ltr'><strong>cantavit</strong></span> <span class='ocrx_word' id='word_1_277' title='bbox 885 1956 1168 2019; x_wconf 89' lang='lat' dir='ltr'><strong>postquam</strong></span> <span class='ocrx_word' id='word_1_278' title='bbox 1197 1950 1508 2020; x_wconf 74' lang='lat' dir='ltr'><strong>paenitendo</strong></span> <span class='ocrx_word' id='word_1_279' title='bbox 1533 1966 1827 2007; x_wconf 88' lang='lat' dir='ltr'><strong>conversus</strong></span> 
     </span>
    </p>
   </div>
   <div class='ocr_carea' id='block_1_32' title="bbox 240 2036 1829 2111">
    <p class='ocr_par' dir='ltr' id='par_1_32' title="bbox 240 2036 1829 2111">
     <span class='ocr_line' id='line_1_32' title="bbox 240 2036 1829 2111; baseline 0.003 -20"><span class='ocrx_word' id='word_1_280' title='bbox 240 2044 327 2091; x_wconf 91' lang='lat' dir='ltr'><strong>est</strong></span> <span class='ocrx_word' id='word_1_281' title='bbox 350 2048 381 2091; x_wconf 86' lang='lat' dir='ltr'><strong>a</strong></span> <span class='ocrx_word' id='word_1_282' title='bbox 412 2036 555 2093; x_wconf 89' lang='lat' dir='ltr'><strong>malo</strong></span> <span class='ocrx_word' id='word_1_283' title='bbox 593 2036 845 2093; x_wconf 79' lang='lat' dir='ltr'><strong>adulterii</strong></span> <span class='ocrx_word' id='word_1_284' title='bbox 894 2046 951 2093; x_wconf 90' lang='lat' dir='ltr'><strong>et</strong></span> <span class='ocrx_word' id='word_1_285' title='bbox 989 2039 1289 2093; x_wconf 85' lang='lat' dir='ltr'><strong>homicidii.</strong></span> <span class='ocrx_word' id='word_1_286' title='bbox 1336 2039 1465 2095; x_wconf 89' lang='lat' dir='ltr'><strong>Post</strong></span> <span class='ocrx_word' id='word_1_287' title='bbox 1506 2040 1658 2095; x_wconf 90' lang='lat' dir='ltr'><strong>illum</strong></span> <span class='ocrx_word' id='word_1_288' title='bbox 1688 2041 1829 2111; x_wconf 90' lang='lat' dir='ltr'><strong>psal-</strong></span> 
     </span>
    </p>
   </div>
   <div class='ocr_carea' id='block_1_33' title="bbox 242 2128 1826 2201">
    <p class='ocr_par' dir='ltr' id='par_1_33' title="bbox 242 2128 1826 2201">
     <span class='ocr_line' id='line_1_33' title="bbox 242 2128 1826 2201; baseline 0.001 -18"><span class='ocrx_word' id='word_1_289' title='bbox 242 2144 390 2183; x_wconf 91' lang='lat' dir='ltr'><strong>mum</strong></span> <span class='ocrx_word' id='word_1_290' title='bbox 424 2130 771 2185; x_wconf 88' lang='lat' dir='ltr'><strong>commendat</strong></span> <span class='ocrx_word' id='word_1_291' title='bbox 798 2146 856 2186; x_wconf 92' lang='lat' dir='ltr'><strong>se</strong></span> <span class='ocrx_word' id='word_1_292' title='bbox 901 2136 1049 2185; x_wconf 88' lang='lat' dir='ltr'><strong>totus</strong></span> <span class='ocrx_word' id='word_1_293' title='bbox 1096 2146 1228 2201; x_wconf 89' lang='lat' dir='ltr'><strong>grex</strong></span> <span class='ocrx_word' id='word_1_294' title='bbox 1260 2128 1393 2196; x_wconf 89' lang='lat' dir='ltr'><strong>Deo,</strong></span> <span class='ocrx_word' id='word_1_295' title='bbox 1436 2138 1624 2201; x_wconf 88' lang='lat' dir='ltr'><strong>pastor</strong></span> <span class='ocrx_word' id='word_1_296' title='bbox 1668 2130 1826 2187; x_wconf 86' lang='lat' dir='ltr'><strong>simul</strong></span> 
     </span>
    </p>
   </div>
   <div class='ocr_carea' id='block_1_34' title="bbox 240 2218 1829 2292">
    <p class='ocr_par' dir='ltr' id='par_1_34' title="bbox 240 2218 1829 2292">
     <span class='ocr_line' id='line_1_34' title="bbox 240 2218 1829 2292; baseline 0.003 -19"><span class='ocrx_word' id='word_1_297' title='bbox 240 2233 369 2273; x_wconf 89' lang='lat' dir='ltr'><strong>cum</strong></span> <span class='ocrx_word' id='word_1_298' title='bbox 401 2218 614 2285; x_wconf 89' lang='lat' dir='ltr'><strong>ovibus,</strong></span> <span class='ocrx_word' id='word_1_299' title='bbox 661 2228 716 2273; x_wconf 91' lang='lat' dir='ltr'><strong>et</strong></span> <span class='ocrx_word' id='word_1_300' title='bbox 749 2219 922 2275; x_wconf 91' lang='lat' dir='ltr'><strong>dicit:</strong></span> <span class='ocrx_word' id='word_1_301' title='bbox 951 2220 1167 2292; x_wconf 86' lang='lat' dir='ltr'><strong>Respice</strong></span> <span class='ocrx_word' id='word_1_302' title='bbox 1212 2222 1266 2275; x_wconf 92' lang='lat' dir='ltr'><strong>in</strong></span> <span class='ocrx_word' id='word_1_303' title='bbox 1305 2238 1477 2276; x_wconf 81' lang='lat' dir='ltr'><strong>servos</strong></span> <span class='ocrx_word' id='word_1_304' title='bbox 1512 2230 1629 2276; x_wconf 89' lang='lat' dir='ltr'><strong>tuos</strong></span> <span class='ocrx_word' id='word_1_305' title='bbox 1680 2231 1728 2276; x_wconf 92' lang='lat' dir='ltr'><strong>et</strong></span> <span class='ocrx_word' id='word_1_306' title='bbox 1773 2224 1829 2278; x_wconf 89' lang='lat' dir='ltr'><strong>in</strong></span> 
     </span>
    </p>
   </div>
   <div class='ocr_carea' id='block_1_35' title="bbox 241 2308 1827 2381">
    <p class='ocr_par' dir='ltr' id='par_1_35' title="bbox 241 2308 1827 2381">
     <span class='ocr_line' id='line_1_35' title="bbox 241 2308 1827 2381; baseline 0.004 -19"><span class='ocrx_word' id='word_1_307' title='bbox 241 2325 406 2379; x_wconf 88' lang='lat' dir='ltr'><strong>opera</strong></span> <span class='ocrx_word' id='word_1_308' title='bbox 434 2319 525 2363; x_wconf 89' lang='lat' dir='ltr'><strong>tua</strong></span> <span class='ocrx_word' id='word_1_309' title='bbox 546 2351 561 2375; x_wconf 95' lang='lat'><strong>,</strong></span> <span class='ocrx_word' id='word_1_310' title='bbox 582 2319 629 2364; x_wconf 89' lang='lat' dir='ltr'><strong>et</strong></span> <span class='ocrx_word' id='word_1_311' title='bbox 654 2308 821 2381; x_wconf 82' lang='lat' dir='ltr'><strong>dirige</strong></span> <span class='ocrx_word' id='word_1_312' title='bbox 847 2310 987 2380; x_wconf 83' lang='lat' dir='ltr'><strong>ﬁlios</strong></span> <span class='ocrx_word' id='word_1_313' title='bbox 1027 2328 1228 2365; x_wconf 90' lang='lat' dir='ltr'><strong>eorum.</strong></span> <span class='ocrx_word' id='word_1_314' title='bbox 1275 2311 1389 2366; x_wconf 84' lang='lat' dir='ltr'><strong>Hoc</strong></span> <span class='ocrx_word' id='word_1_315' title='bbox 1416 2311 1675 2368; x_wconf 88' lang='lat' dir='ltr'><strong>debemus</strong></span> <span class='ocrx_word' id='word_1_316' title='bbox 1704 2328 1827 2369; x_wconf 91' lang='lat' dir='ltr'><strong>cum</strong></span> 
     </span>
    </p>
   </div>
   <div class='ocr_carea' id='block_1_36' title="bbox 240 2398 1825 2476">
    <p class='ocr_par' dir='ltr' id='par_1_36' title="bbox 240 2398 1825 2476">
     <span class='ocr_line' id='line_1_36' title="bbox 240 2398 1825 2476; baseline 0.005 -24"><span class='ocrx_word' id='word_1_317' title='bbox 240 2398 331 2453; x_wconf 86' lang='lat' dir='ltr'><strong>his</strong></span> <span class='ocrx_word' id='word_1_318' title='bbox 355 2400 537 2455; x_wconf 84' lang='lat' dir='ltr'><strong>verbis</strong></span> <span class='ocrx_word' id='word_1_319' title='bbox 574 2408 759 2455; x_wconf 89' lang='lat' dir='ltr'><strong>tenere</strong></span> <span class='ocrx_word' id='word_1_320' title='bbox 782 2402 836 2456; x_wconf 93' lang='lat' dir='ltr'><strong>in</strong></span> <span class='ocrx_word' id='word_1_321' title='bbox 859 2410 1061 2468; x_wconf 88' lang='lat' dir='ltr'><strong>mente,</strong></span> <span class='ocrx_word' id='word_1_322' title='bbox 1091 2411 1154 2457; x_wconf 92' lang='lat' dir='ltr'><strong>ut</strong></span> <span class='ocrx_word' id='word_1_323' title='bbox 1186 2402 1327 2459; x_wconf 89' lang='lat' dir='ltr'><strong>lilios</strong></span> <span class='ocrx_word' id='word_1_324' title='bbox 1363 2412 1579 2460; x_wconf 89' lang='lat' dir='ltr'><strong>nostros</strong></span> <span class='ocrx_word' id='word_1_325' title='bbox 1618 2404 1825 2476; x_wconf 88' lang='lat' dir='ltr'><strong>cogite-</strong></span> 
     </span>
    </p>
   </div>
   <div class='ocr_carea' id='block_1_37' title="bbox 241 2490 1843 2566">
    <p class='ocr_par' dir='ltr' id='par_1_37' title="bbox 241 2490 1843 2566">
     <span class='ocr_line' id='line_1_37' title="bbox 241 2490 1843 2566; baseline 0.005 -24"><span class='ocrx_word' id='word_1_326' title='bbox 241 2503 368 2543; x_wconf 91' lang='lat' dir='ltr'><strong>mus</strong></span> <span class='ocrx_word' id='word_1_327' title='bbox 401 2490 755 2560; x_wconf 83' lang='lat' dir='ltr'><strong>cogitationes</strong></span> <span class='ocrx_word' id='word_1_328' title='bbox 785 2507 905 2563; x_wconf 67' lang='lat' dir='ltr'><strong>qua:</strong></span> <span class='ocrx_word' id='word_1_329' title='bbox 928 2501 1226 2548; x_wconf 90' lang='lat' dir='ltr'><strong>nascuntur</strong></span> <span class='ocrx_word' id='word_1_330' title='bbox 1247 2509 1313 2555; x_wconf 89' lang='lat' dir='ltr'><strong>ex</strong></span> <span class='ocrx_word' id='word_1_331' title='bbox 1335 2503 1538 2562; x_wconf 87' lang='lat' dir='ltr'><strong>mente,</strong></span> <span class='ocrx_word' id='word_1_332' title='bbox 1560 2504 1843 2566; x_wconf 13' lang='lat' dir='ltr'><strong>quatenus,</strong></span> 
     </span>
    </p>
   </div>
   <div class='ocr_carea' id='block_1_38' title="bbox 242 2579 1830 2661">
    <p class='ocr_par' dir='ltr' id='par_1_38' title="bbox 242 2579 1830 2661">
     <span class='ocr_line' id='line_1_38' title="bbox 242 2579 1830 2661; baseline 0.008 -28"><span class='ocrx_word' id='word_1_333' title='bbox 242 2579 368 2635; x_wconf 90' lang='lat' dir='ltr'><strong>illas</strong></span> <span class='ocrx_word' id='word_1_334' title='bbox 398 2580 592 2651; x_wconf 81' lang='lat' dir='ltr'><strong>dirigat</strong></span> <span class='ocrx_word' id='word_1_335' title='bbox 616 2582 758 2638; x_wconf 88' lang='lat' dir='ltr'><strong>Deus</strong></span> <span class='ocrx_word' id='word_1_336' title='bbox 778 2585 1074 2639; x_wconf 89' lang='lat' dir='ltr'><strong>secundum</strong></span> <span class='ocrx_word' id='word_1_337' title='bbox 1105 2601 1261 2641; x_wconf 91' lang='lat' dir='ltr'><strong>suum</strong></span> <span class='ocrx_word' id='word_1_338' title='bbox 1292 2588 1720 2661; x_wconf 80' lang='lat' dir='ltr'><strong>beneplacitum;</strong></span> <span class='ocrx_word' id='word_1_339' title='bbox 1773 2599 1830 2646; x_wconf 88' lang='lat' dir='ltr'><strong>et</strong></span> 
     </span>
    </p>
   </div>
   <div class='ocr_carea' id='block_1_39' title="bbox 241 2670 1827 2749">
    <p class='ocr_par' dir='ltr' id='par_1_39' title="bbox 241 2670 1827 2749">
     <span class='ocr_line' id='line_1_39' title="bbox 241 2670 1827 2749; baseline 0.008 -24"><span class='ocrx_word' id='word_1_340' title='bbox 241 2670 304 2727; x_wconf 84' lang='lat' dir='ltr'><strong>in</strong></span> <span class='ocrx_word' id='word_1_341' title='bbox 332 2673 682 2741; x_wconf 83' lang='lat' dir='ltr'><strong>sequentibus</strong></span> <span class='ocrx_word' id='word_1_342' title='bbox 704 2675 794 2729; x_wconf 89' lang='lat' dir='ltr'><strong>ubi</strong></span> <span class='ocrx_word' id='word_1_343' title='bbox 824 2674 958 2731; x_wconf 90' lang='lat' dir='ltr'><strong>dicit</strong></span> <span class='ocrx_word' id='word_1_344' title='bbox 986 2692 1000 2730; x_wconf 95' lang='lat'><strong>:</strong></span> <span class='ocrx_word' id='word_1_345' title='bbox 1029 2676 1098 2731; x_wconf 89' lang='lat' dir='ltr'><strong>Et</strong></span> <span class='ocrx_word' id='word_1_346' title='bbox 1130 2695 1287 2749; x_wconf 78' lang='lat' dir='ltr'><strong>opera</strong></span> <span class='ocrx_word' id='word_1_347' title='bbox 1331 2696 1583 2736; x_wconf 86' lang='lat' dir='ltr'><strong>manuum</strong></span> <span class='ocrx_word' id='word_1_348' title='bbox 1621 2691 1827 2737; x_wconf 84' lang='lat' dir='ltr'><strong>nostra-</strong></span> 
     </span>
    </p>
   </div>
   <div class='ocr_carea' id='block_1_40' title="bbox 244 2764 1830 2843">
    <p class='ocr_par' dir='ltr' id='par_1_40' title="bbox 244 2764 1830 2843">
     <span class='ocr_line' id='line_1_40' title="bbox 244 2764 1830 2843; baseline 0.006 -25"><span class='ocrx_word' id='word_1_349' title='bbox 244 2777 366 2818; x_wconf 79' lang='lat' dir='ltr'><strong>rum</strong></span> <span class='ocrx_word' id='word_1_350' title='bbox 384 2764 557 2835; x_wconf 86' lang='lat' dir='ltr'><strong>dirige</strong></span> <span class='ocrx_word' id='word_1_351' title='bbox 583 2782 739 2836; x_wconf 89' lang='lat' dir='ltr'><strong>super</strong></span> <span class='ocrx_word' id='word_1_352' title='bbox 768 2783 859 2821; x_wconf 90' lang='lat' dir='ltr'><strong>nos</strong></span> <span class='ocrx_word' id='word_1_353' title='bbox 892 2784 1049 2840; x_wconf 88' lang='lat' dir='ltr'><strong>opera</strong></span> <span class='ocrx_word' id='word_1_354' title='bbox 1089 2770 1425 2840; x_wconf 86' lang='lat' dir='ltr'><strong>procedentia</strong></span> <span class='ocrx_word' id='word_1_355' title='bbox 1465 2788 1529 2825; x_wconf 79' lang='lat' dir='ltr'><strong>ea:</strong></span> <span class='ocrx_word' id='word_1_356' title='bbox 1559 2773 1830 2843; x_wconf 83' lang='lat' dir='ltr'><strong>cogitatio-</strong></span> 
     </span>
    </p>
   </div>
   <div class='ocr_carea' id='block_1_41' title="bbox 245 2851 1829 2933">
    <p class='ocr_par' dir='ltr' id='par_1_41' title="bbox 245 2851 1829 2933">
     <span class='ocr_line' id='line_1_41' title="bbox 245 2851 1829 2933; baseline 0.008 -28"><span class='ocrx_word' id='word_1_357' title='bbox 245 2852 424 2918; x_wconf 85' lang='lat' dir='ltr'><strong>nibus.</strong></span> <span class='ocrx_word' id='word_1_358' title='bbox 463 2851 542 2909; x_wconf 84' lang='lat' dir='ltr'><strong>Ac</strong></span> <span class='ocrx_word' id='word_1_359' title='bbox 580 2854 773 2911; x_wconf 72' lang='lat' dir='ltr'><strong>deinde</strong></span> <span class='ocrx_word' id='word_1_360' title='bbox 820 2856 1111 2925; x_wconf 80' lang='lat' dir='ltr'><strong>singularis</strong></span> <span class='ocrx_word' id='word_1_361' title='bbox 1154 2857 1317 2927; x_wconf 88' lang='lat' dir='ltr'><strong>opilio</strong></span> <span class='ocrx_word' id='word_1_362' title='bbox 1361 2875 1459 2928; x_wconf 91' lang='lat' dir='ltr'><strong>pro</strong></span> <span class='ocrx_word' id='word_1_363' title='bbox 1506 2870 1619 2915; x_wconf 92' lang='lat' dir='ltr'><strong>toto</strong></span> <span class='ocrx_word' id='word_1_364' title='bbox 1667 2876 1829 2933; x_wconf 86' lang='lat' dir='ltr'><strong>grege</strong></span> 
     </span>
    </p>
   </div>
   <div class='ocr_carea' id='block_1_42' title="bbox 243 2945 1826 3019">
    <p class='ocr_par' dir='ltr' id='par_1_42' title="bbox 243 2945 1826 3019">
     <span class='ocr_line' id='line_1_42' title="bbox 243 2945 1826 3019; baseline 0.007 -23"><span class='ocrx_word' id='word_1_365' title='bbox 243 2945 780 3016; x_wconf 11' lang='lat' dir='ltr'><strong>pre.catur,gdlccndo</strong></span> <span class='ocrx_word' id='word_1_366' title='bbox 824 2965 838 3000; x_wconf 92' lang='lat'><strong>:</strong></span> <span class='ocrx_word' id='word_1_367' title='bbox 884 2946 1097 3017; x_wconf 85' lang='lat' dir='ltr'><strong>Dirige,</strong></span> <span class='ocrx_word' id='word_1_368' title='bbox 1124 2947 1379 3015; x_wconf 87' lang='lat' dir='ltr'><strong>Domine,</strong></span> <span class='ocrx_word' id='word_1_369' title='bbox 1404 2950 1591 3015; x_wconf 87' lang='lat' dir='ltr'><strong>corda,</strong></span> <span class='ocrx_word' id='word_1_370' title='bbox 1622 2952 1677 3007; x_wconf 88' lang='lat' dir='ltr'><strong>id</strong></span> <span class='ocrx_word' id='word_1_371' title='bbox 1722 2959 1826 3019; x_wconf 88' lang='lat' dir='ltr'><strong>est,</strong></span> 
     </span>
    </p>
   </div>
   <div class='ocr_carea' id='block_1_43' title="bbox 243 3034 1849 3106">
    <p class='ocr_par' dir='ltr' id='par_1_43' title="bbox 243 3034 1849 3106">
     <span class='ocr_line' id='line_1_43' title="bbox 243 3034 1849 3106; baseline 0.004 -17"><span class='ocrx_word' id='word_1_372' title='bbox 243 3034 627 3106; x_wconf 67' lang='lat' dir='ltr'><strong>cogitationes,</strong></span> <span class='ocrx_word' id='word_1_373' title='bbox 674 3052 881 3101; x_wconf 86' lang='lat' dir='ltr'><strong>sensus,</strong></span> <span class='ocrx_word' id='word_1_374' title='bbox 935 3037 1143 3092; x_wconf 88' lang='lat' dir='ltr'><strong>scilicet</strong></span> <span class='ocrx_word' id='word_1_375' title='bbox 1184 3038 1400 3103; x_wconf 87' lang='lat' dir='ltr'><strong>oculos,</strong></span> <span class='ocrx_word' id='word_1_376' title='bbox 1448 3048 1501 3094; x_wconf 91' lang='lat' dir='ltr'><strong>et</strong></span> <span class='ocrx_word' id='word_1_377' title='bbox 1547 3055 1730 3106; x_wconf 89' lang='lat' dir='ltr'><strong>aures,</strong></span> <span class='ocrx_word' id='word_1_378' title='bbox 1773 3049 1849 3106; x_wconf 87' lang='lat' dir='ltr'><strong>et_</strong></span> 
     </span>
    </p>
   </div>
   <div class='ocr_carea' id='block_1_44' title="bbox 244 3128 1828 3199">
    <p class='ocr_par' dir='ltr' id='par_1_44' title="bbox 244 3128 1828 3199">
     <span class='ocr_line' id='line_1_44' title="bbox 244 3128 1828 3199; baseline 0.003 -18"><span class='ocrx_word' id='word_1_379' title='bbox 244 3140 435 3191; x_wconf 86' lang='lat' dir='ltr'><strong>nares,</strong></span> <span class='ocrx_word' id='word_1_380' title='bbox 458 3135 505 3180; x_wconf 89' lang='lat' dir='ltr'><strong>et</strong></span> <span class='ocrx_word' id='word_1_381' title='bbox 532 3143 796 3181; x_wconf 85' lang='lat' dir='ltr'><strong>sermones</strong></span> <span class='ocrx_word' id='word_1_382' title='bbox 836 3136 1065 3192; x_wconf 86' lang='lat' dir='ltr'><strong>nostros,</strong></span> <span class='ocrx_word' id='word_1_383' title='bbox 1086 3128 1175 3199; x_wconf 88' lang='lat' dir='ltr'><strong>qui</strong></span> <span class='ocrx_word' id='word_1_384' title='bbox 1214 3145 1307 3199; x_wconf 86' lang='lat' dir='ltr'><strong>per</strong></span> <span class='ocrx_word' id='word_1_385' title='bbox 1344 3146 1402 3183; x_wconf 93' lang='lat' dir='ltr'><strong>os</strong></span> <span class='ocrx_word' id='word_1_386' title='bbox 1432 3131 1749 3199; x_wconf 74' lang='lat' dir='ltr'><strong>offeruntur,</strong></span> <span class='ocrx_word' id='word_1_387' title='bbox 1780 3142 1828 3186; x_wconf 91' lang='lat' dir='ltr'><strong>et</strong></span> 
     </span>
    </p>
   </div>
   <div class='ocr_carea' id='block_1_45' title="bbox 244 3222 1853 3296">
    <p class='ocr_par' dir='ltr' id='par_1_45' title="bbox 244 3222 1853 3296">
     <span class='ocr_line' id='line_1_45' title="bbox 244 3222 1853 3296; baseline 0 -19"><span class='ocrx_word' id='word_1_388' title='bbox 244 3239 410 3293; x_wconf 88' lang='lat' dir='ltr'><strong>opera</strong></span> <span class='ocrx_word' id='word_1_389' title='bbox 458 3239 707 3276; x_wconf 90' lang='lat' dir='ltr'><strong>manuum</strong></span> <span class='ocrx_word' id='word_1_390' title='bbox 738 3231 1078 3287; x_wconf 87' lang='lat' dir='ltr'><strong>nostrarum,</strong></span> <span class='ocrx_word' id='word_1_391' title='bbox 1115 3233 1169 3276; x_wconf 90' lang='lat' dir='ltr'><strong>ut</strong></span> <span class='ocrx_word' id='word_1_392' title='bbox 1215 3225 1474 3294; x_wconf 86' lang='lat' dir='ltr'><strong>possimus</strong></span> <span class='ocrx_word' id='word_1_393' title='bbox 1522 3222 1727 3294; x_wconf 88' lang='lat' dir='ltr'><strong>placere</strong></span> <span class='ocrx_word' id='word_1_394' title='bbox 1772 3225 1853 3296; x_wconf 57' lang='lat' dir='ltr'><strong>in,</strong></span> 
     </span>
    </p>
   </div>
   <div class='ocr_carea' id='block_1_46' title="bbox 244 3314 1855 3384">
    <p class='ocr_par' dir='ltr' id='par_1_46' title="bbox 244 3314 1855 3384">
     <span class='ocr_line' id='line_1_46' title="bbox 244 3314 1855 3384; baseline 0.002 -15"><span class='ocrx_word' id='word_1_395' title='bbox 244 3327 527 3384; x_wconf 84' lang='lat' dir='ltr'><strong>conspectu</strong></span> <span class='ocrx_word' id='word_1_396' title='bbox 554 3325 663 3380; x_wconf 57' lang='lat' dir='ltr'><strong>tuo,</strong></span> <span class='ocrx_word' id='word_1_397' title='bbox 694 3314 760 3368; x_wconf 87' lang='lat' dir='ltr'><strong>Et</strong></span> <span class='ocrx_word' id='word_1_398' title='bbox 790 3315 872 3369; x_wconf 90' lang='lat' dir='ltr'><strong>sic</strong></span> <span class='ocrx_word' id='word_1_399' title='bbox 912 3315 1131 3369; x_wconf 88' lang='lat' dir='ltr'><strong>tandem</strong></span> <span class='ocrx_word' id='word_1_400' title='bbox 1173 3316 1349 3370; x_wconf 89' lang='lat' dir='ltr'><strong>securi</strong></span> <span class='ocrx_word' id='word_1_401' title='bbox 1378 3330 1733 3384; x_wconf 88' lang='lat' dir='ltr'><strong>properamus</strong></span> <span class='ocrx_word' id='word_1_402' title='bbox 1761 3316 1855 3373; x_wconf 87' lang='lat' dir='ltr'><strong>ad.</strong></span> 
     </span>
    </p>
   </div>
   <div class='ocr_carea' id='block_1_47' title="bbox 244 3403 1853 3477">
    <p class='ocr_par' dir='ltr' id='par_1_47' title="bbox 244 3403 1853 3477">
     <span class='ocr_line' id='line_1_47' title="bbox 244 3403 1853 3477; baseline 0.004 -20"><span class='ocrx_word' id='word_1_403' title='bbox 244 3419 414 3475; x_wconf 86' lang='lat' dir='ltr'><strong>opera</strong></span> <span class='ocrx_word' id='word_1_404' title='bbox 442 3405 750 3459; x_wconf 83' lang='lat' dir='ltr'><strong>necessaria</strong></span> <span class='ocrx_word' id='word_1_405' title='bbox 799 3403 973 3474; x_wconf 86' lang='lat' dir='ltr'><strong>Supra</strong></span> <span class='ocrx_word' id='word_1_406' title='bbox 1001 3406 1205 3475; x_wconf 90' lang='lat' dir='ltr'><strong>scripto</strong></span> <span class='ocrx_word' id='word_1_407' title='bbox 1231 3406 1436 3471; x_wconf 84' lang='lat' dir='ltr'><strong>versui,</strong></span> <span class='ocrx_word' id='word_1_408' title='bbox 1454 3404 1712 3477; x_wconf 76' lang='lat' dir='ltr'><strong>Exsurge,</strong></span> <span class='ocrx_word' id='word_1_409' title='bbox 1730 3404 1853 3465; x_wconf 79' lang='lat' dir='ltr'><strong>Do-.</strong></span> 
     </span>
    </p>
   </div>
   <div class='ocr_carea' id='block_1_48' title="bbox 245 3492 1855 3565">
    <p class='ocr_par' dir='ltr' id='par_1_48' title="bbox 245 3492 1855 3565">
     <span class='ocr_line' id='line_1_48' title="bbox 245 3492 1855 3565; baseline 0.002 -20"><span class='ocrx_word' id='word_1_410' title='bbox 245 3492 410 3556; x_wconf 82' lang='lat' dir='ltr'><strong>mine,</strong></span> <span class='ocrx_word' id='word_1_411' title='bbox 437 3509 544 3547; x_wconf 94' lang='lat' dir='ltr'><strong>non</strong></span> <span class='ocrx_word' id='word_1_412' title='bbox 577 3494 914 3563; x_wconf 65' lang='lat' dir='ltr'><strong>praeponitur</strong></span> <span class='ocrx_word' id='word_1_413' title='bbox 958 3494 1144 3561; x_wconf 88' lang='lat' dir='ltr'><strong>lectio,</strong></span> <span class='ocrx_word' id='word_1_414' title='bbox 1182 3502 1237 3549; x_wconf 87' lang='lat' dir='ltr'><strong>et</strong></span> <span class='ocrx_word' id='word_1_415' title='bbox 1286 3494 1405 3549; x_wconf 83' lang='lat' dir='ltr'><strong>ideo</strong></span> <span class='ocrx_word' id='word_1_416' title='bbox 1453 3510 1557 3551; x_wconf 93' lang='lat' dir='ltr'><strong>non</strong></span> <span class='ocrx_word' id='word_1_417' title='bbox 1589 3496 1855 3565; x_wconf 75' lang='lat' dir='ltr'><strong>sequitur.</strong></span> 
     </span>
    </p>
   </div>
   <div class='ocr_carea' id='block_1_49' title="bbox 248 3582 1859 3653">
    <p class='ocr_par' dir='ltr' id='par_1_49' title="bbox 248 3582 1859 3653">
     <span class='ocr_line' id='line_1_49' title="bbox 248 3582 1859 3653; baseline 0.004 -14"><span class='ocrx_word' id='word_1_418' title='bbox 248 3582 657 3653; x_wconf 88' lang='lat' dir='ltr'><strong>responsorium</strong></span> <span class='ocrx_word' id='word_1_419' title='bbox 690 3592 753 3639; x_wconf 79' lang='lat' dir='ltr'><strong>ut</strong></span> <span class='ocrx_word' id='word_1_420' title='bbox 792 3584 847 3638; x_wconf 91' lang='lat' dir='ltr'><strong>in</strong></span> <span class='ocrx_word' id='word_1_421' title='bbox 891 3586 1101 3640; x_wconf 57' lang='lat' dir='ltr'><strong>caeteris</strong></span> <span class='ocrx_word' id='word_1_422' title='bbox 1137 3584 1345 3640; x_wconf 77' lang='lat' dir='ltr'><strong>olliciis.</strong></span> <span class='ocrx_word' id='word_1_423' title='bbox 1399 3584 1601 3641; x_wconf 83' lang='lat' dir='ltr'><strong>Morem</strong></span> <span class='ocrx_word' id='word_1_424' title='bbox 1631 3594 1859 3646; x_wconf 67' lang='lat' dir='ltr'><strong>sanctae.</strong></span> 
     </span>
    </p>
   </div>
   <div class='ocr_carea' id='block_1_50' title="bbox 249 3673 1833 3748">
    <p class='ocr_par' dir='ltr' id='par_1_50' title="bbox 249 3673 1833 3748">
     <span class='ocr_line' id='line_1_50' title="bbox 249 3673 1833 3748; baseline 0.001 -19"><span class='ocrx_word' id='word_1_425' title='bbox 249 3674 512 3729; x_wconf 78' lang='lat' dir='ltr'><strong>Ecclesia:</strong></span> <span class='ocrx_word' id='word_1_426' title='bbox 552 3681 702 3728; x_wconf 91' lang='lat' dir='ltr'><strong>tenet</strong></span> <span class='ocrx_word' id='word_1_427' title='bbox 742 3673 848 3729; x_wconf 91' lang='lat' dir='ltr'><strong>iste</strong></span> <span class='ocrx_word' id='word_1_428' title='bbox 886 3690 1100 3748; x_wconf 74' lang='lat' dir='ltr'><strong>cursus,</strong></span> <span class='ocrx_word' id='word_1_429' title='bbox 1123 3683 1184 3729; x_wconf 91' lang='lat' dir='ltr'><strong>ut</strong></span> <span class='ocrx_word' id='word_1_430' title='bbox 1219 3676 1451 3746; x_wconf 91' lang='lat' dir='ltr'><strong>primum</strong></span> <span class='ocrx_word' id='word_1_431' title='bbox 1484 3676 1695 3744; x_wconf 85' lang='lat' dir='ltr'><strong>operari</strong></span> <span class='ocrx_word' id='word_1_432' title='bbox 1720 3685 1833 3731; x_wconf 85' lang='lat' dir='ltr'><strong>stu-</strong></span> 
     </span>
    </p>
   </div>
   <div class='ocr_carea' id='block_1_51' title="bbox 249 3761 1835 3835">
    <p class='ocr_par' dir='ltr' id='par_1_51' title="bbox 249 3761 1835 3835">
     <span class='ocr_line' id='line_1_51' title="bbox 249 3761 1835 3835; baseline 0 -16"><span class='ocrx_word' id='word_1_433' title='bbox 249 3763 398 3825; x_wconf 79' lang='lat' dir='ltr'><strong>deat,</strong></span> <span class='ocrx_word' id='word_1_434' title='bbox 423 3769 478 3815; x_wconf 85' lang='lat' dir='ltr'><strong>et</strong></span> <span class='ocrx_word' id='word_1_435' title='bbox 505 3768 693 3831; x_wconf 87' lang='lat' dir='ltr'><strong>postea</strong></span> <span class='ocrx_word' id='word_1_436' title='bbox 723 3762 939 3835; x_wconf 79' lang='lat' dir='ltr'><strong>docere.</strong></span> <span class='ocrx_word' id='word_1_437' title='bbox 968 3761 1080 3818; x_wconf 83' lang='lat' dir='ltr'><strong>Hoc</strong></span> <span class='ocrx_word' id='word_1_438' title='bbox 1099 3764 1404 3835; x_wconf 87' lang='lat' dir='ltr'><strong>exemplum</strong></span> <span class='ocrx_word' id='word_1_439' title='bbox 1433 3764 1650 3834; x_wconf 87' lang='lat' dir='ltr'><strong>reliquit</strong></span> <span class='ocrx_word' id='word_1_440' title='bbox 1676 3765 1835 3821; x_wconf 88' lang='lat' dir='ltr'><strong>nobis</strong></span> 
     </span>
    </p>
   </div>
   <div class='ocr_carea' id='block_1_52' title="bbox 249 3842 1835 3930">
    <p class='ocr_par' dir='ltr' id='par_1_52' title="bbox 249 3842 1835 3930">
     <span class='ocr_line' id='line_1_52' title="bbox 249 3842 1835 3930; baseline 0.002 -22"><span class='ocrx_word' id='word_1_441' title='bbox 249 3842 613 3930; x_wconf 30' lang='lat' dir='ltr'><strong>Cb&#39;ristus,;de</strong></span> <span class='ocrx_word' id='word_1_442' title='bbox 636 3868 742 3922; x_wconf 90' lang='lat' dir='ltr'><strong>quo</strong></span> <span class='ocrx_word' id='word_1_443' title='bbox 762 3852 896 3909; x_wconf 89' lang='lat' dir='ltr'><strong>dicit</strong></span> <span class='ocrx_word' id='word_1_444' title='bbox 922 3852 1121 3920; x_wconf 88' lang='lat' dir='ltr'><strong>Lucas,</strong></span> <span class='ocrx_word' id='word_1_445' title='bbox 1153 3854 1285 3920; x_wconf 80' lang='lat' dir='ltr'><strong>Qua:</strong></span> <span class='ocrx_word' id='word_1_446' title='bbox 1312 3855 1461 3926; x_wconf 79' lang='lat' dir='ltr'><strong>coepit</strong></span> <span class='ocrx_word' id='word_1_447' title='bbox 1482 3855 1638 3910; x_wconf 68' lang='lat' dir='ltr'><strong>Iesus</strong></span> <span class='ocrx_word' id='word_1_448' title='bbox 1661 3856 1835 3926; x_wconf 78' lang='lat' dir='ltr'><strong>facere</strong></span> 
     </span>
    </p>
   </div>
   <div class='ocr_carea' id='block_1_53' title="bbox 249 3944 1855 4017">
    <p class='ocr_par' dir='ltr' id='par_1_53' title="bbox 249 3944 1855 4017">
     <span class='ocr_line' id='line_1_53' title="bbox 249 3944 1855 4017; baseline 0.001 -16"><span class='ocrx_word' id='word_1_449' title='bbox 249 3954 301 4001; x_wconf 87' lang='lat' dir='ltr'><strong>et</strong></span> <span class='ocrx_word' id='word_1_450' title='bbox 336 3945 541 3999; x_wconf 87' lang='lat' dir='ltr'><strong>docere.</strong></span> <span class='ocrx_word' id='word_1_451' title='bbox 565 3944 765 4000; x_wconf 89' lang='lat' dir='ltr'><strong>Psalmi</strong></span> <span class='ocrx_word' id='word_1_452' title='bbox 797 3946 1073 4017; x_wconf 89' lang='lat' dir='ltr'><strong>pertinent</strong></span> <span class='ocrx_word' id='word_1_453' title='bbox 1108 3947 1176 4001; x_wconf 91' lang='lat' dir='ltr'><strong>ad</strong></span> <span class='ocrx_word' id='word_1_454' title='bbox 1218 3961 1404 4017; x_wconf 88' lang='lat' dir='ltr'><strong>opera,</strong></span> <span class='ocrx_word' id='word_1_455' title='bbox 1433 3946 1592 4001; x_wconf 88' lang='lat' dir='ltr'><strong>lectio</strong></span> <span class='ocrx_word' id='word_1_456' title='bbox 1638 3947 1707 4003; x_wconf 88' lang='lat' dir='ltr'><strong>ad</strong></span> <span class='ocrx_word' id='word_1_457' title='bbox 1740 3946 1855 4003; x_wconf 20' lang='lat' dir='ltr'><strong>do-t</strong></span> 
     </span>
    </p>
   </div>
   <div class='ocr_carea' id='block_1_54' title="bbox 251 4033 1832 4107">
    <p class='ocr_par' dir='ltr' id='par_1_54' title="bbox 251 4033 1832 4107">
     <span class='ocr_line' id='line_1_54' title="bbox 251 4033 1832 4107; baseline 0.004 -19"><span class='ocrx_word' id='word_1_458' title='bbox 251 4034 507 4096; x_wconf 85' lang='lat' dir='ltr'><strong>ctrinam.</strong></span> <span class='ocrx_word' id='word_1_459' title='bbox 537 4033 710 4100; x_wconf 87' lang='lat' dir='ltr'><strong>Unde,</strong></span> <span class='ocrx_word' id='word_1_460' title='bbox 743 4036 788 4091; x_wconf 93' lang='lat' dir='ltr'><strong>si</strong></span> <span class='ocrx_word' id='word_1_461' title='bbox 815 4037 1077 4092; x_wconf 89' lang='lat' dir='ltr'><strong>Dominus</strong></span> <span class='ocrx_word' id='word_1_462' title='bbox 1101 4037 1329 4101; x_wconf 89' lang='lat' dir='ltr'><strong>dederit,</strong></span> <span class='ocrx_word' id='word_1_463' title='bbox 1355 4038 1597 4107; x_wconf 89' lang='lat' dir='ltr'><strong>apertius</strong></span> <span class='ocrx_word' id='word_1_464' title='bbox 1640 4038 1695 4093; x_wconf 93' lang='lat' dir='ltr'><strong>in</strong></span> <span class='ocrx_word' id='word_1_465' title='bbox 1742 4054 1832 4094; x_wconf 89' lang='lat' dir='ltr'><strong>se-</strong></span> 
     </span>
    </p>
   </div>
   <div class='ocr_carea' id='block_1_55' title="bbox 251 4124 1835 4200">
    <p class='ocr_par' dir='ltr' id='par_1_55' title="bbox 251 4124 1835 4200">
     <span class='ocr_line' id='line_1_55' title="bbox 251 4124 1835 4200; baseline 0.003 -22"><span class='ocrx_word' id='word_1_466' title='bbox 251 4124 549 4197; x_wconf 89' lang='lat' dir='ltr'><strong>quentibus</strong></span> <span class='ocrx_word' id='word_1_467' title='bbox 584 4126 756 4195; x_wconf 89' lang='lat' dir='ltr'><strong>parati</strong></span> <span class='ocrx_word' id='word_1_468' title='bbox 799 4142 987 4181; x_wconf 91' lang='lat' dir='ltr'><strong>sumus</strong></span> <span class='ocrx_word' id='word_1_469' title='bbox 1013 4126 1215 4182; x_wconf 89' lang='lat' dir='ltr'><strong>dicere.</strong></span> <span class='ocrx_word' id='word_1_470' title='bbox 1273 4127 1330 4194; x_wconf 87' lang='lat' dir='ltr'><strong>ln</strong></span> <span class='ocrx_word' id='word_1_471' title='bbox 1367 4128 1626 4200; x_wconf 73' lang='lat' dir='ltr'><strong>pnnsenti</strong></span> <span class='ocrx_word' id='word_1_472' title='bbox 1673 4144 1835 4183; x_wconf 88' lang='lat' dir='ltr'><strong>cursu</strong></span> 
     </span>
    </p>
   </div>
   <div class='ocr_carea' id='block_1_56' title="bbox 251 4204 1836 4294">
    <p class='ocr_par' dir='ltr' id='par_1_56' title="bbox 251 4204 1836 4294">
     <span class='ocr_line' id='line_1_56' title="bbox 251 4204 1836 4294; baseline 0.003 -21"><span class='ocrx_word' id='word_1_473' title='bbox 251 4204 544 4289; x_wconf 74' lang='lat' dir='ltr'><strong>precamur</strong></span> <span class='ocrx_word' id='word_1_474' title='bbox 574 4218 670 4273; x_wconf 92' lang='lat' dir='ltr'><strong>Dei</strong></span> <span class='ocrx_word' id='word_1_475' title='bbox 702 4217 1030 4288; x_wconf 88' lang='lat' dir='ltr'><strong>adjutorium</strong></span> <span class='ocrx_word' id='word_1_476' title='bbox 1059 4221 1126 4276; x_wconf 89' lang='lat' dir='ltr'><strong>ad</strong></span> <span class='ocrx_word' id='word_1_477' title='bbox 1165 4237 1328 4293; x_wconf 85' lang='lat' dir='ltr'><strong>opera</strong></span> <span class='ocrx_word' id='word_1_478' title='bbox 1373 4223 1601 4294; x_wconf 88' lang='lat' dir='ltr'><strong>agenda.</strong></span> <span class='ocrx_word' id='word_1_479' title='bbox 1634 4221 1836 4293; x_wconf 85' lang='lat' dir='ltr'><strong>Opere-</strong></span> 
     </span>
    </p>
   </div>
   <div class='ocr_carea' id='block_1_57' title="bbox 253 4309 1836 4382">
    <p class='ocr_par' dir='ltr' id='par_1_57' title="bbox 253 4309 1836 4382">
     <span class='ocr_line' id='line_1_57' title="bbox 253 4309 1836 4382; baseline 0.003 -18"><span class='ocrx_word' id='word_1_480' title='bbox 253 4325 382 4364; x_wconf 91' lang='lat' dir='ltr'><strong>mur</strong></span> <span class='ocrx_word' id='word_1_481' title='bbox 428 4309 634 4379; x_wconf 89' lang='lat' dir='ltr'><strong>primo,</strong></span> <span class='ocrx_word' id='word_1_482' title='bbox 681 4317 738 4366; x_wconf 89' lang='lat' dir='ltr'><strong>et</strong></span> <span class='ocrx_word' id='word_1_483' title='bbox 788 4310 1306 4382; x_wconf 56' lang='lat' dir='ltr'><strong>doceamuspostca</strong></span> <span class='ocrx_word' id='word_1_484' title='bbox 1355 4312 1410 4367; x_wconf 90' lang='lat' dir='ltr'><strong>in</strong></span> <span class='ocrx_word' id='word_1_485' title='bbox 1454 4329 1615 4369; x_wconf 89' lang='lat' dir='ltr'><strong>cursu</strong></span> <span class='ocrx_word' id='word_1_486' title='bbox 1660 4314 1836 4370; x_wconf 76' lang='lat' dir='ltr'><strong>tertia:</strong></span> 
     </span>
    </p>
   </div>
   <div class='ocr_carea' id='block_1_58' title="bbox 253 4396 1914 4487">
    <p class='ocr_par' dir='ltr' id='par_1_58' title="bbox 253 4396 1914 4487">
     <span class='ocr_line' id='line_1_58' title="bbox 253 4396 1914 4487; baseline 0.002 -34"><span class='ocrx_word' id='word_1_487' title='bbox 253 4399 426 4453; x_wconf 66' lang='lat' dir='ltr'><strong>horae.</strong></span> <span class='ocrx_word' id='word_1_488' title='bbox 454 4396 568 4465; x_wconf 83' lang='lat' dir='ltr'><strong>Qua</strong></span> <span class='ocrx_word' id='word_1_489' title='bbox 594 4398 659 4452; x_wconf 90' lang='lat' dir='ltr'><strong>de</strong></span> <span class='ocrx_word' id='word_1_490' title='bbox 685 4414 764 4465; x_wconf 90' lang='lat' dir='ltr'><strong>re,</strong></span> <span class='ocrx_word' id='word_1_491' title='bbox 789 4407 849 4454; x_wconf 92' lang='lat' dir='ltr'><strong>ut</strong></span> <span class='ocrx_word' id='word_1_492' title='bbox 867 4400 1080 4471; x_wconf 90' lang='lat' dir='ltr'><strong>opinor,</strong></span> <span class='ocrx_word' id='word_1_493' title='bbox 1103 4416 1221 4465; x_wconf 80' lang='lat' dir='ltr'><strong>mus</strong></span> <span class='ocrx_word' id='word_1_494' title='bbox 1246 4400 1483 4464; x_wconf 88' lang='lat' dir='ltr'><strong>inolevit,</strong></span> <span class='ocrx_word' id='word_1_495' title='bbox 1515 4411 1573 4457; x_wconf 92' lang='lat' dir='ltr'><strong>ut</strong></span> <span class='ocrx_word' id='word_1_496' title='bbox 1600 4418 1699 4472; x_wconf 88' lang='lat' dir='ltr'><strong>per</strong></span> <span class='ocrx_word' id='word_1_497' title='bbox 1720 4418 1836 4457; x_wconf 89' lang='lat' dir='ltr'><strong>mo-</strong></span> <span class='ocrx_word' id='word_1_498' title='bbox 1862 4428 1914 4487; x_wconf 81' lang='lat' dir='ltr'><strong>D</strong></span> 
     </span>
    </p>
   </div>
   <div class='ocr_carea' id='block_1_59' title="bbox 254 4487 1838 4561">
    <p class='ocr_par' dir='ltr' id='par_1_59' title="bbox 254 4487 1838 4561">
     <span class='ocr_line' id='line_1_59' title="bbox 254 4487 1838 4561; baseline -0.001 -17"><span class='ocrx_word' id='word_1_499' title='bbox 254 4489 496 4545; x_wconf 89' lang='lat' dir='ltr'><strong>nasteria</strong></span> <span class='ocrx_word' id='word_1_500' title='bbox 526 4487 635 4544; x_wconf 93' lang='lat' dir='ltr'><strong>Deo</strong></span> <span class='ocrx_word' id='word_1_501' title='bbox 671 4489 864 4544; x_wconf 86' lang='lat' dir='ltr'><strong>devota</strong></span> <span class='ocrx_word' id='word_1_502' title='bbox 893 4489 1104 4561; x_wconf 85' lang='lat' dir='ltr'><strong>legatur</strong></span> <span class='ocrx_word' id='word_1_503' title='bbox 1138 4489 1301 4545; x_wconf 87' lang='lat' dir='ltr'><strong>lectio</strong></span> <span class='ocrx_word' id='word_1_504' title='bbox 1331 4490 1385 4544; x_wconf 92' lang='lat' dir='ltr'><strong>in</strong></span> <span class='ocrx_word' id='word_1_505' title='bbox 1418 4491 1673 4561; x_wconf 88' lang='lat' dir='ltr'><strong>capitulo,</strong></span> <span class='ocrx_word' id='word_1_506' title='bbox 1704 4506 1838 4561; x_wconf 86' lang='lat' dir='ltr'><strong>qua-.</strong></span> 
     </span>
    </p>
   </div>
   <div class='ocr_carea' id='block_1_60' title="bbox 257 4579 1834 4649">
    <p class='ocr_par' dir='ltr' id='par_1_60' title="bbox 257 4579 1834 4649">
     <span class='ocr_line' id='line_1_60' title="bbox 257 4579 1834 4649; baseline 0.001 -15"><span class='ocrx_word' id='word_1_507' title='bbox 257 4590 416 4635; x_wconf 88' lang='lat' dir='ltr'><strong>tenus</strong></span> <span class='ocrx_word' id='word_1_508' title='bbox 446 4579 501 4633; x_wconf 90' lang='lat' dir='ltr'><strong>hi</strong></span> <span class='ocrx_word' id='word_1_509' title='bbox 540 4580 629 4649; x_wconf 89' lang='lat' dir='ltr'><strong>qui</strong></span> <span class='ocrx_word' id='word_1_510' title='bbox 658 4579 849 4635; x_wconf 90' lang='lat' dir='ltr'><strong>diebus</strong></span> <span class='ocrx_word' id='word_1_511' title='bbox 894 4596 959 4635; x_wconf 90' lang='lat' dir='ltr'><strong>ac</strong></span> <span class='ocrx_word' id='word_1_512' title='bbox 1005 4579 1256 4635; x_wconf 89' lang='lat' dir='ltr'><strong>noctibus</strong></span> <span class='ocrx_word' id='word_1_513' title='bbox 1306 4581 1557 4649; x_wconf 85' lang='lat' dir='ltr'><strong>occupati</strong></span> <span class='ocrx_word' id='word_1_514' title='bbox 1609 4590 1735 4636; x_wconf 90' lang='lat' dir='ltr'><strong>sunt</strong></span> <span class='ocrx_word' id='word_1_515' title='bbox 1780 4582 1834 4636; x_wconf 87' lang='lat' dir='ltr'><strong>in</strong></span> 
     </span>
    </p>
   </div>
   <div class='ocr_carea' id='block_1_61' title="bbox 252 4667 1835 4734">
    <p class='ocr_par' dir='ltr' id='par_1_61' title="bbox 252 4667 1835 4734">
     <span class='ocr_line' id='line_1_61' title="bbox 252 4667 1835 4734; baseline 0.001 -10"><span class='ocrx_word' id='word_1_516' title='bbox 252 4668 480 4724; x_wconf 84' lang='lat' dir='ltr'><strong>servitio</strong></span> <span class='ocrx_word' id='word_1_517' title='bbox 512 4668 744 4734; x_wconf 87' lang='lat' dir='ltr'><strong>Domini,</strong></span> <span class='ocrx_word' id='word_1_518' title='bbox 772 4685 887 4725; x_wconf 86' lang='lat' dir='ltr'><strong>non</strong></span> <span class='ocrx_word' id='word_1_519' title='bbox 908 4670 1019 4725; x_wconf 91' lang='lat' dir='ltr'><strong>sint</strong></span> <span class='ocrx_word' id='word_1_520' title='bbox 1063 4669 1181 4724; x_wconf 90' lang='lat' dir='ltr'><strong>sine</strong></span> <span class='ocrx_word' id='word_1_521' title='bbox 1221 4667 1471 4725; x_wconf 89' lang='lat' dir='ltr'><strong>lectione.</strong></span> <span class='ocrx_word' id='word_1_522' title='bbox 1522 4668 1681 4725; x_wconf 77' lang='lat' dir='ltr'><strong>Avidi</strong></span> <span class='ocrx_word' id='word_1_523' title='bbox 1708 4682 1835 4726; x_wconf 92' lang='lat' dir='ltr'><strong>sunt</strong></span> 
     </span>
    </p>
   </div>
   <div class='ocr_carea' id='block_1_62' title="bbox 252 4759 1835 4832">
    <p class='ocr_par' dir='ltr' id='par_1_62' title="bbox 252 4759 1835 4832">
     <span class='ocr_line' id='line_1_62' title="bbox 252 4759 1835 4832; baseline 0.001 -16"><span class='ocrx_word' id='word_1_524' title='bbox 252 4760 496 4816; x_wconf 70' lang='lat' dir='ltr'><strong>caelestis</strong></span> <span class='ocrx_word' id='word_1_525' title='bbox 516 4759 699 4831; x_wconf 87' lang='lat' dir='ltr'><strong>pabuli</strong></span> <span class='ocrx_word' id='word_1_526' title='bbox 726 4779 738 4815; x_wconf 92' lang='lat'><strong>:</strong></span> <span class='ocrx_word' id='word_1_527' title='bbox 769 4777 877 4816; x_wconf 92' lang='lat' dir='ltr'><strong>non</strong></span> <span class='ocrx_word' id='word_1_528' title='bbox 905 4775 964 4817; x_wconf 90' lang='lat' dir='ltr'><strong>se</strong></span> <span class='ocrx_word' id='word_1_529' title='bbox 988 4767 1215 4832; x_wconf 91' lang='lat' dir='ltr'><strong>possunt</strong></span> <span class='ocrx_word' id='word_1_530' title='bbox 1233 4761 1512 4815; x_wconf 89' lang='lat' dir='ltr'><strong>continere</strong></span> <span class='ocrx_word' id='word_1_531' title='bbox 1530 4761 1658 4830; x_wconf 92' lang='lat' dir='ltr'><strong>quin</strong></span> <span class='ocrx_word' id='word_1_532' title='bbox 1686 4762 1835 4817; x_wconf 86' lang='lat' dir='ltr'><strong>omni</strong></span> 
     </span>
    </p>
   </div>
   <div class='ocr_carea' id='block_1_63' title="bbox 254 4849 1836 4923">
    <p class='ocr_par' dir='ltr' id='par_1_63' title="bbox 254 4849 1836 4923">
     <span class='ocr_line' id='line_1_63' title="bbox 254 4849 1836 4923; baseline 0 -17"><span class='ocrx_word' id='word_1_533' title='bbox 254 4852 414 4915; x_wconf 88' lang='lat' dir='ltr'><strong>hora,</strong></span> <span class='ocrx_word' id='word_1_534' title='bbox 438 4859 916 4921; x_wconf 84' lang='lat' dir='ltr'><strong>quantumcunque</strong></span> <span class='ocrx_word' id='word_1_535' title='bbox 943 4852 1035 4919; x_wconf 90' lang='lat' dir='ltr'><strong>sit,</strong></span> <span class='ocrx_word' id='word_1_536' title='bbox 1066 4850 1395 4923; x_wconf 86' lang='lat' dir='ltr'><strong>manducent</strong></span> <span class='ocrx_word' id='word_1_537' title='bbox 1420 4851 1502 4920; x_wconf 23' lang='lat' dir='ltr'><strong>de.</strong></span> <span class='ocrx_word' id='word_1_538' title='bbox 1534 4851 1654 4909; x_wconf 88' lang='lat' dir='ltr'><strong>cibo</strong></span> <span class='ocrx_word' id='word_1_539' title='bbox 1685 4849 1836 4907; x_wconf 87' lang='lat' dir='ltr'><strong>Scri-</strong></span> 
     </span>
    </p>
   </div>
   <div class='ocr_carea' id='block_1_64' title="bbox 253 4949 561 5012">
    <p class='ocr_par' dir='ltr' id='par_1_64' title="bbox 253 4949 561 5012">
     <span class='ocr_line' id='line_1_64' title="bbox 253 4949 561 5012; baseline 0.01 -19"><span class='ocrx_word' id='word_1_540' title='bbox 253 4949 561 5012; x_wconf 78' lang='lat' dir='ltr'><strong>pturarum.</strong></span> 
     </span>
    </p>
   </div>
   <div class='ocr_carea' id='block_1_65' title="bbox 875 5031 1223 5091">
    <p class='ocr_par' dir='ltr' id='par_1_65' title="bbox 875 5031 1223 5091">
     <span class='ocr_line' id='line_1_65' title="bbox 875 5031 1223 5091; baseline -0.009 -1"><span class='ocrx_word' id='word_1_541' title='bbox 875 5031 1101 5090; x_wconf 83' lang='lat' dir='ltr'><strong>CAPUT</strong></span> <span class='ocrx_word' id='word_1_542' title='bbox 1137 5032 1223 5091; x_wconf 81' lang='grc' dir='ltr'>ΙΙΙ.</span> 
     </span>
    </p>
   </div>
   <div class='ocr_carea' id='block_1_66' title="bbox 898 5122 1225 5193">
    <p class='ocr_par' dir='ltr' id='par_1_66' title="bbox 898 5122 1225 5193">
     <span class='ocr_line' id='line_1_66' title="bbox 898 5122 1225 5193; baseline -0.003 -14"><span class='ocrx_word' id='word_1_543' title='bbox 898 5122 977 5189; x_wconf 84' lang='lat' dir='ltr'><strong>De</strong></span> <span class='ocrx_word' id='word_1_544' title='bbox 1004 5123 1225 5193; x_wconf 45' lang='lat' dir='ltr'><strong>Tertia,</strong></span> 
     </span>
    </p>
   </div>
   <div class='ocr_carea' id='block_1_67' title="bbox 335 5213 1837 5287">
    <p class='ocr_par' dir='ltr' id='par_1_67' title="bbox 335 5213 1837 5287">
     <span class='ocr_line' id='line_1_67' title="bbox 335 5213 1837 5287; baseline 0.004 -19"><span class='ocrx_word' id='word_1_545' title='bbox 335 5213 470 5270; x_wconf 86' lang='lat' dir='ltr'><strong>Tres</strong></span> <span class='ocrx_word' id='word_1_546' title='bbox 511 5215 657 5279; x_wconf 80' lang='lat' dir='ltr'><strong>hora:</strong></span> <span class='ocrx_word' id='word_1_547' title='bbox 694 5216 799 5284; x_wconf 80' lang='lat' dir='ltr'><strong>diei</strong></span> <span class='ocrx_word' id='word_1_548' title='bbox 825 5216 979 5272; x_wconf 89' lang='lat' dir='ltr'><strong>nobis</strong></span> <span class='ocrx_word' id='word_1_549' title='bbox 1006 5217 1230 5287; x_wconf 64' lang='lat' dir='ltr'><strong>initiatae</strong></span> <span class='ocrx_word' id='word_1_550' title='bbox 1260 5226 1385 5278; x_wconf 89' lang='lat' dir='ltr'><strong>sunt</strong></span> <span class='ocrx_word' id='word_1_551' title='bbox 1412 5219 1480 5273; x_wconf 88' lang='lat' dir='ltr'><strong>ad</strong></span> <span class='ocrx_word' id='word_1_552' title='bbox 1507 5217 1837 5279; x_wconf 84' lang='lat' dir='ltr'><strong>adorandum</strong></span> 
     </span>
    </p>
   </div>
   <div class='ocr_carea' id='block_1_68' title="bbox 257 5302 1840 5375">
    <p class='ocr_par' dir='ltr' id='par_1_68' title="bbox 257 5302 1840 5375">
     <span class='ocr_line' id='line_1_68' title="bbox 257 5302 1840 5375; baseline 0.001 -16"><span class='ocrx_word' id='word_1_553' title='bbox 257 5303 435 5359; x_wconf 89' lang='lat' dir='ltr'><strong>Deum</strong></span> <span class='ocrx_word' id='word_1_554' title='bbox 484 5318 514 5356; x_wconf 85' lang='lat' dir='ltr'><strong>a</strong></span> <span class='ocrx_word' id='word_1_555' title='bbox 578 5302 797 5358; x_wconf 81' lang='lat' dir='ltr'><strong>Daniele</strong></span> <span class='ocrx_word' id='word_1_556' title='bbox 860 5304 1155 5375; x_wconf 88' lang='lat' dir='ltr'><strong>propheta,</strong></span> <span class='ocrx_word' id='word_1_557' title='bbox 1202 5304 1269 5360; x_wconf 90' lang='lat' dir='ltr'><strong>de</strong></span> <span class='ocrx_word' id='word_1_558' title='bbox 1322 5302 1521 5374; x_wconf 91' lang='lat' dir='ltr'><strong>quibus</strong></span> <span class='ocrx_word' id='word_1_559' title='bbox 1572 5305 1645 5360; x_wconf 87' lang='lat' dir='ltr'><strong>ita</strong></span> <span class='ocrx_word' id='word_1_560' title='bbox 1702 5306 1840 5361; x_wconf 87' lang='lat' dir='ltr'><strong>scri-</strong></span> 
     </span>
    </p>
   </div>
   <div class='ocr_carea' id='block_1_69' title="bbox 254 5393 1843 5468">
    <p class='ocr_par' dir='ltr' id='par_1_69' title="bbox 254 5393 1843 5468">
     <span class='ocr_line' id='line_1_69' title="bbox 254 5393 1843 5468; baseline 0.003 -21"><span class='ocrx_word' id='word_1_561' title='bbox 254 5401 413 5464; x_wconf 82' lang='lat' dir='ltr'><strong>ptum</strong></span> <span class='ocrx_word' id='word_1_562' title='bbox 455 5403 538 5447; x_wconf 82' lang='lat' dir='ltr'><strong>est</strong></span> <span class='ocrx_word' id='word_1_563' title='bbox 586 5393 640 5447; x_wconf 90' lang='lat' dir='ltr'><strong>in</strong></span> <span class='ocrx_word' id='word_1_564' title='bbox 687 5393 827 5450; x_wconf 78' lang='lat' dir='ltr'><strong>libro</strong></span> <span class='ocrx_word' id='word_1_565' title='bbox 874 5394 1036 5467; x_wconf 84' lang='lat' dir='ltr'><strong>ejus:</strong></span> <span class='ocrx_word' id='word_1_566' title='bbox 1080 5394 1233 5461; x_wconf 85' lang='lat' dir='ltr'><strong>Quod</strong></span> <span class='ocrx_word' id='word_1_567' title='bbox 1267 5411 1385 5450; x_wconf 88' lang='lat' dir='ltr'><strong>cum</strong></span> <span class='ocrx_word' id='word_1_568' title='bbox 1424 5393 1612 5449; x_wconf 85' lang='lat' dir='ltr'><strong>Daniel</strong></span> <span class='ocrx_word' id='word_1_569' title='bbox 1643 5413 1843 5468; x_wconf 86' lang='lat' dir='ltr'><strong>compe-</strong></span> 
     </span>
    </p>
   </div>
   <div class='ocr_carea' id='block_1_70' title="bbox 254 5485 1841 5557">
    <p class='ocr_par' dir='ltr' id='par_1_70' title="bbox 254 5485 1841 5557">
     <span class='ocr_line' id='line_1_70' title="bbox 254 5485 1841 5557; baseline 0.003 -19"><span class='ocrx_word' id='word_1_570' title='bbox 254 5485 446 5549; x_wconf 79' lang='lat' dir='ltr'><strong>risset,</strong></span> <span class='ocrx_word' id='word_1_571' title='bbox 487 5485 539 5537; x_wconf 92' lang='lat' dir='ltr'><strong>id</strong></span> <span class='ocrx_word' id='word_1_572' title='bbox 577 5494 682 5552; x_wconf 84' lang='lat' dir='ltr'><strong>est,</strong></span> <span class='ocrx_word' id='word_1_573' title='bbox 730 5487 1065 5541; x_wconf 89' lang='lat' dir='ltr'><strong>constitutam</strong></span> <span class='ocrx_word' id='word_1_574' title='bbox 1114 5485 1307 5557; x_wconf 81' lang='lat' dir='ltr'><strong>legem,</strong></span> <span class='ocrx_word' id='word_1_575' title='bbox 1352 5486 1616 5557; x_wconf 83' lang='lat' dir='ltr'><strong>ingressus</strong></span> <span class='ocrx_word' id='word_1_576' title='bbox 1659 5496 1732 5541; x_wconf 88' lang='lat' dir='ltr'><strong>est</strong></span> <span class='ocrx_word' id='word_1_577' title='bbox 1787 5487 1841 5542; x_wconf 87' lang='lat' dir='ltr'><strong>in</strong></span> 
     </span>
    </p>
   </div>
   <div class='ocr_carea' id='block_1_71' title="bbox 254 5578 1840 5653">
    <p class='ocr_par' dir='ltr' id='par_1_71' title="bbox 254 5578 1840 5653">
     <span class='ocr_line' id='line_1_71' title="bbox 254 5578 1840 5653; baseline 0.003 -23"><span class='ocrx_word' id='word_1_578' title='bbox 254 5578 479 5630; x_wconf 84' lang='lat' dir='ltr'><strong>domum</strong></span> <span class='ocrx_word' id='word_1_579' title='bbox 519 5594 668 5632; x_wconf 87' lang='lat' dir='ltr'><strong>suum</strong></span> <span class='ocrx_word' id='word_1_580' title='bbox 713 5587 759 5633; x_wconf 85' lang='lat' dir='ltr'><strong>et</strong></span> <span class='ocrx_word' id='word_1_581' title='bbox 802 5578 1042 5648; x_wconf 78' lang='lat' dir='ltr'><strong>fenestris</strong></span> <span class='ocrx_word' id='word_1_582' title='bbox 1080 5579 1271 5653; x_wconf 78' lang='lat' dir='ltr'><strong>apertis</strong></span> <span class='ocrx_word' id='word_1_583' title='bbox 1321 5580 1375 5633; x_wconf 86' lang='lat' dir='ltr'><strong>in</strong></span> <span class='ocrx_word' id='word_1_584' title='bbox 1429 5578 1695 5647; x_wconf 61' lang='lat' dir='ltr'><strong>cmitaculo</strong></span> <span class='ocrx_word' id='word_1_585' title='bbox 1744 5596 1840 5634; x_wconf 87' lang='lat' dir='ltr'><strong>suo</strong></span> 
     </span>
    </p>
   </div>
   <div class='ocr_carea' id='block_1_72' title="bbox 256 5667 1836 5745">
    <p class='ocr_par' dir='ltr' id='par_1_72' title="bbox 256 5667 1836 5745">
     <span class='ocr_line' id='line_1_72' title="bbox 256 5667 1836 5745; baseline 0.003 -23"><span class='ocrx_word' id='word_1_586' title='bbox 256 5677 448 5722; x_wconf 71' lang='lat' dir='ltr'><strong>contra</strong></span> <span class='ocrx_word' id='word_1_587' title='bbox 473 5667 523 5722; x_wconf 88' lang='grc'><strong><em>11</em></strong></span> <span class='ocrx_word' id='word_1_588' title='bbox 530 5671 823 5738; x_wconf 85' lang='lat' dir='ltr'><strong>ierusalcm,</strong></span> <span class='ocrx_word' id='word_1_589' title='bbox 849 5672 1014 5726; x_wconf 87' lang='lat' dir='ltr'><strong>tribus</strong></span> <span class='ocrx_word' id='word_1_590' title='bbox 1046 5670 1361 5745; x_wconf 74' lang='lat' dir='ltr'><strong>temporibus</strong></span> <span class='ocrx_word' id='word_1_591' title='bbox 1394 5672 1445 5725; x_wconf 86' lang='lat' dir='ltr'><strong>in</strong></span> <span class='ocrx_word' id='word_1_592' title='bbox 1483 5670 1565 5725; x_wconf 81' lang='lat' dir='ltr'><strong>dic</strong></span> <span class='ocrx_word' id='word_1_593' title='bbox 1599 5672 1836 5741; x_wconf 72' lang='lat' dir='ltr'><strong>ﬂectebat</strong></span> 
     </span>
    </p>
   </div>
   <div class='ocr_carea' id='block_1_73' title="bbox 1853 3084 1902 3148">
    <p class='ocr_par' dir='ltr' id='par_1_73' title="bbox 1853 3084 1902 3148">
     <span class='ocr_line' id='line_1_73' title="bbox 1853 3084 1902 3148; baseline 0 0"><span class='ocrx_word' id='word_1_594' title='bbox 1853 3084 1902 3148; x_wconf 73' lang='grc' dir='ltr'>Ε</span> 
     </span>
    </p>
   </div>
   <div class='ocr_carea' id='block_1_74' title="bbox 1926 1853 3504 1930">
    <p class='ocr_par' dir='ltr' id='par_1_74' title="bbox 1926 1853 3504 1930">
     <span class='ocr_line' id='line_1_74' title="bbox 1926 1853 3504 1930; baseline 0.006 -24"><span class='ocrx_word' id='word_1_595' title='bbox 1926 1854 1981 1907; x_wconf 91' lang='lat' dir='ltr'><strong>in</strong></span> <span class='ocrx_word' id='word_1_596' title='bbox 2016 1853 2279 1910; x_wconf 83' lang='lat' dir='ltr'><strong>volumine</strong></span> <span class='ocrx_word' id='word_1_597' title='bbox 2317 1856 2443 1928; x_wconf 86' lang='lat' dir='ltr'><strong>legis</strong></span> <span class='ocrx_word' id='word_1_598' title='bbox 2473 1855 2687 1912; x_wconf 88' lang='lat' dir='ltr'><strong>Domini</strong></span> <span class='ocrx_word' id='word_1_599' title='bbox 2713 1857 2814 1912; x_wconf 82' lang='lat' dir='ltr'><strong>Dei</strong></span> <span class='ocrx_word' id='word_1_600' title='bbox 2847 1859 2933 1913; x_wconf 88' lang='lat' dir='ltr'><strong>sui</strong></span> <span class='ocrx_word' id='word_1_601' title='bbox 2960 1872 2979 1912; x_wconf 89' lang='lat'><strong>:</strong></span> <span class='ocrx_word' id='word_1_602' title='bbox 3005 1868 3193 1930; x_wconf 81' lang='lat' dir='ltr'><strong>quater</strong></span> <span class='ocrx_word' id='word_1_603' title='bbox 3226 1860 3283 1914; x_wconf 90' lang='lat' dir='ltr'><strong>in</strong></span> <span class='ocrx_word' id='word_1_604' title='bbox 3319 1860 3423 1925; x_wconf 86' lang='lat' dir='ltr'><strong>die,</strong></span> <span class='ocrx_word' id='word_1_605' title='bbox 3455 1872 3504 1917; x_wconf 74' lang='lat' dir='ltr'><strong>et</strong></span> 
     </span>
    </p>
   </div>
   <div class='ocr_carea' id='block_1_75' title="bbox 1924 1947 3503 2017">
    <p class='ocr_par' dir='ltr' id='par_1_75' title="bbox 1924 1947 3503 2017">
     <span class='ocr_line' id='line_1_75' title="bbox 1924 1947 3503 2017; baseline 0.004 -18"><span class='ocrx_word' id='word_1_606' title='bbox 1924 1954 2110 2017; x_wconf 86' lang='lat' dir='ltr'><strong>quater</strong></span> <span class='ocrx_word' id='word_1_607' title='bbox 2132 1948 2188 2000; x_wconf 90' lang='lat' dir='ltr'><strong>in</strong></span> <span class='ocrx_word' id='word_1_608' title='bbox 2220 1955 2366 2001; x_wconf 83' lang='lat' dir='ltr'><strong>nocte</strong></span> <span class='ocrx_word' id='word_1_609' title='bbox 2394 1947 2777 2017; x_wconf 86' lang='lat' dir='ltr'><strong>conﬁtebantur</strong></span> <span class='ocrx_word' id='word_1_610' title='bbox 2803 1958 2851 2003; x_wconf 86' lang='lat' dir='ltr'><strong>et</strong></span> <span class='ocrx_word' id='word_1_611' title='bbox 2895 1949 3189 2009; x_wconf 86' lang='lat' dir='ltr'><strong>adorabant</strong></span> <span class='ocrx_word' id='word_1_612' title='bbox 3218 1949 3503 2006; x_wconf 74' lang='lat' dir='ltr'><strong>Dominum</strong></span> 
     </span>
    </p>
   </div>
   <div class='ocr_carea' id='block_1_76' title="bbox 1926 2036 3501 2099">
    <p class='ocr_par' dir='ltr' id='par_1_76' title="bbox 1926 2036 3501 2099">
     <span class='ocr_line' id='line_1_76' title="bbox 1926 2036 3501 2099; baseline 0.003 -7"><span class='ocrx_word' id='word_1_613' title='bbox 1926 2036 2094 2099; x_wconf 75' lang='lat' dir='ltr'><strong>Deum</strong></span> <span class='ocrx_word' id='word_1_614' title='bbox 2107 2054 2283 2092; x_wconf 90' lang='lat' dir='ltr'><strong>suum.</strong></span> <span class='ocrx_word' id='word_1_615' title='bbox 2303 2037 2455 2094; x_wconf 90' lang='lat' dir='ltr'><strong>Unde</strong></span> <span class='ocrx_word' id='word_1_616' title='bbox 2466 2037 2609 2094; x_wconf 89' lang='lat' dir='ltr'><strong>Beda</strong></span> <span class='ocrx_word' id='word_1_617' title='bbox 2626 2038 2707 2094; x_wconf 88' lang='lat' dir='ltr'><strong>sic</strong></span> <span class='ocrx_word' id='word_1_618' title='bbox 2722 2039 2775 2094; x_wconf 88' lang='lat' dir='ltr'><strong>in</strong></span> <span class='ocrx_word' id='word_1_619' title='bbox 2794 2047 3027 2095; x_wconf 87' lang='lat' dir='ltr'><strong>tractatu</strong></span> <span class='ocrx_word' id='word_1_620' title='bbox 3038 2040 3323 2096; x_wconf 86' lang='lat' dir='ltr'><strong>memorati</strong></span> <span class='ocrx_word' id='word_1_621' title='bbox 3344 2040 3468 2096; x_wconf 89' lang='lat' dir='ltr'><strong>libri</strong></span> <span class='ocrx_word' id='word_1_622' title='bbox 3488 2060 3501 2095; x_wconf 89' lang='lat'><strong>:</strong></span> 
     </span>
    </p>
   </div>
   <div class='ocr_carea' id='block_1_77' title="bbox 1928 2124 3508 2201">
    <p class='ocr_par' dir='ltr' id='par_1_77' title="bbox 1928 2124 3508 2201">
     <span class='ocr_line' id='line_1_77' title="bbox 1928 2124 3508 2201; baseline 0.005 -20"><span class='ocrx_word' id='word_1_623' title='bbox 1928 2124 2060 2193; x_wconf 82' lang='lat' dir='ltr'><strong>Quis</strong></span> <span class='ocrx_word' id='word_1_624' title='bbox 2083 2128 2230 2183; x_wconf 90' lang='lat' dir='ltr'><strong>enim</strong></span> <span class='ocrx_word' id='word_1_625' title='bbox 2273 2142 2382 2187; x_wconf 90' lang='lat' dir='ltr'><strong>non</strong></span> <span class='ocrx_word' id='word_1_626' title='bbox 2410 2129 2643 2199; x_wconf 78' lang='lat' dir='ltr'><strong>miretur</strong></span> <span class='ocrx_word' id='word_1_627' title='bbox 2695 2138 2907 2186; x_wconf 88' lang='lat' dir='ltr'><strong>tantum</strong></span> <span class='ocrx_word' id='word_1_628' title='bbox 2933 2130 3189 2201; x_wconf 83' lang='lat' dir='ltr'><strong>populum</strong></span> <span class='ocrx_word' id='word_1_629' title='bbox 3237 2139 3347 2197; x_wconf 80' lang='lat' dir='ltr'><strong>tam</strong></span> <span class='ocrx_word' id='word_1_630' title='bbox 3390 2132 3508 2191; x_wconf 48' lang='lat' dir='ltr'><strong>exi-7</strong></span> 
     </span>
    </p>
   </div>
   <div class='ocr_carea' id='block_1_78' title="bbox 1928 2204 3508 2290">
    <p class='ocr_par' dir='ltr' id='par_1_78' title="bbox 1928 2204 3508 2290">
     <span class='ocr_line' id='line_1_78' title="bbox 1928 2204 3508 2290; baseline 0.004 -19"><span class='ocrx_word' id='word_1_631' title='bbox 1928 2204 2091 2273; x_wconf 85' lang='lat' dir='ltr'><strong>miam</strong></span> <span class='ocrx_word' id='word_1_632' title='bbox 2118 2218 2374 2274; x_wconf 86' lang='lat' dir='ltr'><strong>habuisse</strong></span> <span class='ocrx_word' id='word_1_633' title='bbox 2403 2233 2589 2273; x_wconf 86' lang='lat' dir='ltr'><strong>curam</strong></span> <span class='ocrx_word' id='word_1_634' title='bbox 2616 2219 2856 2289; x_wconf 87' lang='lat' dir='ltr'><strong>pietatis,</strong></span> <span class='ocrx_word' id='word_1_635' title='bbox 2882 2229 2941 2275; x_wconf 91' lang='lat' dir='ltr'><strong>ut</strong></span> <span class='ocrx_word' id='word_1_636' title='bbox 2965 2227 3156 2290; x_wconf 88' lang='lat' dir='ltr'><strong>quater</strong></span> <span class='ocrx_word' id='word_1_637' title='bbox 3180 2220 3237 2275; x_wconf 90' lang='lat' dir='ltr'><strong>in</strong></span> <span class='ocrx_word' id='word_1_638' title='bbox 3265 2220 3371 2287; x_wconf 89' lang='lat' dir='ltr'><strong>die,</strong></span> <span class='ocrx_word' id='word_1_639' title='bbox 3403 2221 3508 2278; x_wconf 91' lang='lat' dir='ltr'><strong>hoc</strong></span> 
     </span>
    </p>
   </div>
   <div class='ocr_carea' id='block_1_79' title="bbox 1928 2310 3508 2382">
    <p class='ocr_par' dir='ltr' id='par_1_79' title="bbox 1928 2310 3508 2382">
     <span class='ocr_line' id='line_1_79' title="bbox 1928 2310 3508 2382; baseline 0.002 -17"><span class='ocrx_word' id='word_1_640' title='bbox 1928 2317 2011 2365; x_wconf 90' lang='lat' dir='ltr'><strong>est</strong></span> <span class='ocrx_word' id='word_1_641' title='bbox 2033 2310 2210 2380; x_wconf 86' lang='lat' dir='ltr'><strong>primo</strong></span> <span class='ocrx_word' id='word_1_642' title='bbox 2234 2325 2414 2374; x_wconf 86' lang='lat' dir='ltr'><strong>mane,</strong></span> <span class='ocrx_word' id='word_1_643' title='bbox 2447 2310 2607 2382; x_wconf 88' lang='lat' dir='ltr'><strong>tertia</strong></span> <span class='ocrx_word' id='word_1_644' title='bbox 2642 2311 2797 2376; x_wconf 89' lang='lat' dir='ltr'><strong>hora,</strong></span> <span class='ocrx_word' id='word_1_645' title='bbox 2823 2318 2977 2365; x_wconf 92' lang='lat' dir='ltr'><strong>sexta</strong></span> <span class='ocrx_word' id='word_1_646' title='bbox 3010 2318 3067 2367; x_wconf 90' lang='lat' dir='ltr'><strong>et</strong></span> <span class='ocrx_word' id='word_1_647' title='bbox 3106 2326 3282 2379; x_wconf 89' lang='lat' dir='ltr'><strong>nona,</strong></span> <span class='ocrx_word' id='word_1_648' title='bbox 3311 2311 3508 2382; x_wconf 88' lang='lat' dir='ltr'><strong>quibus</strong></span> 
     </span>
    </p>
   </div>
   <div class='ocr_carea' id='block_1_80' title="bbox 1927 2399 3509 2470">
    <p class='ocr_par' dir='ltr' id='par_1_80' title="bbox 1927 2399 3509 2470">
     <span class='ocr_line' id='line_1_80' title="bbox 1927 2399 3509 2470; baseline 0.002 -15"><span class='ocrx_word' id='word_1_649' title='bbox 1927 2399 2159 2455; x_wconf 88' lang='lat' dir='ltr'><strong>orationi</strong></span> <span class='ocrx_word' id='word_1_650' title='bbox 2188 2400 2301 2454; x_wconf 88' lang='lat' dir='ltr'><strong>sive</strong></span> <span class='ocrx_word' id='word_1_651' title='bbox 2337 2399 2651 2470; x_wconf 81' lang='lat' dir='ltr'><strong>psalmodiae</strong></span> <span class='ocrx_word' id='word_1_652' title='bbox 2678 2400 2974 2456; x_wconf 85' lang='lat' dir='ltr'><strong>vacandum</strong></span> <span class='ocrx_word' id='word_1_653' title='bbox 3004 2408 3156 2466; x_wconf 88' lang='lat' dir='ltr'><strong>erat,</strong></span> <span class='ocrx_word' id='word_1_654' title='bbox 3205 2402 3413 2457; x_wconf 88' lang='lat' dir='ltr'><strong>auditui</strong></span> <span class='ocrx_word' id='word_1_655' title='bbox 3448 2418 3509 2458; x_wconf 87' lang='lat' dir='ltr'><strong>se</strong></span> 
     </span>
    </p>
   </div>
   <div class='ocr_carea' id='block_1_81' title="bbox 1926 2487 3505 2560">
    <p class='ocr_par' dir='ltr' id='par_1_81' title="bbox 1926 2487 3505 2560">
     <span class='ocr_line' id='line_1_81' title="bbox 1926 2487 3505 2560; baseline 0.004 -19"><span class='ocrx_word' id='word_1_656' title='bbox 1926 2487 2063 2560; x_wconf 81' lang='lat' dir='ltr'><strong>legis</strong></span> <span class='ocrx_word' id='word_1_657' title='bbox 2109 2489 2305 2544; x_wconf 68' lang='lat' dir='ltr'><strong>divina:</strong></span> <span class='ocrx_word' id='word_1_658' title='bbox 2349 2488 2725 2555; x_wconf 85' lang='lat' dir='ltr'><strong>contraderet,</strong></span> <span class='ocrx_word' id='word_1_659' title='bbox 2775 2504 2883 2560; x_wconf 81' lang='lat' dir='ltr'><strong>quo</strong></span> <span class='ocrx_word' id='word_1_660' title='bbox 2925 2490 3175 2545; x_wconf 88' lang='lat' dir='ltr'><strong>innovata</strong></span> <span class='ocrx_word' id='word_1_661' title='bbox 3230 2492 3285 2546; x_wconf 90' lang='lat' dir='ltr'><strong>in</strong></span> <span class='ocrx_word' id='word_1_662' title='bbox 3333 2490 3505 2547; x_wconf 88' lang='lat' dir='ltr'><strong>Deum</strong></span> 
     </span>
    </p>
   </div>
   <div class='ocr_carea' id='block_1_82' title="bbox 1928 2576 3509 2651">
    <p class='ocr_par' dir='ltr' id='par_1_82' title="bbox 1928 2576 3509 2651">
     <span class='ocr_line' id='line_1_82' title="bbox 1928 2576 3509 2651; baseline 0.004 -21"><span class='ocrx_word' id='word_1_663' title='bbox 1928 2585 2129 2642; x_wconf 89' lang='lat' dir='ltr'><strong>mente,</strong></span> <span class='ocrx_word' id='word_1_664' title='bbox 2157 2576 2346 2647; x_wconf 89' lang='lat' dir='ltr'><strong>purior</strong></span> <span class='ocrx_word' id='word_1_665' title='bbox 2369 2592 2432 2632; x_wconf 91' lang='lat' dir='ltr'><strong>ac</strong></span> <span class='ocrx_word' id='word_1_666' title='bbox 2460 2577 2708 2632; x_wconf 90' lang='lat' dir='ltr'><strong>devotior</strong></span> <span class='ocrx_word' id='word_1_667' title='bbox 2740 2579 2807 2634; x_wconf 89' lang='lat' dir='ltr'><strong>ad</strong></span> <span class='ocrx_word' id='word_1_668' title='bbox 2848 2580 3240 2649; x_wconf 87' lang='lat' dir='ltr'><strong>deprecandam</strong></span> <span class='ocrx_word' id='word_1_669' title='bbox 3268 2579 3384 2651; x_wconf 88' lang='lat' dir='ltr'><strong>ejus</strong></span> <span class='ocrx_word' id='word_1_670' title='bbox 3408 2582 3509 2637; x_wconf 83' lang='lat' dir='ltr'><strong>mi-</strong></span> 
     </span>
    </p>
   </div>
   <div class='ocr_carea' id='block_1_83' title="bbox 1929 2666 3509 2740">
    <p class='ocr_par' dir='ltr' id='par_1_83' title="bbox 1929 2666 3509 2740">
     <span class='ocr_line' id='line_1_83' title="bbox 1929 2666 3509 2740; baseline 0.005 -19"><span class='ocrx_word' id='word_1_671' title='bbox 1929 2666 2279 2722; x_wconf 88' lang='lat' dir='ltr'><strong>sericordiam</strong></span> <span class='ocrx_word' id='word_1_672' title='bbox 2328 2667 2572 2722; x_wconf 81' lang='lat' dir='ltr'><strong>rediret?</strong></span> <span class='ocrx_word' id='word_1_673' title='bbox 2611 2666 2719 2723; x_wconf 88' lang='lat' dir='ltr'><strong>Sed</strong></span> <span class='ocrx_word' id='word_1_674' title='bbox 2760 2677 2816 2724; x_wconf 91' lang='lat' dir='ltr'><strong>et</strong></span> <span class='ocrx_word' id='word_1_675' title='bbox 2854 2676 3013 2726; x_wconf 89' lang='lat' dir='ltr'><strong>nocte</strong></span> <span class='ocrx_word' id='word_1_676' title='bbox 3051 2678 3245 2740; x_wconf 89' lang='lat' dir='ltr'><strong>quater</strong></span> <span class='ocrx_word' id='word_1_677' title='bbox 3278 2687 3509 2730; x_wconf 82' lang='lat' dir='ltr'><strong>excusso</strong></span> 
     </span>
    </p>
   </div>
   <div class='ocr_carea' id='block_1_84' title="bbox 1929 2760 3510 2833">
    <p class='ocr_par' dir='ltr' id='par_1_84' title="bbox 1929 2760 3510 2833">
     <span class='ocr_line' id='line_1_84' title="bbox 1929 2760 3510 2833; baseline 0.004 -19"><span class='ocrx_word' id='word_1_678' title='bbox 1929 2768 2147 2831; x_wconf 89' lang='lat' dir='ltr'><strong>torpore</strong></span> <span class='ocrx_word' id='word_1_679' title='bbox 2175 2760 2453 2826; x_wconf 89' lang='lat' dir='ltr'><strong>somni,ad</strong></span> <span class='ocrx_word' id='word_1_680' title='bbox 2481 2762 2846 2818; x_wconf 79' lang='lat' dir='ltr'><strong>conﬁtendum</strong></span> <span class='ocrx_word' id='word_1_681' title='bbox 2885 2771 3106 2833; x_wconf 87' lang='lat' dir='ltr'><strong>peccata</strong></span> <span class='ocrx_word' id='word_1_682' title='bbox 3130 2778 3227 2819; x_wconf 89' lang='lat' dir='ltr'><strong>sua</strong></span> <span class='ocrx_word' id='word_1_683' title='bbox 3252 2772 3309 2820; x_wconf 89' lang='lat' dir='ltr'><strong>et</strong></span> <span class='ocrx_word' id='word_1_684' title='bbox 3328 2772 3510 2833; x_wconf 82' lang='lat' dir='ltr'><strong>postu—</strong></span> 
     </span>
    </p>
   </div>
   <div class='ocr_carea' id='block_1_85' title="bbox 1929 2846 3510 2927">
    <p class='ocr_par' dir='ltr' id='par_1_85' title="bbox 1929 2846 3510 2927">
     <span class='ocr_line' id='line_1_85' title="bbox 1929 2846 3510 2927; baseline 0.006 -24"><span class='ocrx_word' id='word_1_685' title='bbox 1929 2846 2148 2907; x_wconf 85' lang='lat' dir='ltr'><strong>laridum</strong></span> <span class='ocrx_word' id='word_1_686' title='bbox 2177 2853 2392 2907; x_wconf 87' lang='lat' dir='ltr'><strong>veniam</strong></span> <span class='ocrx_word' id='word_1_687' title='bbox 2435 2856 2789 2925; x_wconf 83' lang='lat' dir='ltr'><strong>exsurgeret?</strong></span> <span class='ocrx_word' id='word_1_688' title='bbox 2829 2854 3070 2923; x_wconf 87' lang='lat' dir='ltr'><strong>Quorum</strong></span> <span class='ocrx_word' id='word_1_689' title='bbox 3101 2855 3349 2927; x_wconf 83' lang='lat' dir='ltr'><strong>exemplo</strong></span> <span class='ocrx_word' id='word_1_690' title='bbox 3386 2870 3510 2912; x_wconf 88' lang='lat' dir='ltr'><strong>reor</strong></span> 
     </span>
    </p>
   </div>
   <div class='ocr_carea' id='block_1_86' title="bbox 1931 2944 3533 3019">
    <p class='ocr_par' dir='ltr' id='par_1_86' title="bbox 1931 2944 3533 3019">
     <span class='ocr_line' id='line_1_86' title="bbox 1931 2944 3533 3019; baseline 0.001 -18"><span class='ocrx_word' id='word_1_691' title='bbox 1931 2945 1986 3001; x_wconf 92' lang='lat' dir='ltr'><strong>in</strong></span> <span class='ocrx_word' id='word_1_692' title='bbox 2014 2944 2255 3001; x_wconf 88' lang='lat' dir='ltr'><strong>Ecclesia</strong></span> <span class='ocrx_word' id='word_1_693' title='bbox 2280 2959 2487 3001; x_wconf 88' lang='lat' dir='ltr'><strong>morem</strong></span> <span class='ocrx_word' id='word_1_694' title='bbox 2518 2945 2804 3002; x_wconf 89' lang='lat' dir='ltr'><strong>inolevisse</strong></span> <span class='ocrx_word' id='word_1_695' title='bbox 2832 2947 3256 3018; x_wconf 86' lang='lat' dir='ltr'><strong>pulcherrimum</strong></span> <span class='ocrx_word' id='word_1_696' title='bbox 3277 2988 3294 3016; x_wconf 92' lang='lat'><strong>,</strong></span> <span class='ocrx_word' id='word_1_697' title='bbox 3327 2956 3387 3003; x_wconf 91' lang='lat' dir='ltr'><strong>ut</strong></span> <span class='ocrx_word' id='word_1_698' title='bbox 3415 2962 3533 3019; x_wconf 33' lang='lat' dir='ltr'><strong>per.</strong></span> 
     </span>
    </p>
   </div>
   <div class='ocr_carea' id='block_1_87' title="bbox 1930 3034 3513 3107">
    <p class='ocr_par' dir='ltr' id='par_1_87' title="bbox 1930 3034 3513 3107">
     <span class='ocr_line' id='line_1_87' title="bbox 1930 3034 3513 3107; baseline 0.001 -16"><span class='ocrx_word' id='word_1_699' title='bbox 1930 3034 2170 3107; x_wconf 84' lang='lat' dir='ltr'><strong>singulas</strong></span> <span class='ocrx_word' id='word_1_700' title='bbox 2197 3034 2394 3091; x_wconf 68' lang='lat' dir='ltr'><strong>divina:</strong></span> <span class='ocrx_word' id='word_1_701' title='bbox 2421 3036 2735 3107; x_wconf 74' lang='lat' dir='ltr'><strong>psalmodia:</strong></span> <span class='ocrx_word' id='word_1_702' title='bbox 2763 3036 2956 3104; x_wconf 88' lang='lat' dir='ltr'><strong>horas,</strong></span> <span class='ocrx_word' id='word_1_703' title='bbox 2987 3036 3148 3094; x_wconf 91' lang='lat' dir='ltr'><strong>lectio</strong></span> <span class='ocrx_word' id='word_1_704' title='bbox 3181 3053 3288 3095; x_wconf 85' lang='lat' dir='ltr'><strong>una</strong></span> <span class='ocrx_word' id='word_1_705' title='bbox 3313 3037 3380 3095; x_wconf 91' lang='lat' dir='ltr'><strong>de</strong></span> <span class='ocrx_word' id='word_1_706' title='bbox 3410 3039 3513 3094; x_wconf 81' lang='lat' dir='ltr'><strong>Ve-</strong></span> 
     </span>
    </p>
   </div>
   <div class='ocr_carea' id='block_1_88' title="bbox 1934 3124 3535 3195">
    <p class='ocr_par' dir='ltr' id='par_1_88' title="bbox 1934 3124 3535 3195">
     <span class='ocr_line' id='line_1_88' title="bbox 1934 3124 3535 3195; baseline 0.003 -14"><span class='ocrx_word' id='word_1_707' title='bbox 1934 3126 2035 3181; x_wconf 90' lang='lat' dir='ltr'><strong>teri</strong></span> <span class='ocrx_word' id='word_1_708' title='bbox 2073 3127 2189 3182; x_wconf 87' lang='lat' dir='ltr'><strong>sive</strong></span> <span class='ocrx_word' id='word_1_709' title='bbox 2223 3124 2374 3182; x_wconf 84' lang='lat' dir='ltr'><strong>Novo</strong></span> <span class='ocrx_word' id='word_1_710' title='bbox 2415 3126 2764 3183; x_wconf 87' lang='lat' dir='ltr'><strong>Testamento</strong></span> <span class='ocrx_word' id='word_1_711' title='bbox 2804 3128 3015 3184; x_wconf 90' lang='lat' dir='ltr'><strong>cunctis</strong></span> <span class='ocrx_word' id='word_1_712' title='bbox 3059 3126 3403 3193; x_wconf 82' lang='lat' dir='ltr'><strong>audientibus</strong></span> <span class='ocrx_word' id='word_1_713' title='bbox 3444 3142 3535 3195; x_wconf 73' lang='lat' dir='ltr'><strong>ex.</strong></span> 
     </span>
    </p>
   </div>
   <div class='ocr_carea' id='block_1_89' title="bbox 1933 3216 3525 3288">
    <p class='ocr_par' dir='ltr' id='par_1_89' title="bbox 1933 3216 3525 3288">
     <span class='ocr_line' id='line_1_89' title="bbox 1933 3216 3525 3288; baseline 0.001 -17"><span class='ocrx_word' id='word_1_714' title='bbox 1933 3216 2097 3273; x_wconf 86' lang='lat' dir='ltr'><strong>corde</strong></span> <span class='ocrx_word' id='word_1_715' title='bbox 2122 3216 2350 3280; x_wconf 89' lang='lat' dir='ltr'><strong>dicatur,</strong></span> <span class='ocrx_word' id='word_1_716' title='bbox 2376 3227 2431 3271; x_wconf 90' lang='lat' dir='ltr'><strong>et</strong></span> <span class='ocrx_word' id='word_1_717' title='bbox 2454 3218 2535 3273; x_wconf 89' lang='lat' dir='ltr'><strong>sic</strong></span> <span class='ocrx_word' id='word_1_718' title='bbox 2562 3217 2874 3287; x_wconf 86' lang='lat' dir='ltr'><strong>apostolicis</strong></span> <span class='ocrx_word' id='word_1_719' title='bbox 2892 3217 3007 3273; x_wconf 88' lang='lat' dir='ltr'><strong>sive</strong></span> <span class='ocrx_word' id='word_1_720' title='bbox 3027 3216 3363 3288; x_wconf 65' lang='lat' dir='ltr'><strong>propheticis</strong></span> <span class='ocrx_word' id='word_1_721' title='bbox 3386 3232 3525 3287; x_wconf 56' lang='lat' dir='ltr'><strong>con;</strong></span> 
     </span>
    </p>
   </div>
   <div class='ocr_carea' id='block_1_90' title="bbox 1934 3309 3511 3383">
    <p class='ocr_par' dir='ltr' id='par_1_90' title="bbox 1934 3309 3511 3383">
     <span class='ocr_line' id='line_1_90' title="bbox 1934 3309 3511 3383; baseline -0.001 -18"><span class='ocrx_word' id='word_1_722' title='bbox 1934 3312 2134 3367; x_wconf 81' lang='lat' dir='ltr'><strong>ﬁrmati</strong></span> <span class='ocrx_word' id='word_1_723' title='bbox 2156 3311 2357 3376; x_wconf 84' lang='lat' dir='ltr'><strong>verbis,</strong></span> <span class='ocrx_word' id='word_1_724' title='bbox 2388 3312 2457 3373; x_wconf 86' lang='lat' dir='ltr'><strong>ad</strong></span> <span class='ocrx_word' id='word_1_725' title='bbox 2493 3312 2807 3371; x_wconf 84' lang='lat' dir='ltr'><strong>instantiam</strong></span> <span class='ocrx_word' id='word_1_726' title='bbox 2846 3312 3106 3375; x_wconf 86' lang='lat' dir='ltr'><strong>orationis</strong></span> <span class='ocrx_word' id='word_1_727' title='bbox 3129 3309 3511 3383; x_wconf 81' lang='lat' dir='ltr'><strong>genuﬂectant,</strong></span> 
     </span>
    </p>
   </div>
   <div class='ocr_carea' id='block_1_91' title="bbox 1934 3399 3529 3469">
    <p class='ocr_par' dir='ltr' id='par_1_91' title="bbox 1934 3399 3529 3469">
     <span class='ocr_line' id='line_1_91' title="bbox 1934 3399 3529 3469; baseline -0.003 -13"><span class='ocrx_word' id='word_1_728' title='bbox 1934 3400 2028 3456; x_wconf 87' lang='lat' dir='ltr'><strong>sed</strong></span> <span class='ocrx_word' id='word_1_729' title='bbox 2051 3408 2109 3455; x_wconf 88' lang='lat' dir='ltr'><strong>et</strong></span> <span class='ocrx_word' id='word_1_730' title='bbox 2134 3400 2420 3457; x_wconf 90' lang='lat' dir='ltr'><strong>nocturnis</strong></span> <span class='ocrx_word' id='word_1_731' title='bbox 2443 3400 2601 3456; x_wconf 85' lang='lat' dir='ltr'><strong>horis</strong></span> <span class='ocrx_word' id='word_1_732' title='bbox 2616 3415 2741 3469; x_wconf 84' lang='lat' dir='ltr'><strong>cum</strong></span> <span class='ocrx_word' id='word_1_733' title='bbox 2767 3415 2798 3454; x_wconf 89' lang='lat' dir='ltr'><strong>a</strong></span> <span class='ocrx_word' id='word_1_734' title='bbox 2827 3399 3104 3465; x_wconf 83' lang='lat' dir='ltr'><strong>laboribus</strong></span> <span class='ocrx_word' id='word_1_735' title='bbox 3125 3407 3372 3455; x_wconf 88' lang='lat' dir='ltr'><strong>cessatur</strong></span> <span class='ocrx_word' id='word_1_736' title='bbox 3392 3413 3529 3469; x_wconf 49' lang='lat' dir='ltr'><strong>ope»</strong></span> 
     </span>
    </p>
   </div>
   <div class='ocr_carea' id='block_1_92' title="bbox 1934 3487 3532 3558">
    <p class='ocr_par' dir='ltr' id='par_1_92' title="bbox 1934 3487 3532 3558">
     <span class='ocr_line' id='line_1_92' title="bbox 1934 3487 3532 3558; baseline 0.001 -11"><span class='ocrx_word' id='word_1_737' title='bbox 1934 3505 2076 3558; x_wconf 89' lang='lat' dir='ltr'><strong>rum,</strong></span> <span class='ocrx_word' id='word_1_738' title='bbox 2100 3490 2283 3545; x_wconf 73' lang='lat' dir='ltr'><strong>liberae</strong></span> <span class='ocrx_word' id='word_1_739' title='bbox 2315 3489 2523 3545; x_wconf 88' lang='lat' dir='ltr'><strong>auditui</strong></span> <span class='ocrx_word' id='word_1_740' title='bbox 2562 3487 2853 3545; x_wconf 89' lang='lat' dir='ltr'><strong>lectionum</strong></span> <span class='ocrx_word' id='word_1_741' title='bbox 2889 3488 3193 3557; x_wconf 77' lang='lat' dir='ltr'><strong>divinarum</strong></span> <span class='ocrx_word' id='word_1_742' title='bbox 3224 3502 3385 3545; x_wconf 88' lang='lat' dir='ltr'><strong>aures</strong></span> <span class='ocrx_word' id='word_1_743' title='bbox 3424 3503 3532 3548; x_wconf 65' lang='grc' dir='ltr'><strong>περ.</strong></span> 
     </span>
    </p>
   </div>
   <div class='ocr_carea' id='block_1_93' title="bbox 1934 3579 3537 3650">
    <p class='ocr_par' dir='ltr' id='par_1_93' title="bbox 1934 3579 3537 3650">
     <span class='ocr_line' id='line_1_93' title="bbox 1934 3579 3537 3650; baseline -0.002 -13"><span class='ocrx_word' id='word_1_744' title='bbox 1934 3581 2369 3637; x_wconf 85' lang='lat' dir='ltr'><strong>commodentur.</strong></span> <span class='ocrx_word' id='word_1_745' title='bbox 2418 3580 2499 3635; x_wconf 88' lang='lat' dir='ltr'><strong>Ex</strong></span> <span class='ocrx_word' id='word_1_746' title='bbox 2546 3579 2904 3650; x_wconf 87' lang='lat' dir='ltr'><strong>inspiratione</strong></span> <span class='ocrx_word' id='word_1_747' title='bbox 2948 3594 3053 3649; x_wconf 90' lang='lat' dir='ltr'><strong>qua</strong></span> <span class='ocrx_word' id='word_1_748' title='bbox 3098 3579 3392 3649; x_wconf 85' lang='lat' dir='ltr'><strong>inspiratus</strong></span> <span class='ocrx_word' id='word_1_749' title='bbox 3429 3585 3537 3635; x_wconf 85' lang='lat' dir='ltr'><strong>est.</strong></span> 
     </span>
    </p>
   </div>
   <div class='ocr_carea' id='block_1_94' title="bbox 1935 3669 3534 3738">
    <p class='ocr_par' dir='ltr' id='par_1_94' title="bbox 1935 3669 3534 3738">
     <span class='ocr_line' id='line_1_94' title="bbox 1935 3669 3534 3738; baseline 0.001 -10"><span class='ocrx_word' id='word_1_750' title='bbox 1935 3672 2187 3729; x_wconf 87' lang='lat' dir='ltr'><strong>dominus</strong></span> <span class='ocrx_word' id='word_1_751' title='bbox 2220 3671 2364 3728; x_wconf 88' lang='lat' dir='ltr'><strong>Beda</strong></span> <span class='ocrx_word' id='word_1_752' title='bbox 2386 3713 2400 3738; x_wconf 91' lang='lat'><strong>,</strong></span> <span class='ocrx_word' id='word_1_753' title='bbox 2426 3670 2676 3727; x_wconf 86' lang='lat' dir='ltr'><strong>novimus</strong></span> <span class='ocrx_word' id='word_1_754' title='bbox 2714 3678 2961 3728; x_wconf 88' lang='lat' dir='ltr'><strong>nostrum</strong></span> <span class='ocrx_word' id='word_1_755' title='bbox 2998 3684 3217 3726; x_wconf 83' lang='lat' dir='ltr'><strong>cursum</strong></span> <span class='ocrx_word' id='word_1_756' title='bbox 3257 3669 3365 3726; x_wconf 91' lang='lat' dir='ltr'><strong>diei</strong></span> <span class='ocrx_word' id='word_1_757' title='bbox 3402 3669 3534 3730; x_wconf 86' lang='lat' dir='ltr'><strong>sive.</strong></span> 
     </span>
    </p>
   </div>
   <div class='ocr_carea' id='block_1_95' title="bbox 1935 3760 3516 3834">
    <p class='ocr_par' dir='ltr' id='par_1_95' title="bbox 1935 3760 3516 3834">
     <span class='ocr_line' id='line_1_95' title="bbox 1935 3760 3516 3834; baseline -0.001 -14"><span class='ocrx_word' id='word_1_758' title='bbox 1935 3766 2127 3828; x_wconf 89' lang='lat' dir='ltr'><strong>noctis,</strong></span> <span class='ocrx_word' id='word_1_759' title='bbox 2148 3765 2349 3820; x_wconf 87' lang='lat' dir='ltr'><strong>habere</strong></span> <span class='ocrx_word' id='word_1_760' title='bbox 2371 3763 2654 3819; x_wconf 77' lang='lat' dir='ltr'><strong>exordium</strong></span> <span class='ocrx_word' id='word_1_761' title='bbox 2675 3777 2706 3817; x_wconf 91' lang='lat' dir='ltr'><strong>a</strong></span> <span class='ocrx_word' id='word_1_762' title='bbox 2729 3761 2869 3820; x_wconf 86' lang='lat' dir='ltr'><strong>libro</strong></span> <span class='ocrx_word' id='word_1_763' title='bbox 2890 3761 3093 3819; x_wconf 72' lang='lat' dir='ltr'><strong>Esdrte.</strong></span> <span class='ocrx_word' id='word_1_764' title='bbox 3119 3760 3178 3818; x_wconf 90' lang='lat' dir='ltr'><strong>Si</strong></span> <span class='ocrx_word' id='word_1_765' title='bbox 3201 3761 3345 3818; x_wconf 86' lang='lat' dir='ltr'><strong>enim</strong></span> <span class='ocrx_word' id='word_1_766' title='bbox 3363 3762 3516 3834; x_wconf 86' lang='lat' dir='ltr'><strong>juxta</strong></span> 
     </span>
    </p>
   </div>
   <div class='ocr_carea' id='block_1_96' title="bbox 1935 3851 3516 3925">
    <p class='ocr_par' dir='ltr' id='par_1_96' title="bbox 1935 3851 3516 3925">
     <span class='ocr_line' id='line_1_96' title="bbox 1935 3851 3516 3925; baseline -0.001 -15"><span class='ocrx_word' id='word_1_767' title='bbox 1935 3869 2120 3910; x_wconf 90' lang='lat' dir='ltr'><strong>eorum</strong></span> <span class='ocrx_word' id='word_1_768' title='bbox 2145 3869 2353 3910; x_wconf 89' lang='lat' dir='ltr'><strong>morem</strong></span> <span class='ocrx_word' id='word_1_769' title='bbox 2374 3853 2729 3910; x_wconf 88' lang='lat' dir='ltr'><strong>convenimus</strong></span> <span class='ocrx_word' id='word_1_770' title='bbox 2754 3853 2822 3907; x_wconf 90' lang='lat' dir='ltr'><strong>ad</strong></span> <span class='ocrx_word' id='word_1_771' title='bbox 2843 3852 3139 3925; x_wconf 89' lang='lat' dir='ltr'><strong>rogandum</strong></span> <span class='ocrx_word' id='word_1_772' title='bbox 3159 3851 3349 3920; x_wconf 90' lang='lat' dir='ltr'><strong>Deum,</strong></span> <span class='ocrx_word' id='word_1_773' title='bbox 3363 3868 3516 3924; x_wconf 87' lang='lat' dir='ltr'><strong>opor-</strong></span> 
     </span>
    </p>
   </div>
   <div class='ocr_carea' id='block_1_97' title="bbox 1938 3941 3517 4015">
    <p class='ocr_par' dir='ltr' id='par_1_97' title="bbox 1938 3941 3517 4015">
     <span class='ocr_line' id='line_1_97' title="bbox 1938 3941 3517 4015; baseline 0 -15"><span class='ocrx_word' id='word_1_774' title='bbox 1938 3952 2016 4000; x_wconf 90' lang='lat' dir='ltr'><strong>tet</strong></span> <span class='ocrx_word' id='word_1_775' title='bbox 2044 3960 2144 4001; x_wconf 92' lang='lat' dir='ltr'><strong>nos</strong></span> <span class='ocrx_word' id='word_1_776' title='bbox 2170 3944 2333 4011; x_wconf 91' lang='lat' dir='ltr'><strong>scire,</strong></span> <span class='ocrx_word' id='word_1_777' title='bbox 2366 3943 2511 4015; x_wconf 90' lang='lat' dir='ltr'><strong>quod</strong></span> <span class='ocrx_word' id='word_1_778' title='bbox 2538 3941 2836 3999; x_wconf 85' lang='lat' dir='ltr'><strong>habeamus</strong></span> <span class='ocrx_word' id='word_1_779' title='bbox 2862 3957 3027 4014; x_wconf 88' lang='lat' dir='ltr'><strong>opera</strong></span> <span class='ocrx_word' id='word_1_780' title='bbox 3049 3956 3328 3998; x_wconf 88' lang='lat' dir='ltr'><strong>murorum</strong></span> <span class='ocrx_word' id='word_1_781' title='bbox 3347 3944 3517 4000; x_wconf 67' lang='lat' dir='ltr'><strong>aedili-</strong></span> 
     </span>
    </p>
   </div>
   <div class='ocr_carea' id='block_1_98' title="bbox 1936 4033 3517 4102">
    <p class='ocr_par' dir='ltr' id='par_1_98' title="bbox 1936 4033 3517 4102">
     <span class='ocr_line' id='line_1_98' title="bbox 1936 4033 3517 4102; baseline -0.003 -8"><span class='ocrx_word' id='word_1_782' title='bbox 1936 4038 2233 4095; x_wconf 88' lang='lat' dir='ltr'><strong>candorum</strong></span> <span class='ocrx_word' id='word_1_783' title='bbox 2260 4037 2507 4093; x_wconf 76' lang='lat' dir='ltr'><strong>ecclesia:</strong></span> <span class='ocrx_word' id='word_1_784' title='bbox 2525 4043 2748 4102; x_wconf 63' lang='lat' dir='ltr'><strong>nostraa,</strong></span> <span class='ocrx_word' id='word_1_785' title='bbox 2771 4035 2912 4092; x_wconf 89' lang='lat' dir='ltr'><strong>sicut</strong></span> <span class='ocrx_word' id='word_1_786' title='bbox 2937 4033 3011 4089; x_wconf 89' lang='lat' dir='ltr'><strong>illi</strong></span> <span class='ocrx_word' id='word_1_787' title='bbox 3039 4033 3343 4089; x_wconf 90' lang='lat' dir='ltr'><strong>habuerunt</strong></span> <span class='ocrx_word' id='word_1_788' title='bbox 3367 4034 3517 4089; x_wconf 86' lang='lat' dir='ltr'><strong>urbis</strong></span> 
     </span>
    </p>
   </div>
   <div class='ocr_carea' id='block_1_99' title="bbox 1938 4123 3510 4195">
    <p class='ocr_par' dir='ltr' id='par_1_99' title="bbox 1938 4123 3510 4195">
     <span class='ocr_line' id='line_1_99' title="bbox 1938 4123 3510 4195; baseline -0.004 -9"><span class='ocrx_word' id='word_1_789' title='bbox 1938 4129 2294 4195; x_wconf 82' lang='lat' dir='ltr'><strong>Hierusalem,</strong></span> <span class='ocrx_word' id='word_1_790' title='bbox 2320 4136 2376 4185; x_wconf 89' lang='lat' dir='ltr'><strong>et</strong></span> <span class='ocrx_word' id='word_1_791' title='bbox 2404 4130 2460 4184; x_wconf 92' lang='lat' dir='ltr'><strong>in</strong></span> <span class='ocrx_word' id='word_1_792' title='bbox 2484 4128 2714 4185; x_wconf 90' lang='lat' dir='ltr'><strong>circuitu</strong></span> <span class='ocrx_word' id='word_1_793' title='bbox 2733 4124 3004 4189; x_wconf 81' lang='lat' dir='ltr'><strong>inimicos,</strong></span> <span class='ocrx_word' id='word_1_794' title='bbox 3034 4123 3175 4179; x_wconf 90' lang='lat' dir='ltr'><strong>sicut</strong></span> <span class='ocrx_word' id='word_1_795' title='bbox 3202 4123 3276 4177; x_wconf 90' lang='lat' dir='ltr'><strong>illi</strong></span> <span class='ocrx_word' id='word_1_796' title='bbox 3307 4123 3510 4179; x_wconf 81' lang='lat' dir='ltr'><strong>habue-</strong></span> 
     </span>
    </p>
   </div>
   <div class='ocr_carea' id='block_1_100' title="bbox 1938 4215 3518 4291">
    <p class='ocr_par' dir='ltr' id='par_1_100' title="bbox 1938 4215 3518 4291">
     <span class='ocr_line' id='line_1_100' title="bbox 1938 4215 3518 4291; baseline -0.003 -13"><span class='ocrx_word' id='word_1_797' title='bbox 1938 4231 2084 4291; x_wconf 85' lang='lat' dir='ltr'><strong>runt.</strong></span> <span class='ocrx_word' id='word_1_798' title='bbox 2133 4222 2320 4278; x_wconf 83' lang='lat' dir='ltr'><strong>Murus</strong></span> <span class='ocrx_word' id='word_1_799' title='bbox 2360 4220 2618 4279; x_wconf 74' lang='lat' dir='ltr'><strong>Ecclesia:</strong></span> <span class='ocrx_word' id='word_1_800' title='bbox 2657 4226 2860 4275; x_wconf 69' lang='lat' dir='ltr'><strong>nostra:</strong></span> <span class='ocrx_word' id='word_1_801' title='bbox 2887 4215 3049 4273; x_wconf 87' lang='lat' dir='ltr'><strong>habet</strong></span> <span class='ocrx_word' id='word_1_802' title='bbox 3086 4216 3141 4271; x_wconf 91' lang='lat' dir='ltr'><strong>in</strong></span> <span class='ocrx_word' id='word_1_803' title='bbox 3170 4215 3518 4273; x_wconf 80' lang='lat' dir='ltr'><strong>fundamento</strong></span> 
     </span>
    </p>
   </div>
   <div class='ocr_carea' id='block_1_101' title="bbox 1937 4290 3518 4380">
    <p class='ocr_par' dir='ltr' id='par_1_101' title="bbox 1937 4290 3518 4380">
     <span class='ocr_line' id='line_1_101' title="bbox 1937 4290 3518 4380; baseline -0.004 -12"><span class='ocrx_word' id='word_1_804' title='bbox 1937 4290 2231 4376; x_wconf 84' lang='lat' dir='ltr'><strong>Christum,</strong></span> <span class='ocrx_word' id='word_1_805' title='bbox 2277 4324 2441 4380; x_wconf 85' lang='lat' dir='ltr'><strong>super</strong></span> <span class='ocrx_word' id='word_1_806' title='bbox 2483 4307 2626 4380; x_wconf 84' lang='lat' dir='ltr'><strong>quod</strong></span> <span class='ocrx_word' id='word_1_807' title='bbox 2671 4306 3078 4364; x_wconf 80' lang='lat' dir='ltr'><strong>fundamentum</strong></span> <span class='ocrx_word' id='word_1_808' title='bbox 3125 4306 3347 4362; x_wconf 86' lang='lat' dir='ltr'><strong>stabiliti</strong></span> <span class='ocrx_word' id='word_1_809' title='bbox 3391 4318 3518 4363; x_wconf 89' lang='lat' dir='ltr'><strong>sunt</strong></span> 
     </span>
    </p>
   </div>
   <div class='ocr_carea' id='block_1_102' title="bbox 1939 4380 3516 4475">
    <p class='ocr_par' dir='ltr' id='par_1_102' title="bbox 1939 4380 3516 4475">
     <span class='ocr_line' id='line_1_102' title="bbox 1939 4380 3516 4475; baseline -0.004 -18"><span class='ocrx_word' id='word_1_810' title='bbox 1939 4401 2167 4475; x_wconf 87' lang='lat' dir='ltr'><strong>apostoli</strong></span> <span class='ocrx_word' id='word_1_811' title='bbox 2208 4408 2265 4454; x_wconf 91' lang='lat' dir='ltr'><strong>et</strong></span> <span class='ocrx_word' id='word_1_812' title='bbox 2309 4380 2401 4469; x_wconf 84' lang='lat' dir='ltr'><strong>qui</strong></span> <span class='ocrx_word' id='word_1_813' title='bbox 2444 4412 2541 4468; x_wconf 89' lang='lat' dir='ltr'><strong>per</strong></span> <span class='ocrx_word' id='word_1_814' title='bbox 2568 4412 2662 4453; x_wconf 89' lang='lat' dir='ltr'><strong>eos</strong></span> <span class='ocrx_word' id='word_1_815' title='bbox 2696 4395 3076 4461; x_wconf 88' lang='lat' dir='ltr'><strong>crediderunt,</strong></span> <span class='ocrx_word' id='word_1_816' title='bbox 3108 4396 3224 4451; x_wconf 90' lang='lat' dir='ltr'><strong>sive</strong></span> <span class='ocrx_word' id='word_1_817' title='bbox 3253 4393 3516 4462; x_wconf 87' lang='lat' dir='ltr'><strong>credunt,</strong></span> 
     </span>
    </p>
   </div>
   <div class='ocr_carea' id='block_1_103' title="bbox 1940 4485 3514 4547">
    <p class='ocr_par' dir='ltr' id='par_1_103' title="bbox 1940 4485 3514 4547">
     <span class='ocr_line' id='line_1_103' title="bbox 1940 4485 3514 4547; baseline -0.005 0"><span class='ocrx_word' id='word_1_818' title='bbox 1940 4506 2035 4547; x_wconf 87' lang='lat' dir='ltr'><strong>seu</strong></span> <span class='ocrx_word' id='word_1_819' title='bbox 2079 4490 2320 4547; x_wconf 88' lang='lat' dir='ltr'><strong>credent.</strong></span> <span class='ocrx_word' id='word_1_820' title='bbox 2369 4487 2478 4544; x_wconf 88' lang='lat' dir='ltr'><strong>Nos</strong></span> <span class='ocrx_word' id='word_1_821' title='bbox 2520 4503 2708 4544; x_wconf 91' lang='lat' dir='ltr'><strong>sumus</strong></span> <span class='ocrx_word' id='word_1_822' title='bbox 2750 4486 3011 4542; x_wconf 88' lang='lat' dir='ltr'><strong>hodierna</strong></span> <span class='ocrx_word' id='word_1_823' title='bbox 3047 4485 3132 4541; x_wconf 89' lang='lat' dir='ltr'><strong>die</strong></span> <span class='ocrx_word' id='word_1_824' title='bbox 3159 4485 3210 4539; x_wconf 91' lang='lat' dir='ltr'><strong>in</strong></span> <span class='ocrx_word' id='word_1_825' title='bbox 3242 4491 3514 4540; x_wconf 84' lang='lat' dir='ltr'><strong>structura</strong></span> 
     </span>
    </p>
   </div>
   <div class='ocr_carea' id='block_1_104' title="bbox 1938 4575 3515 4653">
    <p class='ocr_par' dir='ltr' id='par_1_104' title="bbox 1938 4575 3515 4653">
     <span class='ocr_line' id='line_1_104' title="bbox 1938 4575 3515 4653; baseline -0.005 -16"><span class='ocrx_word' id='word_1_826' title='bbox 1938 4581 2098 4653; x_wconf 90' lang='lat' dir='ltr'><strong>hujus</strong></span> <span class='ocrx_word' id='word_1_827' title='bbox 2125 4580 2291 4647; x_wconf 88' lang='lat' dir='ltr'><strong>muri,</strong></span> <span class='ocrx_word' id='word_1_828' title='bbox 2321 4580 2412 4653; x_wconf 90' lang='lat' dir='ltr'><strong>qui</strong></span> <span class='ocrx_word' id='word_1_829' title='bbox 2441 4594 2655 4651; x_wconf 78' lang='lat' dir='ltr'><strong>semper</strong></span> <span class='ocrx_word' id='word_1_830' title='bbox 2678 4576 3035 4641; x_wconf 69' lang='lat' dir='ltr'><strong>mdilicabitur</strong></span> <span class='ocrx_word' id='word_1_831' title='bbox 3060 4589 3229 4646; x_wconf 89' lang='lat' dir='ltr'><strong>usque</strong></span> <span class='ocrx_word' id='word_1_832' title='bbox 3263 4577 3316 4630; x_wconf 92' lang='lat' dir='ltr'><strong>in</strong></span> <span class='ocrx_word' id='word_1_833' title='bbox 3354 4575 3515 4630; x_wconf 85' lang='lat' dir='ltr'><strong>ﬁnem</strong></span> 
     </span>
    </p>
   </div>
   <div class='ocr_carea' id='block_1_105' title="bbox 1939 4656 3520 4745">
    <p class='ocr_par' dir='ltr' id='par_1_105' title="bbox 1939 4656 3520 4745">
     <span class='ocr_line' id='line_1_105' title="bbox 1939 4656 3520 4745; baseline -0.003 -17"><span class='ocrx_word' id='word_1_834' title='bbox 1939 4672 2147 4745; x_wconf 82' lang='lat' dir='ltr'><strong>mundi.</strong></span> <span class='ocrx_word' id='word_1_835' title='bbox 2195 4656 2578 4741; x_wconf 82' lang='lat' dir='ltr'><strong>Unusquisque</strong></span> <span class='ocrx_word' id='word_1_836' title='bbox 2614 4676 2926 4725; x_wconf 88' lang='lat' dir='ltr'><strong>sanctorum</strong></span> <span class='ocrx_word' id='word_1_837' title='bbox 2967 4668 3058 4738; x_wconf 85' lang='lat' dir='ltr'><strong>qui</strong></span> <span class='ocrx_word' id='word_1_838' title='bbox 3104 4667 3520 4738; x_wconf 60' lang='lat' dir='ltr'><strong>prtedestinatus</strong></span> 
     </span>
    </p>
   </div>
   <div class='ocr_carea' id='block_1_106' title="bbox 1938 4758 3517 4836">
    <p class='ocr_par' dir='ltr' id='par_1_106' title="bbox 1938 4758 3517 4836">
     <span class='ocr_line' id='line_1_106' title="bbox 1938 4758 3517 4836; baseline -0.004 -15"><span class='ocrx_word' id='word_1_839' title='bbox 1938 4774 2024 4828; x_wconf 88' lang='lat' dir='ltr'><strong>est</strong></span> <span class='ocrx_word' id='word_1_840' title='bbox 2044 4783 2074 4820; x_wconf 86' lang='lat' dir='ltr'><strong>a</strong></span> <span class='ocrx_word' id='word_1_841' title='bbox 2102 4766 2213 4821; x_wconf 89' lang='lat' dir='ltr'><strong>Deo</strong></span> <span class='ocrx_word' id='word_1_842' title='bbox 2242 4764 2315 4829; x_wconf 84' lang='lat' dir='ltr'><strong>ad</strong></span> <span class='ocrx_word' id='word_1_843' title='bbox 2345 4764 2514 4831; x_wconf 76' lang='lat' dir='ltr'><strong>vitam</strong></span> <span class='ocrx_word' id='word_1_844' title='bbox 2541 4766 2800 4825; x_wconf 68' lang='lat' dir='ltr'><strong>aeternam</strong></span> <span class='ocrx_word' id='word_1_845' title='bbox 2821 4803 2835 4829; x_wconf 93' lang='lat'><strong>,</strong></span> <span class='ocrx_word' id='word_1_846' title='bbox 2856 4761 3015 4836; x_wconf 24' lang='lat' dir='ltr'><strong>“lapis</strong></span> <span class='ocrx_word' id='word_1_847' title='bbox 3056 4767 3141 4817; x_wconf 89' lang='lat' dir='ltr'><strong>est</strong></span> <span class='ocrx_word' id='word_1_848' title='bbox 3173 4759 3317 4815; x_wconf 85' lang='lat' dir='ltr'><strong>illius</strong></span> <span class='ocrx_word' id='word_1_849' title='bbox 3353 4758 3517 4815; x_wconf 86' lang='lat' dir='ltr'><strong>muri.</strong></span> 
     </span>
    </p>
   </div>
   <div class='ocr_carea' id='block_1_107' title="bbox 1942 4848 3518 4937">
    <p class='ocr_par' dir='ltr' id='par_1_107' title="bbox 1942 4848 3518 4937">
     <span class='ocr_line' id='line_1_107' title="bbox 1942 4848 3518 4937; baseline -0.001 -28"><span class='ocrx_word' id='word_1_850' title='bbox 1942 4855 2107 4930; x_wconf 73' lang='lat' dir='ltr'><strong>Lapis</strong></span> <span class='ocrx_word' id='word_1_851' title='bbox 2140 4870 2302 4925; x_wconf 86' lang='lat' dir='ltr'><strong>super</strong></span> <span class='ocrx_word' id='word_1_852' title='bbox 2330 4854 2562 4937; x_wconf 75' lang='lat' dir='ltr'><strong>lapidem</strong></span> <span class='ocrx_word' id='word_1_853' title='bbox 2586 4851 2855 4923; x_wconf 76' lang='lat' dir='ltr'><strong>ponitur,</strong></span> <span class='ocrx_word' id='word_1_854' title='bbox 2875 4850 3113 4925; x_wconf 20' lang='lat' dir='ltr'><strong>“quando</strong></span> <span class='ocrx_word' id='word_1_855' title='bbox 3138 4850 3385 4927; x_wconf 83' lang='lat' dir='ltr'><strong>magistri</strong></span> <span class='ocrx_word' id='word_1_856' title='bbox 3410 4848 3518 4908; x_wconf 80' lang='lat' dir='ltr'><strong>Ec-</strong></span> 
     </span>
    </p>
   </div>
   <div class='ocr_carea' id='block_1_108' title="bbox 1944 4942 3520 5018">
    <p class='ocr_par' dir='ltr' id='par_1_108' title="bbox 1944 4942 3520 5018">
     <span class='ocr_line' id='line_1_108' title="bbox 1944 4942 3520 5018; baseline -0.001 -16"><span class='ocrx_word' id='word_1_857' title='bbox 1944 4946 2144 5018; x_wconf 73' lang='lat' dir='ltr'><strong>clesim,</strong></span> <span class='ocrx_word' id='word_1_858' title='bbox 2167 4944 2417 5016; x_wconf 64' lang='lat' dir='ltr'><strong>juniores</strong></span> <span class='ocrx_word' id='word_1_859' title='bbox 2443 4953 2727 5001; x_wconf 86' lang='lat' dir='ltr'><strong>assumunt</strong></span> <span class='ocrx_word' id='word_1_860' title='bbox 2767 4944 2823 4998; x_wconf 92' lang='lat' dir='ltr'><strong>in</strong></span> <span class='ocrx_word' id='word_1_861' title='bbox 2868 4942 3146 5014; x_wconf 85' lang='lat' dir='ltr'><strong>proprium</strong></span> <span class='ocrx_word' id='word_1_862' title='bbox 3185 4943 3422 5000; x_wconf 88' lang='lat' dir='ltr'><strong>studium</strong></span> <span class='ocrx_word' id='word_1_863' title='bbox 3450 4944 3520 5000; x_wconf 79' lang='lat' dir='ltr'><strong>ad</strong></span> 
     </span>
    </p>
   </div>
   <div class='ocr_carea' id='block_1_109' title="bbox 1942 5032 3518 5108">
    <p class='ocr_par' dir='ltr' id='par_1_109' title="bbox 1942 5032 3518 5108">
     <span class='ocr_line' id='line_1_109' title="bbox 1942 5032 3518 5108; baseline -0.003 -15"><span class='ocrx_word' id='word_1_864' title='bbox 1942 5037 2273 5108; x_wconf 83' lang='lat' dir='ltr'><strong>docendum,</strong></span> <span class='ocrx_word' id='word_1_865' title='bbox 2322 5035 2390 5099; x_wconf 86' lang='lat' dir='ltr'><strong>ad</strong></span> <span class='ocrx_word' id='word_1_866' title='bbox 2417 5034 2826 5107; x_wconf 74' lang='lat' dir='ltr'><strong>corrigendum,</strong></span> <span class='ocrx_word' id='word_1_867' title='bbox 2856 5040 2912 5089; x_wconf 91' lang='lat' dir='ltr'><strong>et</strong></span> <span class='ocrx_word' id='word_1_868' title='bbox 2948 5032 3016 5089; x_wconf 91' lang='lat' dir='ltr'><strong>ad</strong></span> <span class='ocrx_word' id='word_1_869' title='bbox 3042 5033 3424 5090; x_wconf 87' lang='lat' dir='ltr'><strong>stabiliendum</strong></span> <span class='ocrx_word' id='word_1_870' title='bbox 3464 5034 3518 5090; x_wconf 86' lang='lat' dir='ltr'><strong>in</strong></span> 
     </span>
    </p>
   </div>
   <div class='ocr_carea' id='block_1_110' title="bbox 1942 5125 3520 5201">
    <p class='ocr_par' dir='ltr' id='par_1_110' title="bbox 1942 5125 3520 5201">
     <span class='ocr_line' id='line_1_110' title="bbox 1942 5125 3520 5201; baseline -0.005 -14"><span class='ocrx_word' id='word_1_871' title='bbox 1942 5138 2132 5198; x_wconf 75' lang='lat' dir='ltr'><strong>sancta</strong></span> <span class='ocrx_word' id='word_1_872' title='bbox 2158 5127 2419 5201; x_wconf 68' lang='lat' dir='ltr'><strong>Ecclesia.</strong></span> <span class='ocrx_word' id='word_1_873' title='bbox 2452 5126 2628 5188; x_wconf 79' lang='lat' dir='ltr'><strong>Habet</strong></span> <span class='ocrx_word' id='word_1_874' title='bbox 2665 5126 3034 5198; x_wconf 86' lang='lat' dir='ltr'><strong>unusquisque</strong></span> <span class='ocrx_word' id='word_1_875' title='bbox 3079 5139 3245 5197; x_wconf 88' lang='lat' dir='ltr'><strong>super</strong></span> <span class='ocrx_word' id='word_1_876' title='bbox 3281 5141 3341 5182; x_wconf 88' lang='lat' dir='ltr'><strong>se</strong></span> <span class='ocrx_word' id='word_1_877' title='bbox 3383 5125 3520 5195; x_wconf 87' lang='lat' dir='ltr'><strong>lapi-</strong></span> 
     </span>
    </p>
   </div>
   <div class='ocr_carea' id='block_1_111' title="bbox 1942 5215 3519 5293">
    <p class='ocr_par' dir='ltr' id='par_1_111' title="bbox 1942 5215 3519 5293">
     <span class='ocr_line' id='line_1_111' title="bbox 1942 5215 3519 5293; baseline -0.005 -15"><span class='ocrx_word' id='word_1_878' title='bbox 1942 5221 2201 5290; x_wconf 52' lang='lat' dir='ltr'><strong>demhqui</strong></span> <span class='ocrx_word' id='word_1_879' title='bbox 2229 5220 2469 5277; x_wconf 86' lang='lat' dir='ltr'><strong>laborem</strong></span> <span class='ocrx_word' id='word_1_880' title='bbox 2492 5218 2792 5276; x_wconf 79' lang='lat' dir='ltr'><strong>fraternum</strong></span> <span class='ocrx_word' id='word_1_881' title='bbox 2816 5226 3016 5293; x_wconf 85' lang='lat' dir='ltr'><strong>portat.</strong></span> <span class='ocrx_word' id='word_1_882' title='bbox 3046 5218 3124 5274; x_wconf 91' lang='lat' dir='ltr'><strong>De</strong></span> <span class='ocrx_word' id='word_1_883' title='bbox 3148 5219 3263 5288; x_wconf 89' lang='lat' dir='ltr'><strong>ipso</strong></span> <span class='ocrx_word' id='word_1_884' title='bbox 3292 5215 3519 5273; x_wconf 79' lang='lat' dir='ltr'><strong>:edilicio</strong></span> 
     </span>
    </p>
   </div>
   <div class='ocr_carea' id='block_1_112' title="bbox 1942 5305 3521 5380">
    <p class='ocr_par' dir='ltr' id='par_1_112' title="bbox 1942 5305 3521 5380">
     <span class='ocr_line' id='line_1_112' title="bbox 1942 5305 3521 5380; baseline -0.003 -15"><span class='ocrx_word' id='word_1_885' title='bbox 1942 5310 2074 5367; x_wconf 86' lang='lat' dir='ltr'><strong>dicit</strong></span> <span class='ocrx_word' id='word_1_886' title='bbox 2107 5309 2434 5380; x_wconf 75' lang='lat' dir='ltr'><strong>Apostolus:</strong></span> <span class='ocrx_word' id='word_1_887' title='bbox 2472 5308 2619 5364; x_wconf 80' lang='lat' dir='ltr'><strong>Alter</strong></span> <span class='ocrx_word' id='word_1_888' title='bbox 2642 5308 2859 5365; x_wconf 86' lang='lat' dir='ltr'><strong>alterius</strong></span> <span class='ocrx_word' id='word_1_889' title='bbox 2899 5326 3060 5365; x_wconf 84' lang='lat' dir='ltr'><strong>onera</strong></span> <span class='ocrx_word' id='word_1_890' title='bbox 3101 5316 3325 5377; x_wconf 86' lang='lat' dir='ltr'><strong>portate,</strong></span> <span class='ocrx_word' id='word_1_891' title='bbox 3357 5313 3406 5358; x_wconf 90' lang='lat' dir='ltr'><strong>et</strong></span> <span class='ocrx_word' id='word_1_892' title='bbox 3444 5305 3521 5362; x_wconf 77' lang='lat' dir='ltr'><strong>sic</strong></span> 
     </span>
    </p>
   </div>
   <div class='ocr_carea' id='block_1_113' title="bbox 1943 5398 3521 5473">
    <p class='ocr_par' dir='ltr' id='par_1_113' title="bbox 1943 5398 3521 5473">
     <span class='ocr_line' id='line_1_113' title="bbox 1943 5398 3521 5473; baseline -0.004 -17"><span class='ocrx_word' id='word_1_893' title='bbox 1943 5400 2287 5472; x_wconf 84' lang='lat' dir='ltr'><strong>adimplebitis</strong></span> <span class='ocrx_word' id='word_1_894' title='bbox 2311 5401 2474 5473; x_wconf 87' lang='lat' dir='ltr'><strong>legem</strong></span> <span class='ocrx_word' id='word_1_895' title='bbox 2502 5401 2716 5458; x_wconf 79' lang='lat' dir='ltr'><strong>Christi.</strong></span> <span class='ocrx_word' id='word_1_896' title='bbox 2757 5401 3071 5459; x_wconf 82' lang='lat' dir='ltr'><strong>Grossiores</strong></span> <span class='ocrx_word' id='word_1_897' title='bbox 3100 5398 3306 5468; x_wconf 87' lang='lat' dir='ltr'><strong>lapides</strong></span> <span class='ocrx_word' id='word_1_898' title='bbox 3329 5412 3396 5451; x_wconf 87' lang='lat' dir='ltr'><strong>ac</strong></span> <span class='ocrx_word' id='word_1_899' title='bbox 3419 5411 3521 5467; x_wconf 91' lang='lat' dir='ltr'><strong>po-</strong></span> 
     </span>
    </p>
   </div>
   <div class='ocr_carea' id='block_1_114' title="bbox 1942 5487 3520 5563">
    <p class='ocr_par' dir='ltr' id='par_1_114' title="bbox 1942 5487 3520 5563">
     <span class='ocr_line' id='line_1_114' title="bbox 1942 5487 3520 5563; baseline -0.003 -17"><span class='ocrx_word' id='word_1_900' title='bbox 1942 5491 2047 5559; x_wconf 75' lang='lat' dir='ltr'><strong>liti,</strong></span> <span class='ocrx_word' id='word_1_901' title='bbox 2090 5507 2184 5547; x_wconf 88' lang='lat' dir='ltr'><strong>seu</strong></span> <span class='ocrx_word' id='word_1_902' title='bbox 2215 5492 2501 5561; x_wconf 89' lang='lat' dir='ltr'><strong>quadrati,</strong></span> <span class='ocrx_word' id='word_1_903' title='bbox 2544 5492 2638 5563; x_wconf 91' lang='lat' dir='ltr'><strong>qui</strong></span> <span class='ocrx_word' id='word_1_904' title='bbox 2675 5500 2951 5562; x_wconf 85' lang='lat' dir='ltr'><strong>ponuntur</strong></span> <span class='ocrx_word' id='word_1_905' title='bbox 2981 5489 3305 5545; x_wconf 81' lang='lat' dir='ltr'><strong>altrinsecus</strong></span> <span class='ocrx_word' id='word_1_906' title='bbox 3347 5487 3482 5543; x_wconf 79' lang='lat' dir='ltr'><strong>loris</strong></span> <span class='ocrx_word' id='word_1_907' title='bbox 3505 5527 3520 5550; x_wconf 89' lang='lat'><strong>,</strong></span> 
     </span>
    </p>
   </div>
   <div class='ocr_carea' id='block_1_115' title="bbox 1942 5577 3523 5655">
    <p class='ocr_par' dir='ltr' id='par_1_115' title="bbox 1942 5577 3523 5655">
     <span class='ocr_line' id='line_1_115' title="bbox 1942 5577 3523 5655; baseline -0.003 -17"><span class='ocrx_word' id='word_1_908' title='bbox 1942 5598 2171 5655; x_wconf 87' lang='lat' dir='ltr'><strong>quorum</strong></span> <span class='ocrx_word' id='word_1_909' title='bbox 2207 5582 2260 5637; x_wconf 92' lang='lat' dir='ltr'><strong>in</strong></span> <span class='ocrx_word' id='word_1_910' title='bbox 2291 5583 2466 5639; x_wconf 89' lang='lat' dir='ltr'><strong>medio</strong></span> <span class='ocrx_word' id='word_1_911' title='bbox 2481 5582 2686 5654; x_wconf 83' lang='lat' dir='ltr'><strong>jaceat,</strong></span> <span class='ocrx_word' id='word_1_912' title='bbox 2718 5583 2922 5652; x_wconf 89' lang='lat' dir='ltr'><strong>lapides</strong></span> <span class='ocrx_word' id='word_1_913' title='bbox 2957 5579 3195 5636; x_wconf 84' lang='lat' dir='ltr'><strong>minores</strong></span> <span class='ocrx_word' id='word_1_914' title='bbox 3234 5577 3523 5650; x_wconf 78' lang='lat' dir='ltr'><strong>perfectio—</strong></span> 
     </span>
    </p>
   </div>
   <div class='ocr_carea' id='block_1_116' title="bbox 1946 5667 3525 5745">
    <p class='ocr_par' dir='ltr' id='par_1_116' title="bbox 1946 5667 3525 5745">
     <span class='ocr_line' id='line_1_116' title="bbox 1946 5667 3525 5745; baseline -0.003 -15"><span class='ocrx_word' id='word_1_915' title='bbox 1946 5691 2030 5732; x_wconf 88' lang='lat' dir='ltr'><strong>res</strong></span> <span class='ocrx_word' id='word_1_916' title='bbox 2060 5674 2158 5731; x_wconf 88' lang='lat' dir='ltr'><strong>viri</strong></span> <span class='ocrx_word' id='word_1_917' title='bbox 2194 5683 2349 5743; x_wconf 89' lang='lat' dir='ltr'><strong>sunt,</strong></span> <span class='ocrx_word' id='word_1_918' title='bbox 2401 5675 2491 5744; x_wconf 87' lang='lat' dir='ltr'><strong>qui</strong></span> <span class='ocrx_word' id='word_1_919' title='bbox 2529 5667 2814 5730; x_wconf 81' lang='lat' dir='ltr'><strong>continent</strong></span> <span class='ocrx_word' id='word_1_920' title='bbox 2860 5670 3184 5729; x_wconf 73' lang='lat' dir='ltr'><strong>infirmiores</strong></span> <span class='ocrx_word' id='word_1_921' title='bbox 3225 5669 3525 5745; x_wconf 76' lang='lat' dir='ltr'><strong>discipulos</strong></span> 
     </span>
    </p>
   </div>
  </div>
