3938 6178
409 276 541 330 1171

1444 275 1777 331 ΑΜΑιΑιω
1814 271 2251 331 PRESBYTER!
2291 268 2635 327 METENSIS

3522 268 3670 323 ιιῖῇ

406 393 521 448 sive
559 390 757 446 fratres
804 391 854 445 in
891 397 1079 463 sancta
1126 388 1368 475 Ecclesia
1413 389 1527 447 suis
1569 388 1789 444 monitis
1821 393 1983 456 atque
2010 384 2063 444 Α
2085 392 2146 438 ut
2176 386 2548 456 pertingamus
2569 383 2637 438 ad
2663 388 2872 457 sextam
2902 395 3065 443 cursu
3091 381 3239 439 horae
3268 381 3466 444 terti:e,
3494 390 3552 434 et
3579 382 3671 433 in-

405 484 762 541 orationibus.
796 481 1077 539 Stabilitas
1108 481 1253 537 enim
1276 480 1416 535 muri
1448 481 1564 536 sine
1595 486 1856 535 caemento
1872 494 1983 535 non

402 583 580 647 potest
622 588 761 631 esse.
792 572 1125 629 Caameutum
1175 572 1320 627 enim
1368 571 1700 628 construitur
1745 570 1892 625 calce
1929 578 1985 625 et

403 668 610 734 sabulo,
643 674 806 736 atque
837 682 977 739 aqua
1004 686 1016 721 :
1057 666 1187 724 Cabt
1219 669 1365 731 enim
1385 666 1600 731 fervens
1620 665 1858 721 charitas
1878 672 1979 730 est,

403 775 524 831 qua:
555 759 656 814 sibi
688 757 966 827 conjungit
993 760 1262 826 sabulum,
1294 760 1346 815 id
1377 768 1481 824 est,
1518 768 1793 813 terrenum
1826 772 1981 826 opus,

402 849 469 903 de
495 862 602 918 quo
631 847 762 903 dicit
795 847 1071 917 apostolus
1107 848 1336 904 Paulus:
1368 848 1535 920 Magis
1566 855 1747 902 autem
1776 844 1985 903 laboret

403 939 679 1009 operando
723 939 974 993 manibus
1017 940 1130 994 suis
1159 941 1300 1009 quod
1335 941 1534 994 bonum
1563 946 1673 1003 est,
1699 946 1759 992 ut
1787 938 1985 991 habeat

404 1028 547 1084 unde
576 1027 779 1084 tribuat
821 1028 1205 1084 necessitatem
1255 1028 1501 1098 patienti.
1549 1026 1799 1083 Charitas
1837 1026 1981 1081 enim

402 1133 531 1174 vera
580 1119 1001 1175 sollicitudinem
1046 1119 1337 1173 maximam
1377 1119 1541 1173 habet
1588 1133 1688 1188 pro
1726 1117 1901 1172 viduis
1930 1125 1986 1171 et

404 1208 666 1264 confectis
693 1216 852 1263 aetate
878 1219 1038 1279 atque
1067 1208 1413 1280 mgritudine,
1460 1208 1573 1263 sive
1610 1207 1857 1281 pupillis,
1889 1221 1986 1261 seu

405 1299 710 1355 debilibus:
752 1309 915 1373 atque
959 1302 1081 1357 ideo
1118 1301 1299 1356 studet
1350 1301 1564 1371 operari
1613 1300 1883 1365 manibus,
1928 1307 1987 1354 ut

406 1394 607 1450 habeat
633 1395 777 1449 unde
799 1396 879 1450 eis
898 1395 1035 1450 bene
1059 1394 1241 1450 faciat.
1272 1394 1479 1449 Recolit
1500 1393 1641 1448 dicta
1659 1391 1985 1456 Salomonis,

411 1484 631 1539 Honora
652 1483 934 1539 Dominum
967 1486 1030 1540 de
1064 1495 1154 1539 tua
1185 1486 1499 1540 substantia.
1533 1485 1601 1539 Et
1632 1486 1860 1549 iterum,
1888 1483 1989 1539 Re-

407 1577 635 1647 demptio
657 1577 849 1631 anima:
877 1578 973 1631 viri
998 1578 1223 1648 propria:
1252 1577 1469 1635 divitiw.
1510 1575 1581 1632 Ut
1606 1577 1750 1633 enim
1779 1576 1898 1632 calx
1935 1583 1989 1630 et

409 1677 554 1720 terra
583 1666 794 1720 valeant
832 1666 899 1721 ad
927 1666 1213 1721 aedilicium
1242 1667 1404 1730 muri,
1433 1681 1586 1737 aquae
1614 1664 1990 1721 commistione

2085 484 2261 530 trante
2288 482 2463 539 sexta,
2479 473 2797 534 incltoemus
2817 470 3045 535 alterum
3067 486 3306 525 cursum.
3326 469 3384 524 Si
3404 470 3677 526 Dominus

2081 566 2335 631 voluerit,
2363 565 2455 635 qui
2482 563 2651 619 solem
2678 578 2835 617 suum
2864 561 2996 624 oriri
3036 559 3166 614 facit
3208 575 3372 629 super
3405 559 3585 617 honos
3619 566 3682 615 et

2083 656 2276 721 malos,
2307 656 2436 710 dare
2460 654 2619 723 nobis
2643 660 2704 707 ut
2739 652 2945 731 aliquid
2970 652 3127 721 digne
3161 651 3433 721 possimus
3469 651 3563 706 hic
3593 651 3678 706 di-

2084 762 2207 802 cere
2234 746 2301 801 de
2327 745 2616 808 varietate,
2638 758 2760 812 qua:
2784 743 2841 796 tit
2864 742 2915 799 in
2942 743 3210 806 cursibus,
3233 741 3286 797 id
3312 749 3415 805 est,
3448 742 3503 796 in
3525 741 3676 811 psal-

2084 838 2296 902 modia,
2328 845 2384 892 et
2425 836 2779 901 lectionibus,
2818 843 2873 889 et
2897 833 3251 903 responsoriis
3290 849 3355 888 ac
3390 835 3674 899 versibus,

2086 928 2224 984 forte
2246 928 2300 982 in
2329 928 2677 998 sequentibus
2717 927 2886 986 libere
2926 925 3256 979 incedemus.
3299 923 3443 978 Dicit
3472 922 3682 978 Paulus

2085 1022 2154 1076 ad
2184 1019 2479 1091 Ephesios:
2513 1017 2694 1072 Nolite
2719 1018 2834 1086 ﬁeri
2856 1016 3233 1086 imprudentes,
3260 1015 3347 1068 sed
3376 1014 3680 1084 intelligen-

2085 1122 2159 1169 tes
2183 1130 2301 1185 quae
2326 1114 2393 1167 sit
2416 1111 2655 1167 voluntas
2684 1110 2802 1164 Dei.
2836 1107 3015 1162 Nolite
3041 1106 3291 1161 inebriari
3317 1107 3458 1172 vino,
3485 1107 3544 1160 in
3574 1123 3680 1176 quo

2086 1214 2161 1261 est
2192 1204 2430 1268 luxuria,
2469 1201 2561 1257 sed
2590 1198 2882 1271 implemini
2928 1196 3130 1268 Spiritu
3159 1206 3372 1267 sancto,
3407 1195 3682 1265 loquentes

2087 1294 2461 1365 nobismetipsis
2488 1292 2543 1345 in
2570 1288 2788 1361 psalmis
2818 1299 2866 1342 et
2897 1288 3100 1357 hymnis
3125 1328 3139 1351 ,
3169 1295 3217 1341 et
3248 1286 3471 1339 canticis
3513 1285 3681 1353 spiri-

2088 1385 2352 1450 tualibus,
2385 1390 2652 1438 cantantes
2692 1388 2740 1434 et
2778 1378 3059 1448 psallentes
3106 1378 3159 1430 in
3209 1375 3455 1430 cordibus
3494 1375 3685 1428 uestris

2092 1474 2339 1530 Domino.
2391 1471 2463 1529 Ut
2508 1472 2576 1527 de
2621 1468 2956 1540 expositione
2997 1467 3169 1522 sancti
3199 1464 3515 1535 Hieronymi
3546 1462 3683 1519 mihi

2090 1571 2449 1621 monstratum
2468 1569 2573 1626 est,
2592 1569 2703 1614 tres
2726 1558 3052 1624 mutationes
3074 1555 3244 1611 nostri
3266 1569 3461 1608 cursus
3482 1554 3537 1606 in
3563 1552 3686 1606 istis

2091 1658 2267 1713 tribus
2294 1653 2578 1728 praeceptis
2602 1652 2917 1724 apostolicis
2953 1648 3195 1720 intelligo
3217 1646 3503 1716 compleri,
3530 1647 3684 1699 vide-

409 1757 759 1828 glutinantur.
786 1757 937 1828 Aqua
959 1756 1194 1827 Spiritus
1215 1729 1434 1814 sanctus
1455 1729 1562 1824 est,
1587 1757 1800 1813 dicente
1819 1729 2065 1814 evan-13
2089 1749 2220 1805 licet
2243 1755 2303 1801 ιιι
2328 1745 2523 1817 ρετιιωί
2549 1745 2658 1799 Sint
2686 1744 2739 1797 ίιὶ
2769 1751 2954 1799 nostra
2985 1740 3256 1796 lOCIlliOlle
3285 1738 3507 1809 quando
3529 1737 3682 1828 P331-

409 1847 598 1912 gelista
635 1845 880 1902 Joanne:
937 1844 1132 1901 Fluent
1175 1848 1238 1901 de
1282 1857 1454 1902 ventre
1500 1848 1614 1917 ejus
1661 1863 1811 1918 aqum
1841 1847 1985 1901 view.

409 1933 524 1989 Hoc
565 1943 744 1990 autem
789 1935 1001 1991 dicebat
1031 1935 1097 1989 de
1137 1933 1341 2005 Spiritu
1391 1942 1612 2001 sancto,
1663 1945 1719 1989 et
1763 1934 1986 2003 reliqua.

410 2022 566 2080 Sicut
586 2027 729 2080 enim
753 2025 869 2081 sine
889 2034 1152 2081 caemento
1174 2026 1378 2096 lapides
1399 2027 1541 2081 muri
1564 2042 1669 2082 non
1685 2024 1996 2097 junguntur

410 2116 569 2172 simul
597 2117 663 2175 ad
689 2117 1037 2172 stabilitatem
1060 2117 1235 2172 muri:
1270 2118 1349 2172 sic
1377 2132 1480 2172 nec
1504 2117 1753 2173 homines
1778 2116 1846 2171 ad
1870 2116 1995 2171 redi-

411 2207 593 2263 ficium
622 2208 860 2265 cmlestis
904 2207 1241 2264 Hierusalem
1281 2218 1507 2278 possunt
1548 2207 1708 2264 simul
1742 2205 1994 2278 conjungi

410 2302 529 2358 sine
550 2302 837 2366 charitate,
862 2316 1023 2372 quam
1047 2301 1280 2374 Spiritus
1304 2310 1522 2359 sanctus
1543 2310 1817 2373 operatur.
1843 2301 1996 2356 Αἰαί-

412 2391 705 2447 ﬁcantibus
726 2391 883 2445 nobis
912 2392 1056 2447 hunc
1092 2408 1306 2450 murum
1334 2394 1531 2448 adsunt
1561 2391 1914 2458 Sanabalath,
1943 2400 1999 2447 et

411 2479 668 2546 Thobias,
697 2487 753 2536 et
774 2479 1003 2546 Arabes,
1023 2489 1078 2536 et
1095 2481 1383 2549 Amanitae,
1405 2491 1458 2537 et
1483 2481 1662 2547 Azoti,
1693 2482 1785 2550 qui
1810 2480 1997 2535 volunt

413 2570 677 2640 impedire
704 2584 840 2640 opus
879 2578 1145 2625 nostrum.
1176 2570 1281 2627 Per
1311 2572 1617 2627 nominatos
1646 2571 1876 2642 gentiles
1913 2571 1995 2625 vi—

412 2662 603 2716 demus
629 2660 905 2716 diabolum
935 2663 1251 2734 impugnare
1274 2678 1374 2718 nos
1398 2678 1522 2718 cum
1547 2662 1715 2716 armis
1740 2663 1852 2716 suis
1879 2676 1999 2733 quae

413 2762 541 2808 sunt
568 2752 699 2829 vitia
736 2752 850 2808 sive
890 2754 1041 2824 pravi
1070 2754 1336 2811 homines.
1384 2753 1453 2809 At
1483 2770 1582 2810 nos
1607 2754 1763 2825 juxta
1793 2767 1998 2809 morem

414 2844 595 2917 populi
636 2841 843 2899 Judaici
876 2852 1159 2901 teneamus
1186 2861 1340 2900 arma
1381 2854 1565 2901 nostra
1612 2846 1863 2901 manibus
1902 2860 2000 2900 no-

416 2937 567 3001 stris,
589 2945 642 2993 et
663 2936 1016 2993 defendamus
1038 2952 1136 2993 nos
1157 2938 1223 2993 de
1252 2939 1484 2994 inimicis
1513 2939 1712 2993 nostris
1737 2938 1805 2992 ad
1828 2938 2019 2995 Deum.

416 3026 730 3107 clamantes.
757 3028 836 3081 lta
861 3029 1006 3093 enim
1034 3028 1293 3099 scriptum
1329 3038 1413 3083 est
1448 3030 1501 3082 in
1531 3028 1670 3083 libro
1696 3035 1997 3098 memorato

418 3117 639 3173 Esdraa:
682 3117 752 3173 Et
787 3121 1052 3177 oravimus
1100 3119 1380 3175 Dominum
1412 3120 1580 3174 Deum
1630 3130 1904 3185 nostrum,
1949 3128 1999 3174 et

419 3212 691 3283 posuimus
722 3212 961 3267 custodes
1003 3229 1159 3284 super
1194 3228 1404 3269 murum
1441 3212 1525 3265 die
1549 3230 1610 3266 ac
1641 3221 1789 3267 nocte
1817 3221 2003 3269 contra

421 3317 531 3357 eos.
567 3301 636 3356 Et
658 3302 820 3372 paulo
846 3308 1004 3372 post:
1046 3300 1116 3355 Et
1147 3300 1345 3370 factum
1380 3309 1477 3367 est,
1510 3320 1542 3355 a
1575 3302 1659 3354 die
1686 3300 1800 3364 illa,
1830 3300 2004 3354 media

420 3409 544 3465 pars
564 3393 820 3463 juvcnum
852 3409 1031 3447 eorum
1067 3391 1291 3463 faciebat
1318 3409 1474 3463 opus,
1521 3403 1573 3447 et
1616 3391 1788 3445 media
1814 3398 2004 3461 parata

426 3495 537 3540 erat
567 3484 635 3539 ad
658 3483 935 3551 bellum,et
961 3483 1176 3549 lanceis,
1200 3493 1246 3537 et
1268 3493 1435 3547 scuta,
1454 3493 1501 3537 et
1533 3500 1707 3548 arcus,
1732 3492 1781 3536 et
1802 3480 2003 3546 (oriae,

427 3586 474 3629 et
499 3576 754 3647 principes
777 3586 893 3647 post
923 3592 1009 3631 eos
1036 3576 1088 3629 in
1118 3576 1258 3629 omni
1285 3574 1439 3629 domo
1474 3571 1652 3639 Iuda,
1697 3580 1749 3627 et
1774 3570 2002 3640 reliqua.

423 3668 617 3723 Nostra
646 3682 797 3721 arma
835 3674 961 3722 sunt
996 3667 1265 3738 protectio
1308 3664 1426 3720 Dei.
1473 3660 1579 3719 Per
1615 3672 1828 3719 scutum
1858 3662 2004 3727 fidei,

425 3767 479 3812 et
506 3756 715 3828 galeam
746 3755 933 3811 salutis
959 3764 1016 3811 et
1041 3754 1275 3828 gladium
1300 3755 1449 3810 verbi
1488 3753 1840 3824 protegimur.
1880 3749 2007 3813 Haec

424 3857 705 3902 teneamus
734 3847 787 3901 in
813 3854 1012 3912 mente,
1039 3846 1254 3916 quando
1282 3859 1471 3899 sumus
1495 3842 1805 3914 congregati
1826 3840 2005 3909 simul,

426 3948 483 3994 et
506 3937 759 4009 princeps
788 3948 974 3991 noster
1002 3938 1073 3991 sit
1098 3937 1378 3992 nobiscum
1408 3936 1526 3990 vice
1554 3933 1777 4001 Christi,
1811 3934 1904 4005 qui
1928 3932 2008 3987 tli-

427 4034 544 4093 cat,
572 4025 715 4081 Deus
736 4027 793 4081 in
812 4025 1137 4096 adjutorium
1164 4041 1336 4079 meum
1362 4024 1593 4090 intende,
1621 4030 1676 4078 et
1700 4023 1891 4078 doceat
1909 4036 2009 4079 nos

425 4133 526 4189 per
560 4117 845 4173 lectionem
890 4124 946 4173 et
990 4117 1199 4172 muniat
1237 4131 1338 4171 nos
1363 4131 1462 4187 per
1492 4116 1801 4170 orationem
1829 4104 2004 4169 Suam.

429 4210 560 4279 Quis
589 4211 687 4265 scit
717 4212 763 4265 si
788 4211 863 4264 sic
890 4209 1176 4280 poterimus
1205 4207 1421 4262 evadere
1447 4207 1511 4263 de
1549 4204 1791 4267 manibus
1834 4203 2011 4259 inimi-

428 4317 609 4355 corum
632 4296 971 4355 nostrorum?
1005 4297 1225 4353 Inerant
1249 4298 1411 4359 etiam
1442 4304 1550 4351 tam
1577 4294 1802 4351 studiosi
1828 4294 1930 4348 viri
1955 4292 2010 4349 in

431 4398 731 4445 memorato
754 4388 951 4460 populo
979 4387 1096 4455 Dei,
1130 4396 1191 4444 ut
1230 4404 1337 4443 una
1378 4403 1541 4441 manu
1575 4393 1821 4442 tenerent
1856 4400 2005 4438 arma
2030 4415 2085 4474 Β

429 4495 528 4551 pro
555 4478 891 4545 defensione,
921 4478 1450 4549 alteraque‘murum
1476 4477 1719 4534 facerent
1743 4496 1755 4531 :
1794 4478 1870 4532 ita
1899 4477 2011 4532 sint

428 4579 483 4626 et
513 4585 703 4625 manus
735 4578 954 4635 nostrm,
983 4569 1036 4623 id
1062 4577 1166 4635 est,
1192 4568 1520 4623 intentiones
1555 4575 1849 4639 porrectae,
1876 4583 2008 4637 qua-

430 4670 585 4714 tenus
611 4675 716 4713 una
738 4659 1024 4713 resistatur
1046 4657 1297 4721 inimicis,
1323 4667 1379 4710 et
1398 4656 1566 4710 altera
1595 4666 1788 4727 agatur
1807 4656 2008 4710 bonum

428 4764 584 4817 opus.
626 4746 826 4802 Eadem
866 4745 1009 4801 enim
1040 4754 1296 4801 resonant
1322 4745 1486 4814 aliqui
1513 4759 1702 4799 versus
1733 4744 1798 4798 de
1828 4744 2006 4800 tertia.

431 4837 488 4889 ln
514 4836 688 4904 prima
713 4836 969 4905 periocha
1005 4835 1205 4888 dicitur
1228 4849 1418 4889 versus
1442 4849 1456 4887 :
1486 4833 1556 4887 Et
1582 4833 1899 4903 respondebo
1924 4849 1998 4887 ea)

431 4924 797 4995 probrantibus
819 4926 946 4979 mihi
975 4923 1204 4989 verbum,
1230 4924 1355 4994 quia
1383 4924 1586 4995 speravi
1608 4925 1663 4977 in
1684 4924 2007 4978 sermonibus

433 5015 576 5079 tuis;
614 5014 672 5068 in
703 5016 937 5070 secunda
969 5015 1196 5071 dicitur:
1231 5015 1454 5085 Superbi
1476 5017 1651 5083 inique
1675 5014 1893 5084 agebant
1921 5031 2010 5068 us-

431 5122 757 5178 quequaque,
793 5122 827 5159 a
852 5105 961 5177 lege
983 5118 1157 5161 autem
1187 5116 1279 5161 tua
1310 5122 1413 5160 non
1438 5105 1694 5160 declinavi
1716 5123 1736 5172 ;
1766 5106 1819 5159 in
1853 5107 2011 5160 tertia

441 5200 513 5254 ita
538 5217 552 5252 :
594 5195 945 5268 Multiplicata
965 5206 1039 5252 est
1068 5214 1223 5267 super
1251 5214 1332 5250 me
1361 5197 1611 5268 iniquitas
1645 5196 2007 5268 superborum,

439 5305 533 5360 ego
558 5296 731 5343 autem
754 5288 810 5341 in
835 5295 941 5341 toto
967 5286 1123 5341 corde
1141 5287 1418 5341 scrutabor
1453 5286 1707 5341 mandata
1734 5294 1843 5339 tua.
1868 5284 2008 5353 Quid

438 5382 610 5436 velint
651 5388 763 5436 tres
810 5377 1160 5449 repetitiones
1203 5377 1256 5431 in
1300 5393 1461 5433 cursu
1499 5378 1701 5443 tertiae,
1736 5376 1793 5430 in
1832 5376 2009 5446 prima

440 5478 797 5526 monstratum
825 5478 927 5524 est.
952 5467 1066 5524 Hoc
1091 5475 1194 5532 est,
1216 5475 1276 5521 ut
1302 5467 1392 5522 hic
1414 5475 1763 5538 protegamur
1781 5481 1878 5536 per
1900 5475 2011 5520 tres

440 5563 603 5616 horas
637 5562 937 5632 usquedum
980 5560 1174 5615 iterum
1217 5559 1605 5622 conveniatur,
1654 5571 1763 5613 una
1808 5557 2015 5615 scilicet

440 5667 537 5720 per
565 5663 812 5723 quartam
842 5664 893 5708 et
919 5655 1186 5725 quintam,
1224 5668 1286 5707 ac
1311 5667 1407 5723 per
1445 5660 1672 5718 sextam,
1705 5651 1777 5705 ita
1813 5658 2011 5713 tamen,

2091 1855 2208 1895 mos
2237 1846 2545 1894 cantamus:
2569 1843 2625 1890 et
2650 1832 2857 1904 hymni,
2884 1831 3102 1902 quando
3146 1844 3215 1883 ex
3242 1828 3482 1906 lectione
3508 1827 3682 1881 dicto-

2090 1947 2212 1986 rum
2234 1938 2543 1985 sanctorum
2566 1925 2788 1981 Patrum
2814 1922 2881 1979 ad
2903 1922 3091 1978 laudes
3111 1921 3206 1976 Dei
3227 1918 3680 1989 compungimur:

2091 2030 2147 2077 et
2175 2019 2410 2084 cantica,
2442 2016 2659 2087 quando
2700 2029 2798 2085 per
2842 2021 3062 2068 cantum
3109 2008 3446 2080 responsorii
3492 2016 3684 2062 nostra

2093 2128 2246 2170 mens
2273 2110 2590 2167 sublevatur
2622 2107 2801 2176 aliqua
2848 2104 3032 2161 lmtitia
3075 2103 3143 2157 ad
3188 2107 3569 2169 contemptum
3595 2114 3684 2154 sn-

2092 2216 2277 2272 pernze
2305 2199 2515 2270 patriaa.
2547 2198 2753 2254 Cantus
2779 2196 2924 2251 enim
2964 2191 3261 2261 sa'pissime
3293 2189 3348 2242 in
3376 2187 3571 2242 laetitia
3597 2202 3686 2243 ce-

2094 2294 2354 2349 lebratur.
2390 2289 2718 2346 Sanctorum
2745 2302 2898 2345 mens
2922 2299 3029 2345 non
3054 2283 3217 2339 habet
3243 2280 3509 2350 majorem
3548 2278 3687 2337 [mti-

2096 2383 2245 2451 tiam,
2297 2396 2457 2451 quam
2486 2389 2546 2434 ut
2568 2393 2666 2448 per
2693 2390 2968 2447 anagogen
3013 2372 3323 2435 sublevetur
3361 2368 3431 2423 ad
3460 2367 3692 2424 calcate

2097 2486 2341 2540 regnum.
2373 2468 2547 2539 Ipsius
2577 2464 2860 2523 memorati
2891 2461 3086 2518 summi
3112 2459 3363 2514 Doctoris
3388 2457 3559 2512 verba
3589 2472 3691 2527 po—

2096 2560 2271 2616 nenda
2294 2566 2420 2614 sunt
2447 2567 2507 2612 ut
2531 2556 2647 2626 ejus
2676 2552 3003 2610 auctoritate
3048 2550 3246 2621 ﬁgatur
3283 2549 3339 2602 in
3370 2555 3557 2603 mente
3591 2561 3693 2600 an-

2096 2647 2358 2703 dientium
2385 2685 2401 2710 ,
2445 2644 2588 2715 quod
2632 2643 2879 2715 cupimus
2926 2639 3211 2693 disserere.
3253 2635 3432 2703 Quid,
3473 2633 3693 2703 inquit,

2098 2738 2311 2792 intersit
2353 2737 2496 2790 inter
2530 2733 2832 2804 psalmum,
2881 2731 3163 2801 hymnum,
3204 2736 3261 2782 et
3288 2726 3593 2788 canticum,
3636 2724 3696 2778 in

2100 2826 2354 2898 psalterio
2396 2823 2710 2895 plenissime
2757 2820 3031 2875 diximus:
3081 2817 3172 2873 hic
3215 2825 3395 2870 autem
3442 2814 3695 2869 breviter

2099 2923 2329 2992 hymnos
2353 2932 2472 2973 esse
2498 2915 2819 2992 dicendum,
2839 2912 2932 2981 qui
2953 2908 3322 2966 fortitudinem
3348 2915 3402 2962 et
3430 2904 3699 2974 majesta-

2100 2990 2209 3068 tem
2236 3010 2532 3081 praedicant
2560 3007 2676 3071 Dei,
2705 3014 2760 3060 et
2781 2990 3021 3072 ejusdem
3048 3013 3262 3070 semper
3284 2997 3368 3051 vel
3388 2996 3697 3062 beneﬁcia,

2101 3103 2187 3158 vel
2217 3100 2357 3156 facta
2387 3099 2672 3153 mirantur.
2714 3093 2868 3162 Quod
2907 3105 3096 3157 omnes
3128 3087 3324 3159 psalmi
3364 3086 3699 3153 continent,

2102 3193 2297 3264 quibus
2336 3189 2563 3245 Alleluia
2594 3187 2678 3242 vel
2715 3183 3060 3257 praepositum
3082 3223 3096 3248 ,
3121 3180 3207 3235 vel
3237 3177 3537 3247 subjectum
3580 3185 3698 3233 est.

2101 3281 2303 3338 Psalmi
2327 3288 2506 3335 autem
2536 3277 2755 3349 proprie
2784 3274 2853 3329 ad
2881 3273 3136 3328 Ethicum
3172 3270 3346 3325 locum
3373 3268 3696 3337 pertinent,

2102 3382 2163 3426 ut
2187 3386 2285 3442 per
2311 3383 2576 3438 organum
2601 3365 2749 3420 vocis
2774 3363 2902 3435 quid
2927 3360 3253 3423 faciendum,
3275 3365 3330 3412 et
3356 3355 3486 3426 quid
3512 3356 3697 3409 vitan-

2104 3464 2230 3517 dum
2257 3461 2329 3516 sit
2357 3459 2685 3514 noverimus.
2720 3456 2820 3522 Qui
2853 3469 2981 3510 vero
3008 3453 3074 3508 de
3097 3450 3460 3521 superioribus
3496 3448 3703 3518 dispu-

2104 3560 2201 3617 tat,
2231 3559 2286 3607 et
2311 3556 2634 3605 conventum
2672 3544 2893 3611 mundi,
2935 3541 3282 3610 omniumque
3305 3544 3696 3592 creaturarum

2103 3643 2347 3699 ordinem
2376 3649 2537 3710 atque
2564 3637 2908 3694 concordiam
2935 3633 3147 3689 subtilis
3176 3632 3475 3700 disputator
3507 3629 3697 3684 disse-

2107 3736 2202 3800 rit,
2252 3734 2354 3789 iste
2393 3731 2672 3802 spirituale
2710 3729 2979 3785 canticum
3011 3726 3175 3781 canit.
3222 3723 3366 3793 Opus
3404 3721 3696 3791 psalterii,

2106 3825 2250 3897 quod
2277 3838 2438 3880 manu
2466 3822 2770 3893 percutitur
2809 3828 2869 3873 ut
2896 3824 3146 3883 resonet,
3184 3814 3252 3870 ad
3291 3828 3451 3883 opera
3492 3820 3696 3868 nostra

2105 3917 2358 3989 pertinet.
2405 3913 2583 3985 Opera
2614 3919 2926 3968 sanctorum
2975 3914 3101 3962 sunt
3143 3919 3321 3961 mores
3356 3902 3516 3969 boni,
3546 3917 3699 3974 quos

2107 4022 2426 4066 exercemus
2469 4005 2582 4061 sive
2627 4003 2682 4058 in
2728 4000 3064 4074 profectione
3110 3996 3405 4068 spiritualis
3452 3995 3697 4057 itineris,

2107 4097 2222 4153 sive
2269 4097 2325 4151 in
2368 4095 2640 4151 occisione
2673 4091 2973 4149 carnalium
3021 4088 3375 4159 voluptatum.
3423 4085 3493 4140 lli
3541 4087 3698 4140 enim

2107 4203 2289 4244 mores
2316 4187 2432 4243 sine
2452 4186 2642 4240 labore
2670 4199 2776 4240 non
2801 4188 3027 4253 possunt
3058 4180 3321 4236 exerceri.
3347 4178 3705 4249 Quapropter

2107 4276 2323 4350 quando
2341 4285 2630 4333 cantamus
2651 4275 2909 4346 psalmos,
2928 4273 3163 4329 solemus
3185 4281 3352 4335 stare,
3375 4280 3436 4325 ut
3456 4286 3524 4325 ex
3542 4280 3704 4328 statu

2109 4367 2353 4438 corporis
2378 4366 2813 4422 demonstremus
2842 4363 3092 4419 affectum
3114 4371 3314 4418 nostrae
3339 4362 3559 4426 mentis,
3591 4364 3704 4419 hoc

2108 4466 2192 4514 est
2212 4465 2435 4529 paratos
2468 4470 2571 4512 nos
2612 4468 2733 4511 esse
2758 4454 2872 4533 sive
2898 4453 2967 4507 ad
2996 4452 3317 4509 domandam
3345 4466 3569 4505 carnem
3600 4468 3707 4507 no-

2109 4554 2299 4612 stram,
2331 4561 2427 4601 seu
2456 4545 2524 4601 ad
2549 4544 2864 4600 exercitium
2891 4543 3071 4612 operis
3115 4543 3170 4596 in
3212 4556 3376 4596 causa
3412 4548 3610 4595 nostra
3647 4550 3709 4597 et

2110 4636 2361 4691 fratrum.
2386 4635 2519 4693 Post
2542 4635 2702 4689 istam
2725 4631 3111 4702 tropologicam
3133 4630 3482 4693 locutionem,
3516 4630 3568 4683 id
3588 4639 3704 4693 est,

2108 4744 2229 4798 quae
2258 4729 2324 4783 de
2352 4727 2596 4783 moribus
2625 4724 2883 4795 disputat,
2912 4721 3261 4790 subsequitur
3286 4720 3471 4784 lectio,
3504 4719 3560 4774 in
3588 4736 3704 4790 qua

2110 4819 2200 4874 illa
2224 4819 2591 4888 reperiuntur,
2617 4829 2737 4884 quae
2777 4820 2996 4868 sanctus
3025 4809 3390 4880 Hieronymus
3415 4809 3707 4879 deputavit

2116 4908 2351 4980 hymnis,
2382 4906 2435 4961 id
2465 4912 2582 4970 est,
2625 4917 2745 4974 quae
2789 4902 2859 4957 ad
2896 4900 3108 4956 laudem
3147 4898 3244 4953 Dei
3284 4898 3579 4967 pertinent.
3622 4896 3705 4954 [bi

2114 4997 2451 5065 majestatem
2476 4994 2691 5051 Domini
2713 4992 3036 5055 invenimus.
3064 4989 3331 5058 quomodo
3353 4989 3705 5044 circumscri-

2113 5096 2239 5157 ptus
2277 5086 2458 5140 omnia
2487 5084 2546 5137 in
2590 5098 2648 5138 se
2689 5082 2983 5147 contineat.
3030 5078 3108 5133 lbi
3146 5077 3520 5134 fortitudinem
3548 5076 3705 5145 ejus.

2114 5174 2384 5243 quomodo
2428 5178 2672 5227 creatum
2713 5169 2967 5240 populum
2995 5181 3151 5222 suum
3177 5166 3413 5221 redimat
3442 5169 3499 5219 in
3534 5182 3706 5220 mnu

2115 5261 2241 5317 forti
2270 5268 2326 5316 et
2349 5259 2573 5316 brachio
2615 5265 2857 5313 extento.
2880 5256 2959 5312 lbi
2982 5255 3243 5311 beneficia
3263 5252 3402 5324 ejus,
3425 5258 3711 5324 quomodo

2112 5354 2290 5423 ipsum
2314 5367 2474 5423 quem
2502 5350 2753 5414 redemit,
2789 5349 2923 5404 ditet
2951 5348 3202 5403 omnibus
3242 5345 3420 5403 bonis.
3447 5345 3528 5400 lbi
3558 5344 3706 5399 facta

2113 5443 2251 5513 ejus,
2277 5441 2547 5513 quomodo
2577 5440 2706 5495 fecit
2736 5437 2932 5493 caelum
2962 5446 3019 5491 et
3063 5445 3265 5490 terram
3284 5475 3299 5499 ,
3338 5444 3396 5490 et
3430 5450 3614 5495 mare,
3648 5447 3707 5488 et

2115 5534 2296 5589 omnia
2317 5548 2438 5602 qua:
2464 5531 2516 5585 in
2545 5531 2626 5585 eis
2653 5536 2795 5584 sunt.
2824 5527 2883 5581 In
2910 5525 2999 5579 illa
3022 5539 3127 5579 non
3151 5524 3302 5579 deest
3324 5524 3705 5585 historiamon

2119 5626 2273 5680 deest
2298 5620 2577 5693 allegoria,
2608 5634 2714 5675 non
2741 5616 2896 5674 deest
2923 5613 3240 5693 tropologia,
3264 5629 3372 5670 non
3396 5614 3708 5678 decstana-
