3938 6178
284 324 340 381 Η
354 324 422 379 73

1042 317 1130 371 DE
1169 314 1723 372 ECCLESIASTICIS
1762 314 2048 373 OFFlCIIS
2088 316 2267 373 LIBRI
2306 318 2504 375 Νι-
2544 316 2669 375 LIB.
2713 318 2806 375 IV.

3420 325 3550 381 ll'ii

275 454 444 511 goge,
497 433 745 506 quamvis
789 429 1089 503 tropologia
1135 445 1380 486 seorsum
1429 429 1758 493 celebretur,
1812 437 1872 483 ut
1901 432 2121 491 Aniam
2165 438 2353 500 pastor
2396 432 2499 487 loci
2546 433 2823 489 doctorem
2855 434 2967 490 vult
3008 440 3299 506 insinuare,
3336 443 3454 499 i‘gw
3487 449 3555 501 in

274 528 634 604 prmtulimus,
667 526 721 581 in
746 524 989 596 psalmis.
1015 523 1075 580 In
1099 522 1398 594 tropologia
1419 522 1749 592 psalmorum
1773 538 1868 577 no-

272 628 389 675 stra
416 632 585 689 opera
610 615 918 681 recolimus,
942 621 999 669 et
1020 614 1074 668 in
1099 612 1400 683 trapologia
1418 611 1714 667 lectionum
1735 609 1867 665 alio-

276 726 421 767 rum.
447 710 566 765 Non
598 707 745 763 enim
767 707 823 761 in
846 705 1062 762 Domini
1091 705 1399 774 majestate,
1422 703 1537 757 sive
1562 702 1617 757 in
1646 717 1743 757 sua
1765 700 1870 757 for-

277 798 533 866 titudine,
564 813 659 855 seu
690 798 745 852 in
771 796 1077 860 beneﬂciis,
1103 795 1189 850 vel
1215 792 1373 849 factis
1392 793 1721 858 laboramus,
1743 807 1869 863 qua-

274 900 500 963 propter
523 890 762 946 solemus
783 888 973 943 sedere
1007 887 1062 941 in
1087 886 1409 941 recitatione
1448 885 1699 941 lectionis
1717 926 1732 951 ,
1774 895 1869 940 aut

272 984 482 1043 silendo
503 992 667 1040 stare.
695 983 753 1038 ln
774 982 1132 1054 responsoriis
1157 996 1391 1052 namque
1412 981 1647 1037 solemus
1677 995 1865 1037 vocem

274 1076 441 1132 altius
464 1075 667 1140 levare,
707 1088 871 1144 quam
911 1073 964 1127 in
990 1072 1385 1143 superioribus,
1416 1071 1469 1126 id
1495 1080 1610 1137 est,
1642 1071 1867 1143 psalmis

272 1177 328 1224 et
355 1167 595 1239 hymnis.
626 1165 733 1222 Per
758 1165 1096 1220 altitudinem
1127 1164 1274 1220 vocis
1301 1164 1641 1219 altitudinem
1671 1165 1868 1219 mentis

274 1265 647 1314 monstramus
672 1274 685 1312 :
727 1271 846 1327 quae
876 1271 934 1312 se
959 1255 1119 1327 erigit
1149 1256 1202 1309 iu
1235 1255 1490 1325 gaudium
1518 1271 1766 1327 supernae
1790 1254 1867 1311 ei-

272 1352 478 1407 vitatis.
506 1351 638 1406 Post
682 1352 825 1406 bona
867 1365 1031 1421 opera
1068 1356 1123 1405 et
1162 1348 1519 1405 refectionem
1555 1349 1755 1406 mentis
1798 1348 1867 1403 de

273 1451 463 1501 saneta
493 1442 793 1512 Scriptura,
824 1442 1071 1513 sequitur
1099 1441 1353 1512 gaudium
1383 1441 1623 1496 caeleste.
1651 1439 1762 1496 Cur
1787 1456 1869 1497 τες

273 1533 593 1605 sponsorius
623 1532 867 1598 dicatur,
909 1533 961 1586 in
994 1531 1287 1601 scriptione
1314 1532 1494 1586 missae
1525 1530 1730 1586 dictum
1758 1538 1861 1586 est.

274 1624 699 1695 Responsorium
734 1624 788 1678 in
818 1624 923 1678 isto
945 1623 1067 1679 loco
1087 1623 1316 1679 canticis
1336 1622 1704 1694 spiritualibus
1723 1637 1863 1677 como

268 1729 547 1785 paramus.
578 1714 801 1771 Cantica
834 1724 979 1781 sunt,
1013 1716 1139 1786 quia
1176 1723 1495 1771 cantantur:
1530 1713 1858 1785 spiritualia,

1932 570 1941 573 _
1972 522 2339 591 praetermittit
2368 537 2521 578 suam
2543 524 2866 592 doctrinam,
2897 536 2957 582 ut
2983 529 3175 587 doceat
3202 550 3558 608 unumquem-

1971 630 2077 684 que
2103 614 2401 681 doctorem,
2436 616 2613 685 primo
2640 627 2890 687 oportere
2909 624 3145 690 operari,
3172 635 3228 681 et
3256 638 3443 697 postea
3468 632 3558 686 do-

1970 718 2116 760 cere.
2161 705 2240 760 De
2278 720 2385 775 qua
2429 706 2561 761 dicit
2602 707 2814 780 Moyses
2842 709 2897 765 in
2931 710 3072 767 libro
3111 714 3512 775 Deuteronomii
3540 764 3553 786 ,

1973 793 2097 850 Non
2124 795 2302 851 arabis
2325 797 2380 851 in
2400 797 2745 869 primogenita
2772 801 2935 856 bovis.
2962 802 3149 859 Potest
3169 806 3334 861 etiam
3359 809 3411 863 in
3438 810 3557 867 istis

1971 885 2146 945 tribus
2183 887 2543 943 varietatibus
2584 903 2745 945 omne
2785 904 2954 961 genus
2992 895 3321 952 musicorum
3360 901 3553 971 accipi,
3590 916 3602 928 ’

1969 978 2112 1045 quod
2136 978 2401 1049 antiquus
2414 981 2642 1051 populus
2663 987 2954 1043 exercebat
2976 989 3030 1043 in
3053 990 3265 1047 laudem
3292 993 3407 1049 Dei.
3437 995 3556 1051 Tri-

1970 1066 2160 1158 iormis
2179 1078 2264 1125 est
2286 1078 2479 1127 natura
2509 1075 2729 1131 musica:
2751 1079 2906 1134 artis.
2929 1080 3036 1135 Aut
3055 1083 3198 1137 enim
3224 1100 3325 1156 per
3340 1086 3555 1158 pulsum

1968 1157 2258 1229 digitorum
2289 1160 2370 1226 ﬁt,
2407 1170 2469 1216 ut
2495 1164 2551 1218 in
2587 1165 2848 1234 psalterio
2878 1177 2934 1224 et
2960 1170 3204 1239 cithara,
3245 1183 3302 1231 et
3342 1157 3557 1235 caeteris

1968 1248 2134 1314 vasis,
2162 1265 2283 1320 quas
2318 1251 2476 1322 pulsu
2510 1252 2804 1326 digitorum
2843 1267 3178 1330 tanguntur:
3215 1272 3309 1319 aut
3331 1280 3431 1336 per
3455 1282 3555 1322 vo-

1966 1354 2107 1407 cem,
2130 1349 2191 1395 ut
2214 1350 2301 1398 est
2319 1352 2544 1400 cantus:
2567 1354 2661 1402 aut
2687 1364 2785 1418 per
2805 1348 3012 1416 ﬂatum,
3039 1354 3179 1409 sicut
3201 1366 3285 1412 est
3307 1357 3362 1413 in
3386 1360 3550 1416 tubis.

1966 1430 2094 1486 Haec
2119 1432 2222 1486 tria
2248 1443 2621 1490 memorantur
2647 1437 2702 1492 in
2722 1438 3007 1497 Psalterio.
3038 1442 3179 1499 Dicit
3199 1446 3439 1515 psalmus
3459 1452 3556 1505 tri-

1966 1523 2202 1577 cesimus
2229 1525 2533 1580 secundus:
2563 1523 2895 1597 Canﬁtemini
2915 1532 3144 1588 Domino
3166 1535 3219 1590 in
3248 1538 3474 1605 cithara,
3500 1542 3555 1595 in

1964 1612 2214 1684 psalterio
2262 1615 2438 1669 decem
2483 1616 2802 1673 chordarum
2843 1621 3054 1691 psallite
3090 1625 3211 1681 illi:
3250 1626 3474 1685 Cantate
3506 1633 3556 1685 ei

1966 1707 2229 1761 canticum
2258 1724 2478 1775 norunt,
2507 1709 2632 1764 bene
2670 1711 2878 1783 psallite
2903 1715 2951 1768 ei
2978 1716 3035 1770 in
3064 1719 3457 1788 vociferatione.
3486 1723 3554 1780 Et

270 1781 397 1876 quia
418 1806 733 1876 praecedunt
759 1822 826 1862 ex
849 1781 1172 1875 jubilatione
1201 1805 1462 1877 spiritalis
1490 1781 1707 1861 mentis.
1736 1805 1856 1864 Alia
1890 1781 1941 1841 Β
1966 1796 2163 1852 “erum
2189 1798 2242 1853 in
2270 1799 2484 1868 1³8³1ωο
2509 1781 2703 1856 leniori
2748 1800 2878 1858 V008
2900 1821 3015 1860 mea
3041 1808 3112 1861 ad
3133 1781 3421 1866 Dominum
3442 1813 3551 1869 cla-

270 1897 417 1953 enim
439 1906 564 1952 sunt
584 1897 818 1963 cantica,
842 1913 963 1968 qua:
982 1897 1049 1953 de
1074 1898 1335 1969 singulari
1358 1914 1582 1954 munere
1600 1901 1854 1973 gaudent,

269 1994 332 2042 ut
356 1993 484 2043 sunt
506 2002 571 2043 ea
596 1987 665 2042 de
699 1989 895 2058 quibus
920 1989 1238 2058 scripsimus
1273 1989 1326 2043 in
1367 1990 1723 2060 baptisteria:
1763 1991 1857 2047 ubi

268 2080 522 2153 gaudium
569 2081 827 2152 tripudiat
870 2082 1268 2152 neophytorum
1304 2080 1371 2137 de
1397 2083 1661 2155 singulari
1698 2084 1858 2140 inno-

266 2171 469 2237 centia,
508 2172 705 2242 quibus
738 2186 897 2227 nemo
936 2173 1261 2242 respondet:
1303 2178 1358 2228 et
1400 2172 1507 2227 alia
1547 2182 1676 2229 sunt
1717 2174 1856 2242 ista,

267 2263 466 2336 quibus
486 2265 855 2335 unusquisque
877 2263 1107 2319 alterum
1128 2264 1400 2319 incitatad
1421 2264 1731 2320 mansiones
1754 2281 1857 2322 ete-

268 2362 451 2422 lestes,
478 2371 598 2427 qua:
627 2355 808 2410 multa:
834 2364 961 2410 sunt
986 2355 1042 2409 in
1072 2355 1233 2410 domo
1266 2354 1461 2425 patris.
1501 2353 1641 2422 Quid
1669 2371 1857 2412 versus

268 2447 598 2519 responsorii
622 2446 917 2516 signiticet:
942 2447 996 2502 in
1023 2454 1325 2501 memorato
1361 2444 1538 2500 cilicio
1564 2443 1739 2500 Missas
1764 2444 1858 2500 de-

268 2536 604 2608 scripsimus,
629 2538 732 2592 hoc
756 2544 859 2603 est,
892 2545 955 2591 ut
978 2537 1086 2593 duo
1109 2537 1220 2591 sint
1242 2537 1295 2590 in
1321 2535 1695 2591 ecclesiastico
1714 2535 1852 2599 viro,

268 2626 493 2691 scilicet,
508 2626 816 2683 exhortatio
836 2627 904 2682 ad
922 2626 1139 2693 fratres,
1162 2634 1219 2681 et
1239 2625 1528 2697 singularis
1547 2625 1858 2695 deprecatio

269 2717 339 2771 ad
358 2715 663 2772 Dominum.
686 2717 873 2773 Gloria
895 2717 1245 2788 subsequitur
1264 2717 1319 2771 in
1342 2708 1639 2787 anagogieo
1657 2713 1853 2771 cilicio.

269 2804 411 2862 Nulli
437 2808 659 2864 dubium
685 2810 828 2878 quod
857 2808 1006 2863 nullo
1031 2808 1086 2863 in
1117 2808 1238 2864 loco
1267 2815 1417 2862 tanta
1446 2807 1615 2878 gloria
1652 2805 1858 2862 refera-

268 2907 359 2955 tur
386 2901 525 2967 Deo,
570 2910 773 2973 quanta
799 2902 854 2957 in
884 2910 1031 2959 coetu
1070 2908 1382 2957 sanctorum
1426 2898 1740 2971 angelorum
1759 2938 1775 2964 ,
1803 2907 1858 2954 et

269 3005 458 3047 eorum
482 3003 797 3049 sanctorum
827 2993 921 3063 qui
952 2993 1008 3048 in
1038 2999 1331 3063 conspectu
1368 2991 1580 3046 Domini
1621 2998 1768 3045 sunt.
1797 2989 1857 3045 ιιι

1961 1894 2117 1946 mari.
2175 1893 2311 1949 item
2358 1895 2412 1949 in
2461 1894 2669 1965 psalmo
2712 1897 3008 1953 cente‘simo
3055 1898 3541 1973 quinquagesimo:

1962 1982 2203 2038 Laudate
2231 2000 2350 2039 eum
2377 1984 2433 2039 in
2460 2002 2588 2040 sano
2615 1986 2753 2041 tuba:
2770 2027 2785 2052 ,
2818 1986 3034 2043 laudate
3061 2004 3180 2044 eum
3219 1991 3274 2046 in
3299 1991 3550 2063 psalterio

1958 2081 2007 2127 et
2031 2074 2238 2129 cithara
2256 2088 2275 2127 :
2304 2073 2545 2130 Laudate
2565 2092 2683 2131 eum
2703 2076 2759 2131 in
2785 2086 3032 2149 tympano
3054 2088 3102 2135 et
3129 2081 3309 2150 choro,
3333 2082 3551 2138 laudate

1958 2177 2077 2216 eum
2102 2164 2161 2218 in
2186 2164 2397 2219 chordis
2425 2174 2475 2219 et
2503 2180 2725 2237 organo.
2764 2166 3004 2223 Laudate
3041 2186 3163 2225 eum
3202 2173 3260 2227 in
3295 2174 3548 2245 cymbalis

1959 2250 2086 2308 bene
2124 2253 2453 2317 sanantibus,
2500 2263 2557 2309 ct
2604 2255 2832 2325 reliqua.
2869 2256 3096 2324 Quando
3134 2261 3278 2317 enim
3315 2256 3552 2333 psalmos

1958 2353 2265 2412 cantamus,
2279 2360 2449 2417 genus
2467 2360 2786 2404 exercemus
2811 2352 3048 2417 musicae,
3073 2355 3219 2423 quod
3240 2353 3302 2409 tit
3318 2371 3417 2426 per
3434 2358 3552 2428 pul-

1957 2451 2078 2492 sum
2102 2437 2414 2509 digitorum.
2460 2438 2596 2493 Nam
2636 2448 2698 2495 et
2736 2441 2977 2508 psalterii
3015 2458 3266 2501 velamen
3289 2487 3304 2511 ,
3344 2452 3555 2519 accepit

1957 2542 2155 2584 nomen
2198 2543 2230 2583 a
2281 2530 2538 2599 psalterio
2581 2533 2805 2589 musica:
2845 2534 3000 2590 artis.
3041 2536 3268 2604 Quando
3299 2539 3547 2610 legimus,

1957 2633 2128 2689 genus
2154 2618 2286 2674 illud
2312 2634 2653 2687 exercemus,
2685 2623 2831 2691 quod
2869 2638 2968 2695 per
2995 2638 3186 2681 vocem
3217 2626 3297 2682 iit.
3339 2627 3552 2684 Lectio-

1957 2729 2105 2781 nem,
2134 2729 2293 2770 voces
2318 2715 2539 2770 vocavit.
2561 2715 2760 2772 Paulus
2789 2718 3066 2787 apostolus
3096 2719 3151 2773 in
3173 2718 3402 2776 Actibus
3428 2735 3553 2792 apo-

1957 2804 2255 2861 stolorum:
2287 2804 2621 2875 Ignorantes,
2654 2807 2850 2878 inquit,
2878 2808 3061 2863 Iesum
3085 2818 3133 2864 et
3158 2826 3306 2866 voces
3330 2816 3553 2882 prophe-

1958 2907 2156 2962 tarum,
2201 2913 2317 2967 aute
2359 2914 2455 2968 per
2493 2914 2646 2953 omne
2690 2898 2966 2954 sabbatum
3012 2899 3277 2972 leguntur.
3324 2900 3554 2970 Quando

1959 2989 2307 3058 responsuris
2335 3000 2652 3056 cantamus,
2685 2991 2843 3062 quasi
2886 3006 2986 3063 per
3028 2992 3211 3048 tubam
3249 2994 3555 3050 exaltamus

268 3083 389 3139 istis
420 3084 758 3152 lectionibus,
793 3085 1003 3141 scilicet
1030 3085 1371 3139 diurnalibus
1400 3099 1504 3139 non
1533 3085 1740 3154 petitur
1766 3085 1858 3141 be-
1884 3123 1929 3185 α
1962 3097 2149 3139 vocem
2177 3083 2464 3139 excitando
2490 3085 2559 3140 ad
2600 3084 2796 3140 altiora
2838 3084 3069 3154 fratres,
3116 3101 3290 3158 usque
3328 3089 3555 3146 adeant

268 3174 504 3229 nedictio
539 3190 571 3230 a
612 3175 851 3247 majore,
883 3175 1141 3245 quoniam
1175 3172 1351 3243 major
1379 3181 1566 3230 cantat
1607 3189 1732 3239 eas,
1763 3176 1855 3245 qui

263 3264 406 3319 solet
426 3265 597 3321 vicem
628 3265 833 3323 Christi
874 3273 1063 3321 tenere
1096 3265 1153 3320 in
1182 3264 1444 3321 Ecclesia.
1486 3264 1601 3320 Hoc
1630 3266 1861 3323 interest

267 3356 409 3411 inter
429 3354 529 3412 has
550 3356 839 3423 lectiones,
868 3364 925 3412 et
949 3355 1096 3411 illam
1119 3370 1241 3424 qua:
1265 3355 1334 3409 ad
1365 3356 1587 3411 missam
1617 3355 1859 3413 celebra-

264 3458 385 3513 tur,
432 3450 577 3518 quod
621 3457 705 3504 est
751 3449 897 3504 inter
940 3447 1293 3504 domesticam
1338 3447 1763 3503 admonitionem
1803 3456 1859 3502 et

267 3539 412 3595 diam
440 3554 565 3610 quas
591 3540 657 3595 ad
684 3539 1000 3595 concionem
1030 3539 1229 3611 agitur.
1256 3539 1405 3595 Illam
1427 3541 1570 3595 enim
1596 3555 1760 3612 quam
1791 3543 1858 3598 ad

266 3630 488 3686 missam
515 3629 743 3702 agimus,
766 3645 833 3685 ex
855 3631 1026 3703 gradu
1050 3631 1288 3687 solemus
1310 3631 1579 3703 proferre,
1601 3641 1661 3689 ut
1681 3636 1859 3692 omnis

264 3721 494 3793 populus
520 3737 641 3777 eam
669 3722 874 3778 audiat.
915 3723 1089 3791 Quam
1139 3725 1476 3796 praetulimus
1504 3726 1560 3781 in
1586 3725 1763 3786 cilicio
1793 3729 1859 3785 de

265 3812 582 3884 baptisteria
609 3822 830 3885 propter
853 3822 1056 3871 statum
1093 3816 1356 3887 temporis
1374 3857 1389 3883 ,
1421 3817 1477 3873 id
1503 3824 1588 3873 est
1623 3815 1763 3884 diei,
1791 3819 1859 3874 ad

264 3903 540 3975 sapientes
563 3903 702 3972 ﬂeri,
732 3905 788 3962 in
818 3921 924 3977 qua
949 3912 1005 3963 et
1031 3914 1223 3963 auctor
1255 3908 1323 3964 ad
1351 3909 1671 3964 memoriam
1700 3909 1861 3965 redu-

265 3995 433 4062 citur,
460 4003 520 4051 ut
550 3997 597 4053 sl
638 3996 780 4054 forte
820 3998 1016 4071 aliquis
1050 4013 1273 4067 eorum,
1324 4001 1417 4071 qui
1462 4010 1861 4074 congregantur

266 4100 335 4140 ex
362 4084 631 4143 universis
654 4086 786 4144 locis
819 4097 1044 4161 propter
1086 4089 1369 4146 raritatem
1405 4090 1678 4157 lectionis,
1704 4092 1858 4149 ineo-

267 4176 474 4247 gnitam
509 4178 674 4234 habet
696 4180 1002 4248 historiam,
1043 4181 1228 4237 audiat
1256 4189 1532 4240 auctorem
1551 4224 1567 4249 ,
1596 4182 1688 4253 qui
1718 4182 1861 4241 forte

268 4283 381 4323 non
410 4277 494 4324 est
520 4270 827 4343 incognitus
850 4279 913 4332 et
929 4287 998 4329 ex
1024 4272 1142 4343 ejus
1164 4274 1491 4331 auctoritate
1510 4273 1718 4332 ﬁrmius
1738 4274 1860 4331 inli-

268 4366 471 4431 gantur
490 4362 656 4418 verba
679 4363 952 4431 lectionis,
970 4364 1028 4420 in
1052 4365 1237 4431 corde,
1256 4366 1349 4436 qui
1378 4373 1560 4422 tamen
1585 4367 1860 4437 sapientes

1918 3161 1929 3184 ⁸
1960 3173 2307 3243 perveniatur
2325 3174 2394 3228 ad
2414 3172 2628 3229 laudem
2650 3183 2854 3231 sancta:
2878 3174 3182 3242 Trinitatis,
3208 3184 3262 3233 et
3282 3177 3551 3241 dicamus,

1959 3261 2142 3319 Gloria
2188 3263 2372 3330 Patri,
2404 3273 2454 3319 et
2500 3263 2668 3332 Filio,
2708 3275 2759 3321 et
2806 3265 3035 3337 Spiritui
3079 3276 3282 3322 sancto.
3330 3266 3555 3335 Quanto

1958 3356 2102 3411 enim
2139 3353 2331 3410 melius
2367 3362 2453 3409 est
2482 3370 2680 3426 corpus
2716 3364 2964 3413 nostrum
2989 3358 3135 3413 vasis
3156 3360 3397 3425 musicis,
3432 3376 3553 3430 qum

1957 3433 2369 3500 aediﬁcabantur
2393 3456 2492 3514 per
2527 3446 2809 3502 homines:
2838 3454 2992 3503 tanta
3019 3449 3294 3519 acceptius
3323 3458 3409 3505 est
3437 3450 3548 3509 Deo

1958 3536 2279 3607 obsequium
2307 3536 2362 3590 in
2393 3544 2637 3607 tempore
2667 3538 2792 3604 isto,
2818 3553 2981 3609 quam
3007 3547 3152 3595 esset
3183 3540 3239 3594 in
3262 3540 3463 3610 prisco.

2029 3629 2098 3683 Et
2123 3637 2331 3699 quanto
2360 3628 2554 3684 melior
2580 3639 2667 3685 est
2695 3630 2781 3686 lex
2820 3630 3119 3699 libertatis,
3166 3646 3287 3702 qua:
3331 3639 3414 3688 est
3456 3647 3556 3705 per

1958 3721 2192 3794 gratiam
2227 3719 2362 3776 Novi
2389 3720 2746 3788 Testamenti,
2787 3721 2904 3793 lege
2942 3723 3253 3778 servitutis:
3286 3731 3438 3780 tanta
3467 3724 3554 3779 di-

1958 3814 2117 3885 gnius
2152 3819 2265 3879 est,
2314 3818 2375 3867 ut
2403 3812 2458 3867 in
2486 3813 2708 3884 proprio
2744 3827 2974 3884 corpore
3010 3814 3308 3870 habeamus
3341 3813 3553 3879 laudes,

1959 3920 2099 3980 quas
2141 3905 2218 3961 illi
2255 3920 2472 3977 semper
2514 3912 2570 3962 et
2599 3905 2801 3976 ubique
2837 3904 3172 3972 referamus,
3207 3919 3371 3975 quam
3401 3905 3457 3961 in
3494 3904 3556 3960 li-

1959 4000 2114 4073 gneis
2140 3999 2286 4055 vasis
2324 4005 2380 4055 ct
2422 3998 2602 4055 mrcis.
2643 3997 2744 4055 llic
2775 3998 2973 4055 iterum
3002 3999 3249 4069 cupimus
3280 3997 3462 4055 dicere
3489 3998 3557 4053 de

1958 4109 2141 4151 versu.
2170 4094 2373 4150 Versus
2411 4093 2550 4149 hanc
2582 4093 2695 4148 vim
2728 4092 2922 4158 habet,
2956 4100 3016 4146 ut
3045 4091 3285 4147 converti
3330 4093 3554 4147 chorum

1962 4196 2132 4245 latum
2163 4185 2326 4243 faciat
2349 4186 2417 4241 ad
2441 4201 2629 4249 unum,
2656 4193 2818 4254 atque
2846 4192 3014 4238 totam
3038 4184 3392 4238 intentionem
3416 4182 3557 4237 illius

1959 4278 2029 4334 ad
2058 4292 2204 4344 rem,
2237 4289 2341 4348 pro
2380 4291 2487 4346 qua
2536 4274 2715 4344 agitur
2747 4271 3002 4329 oﬂicium.
3051 4271 3221 4328 Sicuti
3253 4282 3338 4328 est
3377 4273 3556 4344 primo

1960 4380 2161 4435 mane;
2212 4366 2474 4435 Exsurge,
2508 4362 2763 4429 Domine’,
2801 4362 3000 4433 adjuva
3037 4380 3130 4418 nos
3168 4372 3216 4417 et
3248 4362 3413 4418 libera
3461 4379 3555 4417 nos

267 4458 497 4519 possunt
520 4465 640 4507 esse
673 4461 893 4524 propter
922 4462 1126 4510 rectam
1155 4457 1624 4513 conversationem
1650 4476 1663 4511 :
1708 4466 1765 4514 at
1800 4458 1857 4514 hi
1883 4471 1938 4532 Ι)
1960 4466 2171 4529 propter
2200 4470 2385 4510 nomen
2412 4464 2581 4509 tuum.
2610 4453 2690 4510 Ac
2718 4454 2763 4509 si
2785 4452 2962 4509 dicat:
2989 4453 3297 4525 Exsurgere
3323 4468 3423 4509 nos
3446 4452 3553 4516 fac,

270 4540 365 4609 qui
406 4552 619 4612 semper
646 4542 703 4597 in
745 4543 1128 4600 ecclesiasticis
1173 4545 1340 4601 rebus
1384 4547 1672 4614 insistunt,
1709 4555 1767 4605 et
1805 4549 1859 4603 in

268 4631 503 4689 lectione
529 4633 712 4688 divina
739 4641 801 4689 ut
826 4642 952 4690 sunt
982 4635 1264 4691 domestici
1298 4635 1558 4693 Ecclesia:
1576 4680 1590 4703 ,
1628 4650 1735 4695 non
1764 4640 1860 4696 ha-

268 4724 402 4779 bent
429 4737 652 4780 necesse
681 4725 869 4781 audire
893 4734 1172 4781 auctorem
1197 4741 1213 4779 :
1250 4726 1376 4796 quia
1414 4741 1480 4780 ex
1513 4726 1742 4783 lectione
1769 4743 1860 4783 co-

268 4822 540 4886 gnoscunt
580 4824 899 4872 auctorem:
937 4824 995 4873 ut
1032 4816 1261 4887 legimus
1294 4817 1349 4871 in
1379 4815 1585 4883 Esdra,
1628 4827 1861 4887 quatuor

270 4904 533 4961 lectiones
574 4904 774 4962 ﬂebant
819 4908 873 4962 in
919 4908 1006 4963 die
1042 4907 1110 4963 ab
1139 4908 1361 4978 antiquo
1402 4907 1497 4963 Dei
1530 4909 1747 4979 populo.
1792 4908 1860 4964 Et

270 4994 470 5049 merito
482 5003 738 5066 quatuor,
756 4998 879 5067 quia
894 5004 1127 5068 quatuor
1145 4998 1428 5055 elementis
1441 5008 1660 5057 constat
1674 5001 1855 5067 homo,

270 5091 334 5140 ut
360 5089 781 5159 unumquodque
804 5088 1131 5144 elementum
1158 5105 1258 5159 per
1290 5100 1659 5163 competentes
1694 5093 1859 5149 horas

271 5191 335 5233 se
351 5175 545 5233 oﬂ'erat
565 5180 801 5235 creatori
826 5195 945 5235 suo.
963 5180 1200 5236 Primam
1221 5197 1456 5252 namque
1470 5183 1626 5254 juxta
1651 5199 1857 5241 morem

271 5278 522 5326 nostrum
550 5272 884 5341 praetulimus
904 5273 1022 5329 sine
1048 5272 1299 5330 lectione.
1326 5272 1385 5329 Si
1412 5274 1499 5330 illa
1526 5291 1632 5331 non
1659 5277 1860 5333 habue-

272 5362 348 5417 rit
373 5361 678 5439 lectionem,
709 5378 813 5418 non
841 5375 1000 5419 erunt
1026 5372 1227 5421 nostra:
1262 5364 1522 5421 lectiones
1567 5374 1645 5421 tot
1666 5408 1680 5431 ,
1728 5375 1859 5438 quot

272 5453 498 5509 fuerunt
525 5456 579 5510 in
606 5457 705 5511 illo
728 5458 948 5528 antiquo
975 5458 1067 5513 Dei
1106 5458 1322 5529 populo.
1368 5457 1709 5528 Quapropter
1728 5473 1856 5525 pro-

271 5553 525 5601 curatum
553 5556 635 5603 est
669 5563 700 5603 a
728 5550 928 5605 sanctis
970 5549 1240 5613 Patribus,
1271 5557 1329 5603 ut
1358 5549 1410 5603 in
1440 5550 1677 5619 capitulo
1709 5551 1858 5620 lege-

275 5646 430 5693 retur
477 5637 564 5692 illa
609 5639 789 5705 lectio,
836 5656 955 5709 (μω
1004 5641 1217 5696 silentio
1263 5642 1627 5711 prmtermissa
1677 5649 1762 5697 est
1804 5642 1858 5698 in

273 5725 478 5784 Prima.
514 5730 578 5788 Et
609 5749 715 5788 non
745 5733 944 5789 frustra
975 5733 1045 5789 ibi
1084 5733 1449 5806 przctcrmissa
1484 5744 1566 5791 est
1600 5732 1694 5796 sed
1724 5751 1855 5806 quo-

1962 4548 2212 4617 Domine,
2244 4547 2312 4604 ad
2352 4560 2517 4620 opera
2554 4555 2611 4602 et
2652 4545 2845 4616 adjuva
2871 4546 3072 4602 virtute
3112 4545 3321 4602 brachii
3365 4546 3440 4600 tui
3486 4545 3553 4599 ad

1960 4640 2315 4713 operandum,
2343 4645 2401 4694 et
2434 4636 2605 4693 libera
2633 4635 2701 4692 de
2746 4635 2991 4702 insidiis,
3034 4651 3155 4707 quae
3181 4644 3384 4708 parata:
3429 4640 3555 4693 sunt

1960 4740 2148 4788 contra
2176 4744 2295 4787 nos.
2328 4729 2482 4785 lianc
2521 4728 2839 4799 petitionem
2887 4726 3115 4783 intentio
3155 4726 3354 4783 mentis
3393 4726 3555 4783 debet

1960 4828 2015 4881 in
2048 4840 2104 4881 se
2134 4825 2369 4881 retinere
2399 4824 2452 4879 in
2474 4822 2651 4878 cilicio
2679 4820 2897 4877 Primus.
2918 4819 2990 4875 At
3014 4819 3103 4876 hic
3130 4819 3187 4875 in
3216 4819 3401 4876 Tertia
3425 4819 3557 4875 dicit

1958 4930 2172 4981 versus,
2203 4913 2430 4986 Adjutor
2455 4928 2609 4969 meus
2628 4920 2764 4977 esto,
2788 4927 2856 4967 ne
2882 4910 3226 4982 derelinquas
3249 4924 3355 4977 me,
3375 4925 3552 4982 neque

1960 5008 2227 5080 despicias
2274 5023 2392 5073 me,
2444 5007 2590 5062 Deus
2633 5003 2887 5061 salutaris
2929 5019 3121 5060 meus:
3159 5003 3236 5059 Ae
3282 5004 3328 5060 si
3368 5004 3551 5059 dicat:

1958 5099 2221 5170 Adjuvisti
2251 5114 2350 5155 nos
2380 5112 2554 5169 usque
2600 5096 2668 5151 ad
2712 5108 2952 5167 prtesens
2991 5101 3237 5164 tempus,
3267 5090 3458 5162 adiuva
3500 5102 3555 5146 ct

1960 5193 2235 5260 deinceps.
2268 5187 2515 5244 Nondum
2548 5185 2897 5259 pervenimus
2932 5184 3000 5240 ad
3028 5184 3083 5257 id
3110 5199 3220 5255 quo
3248 5181 3548 5244 tendimus,

1961 5284 2014 5339 id
2043 5290 2127 5337 cst
2161 5282 2226 5336 ad
2256 5281 2559 5345 meridiem,
2594 5281 2646 5335 in
2682 5294 2790 5350 quo
2816 5285 2872 5332 tu
2901 5276 3110 5348 pascis,
3148 5277 3200 5330 in
3239 5288 3348 5343 quo
3377 5281 3433 5327 tu
3462 5288 3554 5326 ac—

1961 5374 2156 5435 cubas,
2197 5371 2350 5441 juxta
2396 5371 2618 5427 Cantica
2676 5370 3034 5425 canticorum.
3085 5364 3161 5419 Ne
3213 5362 3553 5431 derelinquas

1961 5480 2059 5520 nos
2092 5465 2144 5519 in
2182 5464 2286 5519 isto
2320 5465 2532 5530 itinere,
2572 5478 2748 5535 neque
2780 5461 3047 5531 despicias
3087 5468 3185 5513 nos
3231 5455 3373 5509 Deus
3407 5451 3550 5508 salu-

1963 5557 2095 5612 taris
2123 5563 2324 5613 noster.
2352 5555 2553 5613 Deinde
2580 5549 3013 5629 scquitur_Kyrie
3039 5545 3231 5602 elcison
3263 5554 3315 5600 ct
3346 5541 3549 5600 Christe

1960 5649 2173 5706 elcison.
