3938 6178
428 281 568 348 U75

1041 391 1269 449 CAPUT
1313 392 1400 448 IV.

426 487 503 545 De
526 486 761 543 oratione
786 499 943 555 quam
970 492 1250 555 conventus
1279 480 1507 551 fratrum
1538 482 1762 537 celebrat
1786 498 1878 553 per
1905 481 2010 536 ali-

712 551 837 625 quot
862 566 1046 607 cursus
1070 551 1288 606 diurnas
1318 562 1723 624 nocturnosque.

494 689 596 745 Est
616 686 868 749 sacerdos
892 685 947 739 in
973 692 1135 749 terra,
1165 684 1252 741 cui
1280 698 1504 740 necesse
1526 691 1612 741 est
1639 683 1880 754 quotidie
1905 698 2006 753 pro

423 800 483 840 se
512 791 569 839 et
594 797 694 852 pro
720 778 918 850 populo
951 778 1047 833 Dei
1077 776 1443 835 intercedere:
1474 777 1541 831 Et
1565 787 1650 833 est
1679 777 1934 833 sacerdos
1957 776 2012 830 in

423 874 585 940 coelo,
636 874 723 935 cui
768 888 875 927 non
915 879 1000 931 est
1043 884 1269 929 necesse
1305 858 1679 926 intercedere:
1712 869 1806 925 sed
1830 879 2011 924 tamen

420 966 556 1031 vult,
586 973 643 1020 et
667 962 973 1033 interpellat
996 961 1238 1031 quotidie
1272 976 1373 1030 pro
1400 961 1556 1017 nobis
1576 978 1595 1014 ι
1638 960 1890 1016 sacerdos
1915 958 2009 1030 qui

418 1067 506 1114 est
530 1058 586 1114 in
615 1066 758 1111 terra
788 1070 898 1113 non
922 1054 1035 1110 vult
1063 1067 1239 1122 neque
1266 1058 1445 1122 potest
1466 1052 1680 1118 dicere,
1710 1050 1853 1121 quod
1883 1050 2011 1105 abs-

420 1166 528 1221 que
551 1157 775 1221 peccato
816 1148 909 1215 sit,
941 1148 1156 1202 dicente
1194 1143 1401 1201 Joanne
1427 1163 1444 1199 :
1482 1143 1542 1199 Si
1565 1144 1856 1199 dixerimus
1883 1159 2012 1213 quo-

419 1241 564 1301 niam
590 1248 863 1310 peccatum,
893 1253 995 1293 non
1028 1236 1300 1302 habemus,
1329 1236 1565 1306 nosipsos
1592 1234 1891 1289 seducimus
1910 1273 1925 1297 ,
1961 1242 2011 1287 et

418 1331 609 1385 veritas
635 1331 694 1384 in
729 1329 877 1387 nobis
906 1345 1013 1394 non
1035 1335 1131 1381 est.
1162 1325 1264 1394 Qui
1297 1335 1480 1385 tamen
1507 1324 1756 1395 quamvis
1781 1323 1852 1378 sit
1883 1338 2011 1393 pee-

416 1429 591 1485 cator,
624 1435 734 1475 non
762 1419 921 1475 debet
947 1434 978 1473 a
1013 1417 1348 1474 conscientia
1373 1432 1470 1472 sua
1498 1415 1771 1481 morderi,
1798 1422 1860 1469 ut
1885 1421 2007 1469 tan-

417 1523 534 1576 tum
559 1513 630 1568 sit
663 1519 949 1582 peccator,
980 1517 1242 1581 quantum
1272 1507 1549 1577 cognoscit
1575 1522 1695 1562 esse
1719 1507 1775 1561 in
1814 1505 2009 1576 populo

418 1615 596 1664 terrae.
629 1601 731 1669 Qui
757 1601 986 1671 populus
1026 1600 1079 1655 in
1117 1599 1388 1670 aliquibus
1411 1605 1497 1653 est
1522 1598 1701 1652 minus
1741 1597 2008 1667 obligatus

414 1695 674 1767 peccatis,
703 1694 757 1751 in
787 1692 1057 1761 aliquibus
1079 1690 1269 1759 magis.
1286 1688 1391 1744 Pro
1412 1688 1496 1743 his
1516 1688 1608 1758 qui
1630 1687 1841 1757 minora
1863 1702 2007 1742 com-

1477 278 1619 345 AMA
1628 277 1810 335 [ΑΒΗ
1848 276 2286 344 PRESBYTER}
2326 278 2667 336 METENSIS

2040 392 2092 452 Α
2117 390 2314 452 lanius.
2353 402 2414 449 ut
2438 393 2619 450 omnia
2648 392 2927 459 contraria
2952 391 3115 449 bonis
3149 393 3355 453 nostris
3383 405 3707 464 superentur

3556 284 3698 340 “73

2113 497 2214 551 per
2241 483 2455 539 Domini
2476 482 2760 539 auxilium.
2779 482 2893 538 Hoc
2918 484 3156 554 pertinet
3171 484 3239 540 ad
3262 483 3701 554 postulationem.

2115 572 2192 629 De
2214 589 2322 644 quo
2350 590 2509 631 versu
2534 574 2668 630 dicit
2684 573 3021 645 Augustinus
3046 574 3101 628 in
3123 582 3359 630 tractatu
3382 590 3549 645 super
3567 578 3704 646 psal-

2115 679 2269 720 mos:
2307 663 2644 736 Convertere,
2687 663 2932 730 Domine,
2960 680 3251 735 usquequo,
3276 674 3324 719 et
3363 665 3705 736 deprecabilis

2114 764 2222 818 esto
2246 771 2404 826 super
2427 771 2602 809 seruos
2632 764 2785 821 tuos:
2818 755 2935 809 Vox
2964 762 3047 809 est
3088 768 3310 819 eorum,
3353 754 3440 809 vel
3477 771 3581 825 pro
3624 758 3705 827 eis

2114 846 2205 916 qui
2234 847 2433 902 multas
2461 846 2871 916 persecutiones
2901 846 2956 912 in
2992 847 3098 901 isto
3123 846 3322 901 saeculo
3355 846 3528 902 malas
3564 847 3701 905 tole-

2115 947 2295 995 rantes
2314 939 2661 996 innotescunt
2676 940 2691 956 '
2710 939 3047 1009 compeditos
3072 939 3236 999 corde
3259 939 3314 992 in
3335 940 3625 1011 sapientia,
3647 949 3705 995 ut

2112 1046 2213 1095 nec
2244 1041 2425 1091 tamen
2455 1031 2614 1089 malis
2642 1032 2817 1093 coacti
2844 1030 3115 1103 refugiant
3141 1047 3174 1085 a
3198 1031 3430 1086 Domino
3450 1033 3519 1086 ad
3546 1031 3704 1101 hujus

2111 1123 2292 1179 szeculi
2318 1123 2478 1181 bona.

2183 1212 2267 1269 Sit
2280 1222 2526 1285 quartus,
2549 1209 2919 1282 Conﬁteantur
2931 1214 3043 1278 tibi,
3062 1211 3307 1277 Domine,
3320 1212 3413 1282 qui
3428 1214 3704 1282 pertinent

2110 1303 2177 1359 ad
2191 1306 2487 1375 gratiarum
2500 1304 2761 1369 actiones.
2780 1303 3071 1374 ﬂuensque
3082 1312 3296 1367 oratum
3312 1303 3703 1365 estsecundum

2109 1395 2426 1466 Apostolum
2466 1410 2567 1465 pro
2605 1395 2865 1457 omnibus
2914 1395 3246 1451 hominibus.
3284 1396 3490 1450 Deinde
3525 1396 3704 1465 sequi-

2110 1499 2218 1556 tur,
2246 1507 2340 1561 pro
2385 1490 2591 1561 regibus
2620 1497 2669 1543 et
2700 1488 2945 1542 omnibus
2991 1488 3082 1558 qui
3113 1488 3171 1541 in
3213 1486 3537 1547 sublimitate
3559 1498 3705 1554 sunt,

2109 1593 2163 1638 ut
2185 1584 2414 1654 quietam
2439 1592 2486 1636 et
2520 1579 2864 1652 tranquillam
2896 1581 3055 1635 vitam
3087 1596 3308 1652 agamus
3337 1581 3393 1639 in
3419 1582 3568 1637 omni
3596 1582 3707 1649 pie-

2107 1684 2213 1730 tate
2240 1684 2287 1730 et
2311 1674 2572 1729 castitate.
2604 1674 2875 1741 Quoniam
2903 1682 3031 1728 sunt
3063 1672 3209 1728 intra
3241 1684 3489 1729 nostram
3518 1674 3707 1730 Eccle-

416 1751 672 1851 mittunt;
688 1794 746 1842 et
766 1752 865 1856 pro
878 1751 953 1841 se
980 1793 1103 1841 orat
1123 1751 1395 1847 sacerdos,
1423 1751 1641 1852 quando
1666 1752 1817 1845 dicit,
1840 1778 2006 1849 Kyrie
2032 1751 2081 1810 Β
2108 1768 2245 1824 siam
2285 1769 2380 1838 qui
2433 1767 2661 1822 minima
2703 1767 3073 1830 committunt,
3102 1782 3205 1836 pro
3234 1767 3320 1821 his
3368 1776 3554 1821 tamen
3605 1781 3703 1823 ne-

412 1880 630 1946 eleison,
653 1888 709 1934 et
729 1877 1031 1934 orationem
1060 1873 1416 1938 Dominicam,
1446 1873 1499 1927 in
1522 1887 1626 1941 qua
1648 1886 1806 1930 nemo
1826 1878 2007 1940 potest

412 1988 473 2029 se
495 1987 780 2037 excusare,
812 1971 917 2026 nisi
946 1968 1215 2024 veraciter
1244 1968 1408 2031 dicat,
1430 1965 1501 2020 Et
1523 1965 1727 2019 dimitte
1750 1963 1897 2018 nobis
1921 1962 2007 2020 des

412 2068 519 2123 bitu
559 2076 762 2125 nostra.
796 2064 928 2120 Dein
973 2061 1319 2135 prosequitur
1356 2059 1609 2115 sacerdos
1634 2056 1851 2113 modum
1877 2070 2004 2111 ora-

411 2159 596 2224 tionis,
628 2172 790 2227 quem
816 2154 1017 2210 Paulus
1042 2153 1368 2216 dinumerat,
1410 2149 1634 2204 dicens:
1678 2145 2005 2202 Obsecratio—

413 2266 522 2312 nes,
553 2249 853 2311 orationes,
889 2243 1302 2317 postulationes,
1347 2242 1640 2312 gratiarum
1670 2239 1923 2303 actiones,
1951 2245 2007 2292 et

412 2348 611 2399 caetera
641 2355 763 2410 qua:
787 2345 1106 2408 sequuntur.
1140 2333 1294 2391 Unde
1319 2333 1448 2389 dicit
1474 2330 1796 2387 Ambrosius
1817 2330 1871 2384 in
1903 2338 2005 2383 tra-

411 2440 562 2488 ctatu
582 2447 690 2492 suo.
718 2445 882 2502 super
907 2428 1155 2485 eamdem
1178 2423 1484 2495 epistolam.
1513 2422 1652 2477 Ante
1679 2421 1859 2476 omnia
1877 2459 1893 2484 ,
1925 2419 2007 2473 in-

415 2523 550 2594 1uit,
576 2522 705 2577 illud
735 2522 984 2585 obsecro,
1007 2518 1154 2589 quod
1174 2516 1257 2572 vel
1283 2515 1518 2570 maxime
1542 2528 1639 2569 vos
1666 2512 1806 2568 scire
1825 2511 2006 2580 operis

410 2629 533 2671 esse
558 2612 742 2677 debet,
768 2619 830 2667 nt
854 2609 1238 2667 convenienter
1273 2606 1414 2662 seire
1441 2605 1697 2676 possitis,
1730 2602 1861 2673 quid
1886 2600 2006 2657 ﬁeri

412 2701 736 2761 muveniens
753 2702 843 2762 sit.
859 2700 1000 2759 Dicit
1023 2706 1202 2753 autem
1215 2738 1230 2762 ,
1246 2695 1557 2760 Orationes,
1576 2690 2003 2757 obsecrationes,

413 2790 823 2861 postulationes.
856 2789 924 2843 Et
960 2795 1084 2858 post
1117 2801 1326 2856 pauca:
1365 2783 1475 2839 Aut
1498 2783 1642 2839 enim
1676 2782 1821 2837 bona
1850 2781 2007 2837 nobis

411 2903 445 2942 ιι
482 2881 594 2938 Deo
635 2881 755 2937 dari
795 2880 1125 2950 postulatus,
1156 2878 1301 2947 quod
1321 2876 1598 2932 orationes
1625 2874 1873 2933 vocavit:
1914 2881 2009 2927 ant

415 2969 685 3039 malorum
712 2970 1064 3033 solutionem,
1106 2968 1250 3039 quod
1290 2967 1698 3022 obsecrationes
1726 2978 2005 3034 nuncupa-

413 3061 513 3134 ﬁt.
541 3061 612 3118 Et
638 3060 836 3117 iterum
859 3067 985 3130 post
1006 3073 1176 3128 pauca
1203 3076 1216 3110 :
1256 3056 1349 3113 llla
1376 3071 1506 3111 vero
1527 3070 1651 3125 quae
1676 3054 1745 3110 ad
1773 3053 1878 3109 hoc
1906 3068 2003 3109 no-

412 3151 498 3208 bis
524 3158 653 3210 sunt
675 3149 968 3214 contraria,
998 3147 1166 3209 multa
1188 3155 1316 3205 sunt
1339 3156 1393 3201 et
1412 3146 1652 3215 assidua.
1678 3143 1854 3200 Unum
1883 3144 2001 3213 qni-

409 3240 533 3304 dem
557 3240 684 3311 quia
698 3240 1011 3303 daemonum
1036 3236 1312 3307 subreptio
1338 3237 1485 3291 varie
1513 3251 1612 3290 nos
1633 3252 1663 3289 a
1685 3235 1828 3290 bono
1847 3250 2004 3290 aver-

414 3341 527 3386 tere
570 3330 759 3399 eupit:
802 3329 1036 3395 alterum
1072 3342 1202 3382 vero
1232 3327 1475 3401 molestia
1506 3326 1843 3397 passionum,
1880 3341 2002 3395 qua:

410 3420 565 3491 nobis
592 3420 771 3485 inesse
796 3420 1033 3486 videtur,
1054 3434 1086 3481 a
1108 3418 1308 3489 quibus
1334 3427 1390 3474 et
1408 3434 1439 3472 a
1459 3417 1617 3473 bonis
1641 3416 1847 3473 exclusi
1870 3431 2002 3472 con-

410 3522 493 3567 tra
522 3520 769 3573 nostrum
794 3512 1132 3582 propositum
1161 3524 1302 3579 saepe
1330 3511 1383 3564 in
1411 3510 1537 3573 illis,
1563 3525 1684 3579 quae
1714 3507 1869 3563 nobis
1890 3522 1999 3562 non

407 3604 755 3673 conveniunt,
778 3601 1172 3665 concludimur.
1204 3600 1309 3667 Sed
1338 3600 1702 3669 necessarium
1733 3607 1847 3664 est,
1879 3613 1997 3664 ηαδ,

410 3695 504 3764 qui
532 3694 757 3755 multam
784 3709 948 3765 super
976 3693 1080 3757 hoc
1107 3707 1344 3763 pugnam
1371 3691 1707 3761 sustinemus
1724 3690 1792 3744 ad
1816 3688 2000 3745 Domi-

411 3801 539 3839 num
564 3800 869 3851 recurrere,
894 3784 988 3855 qui
1010 3794 1203 3853 potens
1222 3789 1306 3836 est
1332 3796 1430 3844 suo
1451 3780 1653 3851 auxilio
1674 3779 1865 3835 sedare
1886 3778 2001 3832 nni-

410 3888 566 3941 versa
597 3872 704 3940 illa,
734 3888 855 3943 qua:
880 3872 948 3926 ad
970 3880 1213 3935 nostram
1239 3871 1512 3940 pertinent
1539 3868 1861 3924 molestiam.
1887 3866 2001 3923 Hoc

413 3961 552 4031 dixit
572 3960 986 4033 postulationes.
1015 3961 1082 4015 Et
1109 3961 1309 4035 iterum
1333 3959 1493 4031 infra,
1524 3960 1840 4016 Gratiarum
1869 3973 2000 4014 vero

411 4054 557 4126 actio
583 4068 684 4131 pro
707 4052 791 4109 his
816 4068 936 4124 quae
949 4051 1063 4121 jam
1093 4053 1333 4122 priestita
1362 4061 1488 4106 sunt
1510 4052 1742 4109 edicitur
1766 4071 1779 4105 :
1816 4059 1872 4107 et
1899 4068 1999 4122 pro

408 4146 607 4218 quibus
646 4145 763 4201 hinc
788 4144 903 4200 ﬁeri
942 4143 1286 4209 conveniant,
1313 4142 1564 4198 deceris:
1611 4142 1719 4197 Pro
1758 4143 2003 4211 omnibus

408 4237 723 4309 honiinibus.
753 4235 814 4307 ln
852 4251 1138 4293 commune
1166 4250 1265 4306 pro
1288 4234 1540 4291 omnibus
1563 4233 1873 4290 hominibus
1900 4235 1996 4289 de-

412 4329 539 4399 bere
586 4344 681 4399 eos
719 4327 980 4397 sollicitos
1015 4342 1138 4384 esse
1178 4325 1438 4401 praecepit
1460 4334 1568 4382 :-et
1605 4326 1804 4381 iterum
1834 4322 1999 4395 infra.

414 4420 616 4477 Deinde
641 4420 709 4475 ad
736 4419 825 4487 illa
854 4436 976 4490 quae
998 4435 1212 4476 summa
1240 4434 1361 4476 esse
1385 4419 1637 4493 videntur
1658 4419 1798 4475 inter
1826 4419 2000 4475 homi-

409 4528 527 4585 nes,
560 4512 757 4578 transit
785 4530 797 4566 :
831 4510 941 4575 Pro
972 4512 1198 4583 regibus,
1239 4512 1443 4581 inquit,
1482 4520 1531 4565 et
1557 4510 1795 4566 omnibus
1818 4511 1908 4582 qui
1942 4510 1998 4584 in

408 4603 725 4659 sublimitate
768 4614 912 4671 sunt.
949 4601 1132 4659 Nostri
1173 4605 1320 4659 enim
1346 4604 1562 4660 codices
1591 4604 1795 4658 habent
1823 4603 2000 4672 primo

408 4694 849 4762 ubsecrationes,
898 4703 954 4750 et
994 4703 1182 4764 postea
1224 4696 1518 4765 orationes.
1560 4693 1717 4748 Hunc
1752 4691 1999 4749 ordinem

411 4784 655 4853 sequitur
677 4794 864 4841 nostra
886 4786 1080 4842 oratio.
1100 4786 1318 4847 Primus
1347 4801 1535 4841 versus
1553 4795 1676 4855 post
1695 4784 1997 4841 orationem

412 4873 747 4933 Dominicam
771 4884 874 4941 est,
891 4875 1003 4946 Ego
1025 4877 1161 4949 dixi,
1182 4876 1427 4942 Domine,
1454 4876 1699 4930 miserere
1719 4876 1843 4944 mei,
1866 4892 2000 4930 sana

408 4962 644 5016 animam
672 4978 864 5036 meam,
887 4966 1011 5036 quia
1041 4969 1248 5037 peccavi
1285 4967 1397 5021 tibi.
1432 4967 1488 5022 In
1520 4967 1624 5031 hoc
1654 4981 1816 5021 versu
1840 4966 1998 5021 obse—

409 5052 586 5123 oratio
625 5061 741 5119 est,
783 5069 878 5124 per
902 5072 1065 5125 quam
1102 5065 1354 5127 precatur
1392 5056 1659 5112 absolutio
1705 5055 1991 5132 malorum.

411 5143 636 5211 Quando
656 5142 811 5219 dicit,
837 5142 981 5199 Sana
1007 5147 1240 5200 animum
1270 5162 1461 5211 meam,
1491 5147 1616 5217 quia
1645 5147 1854 5217 peccari
1878 5147 1991 5212 tibi,

412 5234 733 5290 medicinam
764 5233 975 5304 Domini
1002 5244 1276 5305 precatur,
1303 5243 1363 5290 ut
1396 5252 1427 5291 a
1451 5235 1709 5308 languore
1746 5237 1993 5306 absolva-

421 5336 526 5388 tur.
556 5325 640 5381 Sit
674 5324 943 5381 secundus
970 5340 1192 5391 versus,
1243 5325 1469 5381 Ostende
1515 5328 1661 5383 nobis
1682 5368 1696 5393 ,
1729 5327 1953 5383 Domine
1976 5369 1991 5393 ,

411 5416 823 5474 misericordiam
847 5428 1014 5485 tuam,
1035 5432 1081 5473 et
1109 5417 1344 5474 salutare
1372 5429 1523 5477 tuum
1549 5421 1619 5475 da
1646 5422 1813 5477 nobis.
1838 5421 1902 5475 ln
1930 5437 1995 5476 eo

413 5526 570 5575 versu
594 5512 737 5567 bona
762 5511 919 5568 nobis
937 5510 1310 5585 postulamus:
1352 5513 1500 5582 quod
1527 5513 1760 5583 pertinet
1783 5512 1851 5567 ad
1871 5528 1995 5567 ora-

414 5603 632 5657 tionem.
660 5603 744 5659 Sit
772 5605 982 5672 tertius,
1013 5602 1338 5669 Convertere,
1369 5594 1611 5671 Domine,
1635 5624 1923 5681 usquequo,
1945 5617 1991 5660 ct

408 5693 743 5760 drprecabilis
769 5710 876 5755 esto
903 5718 1058 5772 super
1082 5716 1254 5756 servos
1282 5707 1421 5753 tuos.
1454 5698 1511 5752 In
1537 5714 1601 5753 eo
1625 5714 1782 5755 versu
1811 5707 1994 5768 postu-

2023 4467 2078 4527 D

2106 1872 2258 1914 cesse
2278 1866 2364 1914 est
2391 1857 2705 1928 praecedens
2729 1859 2925 1913 oratio.
2954 1856 3094 1912 Sunt
3127 1866 3183 1913 et
3216 1859 3310 1927 qui
3339 1858 3574 1926 majora,
3600 1856 3706 1915 Pro

2105 1949 2301 2019 quibus
2343 1964 2566 2005 necesse
2603 1958 2689 2004 est
2724 1948 2925 2004 addere
2948 1948 3259 2018 psalmum:
3289 1947 3543 2002 Miserere
3580 1950 3703 2011 mei.

2105 2041 2246 2103 Deus
2277 2082 2292 2107 ,
2356 2041 2451 2111 qui
2508 2042 2727 2112 proprie
2780 2041 3018 2111 pertinet
3065 2041 3133 2097 ad
3188 2040 3539 2111 pmnitentes.
3585 2040 3705 2096 Alio

2105 2134 2283 2192 modo.
2340 2133 2530 2195 Qratio
2586 2133 2900 2203 prmcedens
2966 2147 3069 2203 pro
3128 2132 3372 2187 minimis
3426 2132 3700 2202 peccatis,

2104 2224 2345 2295 psalmus
2369 2226 2441 2280 sit
2475 2239 2575 2295 pro
2596 2224 2870 2280 maximis.
2903 2225 3188 2283 Postremo
3213 2224 3391 2294 surgit
3429 2223 3693 2279 sacerdos

2104 2319 2223 2374 vice
2250 2318 2395 2374 illius
2425 2318 2727 2377 sacerdotis
2751 2358 2769 2384 ,
2795 2317 2887 2388 qui
2924 2318 2981 2375 in
3007 2316 3147 2379 cmio
3185 2325 3272 2372 est
3295 2358 3311 2380 ,
3345 2326 3405 2372 et
3445 2316 3696 2385 quotidie

2106 2408 2415 2480 interpellat
2460 2425 2561 2480 pro
2617 2409 2797 2473 nobis,
2852 2415 2908 2463 et
2959 2408 3093 2463 dicit
3123 2408 3316 2464 stando
3363 2407 3696 2473 orationem.

2106 2500 2235 2558 Haec
2264 2500 2441 2557 oratio
2479 2500 2534 2555 in
2570 2500 2720 2555 omni
2761 2508 3006 2570 tempore
3059 2496 3453 2568 subsequitur:
3489 2498 3543 2551 id
3591 2506 3697 2561 est,

2096 2593 2358 2650 'Paschali
2385 2634 2399 2658 ,
2430 2593 2780 2649 Pentecostes
2805 2633 2820 2658 ,
2856 2591 3155 2647 Dominicis
3190 2591 3381 2648 diebus
3419 2600 3478 2646 et
3518 2590 3695 2646 festis.
3748 2584 3765 2595 ⁷

2111 2684 2179 2742 Ut
2210 2682 2670 2740 resurrectionem
2694 2683 2896 2739 recolat
2933 2681 3051 2751 ejus
3077 2683 3401 2747 sacerdotis,
3428 2682 3591 2752 cujus
3611 2682 3691 2736 vi-

2106 2792 2224 2834 cem
2272 2784 2421 2833 teuet
2439 2815 2456 2844 ,
2474 2776 2651 2848 surgit
2675 2775 2746 2830 ab
2768 2774 3042 2839 accubitu,
3071 2782 3126 2831 et
3157 2774 3353 2829 stando
3381 2774 3519 2829 dicit
3547 2774 3692 2829 hanc

2104 2871 2430 2927 orationem.
2461 2870 2564 2938 Qui
2596 2880 2777 2927 tamen
2803 2871 2955 2941 prius
2974 2868 3210 2940 jacendo
3232 2880 3360 2923 orat
3387 2883 3515 2922 cum
3534 2876 3696 2922 caste-

2104 2961 2201 3026 ris,
2219 2962 2475 3031 quoniam
2497 2969 2754 3032 peccator
2782 2969 2889 3026 est,
2906 2975 3029 3015 cum
3052 2960 3434 3030 peccatoribus
3454 2967 3696 3029 prostra.

2106 3061 2195 3109 tus
2231 3061 2317 3108 est
2345 3072 2357 3107 :
2391 3062 2448 3109 et
2476 3053 2605 3122 quia
2651 3052 2827 3108 vicem
2856 3059 3011 3107 tenet
3057 3050 3263 3106 Christi
3294 3091 3310 3115 ,
3344 3050 3545 3105 stando
3565 3049 3696 3107 dicit

2106 3146 2397 3216 specialem
2426 3145 2753 3200 orationem.
2786 3144 2914 3199 llaec
2941 3143 3196 3215 Specialis
3233 3143 3413 3198 oratio
3440 3142 3693 3197 sacerdo-

2107 3248 2241 3305 tum,
2265 3255 2386 3309 qua:
2407 3238 2806 3309 quodammodo
2828 3236 3134 3291 libertatem
3162 3244 3217 3291 et
3243 3235 3694 3307 gloriﬁcationem

2105 3337 2378 3385 monstrat
2407 3328 2575 3385 futuri
2606 3328 2781 3399 regni,
2815 3337 2871 3383 et
2904 3335 3086 3382 tamen
3125 3341 3346 3396 semper
3370 3341 3497 3381 esse
3526 3325 3695 3380 inter.

2104 3436 2378 3480 cessorem
2406 3421 2480 3477 ibi
2512 3436 2611 3491 pro
2636 3420 2793 3476 nobis
2826 3461 2840 3485 ,
2862 3434 2962 3490 per
2983 3433 3173 3474 omnes
3203 3425 3541 3473 memoratos
3579 3416 3695 3471 dies

2103 3512 2274 3573 festos
2298 3513 2493 3568 currit.
2526 3512 2755 3582 Reliqua
2787 3510 2962 3566 oratio
2991 3510 3286 3571 reticetur,
3326 3508 3590 3579 quoniam
3619 3506 3693 3560 ibi

2101 3611 2361 3673 peccator
2389 3600 2570 3656 nullus
2607 3608 2713 3665 est,
2747 3615 2924 3669 neque
2959 3600 3085 3654 erit.
3110 3598 3169 3653 Si
3193 3599 3320 3667 quis
3352 3596 3587 3653 voluerit
3607 3596 3690 3650 di-

2103 3710 2252 3760 cere,
2280 3693 2538 3765 quoniam
2566 3693 2683 3748 haec
2712 3691 2892 3747 oratio
2924 3691 3099 3746 vicem
3127 3697 3276 3744 tenet
3303 3687 3690 3758 interpellatio-

2102 3784 2188 3842 nis
2214 3783 2417 3840 Christi
2447 3824 2462 3848 ,
2491 3783 2584 3854 qui
2621 3782 2933 3852 interpellat
2977 3796 3077 3851 pro
3102 3780 3261 3836 nobis
3303 3778 3552 3848 quotidie
3586 3776 3688 3832 Pa-

2105 3885 2264 3943 trem,
2310 3891 2480 3948 quare
2525 3875 2694 3939 dicat,
2750 3874 2855 3929 Per
2907 3873 3194 3930 Dominum
3238 3881 3484 3926 nostrum
3509 3869 3689 3925 Iesum

2102 3966 2404 4023 Christum:
2454 3968 2668 4024 dicatur
2695 3966 2767 4033 ei,
2793 3964 3045 4022 Christus
3072 3965 3167 4035 qui
3198 3964 3365 4020 estin
3395 3971 3555 4034 patre
3598 3975 3688 4015 ns-

2102 4059 2375 4124 tnraliter,
2405 4064 2459 4113 et
2486 4073 2584 4128 per
2605 4072 2768 4127 quem
2798 4065 3110 4128 assumptus
3131 4065 3216 4111 est
3243 4055 3412 4110 homo
3437 4056 3495 4109 in
3523 4054 3685 4108 Deum

2100 4159 2325 4221 propter
2339 4166 2503 4206 unam
2518 4150 2875 4221 eamdemque
2889 4164 3179 4218 personam
3200 4147 3324 4202 Filii
3342 4147 3463 4211 Dei,
3490 4146 3687 4202 ostium

2101 4244 2260 4304 nobis
2299 4244 2418 4299 fieri
2442 4245 2699 4315 dignatus
2742 4251 2827 4299 cst
2852 4260 2951 4314 per
2974 4242 3118 4313 quod
3165 4260 3266 4299 nos
3311 4252 3371 4298 et
3412 4243 3689 4298 orationes

2102 4341 2324 4399 nostrm,
2360 4341 2415 4388 et
2450 4335 2635 4389 omnia
2661 4333 2803 4390 bona
2829 4342 3016 4389 nostra
3046 4342 3329 4389 transeant
3352 4332 3425 4386 ad
3452 4342 3683 4402 patrem.

2100 4420 2307 4479 Idcirco
2357 4422 2553 4478 merito
2601 4426 2856 4478 sacerdos
2903 4423 3036 4478 dicit
3079 4439 3234 4479 suam
3286 4420 3685 4479 orationemad

2106 4512 2272 4577 Deum
2304 4520 2515 4583 patrem
2560 4512 2669 4575 Per
2697 4513 2987 4568 Dominum
3027 4526 3264 4568 nostrum
3303 4513 3493 4568 Iesum
3538 4511 3685 4566 Cirris

2103 4607 2265 4662 stum,
2297 4599 2423 4668 quia
2455 4614 2557 4671 per
2586 4599 2739 4655 illum
2765 4600 2977 4671 accepit
3012 4601 3156 4656 hane
3176 4599 3410 4671 gratiam
3446 4608 3507 4655 ut
3533 4599 3682 4654 vicis-

2101 4690 2393 4748 situdinem
2439 4707 2550 4748 sua:
2578 4692 3036 4763 interpellationis
3073 4692 3340 4749 fratribus
3365 4702 3533 4763 atque
3558 4707 3679 4746 ωηο

2101 4782 2384 4853 discipulis
2407 4784 2702 4853 ministret,
2734 4793 2789 4847 et
2817 4785 3039 4852 recolat,
3076 4793 3239 4855 atque
3267 4786 3335 4841 ad
3365 4784 3674 4841 memoriam

2103 4874 2343 4929 reducat.
2376 4874 2549 4942 Quam
2573 4876 2874 4932 orationem
2895 4878 3155 4948 praecedit
3176 4877 3460 4941 salutatio,
3482 4886 3540 4933 et
3557 4875 3672 4931 sub—

2099 4964 2346 5034 sequitur
2371 4964 2680 5021 benedictio
2709 4981 2873 5036 quam
2904 4976 2961 5025 et
2987 4968 3287 5039 gratiarum
3326 4969 3476 5023 actio
3505 4961 3673 5033 sequi-

2098 5063 2205 5111 tur.
2248 5056 2378 5125 Post
2404 5058 2863 5117 resurrectionem
2911 5076 3069 5116 suam
3116 5060 3383 5116 Dominus
3428 5056 3672 5115 salutavit

2097 5149 2419 5221 discipulos,
2460 5150 2720 5207 salutavit
2741 5161 2798 5206 et
2828 5152 3048 5217 iterum,
3095 5151 3484 5221 benedixitqne
3508 5164 3596 5205 eos
3620 5146 3672 5199 in

2097 5248 2279 5296 monte
2312 5239 2531 5314 Oliveti,
2571 5241 2727 5299 etilli
2753 5242 2957 5313 gratias
2981 5241 3289 5305 referendo,
3318 5241 3672 5297 adoraveruut

2095 5333 2151 5388 in
2188 5333 2309 5388 loco
2336 5334 2430 5388 ubi
2457 5341 2728 5389 steterunt
2756 5335 2921 5405 pedes
2949 5334 3087 5404 ejus.
3130 5333 3288 5401 Quod
3324 5334 3527 5389 easdem
3549 5345 3665 5402 pre—

2094 5441 2219 5479 cum
2239 5426 2516 5481 orationes
2539 5426 2877 5491 celebranda:
2901 5425 3012 5481 sint
3036 5426 3344 5496 vespertina
3376 5426 3530 5486 hora,
3554 5431 3665 5490 qut

2093 5528 2149 5581 et
2174 5533 2338 5581 nona,
2370 5517 2426 5571 in
2455 5516 2773 5573 Laodicensi
2796 5517 3028 5573 concilio
3055 5557 3071 5582 ,
3101 5516 3555 5586 capitulooctavo
3576 5508 3662 5561 de:

2096 5610 2239 5663 cimo
2268 5609 2537 5678 scriptum
2573 5618 2678 5674 est,
2718 5607 2860 5680 quod
2903 5609 3138 5678 idipsum
3179 5606 3415 5662 oﬁicium
3455 5612 3662 5676 precum

2095 5716 2236 5771 aqua
2264 5708 2561 5781 etvcspcra
2585 5716 2803 5779 semper
2841 5701 3039 5757 debeat
3064 5699 3331 5755 exhiberi.
3368 5693 3659 5753 Secundum
