3938 6178
278 319 417 373 ΗΠ

1078 319 1167 375 DE
1205 316 1761 377 ECCLESIASTICIS
1797 316 2086 374 OFFICIIS
2123 315 2302 372 LIBRI
2340 315 2429 371 IV.
2469 348 2540 359 —
2576 317 2705 374 LIB.
2748 317 2834 374 IV.

3400 324 3423 378 I
3441 325 3545 386 1’78

276 436 381 488 hoc
404 428 701 500 capitulum
746 429 800 484 in
831 428 984 485 festis
1038 440 1094 486 et
1141 433 1196 488 in
1225 433 1440 488 caeteris
1499 432 1690 487 diebus
1744 446 1855 486 uno
1882 433 1936 493 Α
1960 439 2069 487 tem
2099 432 2515 489 munitissimam
2546 433 2903 492 Hierusalem.
2943 437 3007 492 Ei
3041 439 3175 495 nihil
3200 442 3369 511 deest,
3399 446 3545 503 sicut

277 523 437 578 modo
459 520 768 576 celebretur
795 521 972 576 oratio
1008 521 1064 575 in
1101 522 1415 592 vespertino
1443 529 1500 577 et
1522 522 1655 576 hora
1687 535 1855 586 nona,

240 672 247 677 _
276 621 338 667 ut
359 628 504 677 reor,
534 611 787 666 similiter
810 626 1097 681 possumus
1116 612 1301 667 dicere
1316 613 1383 667 de
1411 612 1571 666 tertia
1589 619 1647 666 et
1676 618 1852 665 sexta.

276 706 409 760 Post
421 702 803 773 vespertinalia
830 709 886 756 et
905 702 1242 757 matutinalia
1267 701 1463 769 officia,
1486 716 1608 772 qum
1622 706 1857 771 aguntur

278 812 377 866 pro
404 793 652 856 mortuis,
677 791 914 847 solemus
942 801 1172 847 cantare
1202 793 1471 862 psalmum
1501 792 1556 846 in
1581 790 1717 855 loco,
1753 790 1859 844 Mi-

275 901 446 940 serere
470 884 595 949 mei,
630 883 793 948 Deus,
825 882 1069 949 Domine,
1108 900 1170 938 ne
1190 886 1245 937 in
1271 883 1452 953 furore
1486 891 1597 938 tuo.
1630 883 1749 953 Ipse
1773 891 1860 938 est

276 985 465 1031 sextus
508 975 561 1028 in
590 973 781 1029 ordine
816 973 1179 1039 Psalmorum,
1234 983 1290 1030 et
1321 983 1502 1031 tamen
1541 975 1859 1030 inscribitur

277 1082 376 1137 pro
425 1074 637 1120 octava.
671 1063 898 1130 Idcirco,
941 1065 1067 1135 quia
1097 1080 1195 1120 nos
1223 1105 1238 1131 ,
1291 1066 1383 1135 qui
1423 1066 1476 1119 in
1508 1074 1662 1120 sexta
1698 1073 1858 1121 astate

280 1155 461 1211 mundi
488 1170 697 1219 sumus,
741 1155 1025 1221 debemus,
1052 1172 1153 1226 pro
1173 1157 1402 1227 septima
1428 1165 1484 1212 et
1510 1166 1703 1213 octava
1720 1167 1857 1213 aeta-

277 1257 329 1301 te
367 1261 559 1317 rogare
592 1245 762 1300 Deum
798 1260 896 1315 per
933 1246 1077 1301 hunc
1132 1247 1425 1316 psalmum,
1452 1255 1511 1301 ut
1559 1248 1860 1303 evadamus

279 1345 569 1400 tormenta,
603 1350 723 1404 quae
750 1335 906 1391 malis
929 1336 1198 1392 debentur
1217 1338 1274 1392 in
1314 1339 1634 1394 memoratis
1654 1340 1855 1394 errati-

276 1428 398 1491 bus,
435 1428 501 1481 de
560 1441 670 1495 quo
696 1427 830 1481 dicit
869 1426 1202 1499 Augustinus
1254 1430 1311 1483 in
1363 1430 1586 1501 prologo
1614 1428 1857 1498 ejusdem

276 1518 471 1574 Psalmi
503 1535 518 1570 :
574 1516 768 1573 Veniet
802 1527 1028 1574 octavus
1076 1521 1267 1590 judicii
1317 1520 1434 1577 dies
1458 1563 1475 1591 ,
1520 1523 1615 1591 qui
1644 1522 1856 1579 meritis

279 1610 521 1664 tribuens
534 1609 679 1679 quod
702 1609 949 1676 debetur,
971 1610 1085 1679 jam
1107 1627 1213 1667 non
1242 1612 1311 1667 ad
1331 1627 1495 1683 opera
1519 1614 1854 1684 temporalia,

275 1700 370 1755 sed
423 1701 491 1755 ad
537 1700 705 1755 vitam
734 1710 992 1755 aeternam
1035 1712 1256 1759 sanctos
1302 1706 1623 1771 transferet,
1659 1704 1858 1776 impios

1956 521 2156 577 Paulus
2174 520 2465 592 Apostolus
2486 525 2656 580 dicit:
2687 525 2880 581 Omnia
2917 547 3130 599 possum
3153 533 3209 587 in
3250 551 3309 587 eo
3331 537 3422 606 qui
3456 554 3540 593 me

1956 611 2239 680 confortal,
2258 612 2451 667 Omnia
2497 613 2572 668 illi
2601 627 2962 686 cooperantur
2990 622 3286 677 secundum
3324 625 3493 681 Deum
3522 646 3534 681 :

1956 717 2217 772 prospera
2244 711 2300 758 et
2328 704 2555 759 adversa
2601 708 2982 793 aequanimiter
3031 710 3274 778 tolerat;
3307 728 3373 769 ac
3418 716 3540 773 ideo

1957 792 2304 861 subsequitur
2332 808 2347 846 :
2379 792 2448 848 In
2474 792 2589 848 loco
2613 813 2822 865 pascua:
2859 792 2929 851 ibi
2960 816 3042 853 me
3067 800 3360 869 collocavit,
3392 806 3535 871 sive,

1960 883 2015 938 in
2044 883 2377 938 abundantia
2429 885 2875 942 intellectualium
2928 904 3110 945 rerum
3158 892 3212 946 in
3260 898 3538 963 prtesenti,

1959 976 2074 1031 sive
2104 977 2157 1030 in
2208 975 2409 1041 futuro,
2442 977 2497 1031 in
2526 977 2711 1034 laetitia
2758 989 2815 1035 et
2860 981 3032 1052 gloria
3060 984 3413 1054 sempiterna,
3449 989 3540 1044 ubi

1958 1068 2063 1123 erit
2085 1068 2309 1125 satietas
2345 1070 2587 1125 omnium
2608 1072 2926 1142 gaudiorum
2956 1076 3073 1131 sine
3096 1076 3224 1132 fine.

2582 1161 2810 1218 CAPUT
2848 1163 2934 1219 VI.

2600 1250 2676 1304 De
2709 1251 2887 1306 Nona.

2029 1339 2179 1401 Nona
2220 1340 2464 1396 continet
2488 1355 2587 1396 nos
2612 1357 2712 1411 per
2744 1344 3012 1401 decimam
3060 1350 3253 1406 horam
3285 1361 3341 1405 et
3377 1352 3541 1408 unde-

1958 1429 2158 1484 cimam
2209 1436 2265 1484 et
2316 1430 2717 1487 duodecimam.
2775 1432 2964 1489 Status
2992 1440 3251 1509 temporis
3279 1479 3293 1505 ,
3327 1442 3545 1509 quando

1958 1526 2100 1576 nona
2150 1520 2456 1576 celebratur
2488 1560 2504 1586 ,
2557 1521 2807 1593 designat
2866 1525 3140 1583 fervorem
3199 1531 3499 1585 studiorum
3527 1573 3542 1596 ,

1957 1630 2119 1684 quem
2141 1615 2430 1669 exercebat
2442 1630 2596 1671 mens
2623 1617 2679 1670 in
2701 1616 2990 1675 altitudine
3009 1623 3276 1677 virtutum
3300 1624 3543 1693 aliquan-

1962 1704 2131 1760 tulum
2160 1703 2489 1775 tepefactum
2521 1720 2644 1761 esse
2681 1716 2902 1777 propter
2930 1713 3256 1768 tentationes
3294 1715 3535 1769 acciden~

276 1806 404 1845 \ero
429 1792 649 1847 damnet
692 1791 747 1846 in
788 1799 1071 1847 aeternum.
1101 1794 1272 1860 Quam
1309 1795 1709 1851 damnationem
1741 1775 1856 1852 me-
1884 1775 1934 1834 B
1964 1803 2064 1851 tes.
2109 1795 2265 1851 Unde
2313 1794 2611 1867 Gregorius
2640 1775 2695 1851 in
2719 1775 3012 1855 Moralibus
3039 1799 3141 1857 Job
3179 1817 3193 1855 :
3222 1803 3392 1868 Vitia,
3417 1804 3546 1859 dum

277 1891 448 1945 tuens,
482 1890 604 1936 orat
633 1882 875 1937 Ecclesia
904 1882 959 1936 in
989 1882 1093 1937 hoc
1123 1884 1333 1953 psalmo
1356 1926 1371 1951 ,
1404 1886 1592 1941 dicens
1624 1904 1638 1941 :
1669 1886 1855 1943 Domi-'-

277 1988 362 2038 ne,
413 1989 476 2027 ne
521 1973 577 2027 in
612 1972 693 2027 ira
723 1982 815 2028 tua
868 1990 1063 2045 arguas
1097 1991 1199 2029 me.
1232 1975 1299 2029 Et
1336 1975 1491 2041 Beda
1524 1977 1578 2031 in
1620 1977 1761 2033 libro
1788 1978 1857 2036 de

275 2066 609 2136 temporibus
632 2080 647 2120 :
676 2066 792 2136 ipsa
813 2073 897 2121 est
915 2075 1128 2133 octava,
1156 2081 1257 2137 pro
1276 2084 1383 2138 qua
1408 2078 1596 2127 sextus
1614 2071 1858 2141 psalmus

274 2158 610 2214 inscribitur.
638 2155 815 2214 Credo
835 2159 983 2228 quia,
1010 2160 1064 2214 in
1091 2174 1187 2214 sex
1210 2159 1370 2230 hujus
1393 2161 1574 2216 saeculi
1603 2163 1856 2218 :ctatibus

276 2264 373 2319 pro
402 2250 632 2318 septima
674 2249 760 2303 vel
796 2256 986 2304 octava
1014 2249 1175 2318 hujus
1200 2251 1381 2306 saeculi
1429 2259 1513 2307 est
1534 2260 1693 2306 aetate
1722 2268 1854 2323 sup-

273 2338 601 2409 plicandum.
651 2337 707 2393 In
734 2355 841 2409 qua
877 2341 1003 2409 quia
1043 2339 1177 2409 justi
1227 2341 1443 2412 gaudia,
1495 2342 1593 2396 sed
1636 2343 1854 2411 reprobi

276 2438 401 2486 sunt
429 2430 687 2502 supplicia
737 2433 1044 2502 percepturi
1071 2474 1085 2495 ,
1114 2434 1354 2502 psalmus
1389 2433 1495 2491 isto
1524 2434 1729 2504 ingenti
1758 2451 1854 2505 pa-

272 2536 404 2577 vore
433 2523 621 2593 incipit
648 2564 663 2588 ,
696 2525 890 2592 currit,
919 2523 1108 2579 finitur
1138 2544 1151 2579 z
1188 2525 1431 2592 Domine,
1466 2543 1529 2580 ne
1578 2527 1633 2580 in
1674 2527 1855 2597 furore

271 2624 363 2669 tuo
384 2631 577 2686 arguas
614 2633 711 2670 me.

892 2707 1120 2764 CAPUT
1151 2710 1214 2764 V.

909 2799 987 2854 De
1022 2798 1203 2855 Sexta.

344 2886 421 2941 De
443 2888 614 2943 tribus
632 2889 1037 2959 repetitionibus
1059 2899 1224 2946 sextae
1252 2891 1367 2946 sive
1386 2907 1559 2956 nonae,
1574 2899 1738 2962 prout
1760 2907 1855 2962 po-

272 2977 376 3041 tui,
407 2977 708 3033 ministravi
743 2979 797 3033 in
827 2994 986 3034 cursu
1008 2981 1216 3050 primae,
1251 2989 1305 3036 et
1341 2982 1531 3047 tertiae,
1564 2990 1622 3038 et
1646 2983 1713 3037 de
1740 2982 1853 3037 lec-

277 3068 514 3125 tionibus
534 3077 696 3141 atque
719 3073 1097 3142 reSponsoriis.
1127 3074 1430 3130 Prassentes
1445 3083 1556 3131 tres
1576 3076 1855 3147 repetitio-

276 3177 377 3217 nes
404 3171 766 3221 statuuntnos
810 3166 865 3220 in
897 3164 1156 3222 famulatu
1185 3168 1421 3233 Domini,
1464 3169 1578 3223 sive
1603 3154 1855 3223 muniunt

274 3252 345 3307 ab
386 3253 595 3309 insidiis
641 3255 844 3311 inimici
887 3272 985 3327 per
1031 3258 1315 3327 septimam
1346 3259 1535 3314 horam
1563 3301 1577 3326 ,
1608 3269 1663 3315 et
1707 3270 1857 3316 octa-

274 3357 419 3407 vam,
446 3352 503 3398 et
533 3359 749 3411 nouam,
784 3346 860 3400 ita
890 3355 1087 3413 tamen,
1114 3358 1177 3403 ut
1206 3349 1266 3403 in
1304 3350 1418 3419 ipsa
1440 3366 1583 3406 nona
1620 3353 1857 3407 habeant

272 3433 488 3490 initium
518 3435 740 3504 reliquae
767 3444 875 3492 tres
889 3438 1262 3507 repetitiones,
1288 3455 1409 3508 quae
1434 3456 1531 3495 nos
1551 3441 1856 3510 perducant

274 3541 447 3597 usque
475 3527 545 3581 ad
576 3525 737 3581 linem
767 3528 893 3583 diei.
926 3530 1116 3585 Restat
1138 3547 1201 3586 ex
1249 3541 1395 3587 statu
1429 3532 1690 3602 temporis
1724 3547 1856 3586 con-

272 3616 518 3672 siderare
537 3632 774 3683 versum,
801 3622 894 3689 qui
923 3622 1123 3677 dicitur
1145 3624 1217 3680 ad
1243 3635 1473 3679 sextam.
1507 3622 1692 3678 Status
1723 3631 1854 3678 tem-

270 3708 424 3776 poris
457 3716 540 3763 est
586 3709 856 3774 meridies,
902 3715 1121 3781 quando
1170 3715 1251 3770 sol
1279 3715 1333 3769 in
1373 3723 1562 3771 centro
1598 3714 1722 3770 coeli
1747 3723 1851 3781 est,

196 3806 208 3816 ‘
270 3796 734 3854 ferventissimum
771 3802 1022 3857 ardorem
1052 3810 1278 3874 praestat
1329 3805 1511 3882 terris.
1566 3806 1711 3859 Idem
1741 3811 1855 3859 sta-

275 3895 366 3942 tus
415 3886 807 3959 perfectionem
864 3894 1125 3947 mentium
1182 3894 1503 3950 devotorum
1568 3896 1851 3951 hominum

272 3988 562 4044 monstrat,
592 3995 823 4050 quorum
848 3982 1030 4038 fervor
1059 3985 1134 4038 ita
1163 3984 1488 4053 conjunctus
1513 3993 1596 4039 est
1625 3985 1734 4054 igni
1765 3987 1850 4039 in-

271 4070 497 4135 visibili,
537 4079 596 4125 ut
627 4072 696 4126 ab
728 4073 844 4142 ipso
883 4083 1139 4143 pascatur
1165 4075 1545 4140 delectatione,
1575 4084 1631 4129 et
1659 4075 1854 4129 illumi-

272 4169 438 4216 netur
459 4160 661 4217 lumine
685 4163 1070 4235 intelligentiae.
1103 4165 1302 4221 Eadem
1326 4167 1462 4221 hora
1484 4165 1729 4221 ascendit
1749 4163 1853 4219 Pe-

272 4261 395 4306 trus
433 4252 487 4306 in
514 4255 853 4309 ctenaculum
882 4296 896 4320 ,
941 4264 996 4310 et
1023 4256 1189 4312 voluit
1229 4258 1537 4313 comedere.
1574 4256 1630 4311 In
1677 4256 1853 4327 prima

272 4351 401 4397 sunt
430 4343 583 4398 initia
618 4344 878 4399 virtutum
904 4386 919 4410 ,
948 4346 1001 4399 in
1034 4346 1191 4401 tertia
1220 4347 1513 4416 profectus,
1542 4348 1596 4403 in
1624 4345 1853 4401 meridie

270 4432 553 4506 perfectio.
571 4434 742 4501 Quam
757 4436 1147 4505 perfectionem
1166 4438 1489 4492 denuntiant
1506 4439 1660 4493 nobis
1686 4436 1851 4505 aliqui

271 4542 466 4584 versus
503 4543 696 4582 cursus
734 4536 921 4582 sextm.
962 4527 1144 4581 Prima
1198 4528 1457 4597 periocha
1492 4530 1625 4583 dicit
1654 4547 1665 4581 :
1693 4528 1855 4597 Defe-

271 4620 344 4675 cit
378 4621 434 4673 in
454 4617 686 4672 salutare
730 4628 877 4672 tuum
901 4620 1083 4673 anima
1112 4634 1247 4683 mea,
1292 4628 1341 4672 et
1368 4620 1423 4671 in
1455 4618 1605 4673 verbo
1636 4628 1730 4673 tuo
1755 4635 1853 4672 su-

270 4711 588 4783 peraret-avi.
644 4709 894 4766 Secunda
939 4710 1070 4766 dicit
1104 4728 1116 4764 :
1157 4709 1433 4775 Quomodo
1484 4710 1647 4764 dilexi
1691 4709 1853 4781 legem

272 4815 445 4867 tuam,
494 4802 716 4857 Domine
737 4804 764 4856 ?
804 4812 914 4857 tota
946 4804 1034 4857 die
1090 4803 1362 4858 meditatio
1394 4819 1509 4857 mea
1539 4813 1635 4857 est.
1668 4804 1854 4857 Tertia

272 4895 373 4959 ita,
407 4892 561 4947 Oculi
585 4894 685 4948 mei
735 4893 1038 4963 defecerunt
1083 4895 1138 4948 in
1182 4893 1410 4949 salutari
1432 4903 1546 4960 tuo,
1587 4894 1713 4949 etin
1740 4891 1853 4947 elo-

270 4986 456 5054 quium
498 4985 724 5055 justitia:
754 4997 879 5039 tua'.
914 4985 1126 5041 Statum
1156 4987 1344 5041 talium
1369 4987 1633 5042 mentium
1662 5001 1855 5041 versus

274 5082 586 5140 monstrat,
617 5075 801 5130 dicens
834 5094 846 5128 :
899 5076 1155 5131 Dominus
1177 5077 1304 5147 regit
1329 5093 1432 5142 me,
1471 5086 1518 5131 et
1549 5076 1680 5132 nihil
1729 5076 1859 5130 mihi

273 5165 464 5231 deerit,
499 5165 553 5219 in
579 5163 693 5220 loco
716 5182 927 5236 pascua:
960 5167 1033 5220 ibi
1074 5183 1154 5221 me
1173 5166 1470 5221 collocavit.
1501 5168 1601 5223 Ubi
1635 5184 1734 5223 nos
1777 5168 1859 5221 di-

230 5262 254 5280 ⁹
273 5255 452 5309 cimus
480 5295 494 5318 ,
527 5254 782 5310 Dominus
811 5257 938 5327 regit
964 5272 1044 5310 me
1069 5296 1082 5319 ,
1118 5256 1400 5312 translatio
1438 5272 1558 5325 quae
1580 5265 1857 5327 assumpta

275 5352 361 5402 est
386 5361 415 5399 a
446 5352 636 5400 sancto
663 5345 988 5416 Hieronymo
1003 5360 1070 5400 ex
1099 5344 1365 5405 Hebraica
1393 5347 1643 5412 veritate,
1670 5348 1855 5413 habet,

276 5436 540 5492 Dominus
582 5438 755 5505 pascit
781 5453 886 5493 me.
917 5436 1087 5504 Quem
1131 5437 1389 5491 Dominus
1416 5438 1590 5506 pascit
1620 5438 1859 5494 adventu

274 5527 500 5597 spiritus
533 5528 615 5582 sui
642 5568 657 5593 ,
694 5528 944 5584 eumdem
975 5527 1136 5599 regit,
1182 5527 1233 5581 id
1254 5528 1421 5582 estin
1474 5527 1580 5583 illis
1611 5528 1859 5584 moribus

276 5619 404 5673 facit
432 5633 558 5673 eum
596 5619 823 5688 spiritus
870 5619 964 5675 Dei
992 5619 1248 5674 delectari
1275 5659 1288 5682 ,
1317 5618 1409 5688 qui
1444 5619 1740 5673 secundum
1773 5636 1858 5675 ra-

274 5710 476 5771 tionem
500 5718 647 5776 sunt,
679 5719 733 5772 et
767 5710 1040 5783 deducunt
1070 5726 1167 5781 per
1198 5720 1404 5766 rectum
1436 5712 1540 5767 iter
1573 5711 1638 5769 ad
1668 5711 1854 5767 civita-

1961 1904 2060 1943 nos
2079 1896 2312 1954 tentant,
2357 1888 2704 1959 proficientes
2732 1890 2786 1944 in
2801 1891 2952 1961 jnos
2974 1892 3203 1949 virtutes
3228 1895 3535 1950 humiliant.

1959 1976 2112 2033 Sicut
2140 1985 2268 2033 tunc
2309 1977 2389 2033 sol
2420 1978 2698 2034 descendit
2726 1996 2755 2035 a
2786 1988 2972 2036 centro
2993 1984 3060 2038 ad
3107 1983 3390 2040 inferiores
3415 1999 3541 2055 par-

1958 2076 2061 2132 tes,
2094 2067 2168 2121 ita
2193 2083 2374 2134 mens,
2408 2069 2626 2138 quando
2653 2080 2912 2136 tentatur,
2945 2073 3224 2128 descendit
3246 2074 3315 2128 ab
3352 2075 3543 2130 altitu-

1956 2156 2081 2211 dine
2105 2155 2281 2210 intimi
2316 2157 2500 2226 gaudii
2538 2158 2606 2214 ad
2628 2159 3081 2214 considerandam
3112 2176 3266 2216 suam
3294 2171 3546 2218 naturam

1956 2253 2120 2313 atque
2162 2243 2533 2315 fragilitatem,
2565 2255 2620 2302 et
2665 2248 2813 2302 videt
2839 2264 2999 2319 quam
3053 2250 3229 2306 facilis
3263 2251 3333 2305 sit
3359 2253 3426 2306 ad
3453 2270 3545 2308 oc-

1953 2351 2158 2390 casum.
2208 2335 2541 2391 Tentabatur
2592 2335 2826 2403 Paulus,
2880 2339 3099 2407 quando
3155 2341 3409 2396 dicebat:
3461 2342 3546 2395 Ne

1954 2429 2260 2500 magnitudo
2311 2430 2683 2484 revelationnm
2713 2430 2928 2485 exzollat
2968 2449 3066 2496 me,
3102 2433 3260 2487 datus
3289 2445 3363 2487 est
3418 2436 3546 2488 milii

1951 2519 2195 2574 stimulus
2220 2520 2395 2573 carnis
2435 2537 2587 2587 metu,
2640 2521 2869 2591 Angelus
2913 2531 3115 2576 solante
3141 2524 3232 2593 qui
3261 2539 3343 2577 me
3391 2523 3539 2579 cola-

1953 2612 2143 2684 phizet.
2170 2610 2286 2679 Qua
2306 2609 2375 2666 de
2386 2627 2552 2666 causa
2581 2620 2821 2666 tentetur
2838 2611 3062 2676 electus,
3088 2628 3330 2682 praesens
3354 2622 3538 2670 noster

1952 2706 2211 2775 magister
2235 2704 2434 2759 Paulus
2465 2706 2552 2760 hic
2573 2707 2927 2760 demonstrat.
2960 2708 3138 2776 Atque
3160 2707 3214 2761 in
3262 2710 3541 2778 sequenti-

1952 2798 2055 2853 bus
2090 2797 2396 2852 molestiam
2430 2812 2593 2867 quam
2624 2798 2932 2868 patiebatur
2961 2815 3028 2854 ex
3063 2801 3359 2856 tentatione
3385 2843 3399 2866 ,
3428 2818 3544 2856 ma-

1952 2887 2194 2953 nifestat,
2245 2889 2431 2944 dicens
2457 2908 2469 2943 :
2498 2886 2724 2960 Propter
2768 2891 2907 2961 quod
2958 2901 3038 2945 ter
3064 2891 3350 2947 Dominum
3380 2910 3534 2964 roga-

1954 2981 2022 3045 vi,
2070 2990 2127 3034 ut
2156 2981 2440 3035 discederet
2463 2999 2496 3035 a
2530 2997 2628 3035 me.
2669 2979 2742 3036 Ut
2787 2982 2981 3051 opinor
3009 2982 3111 3037 nisi
3139 2983 3191 3036 ei
3239 2982 3542 3038 molestiam

1956 3071 2161 3128 faceret
2195 3072 2445 3127 stimulus
2494 3081 2719 3138 satanas,
2748 3088 2853 3128 non
2887 3074 3057 3128 Deum
3094 3084 3429 3144 precaretur,
3482 3084 3545 3132 ut

1960 3167 2266 3222 discederet
2290 3166 2358 3221 ab
2403 3179 2488 3220 eo.
2515 3164 2774 3219 Eamdem
2809 3166 3178 3234 precationem
3214 3175 3414 3221 sonant
3446 3167 3546 3221 ali-

1958 3260 2052 3329 qui
2101 3273 2291 3313 versus
2344 3272 2537 3313 cursus
2590 3272 2765 3311 nonae.
2821 3256 3003 3311 Prima
3060 3258 3321 3326 periocha
3372 3258 3547 3315 dicit:

1962 3349 2352 3403 Tribulaliones
2392 3358 2440 3402 et
2488 3349 2750 3418 angustiae
2801 3349 3111 3403 invenerunt
3159 3366 3264 3415 me,
3293 3350 3549 3404 mandata

1958 3450 2051 3493 tua
2073 3439 2344 3493 meditatio
2372 3455 2487 3493 mea
2516 3447 2611 3491 est.
2641 3438 2795 3505 Quod
2820 3438 2893 3491 ita
2914 3438 3251 3508 Augustinus
3278 3440 3331 3493 in
3355 3440 3545 3493 eodem

1957 3530 2165 3599 psalmo
2192 3548 2205 3582 :
2240 3529 2478 3584 Szcviant
2505 3569 2519 3593 ,
2549 3536 2970 3598 persequantur,
3017 3529 3143 3582 dum
3176 3538 3357 3583 tamen
3390 3545 3546 3584 man-

1956 3620 2081 3675 data
2130 3619 2227 3674 Dei
2264 3634 2371 3674 non
2411 3619 2786 3688 relinquantur
2811 3659 2825 3683 ,
2869 3626 2926 3673 et
2959 3635 3028 3673 ex
3076 3619 3208 3689 ipsis
3242 3620 3540 3684 mandatis,

1957 3713 2123 3767 etiam
2153 3712 2244 3781 qui
2280 3710 2530 3774 saeviunt,
2568 3710 2887 3781 diligantur.
2926 3709 3174 3765 Secunda
3205 3710 3335 3765 dicit
3366 3728 3379 3764 :
3409 3710 3545 3764 Mul-

1958 3805 1998 3858 ti
2022 3804 2112 3874 qui
2142 3811 2529 3873 persequuntur
2552 3818 2655 3866 me,
2680 3811 2727 3855 et
2760 3800 3013 3855 tribulam
3036 3818 3140 3867 me,
3180 3819 3214 3855 a
3241 3803 3551 3856 testimoniis

1958 3896 2061 3951 tuis
2092 3912 2195 3950 non
2217 3894 2493 3948 declinavi.
2528 3893 2707 3948 Tertia
2740 3895 2813 3948 ita
2842 3910 2854 3947 :
2887 3893 3079 3947 ΕΠαυὶ
3105 3894 3239 3947 sicut
3263 3896 3375 3948 ovis
3425 3910 3545 3965 qua:

1957 3986 2111 4056 periit
2140 4003 2158 4049 ;
2190 3984 2396 4054 require
2425 3999 2633 4037 servum
2669 3993 2839 4045 (unm,
2865 3984 2989 4055 quia
3031 3983 3286 4037 mandata
3317 3992 3408 4037 tua
3446 4001 3551 4039 non

1956 4092 2073 4130 sum
2103 4073 2316 4127 oblitus.
2350 4072 2557 4127 Versus
2584 4074 2872 4143 praesentis
2907 4088 3101 4128 cursus
3132 4081 3402 4126 memorat
3430 4081 3548 4128 ten-

1959 4166 2221 4221 tationcm
2275 4180 2396 4235 qua:
2430 4165 2749 4234 designatur
2788 4179 2887 4232 per
2917 4164 3048 4217 solis
3080 4162 3498 4218 declinationem
3526 4182 3543 4219 :

1957 4256 2034 4309 Ab
2077 4254 2294 4310 occultis
2317 4256 2445 4308 meis
2469 4293 2483 4317 ,
2515 4254 2712 4323 inquit,
2739 4252 2936 4305 munda
2968 4268 3049 4305 me
3079 4292 3094 4315 ,
3124 4251 3370 4314 Domine,
3398 4261 3446 4305 et
3474 4251 3545 4307 ab

1958 4346 2144 4401 alienis
2165 4362 2321 4415 parce
2345 4356 2491 4397 servo
2517 4353 2629 4399 tuo.
2654 4342 2806 4409 Quod
2830 4343 2903 4396 ita
2934 4350 3266 4397 memoratus
3293 4342 3550 4414 Augusti-

1885 4473 1938 4532 Β
1963 4454 2064 4492 nus
2099 4438 2151 4491 in
2176 4436 2388 4507 psalmo
2413 4434 2626 4489 decimo
2653 4443 2850 4489 octavo
2884 4449 2899 4487 :
2938 4433 3090 4488 Tolle
3128 4434 3259 4489 mihi
3286 4448 3354 4489 ex
3386 4436 3549 4491 corde

1962 4529 2159 4582 malam
2184 4526 2593 4597 cogitationem,
2612 4525 2812 4595 repelle
2837 4541 2868 4580 a
2896 4540 2984 4580 me
3007 4525 3208 4580 malum
3222 4540 3499 4581 suasorem
3530 4544 3545 4581 :

1959 4617 2064 4672 hoc
2100 4626 2201 4683 cst,
2231 4616 2314 4670 Ab
2347 4615 2577 4671 occultis
2610 4616 2747 4671 meis
2773 4617 2975 4672 munda
3010 4632 3099 4672 me
3126 4656 3141 4682 ,
3179 4618 3328 4673 etab
3355 4617 3550 4673 alienis

1958 4721 2125 4777 parce
2148 4720 2306 4762 servo
2339 4713 2452 4762 tuo.

2564 4794 2796 4852 CAPUT
2827 4793 2941 4850 VII.

2420 4886 2499 4942 De
2521 4885 2851 4957 vespertinali
2873 4901 3085 4956 synaxr.

2034 4980 2291 5051 Legimus
2316 4979 2372 5034 in
2395 4978 2593 5043 Esdra,
2631 4977 2775 5048 quod
2792 4976 2908 5046 jam
2931 4977 3356 5032 memoravimus
3375 5016 3389 5043 ,
3417 4990 3551 5047 qua-

1962 5080 2047 5128 ter
2082 5074 2135 5127 in
2169 5072 2258 5128 die
2285 5071 2544 5142 populum
2588 5071 2685 5126 Dei
2727 5069 3039 5126 confessum
3070 5084 3192 5124 esse
3238 5069 3468 5126 Domino
3492 5076 3550 5124 et

1960 5171 2153 5233 quater
2177 5163 2231 5217 in
2262 5171 2421 5218 nocte
2447 5179 2460 5216 :
2490 5162 2559 5216 Et
2582 5178 2647 5217 ex
2683 5160 2869 5217 verbis
2895 5159 3101 5216 domini
3124 5160 3303 5225 Bedze,
3337 5176 3403 5215 ex
3438 5168 3550 5213 tra-

1962 5262 2108 5310 ctatu
2136 5253 2190 5307 in
2217 5253 2410 5308 eodem
2438 5251 2610 5308 Esdra
2639 5270 2652 5305 :
2679 5251 3003 5322 Opinionem
3030 5267 3152 5307 esse
3170 5250 3550 5321 cognoscimus

1966 5352 2165 5401 sanctae
2191 5342 2469 5407 Ecclesiae,
2489 5342 2646 5411 juxta
2672 5342 2822 5396 illum
2850 5356 3059 5397 morem
3087 5354 3145 5393 se
3173 5348 3409 5407 quatuor
3437 5337 3548 5392 olli-

1964 5435 2047 5490 cia
2079 5434 2356 5490 celebrare
2379 5432 2433 5487 in
2465 5432 2575 5498 die,
2613 5441 2670 5487 et
2690 5439 2923 5502 quatuor
2957 5432 3011 5483 in
3045 5436 3226 5483 nocte.
3250 5425 3368 5480 Non
3400 5425 3546 5480 enim

1963 5528 2236 5584 immerito
2278 5542 2379 5582 nos
2420 5527 2513 5597 qui
2545 5526 2843 5581 militamus
2879 5524 2989 5578 Deo
3018 5562 3033 5587 ,
3061 5528 3257 5590 quater
3301 5519 3355 5573 in
3386 5526 3548 5576 nocte

1960 5621 2174 5693 vigilias
2198 5632 2522 5675 renovamus
2548 5658 2561 5683 ,
2590 5634 2713 5672 cum
2746 5618 2801 5671 hi
2835 5615 2929 5684 qui
2971 5611 3169 5667 saeculo
3208 5610 3540 5678 militabant,

1908 5726 1919 5737 ‘
1960 5730 2055 5781 per
2084 5723 2317 5783 quatuor
2346 5711 2561 5783 vigilias
2594 5712 2871 5768 [indebant
2896 5716 3108 5767 noctem
3135 5707 3188 5763 in
3214 5708 3432 5768 castris.
3468 5718 3542 5764 ne
