3938 6178
339 272 479 330 H79

1408 257 1741 317 AMALARII
1778 253 2215 310 PRESBYTERI
2256 252 2595 308 METENSlS

3480 257 3613 315 “$0

340 391 770 457 irrumperentur
833 388 1015 440 castra
1085 383 1154 438 ab
1211 379 1447 436 inimicis
1518 375 1923 433 insidiantibus.
1953 377 2006 437 Α
2030 387 2224 429 sensus
2247 374 2509 443 corporis.
2541 373 2619 427 De
2647 373 2903 428 cordibus
2920 381 3002 428 est
3032 388 3281 431 seorsum
3305 379 3621 442 dicendum.

339 479 564 536 Nostras
587 483 823 546 quatuor
852 477 1083 546 vigilias,
1116 475 1365 533 innecte
1391 472 1630 527 solemus
1654 470 1916 535 vocitare,

340 567 711 639 vespertinum
740 609 754 633 ,
790 566 1223 636 completorinm,
1260 572 1611 641 nocturnum,
1647 568 1704 616 et
1745 566 1911 613 matu-

340 664 538 717 tinum.
568 659 648 717 Ex
683 659 1006 732 etymologia
1037 655 1342 726 VcSpertini
1374 652 1609 708 nominis
1641 650 1923 706 addiscere

338 766 649 825 possumus,
688 748 1056 817 vespertinum
1108 744 1344 799 cilicium
1403 742 1472 797 ad
1509 749 1724 795 noctem
1754 739 1922 809 perti-

342 860 491 901 nere.
523 842 665 897 Dieit
683 840 922 895 Isidorus
948 839 1003 892 in
1032 837 1172 892 libro
1193 834 1680 907 Etymologiarum,
1702 846 1923 902 vesper-

342 936 514 990 tinum
544 932 778 989 ollicium
806 937 889 985 est
914 930 969 983 in
998 929 1174 983 noctis
1200 927 1373 983 initio.
1396 934 1651 981 vocatum
1675 924 1743 978 ab
1768 923 1922 978 stella

341 1040 588 1095 vespere,
609 1039 729 1093 qua:
761 1022 935 1092 surgit
965 1019 1176 1075 oriente
1202 1027 1380 1074 nocte.
1410 1017 1479 1070 Et
1501 1016 1837 1087 Augustinus
1868 1014 1923 1068 in

339 1118 550 1187 psalmo
601 1115 864 1187 vigesimo
906 1128 1082 1177 nono,
1114 1126 1317 1180 vespere
1356 1109 1718 1163 demorabitur
1744 1108 1919 1176 ﬂetus.

340 1205 482 1274 Quid
514 1212 598 1259 est
644 1218 867 1273 vespere
920 1201 1293 1257 demorabitur
1336 1198 1534 1262 fletus;
1582 1212 1809 1266 vespera
1862 1195 1986 1282 fit

1954 1281 1985 1316 ί
2026 1285 2259 1356 sumpsit
2279 1284 2516 1349 initium,
2540 1290 2602 1337 ut
2628 1283 2682 1336 in
2719 1281 2963 1337 Ecclesia
2985 1281 3295 1351 antiphome
3324 1281 3620 1336 decantat-

341 1296 559 1367 quando
589 1294 670 1350 sol
701 1288 919 1349 occidit.
954 1291 1094 1347 Hinc
1116 1305 1405 1361 possumus
1442 1289 1737 1360 conjicere,
1762 1287 1926 1342 feria-

343 1399 430 1445 tos
455 1389 571 1445 dies
591 1388 965 1450 observamus,
996 1385 1138 1454 quod
1169 1398 1264 1438 eos
1292 1383 1586 1437 observare
1631 1380 1925 1435 debeamus

344 1495 375 1535 a
402 1492 627 1548 vespere
652 1491 823 1546 usque
850 1475 919 1530 ad
965 1488 1251 1544 vesperam
1279 1512 1294 1538 ,
1332 1480 1393 1525 ut
1422 1487 1453 1525 a
1491 1470 1623 1526 solis
1673 1469 1925 1525 occubitu

346 1586 518 1640 usque
564 1568 633 1623 ad
657 1566 773 1635 ejus
799 1567 995 1621 iterum
1043 1575 1298 1621 occaSum
1322 1579 1418 1619 eos
1469 1562 1713 1634 legitime
1739 1564 1928 1619 obser-

350 1676 500 1727 vare,
534 1675 760 1716 necesse
783 1659 871 1714 sit.
906 1657 1013 1713 Iste
1048 1665 1220 1713 status
1252 1656 1429 1713 noctis
1454 1654 1713 1727 informat
1739 1653 1927 1709 ﬂetum

2020 471 2309 536 postquam
2332 465 2675 529 venerimus,
2711 464 2757 518 si
2786 464 3049 520 Dominus
3084 466 3329 533 dederit,
3362 470 3431 523 ad
3460 470 3619 540 hymo

2020 571 2151 611 num
2178 556 2379 610 Marias.
2428 555 2662 624 Propter
2686 555 2788 610 hos
2840 554 3095 610 videlicet
3133 556 3376 627 quinque
3400 574 3621 625 sensus,

2019 647 2147 716 quia
2168 646 2307 701 forte
2328 661 2437 701 non
2469 645 2672 700 fuimus
2694 644 2876 715 digni,
2904 653 2965 699 ut
2989 645 3357 716 dirigerentur
3376 663 3480 717 per
3499 664 3617 703 om.

2022 738 2113 793 nia
2134 738 2434 793 secundum
2459 737 2674 791 Domini
2697 736 2981 806 placitum,
3006 738 3247 807 quinque
3266 738 3465 809 psalmi
3490 755 3594 795 can

2023 837 2212 884 tantur
2238 870 2254 894 ,
2287 837 2348 883 ut
2379 829 2696 897 ignoscatur
2720 827 2899 882 nobis.
2948 826 3060 882 llos
3106 828 3348 898 quinque
3374 832 3622 899 psalmos

2024 921 2423 991 antiphonatim
2453 928 2680 976 cantare
2723 918 2985 974 solemus.
3015 918 3088 974 Ut
3124 920 3399 989 tripartita
3430 930 3621 975 narrat

2023 1012 2251 1067 historia
2274 1011 2329 1065 in
2359 1010 2501 1066 libro
2532 1025 2590 1075 χ,
2617 1025 2668 1064 c.
2704 1008 2772 1063 9:
2804 1010 2871 1063 ab
2892 1008 3104 1077 Ignatio
3132 1010 3392 1079 episeopo
3427 1009 3593 1065 Antio

2027 1102 2163 1158 chius
2207 1101 2623 1171 antiphonarum
2664 1114 2798 1154 usus
2844 1098 2897 1152 in
2938 1098 3187 1154 ecclesiis
3222 1100 3402 1169 primo
3450 1101 3611 1169 cepit

2027 1194 2263 1266 actitari.
2282 1194 2361 1248 ita
2393 1193 2540 1248 enim
2573 1199 2761 1245 narrat
2786 1208 2799 1245 :
2825 1188 3123 1245 Dicendum
3147 1198 3327 1245 tamen
3349 1199 3454 1255 est,
3474 1191 3618 1245 unde

2027 1385 2137 1431 tur.
2166 1376 2404 1445 lgnatius
2430 1372 2734 1428 Antiochiae
2758 1370 2931 1442 Syriae
2958 1370 3151 1427 tortius
3170 1378 3292 1442 post
3310 1370 3618 1441 apostolum

2026 1469 2249 1524 Petrum
2278 1467 2585 1537 episcopus,
2616 1463 2890 1535 quietiam
2912 1477 3038 1518 cum
3065 1462 3195 1533 ipsis
3227 1462 3458 1531 degebat
3482 1475 3619 1531 apo-

2028 1563 2201 1628 stolis,
2237 1560 2373 1616 vidit
2393 1559 2712 1631 angelorum
2740 1557 3025 1620 visionem,
3060 1553 3332 1625 quomodo
3349 1568 3453 1623 per
3475 1553 3619 1607 anti-

2028 1652 2240 1722 phonas
2284 1658 2489 1705 sanctae
2530 1646 2785 1702 Trinitati
2841 1644 3101 1701 dicebant
3156 1645 3408 1715 hymnos,
3465 1644 3630 1713 isque

341 1768 532 1807 eorum
586 1758 935 1821 peccatorum
963 1789 979 1815 ,
1005 1747 1203 1823 quibus
1233 1748 1435 1803 occidit
1480 1756 1643 1801 verus
1683 1745 1786 1800 sol.
1815 1744 1927 1801 Illis
1955 1744 2002 1803 B
2031 1743 2251 1799 modum
2278 1741 2504 1797 visionis
2524 1740 2881 1795 Antiocheam
2908 1737 3196 1793 tradidisse
3219 1737 3491 1808 probatur
3520 1738 3615 1793 Ec-

345 1854 569 1896 necesse
600 1849 685 1894 est
712 1838 930 1910 plorare
957 1837 1199 1907 quinque
1248 1835 1500 1891 carnales
1546 1849 1740 1890 sensus
1773 1849 1925 1903 suos,

344 1930 438 2000 qui
483 1929 706 1984 obedire
752 1928 928 1984 solent
973 1928 1041 1982 ad
1070 1926 1425 1998 peccandum,
1449 1934 1510 1980 ut
1550 1926 1609 1980 in
1635 1926 1922 1989 matutino,

343 2022 399 2076 id
422 2029 525 2086 est,
552 2021 606 2075 in
633 2021 888 2075 evasione
906 2016 1254 2089 peccatorum
1269 2015 1486 2088 quando
1515 2016 1597 2072 sol
1627 2017 1710 2072 eis
1730 2018 1927 2073 iterum

343 2115 565 2171 inchoat
597 2114 752 2179 oriri,
778 2112 976 2182 quibus
1008 2111 1211 2167 occidit
1245 2125 1472 2180 vespere
1502 2150 1517 2176 ,
1545 2111 1757 2179 possint
1780 2111 1928 2166 laeta-

346 2203 415 2257 ri.
452 2202 607 2259 Unde
629 2203 771 2257 idem
795 2202 885 2272 qui
911 2217 1073 2272 supra
1101 2202 1155 2256 in
1180 2208 1481 2255 memorato
1505 2199 1721 2254 Psalmo
1753 2216 1769 2253 :
1804 2197 1929 2254 Ves-

345 2308 465 2350 oere
495 2291 854 2347 demorabitur
901 2293 1080 2361 ﬂetus,
1124 2301 1171 2346 et
1198 2292 1259 2346 in
1285 2292 1545 2345 matutino
1591 2289 1877 2345 exsultatio
1908 2304 1928 2343 :

345 2383 569 2453 quando
599 2382 829 2452 cmperit
879 2382 1014 2438 oriri
1051 2381 1297 2438 ﬁdelibus
1330 2380 1421 2435 lux
1447 2421 1462 2448 ,
1501 2395 1623 2449 quae
1659 2380 1933 2435 occiderat

346 2473 747 2545 peccatoribus.
771 2474 811 2541 -ι-
830 2473 1094 2528 informat
1139 2472 1305 2527 etiam
1332 2471 1505 2528 altero
1532 2470 1697 2533 modo
1730 2478 1931 2525 statum

350 2578 564 2632 eorum,
620 2564 714 2636 qui
765 2564 945 2634 aliqua
981 2563 1300 2619 infirmitate
1354 2563 1736 2634 opprimuntur
1763 2603 1779 2629 ,
1832 2578 1933 2633 per

346 2668 511 2725 quam
560 2656 998 2727 appropinquant
1049 2656 1232 2711 morti.
1275 2654 1342 2710 lli
1385 2654 1534 2711 enim
1577 2663 1785 2725 quanto
1807 2655 1932 2725 plus

346 2747 539 2801 timent
568 2747 729 2813 mori,
763 2755 819 2802 et
845 2748 1171 2803 sententiam
1198 2748 1482 2818 percipere
1515 2761 1701 2802 veram
1728 2761 1928 2817 pecca-

356 2844 557 2903 torum,
596 2845 749 2892 tanto
770 2837 891 2907 plus
921 2846 1049 2894 ante
1073 2838 1260 2894 oculos
1293 2840 1487 2894 mortis
1525 2854 1638 2894 suae
1664 2840 1933 2894 reducunt

350 2925 601 2981 carnales
633 2933 837 2993 motus,
866 2928 960 2996 qui
983 2929 1231 2998 generati
1253 2937 1380 2982 sunt
1413 2944 1512 2999 per
1545 2929 1784 2999 quinque
1805 2943 1932 2983 sen-

349 3032 444 3073 sus
475 3017 744 3087 corporis,
771 3026 828 3073 et
862 3033 959 3074 eos
991 3019 1210 3075 deﬂent.
1247 3020 1436 3075 Timor
1477 3021 1616 3076 solet
1661 3035 1933 3092 occupare

348 3114 559 3162 mentes
575 3085 893 3173 hominum,
930 3110 1145 3178 quando
1175 3111 1337 3166 morti
1365 3085 1835 3181 appropinquant,
1859 3112 1933 3167 si-
1960 3085 2005 3148 Ο

347 3204 441 3253 cut
471 3197 537 3252 de
570 3197 689 3268 ipso
732 3198 962 3254 Domino
994 3200 1259 3270 scriptum
1294 3209 1379 3257 est
1409 3200 1686 3273 (quamvis
1727 3217 1839 3257 non
1868 3204 1935 3259 tl-

354 3295 530 3341 meret
552 3286 871 3343 infirmitate
906 3328 922 3355 ,
952 3290 1047 3344 sed
1083 3289 1475 3362 dispensative)
1518 3293 1686 3363 coepit
1728 3294 1936 3348 contri-

350 3376 484 3432 stari
508 3386 564 3434 et
585 3387 811 3434 moestus
855 3394 994 3436 esse.
1028 3380 1233 3436 Tamen
1262 3382 1420 3437 multi
1465 3390 1595 3439 sunt
1619 3423 1635 3449 ,
1668 3384 1765 3454 qui
1801 3399 1937 3455 gau-

352 3469 482 3525 dent
502 3470 567 3525 de
594 3470 883 3538 matutino;
907 3473 1123 3542 quando
1146 3481 1430 3545 resurgent
1451 3489 1484 3529 a
1505 3475 1735 3530 mortuis
1770 3491 1935 3546 prop-

349 3567 434 3615 ter
485 3560 819 3616 consortium
851 3560 1286 3618 Itesurrectionis
1316 3561 1540 3619 Christi.
1588 3563 1685 3618 llis
1726 3565 1936 3619 duobus

354 3650 528 3706 modis
563 3652 929 3717 transcursis,
963 3652 1225 3708 debemus
1251 3655 1438 3709 venire
1461 3654 1530 3710 ad
1562 3655 1935 3726 quotidianum

349 3757 510 3798 usum
555 3750 844 3799 nostrum:
894 3745 1241 3814 quotidianus
1268 3762 1400 3803 usus
1447 3755 1634 3804 noster
1652 3755 1801 3804 tenet
1825 3789 1840 3815 ,
1873 3756 1936 3803 ut

354 3833 593 3904 quinque
637 3834 880 3903 psalmos
923 3844 1202 3891 cantemus
1237 3837 1294 3893 in
1330 3839 1686 3907 vespertinali
1712 3840 1932 3911 synaxi.

352 3919 486 3987 Quis
507 3920 652 3974 enim
679 3923 873 3987 nescit,
902 3925 1150 3992 quamvis
1169 3939 1267 3994 per
1300 3934 1532 3994 quatuor
1559 3927 1724 3983 horas
1745 3928 1937 3999 depre-

351 4025 541 4066 cemur
570 4010 890 4077 Dominum,
927 4020 1129 4081 quanta
1168 4014 1553 4085 impedimenta
1581 4025 1639 4072 et
1687 4026 1822 4087 quot
1840 4019 1937 4073 tri-

354 4099 521 4154 stitia:
544 4108 814 4170 occupent
842 4107 1080 4156 mentem
1105 4101 1239 4170 justi
1259 4118 1357 4173 per
1385 4104 1563 4159 diem?
1589 4104 1743 4162 Oculi
1765 4106 1934 4163 addu-

353 4197 483 4245 cunt
520 4189 590 4244 ad
621 4204 716 4245 eas
753 4189 956 4246 formas
982 4191 1153 4248 illices
1178 4231 1195 4257 ,
1220 4208 1341 4262 qua:
1363 4194 1489 4265 quia
1512 4196 1632 4251 sine
1657 4196 1935 4252 voluntate

347 4280 481 4352 justi
510 4280 709 4337 anima:
732 4281 941 4337 intrant
989 4283 1058 4338 ad
1080 4297 1203 4338 eam
1226 4324 1240 4348 ,
1287 4285 1444 4340 tmdio
1473 4284 1726 4341 aﬂicitur.
1757 4286 1934 4343 Simili

355 4371 516 4425 modo
553 4385 651 4440 per
681 4386 843 4427 aures
870 4371 1073 4427 intrant
1107 4373 1270 4429 verba
1304 4382 1401 4430 aut
1423 4375 1796 4443 detractionis,
1840 4386 1934 4434 aut

352 4458 512 4517 luxus
534 4499 552 4526 ,
584 4475 705 4531 qua:
730 4461 1082 4518 nihilominus
1113 4462 1418 4520 molestiam
1462 4465 1715 4538 ingerunt
1740 4470 1928 4525 menti.

354 4551 527 4608 Nares
561 4553 727 4609 etiam
764 4570 872 4610 non
895 4565 1020 4611 sunt
1048 4556 1237 4613 alienae
1265 4560 1335 4614 ab
1355 4560 1459 4616 hoc
1482 4563 1746 4630 pestifero
1771 4564 1935 4621 inter-

354 4643 565 4698 nuntio.
597 4643 671 4700 Os
705 4659 814 4700 non
858 4660 917 4701 se
959 4654 1141 4716 potest
1187 4662 1450 4704 excusare
1497 4650 1603 4706 nisi
1628 4651 1926 4721 delinquat.

356 4734 742 4807 Unusquisque
796 4739 1077 4809 cognoscit
1128 4740 1346 4810 quando
1386 4742 1550 4798 verba
1592 4742 1926 4810 criminalia,

352 4825 570 4894 quando
603 4826 767 4881 verba
787 4830 985 4896 otiosa,
1021 4836 1077 4886 et
1112 4840 1309 4887 caetera
1334 4832 1463 4888 talia
1498 4834 1695 4904 quibus
1740 4850 1838 4906 per
1866 4852 1929 4893 os

351 4914 607 4987 polluitur
637 4932 809 4974 mens.
849 4919 1040 4976 Manus
1086 4920 1275 4992 procul
1302 4923 1466 4979 dubio
1493 4932 1549 4979 et
1576 4922 1743 4994 pedes
1787 4942 1929 5000 saepe

353 5005 406 5059 id
431 5013 677 5073 tangunt,
703 5008 845 5063 unde
867 5009 1047 5065 anima
1069 5010 1131 5066 fit
1153 5013 1390 5068 deterior
1409 5029 1508 5083 per
1521 5017 1925 5086 cogitationem.

350 5094 422 5149 At
449 5094 577 5164 quia
613 5095 671 5149 in
704 5095 826 5152 istis
862 5099 1101 5171 quinque
1143 5103 1395 5159 sensibus
1437 5106 1706 5163 tendimus
1752 5111 1932 5178 quoti—

351 5185 514 5242 diano
536 5185 733 5242 affectu
756 5188 823 5243 ad
838 5191 1106 5257 tenebras,
1123 5208 1347 5250 necesse
1369 5204 1472 5259 est,
1496 5204 1557 5251 ut
1581 5199 1928 5257 noctisinitio

350 5289 452 5345 pro
486 5276 567 5333 eis
615 5278 826 5333 veniam
852 5280 1024 5335 Deum
1060 5298 1369 5352 precemur.
1394 5285 1490 5341 lsti
1519 5297 1649 5343 sunt
1678 5291 1926 5362 quinque

350 5378 564 5433 sensus,
596 5383 733 5439 quos
760 5384 919 5426 mane
949 5372 1393 5430 commendamus
1420 5376 1650 5434 Domino
1684 5380 1927 5453 dirigen-

351 5454 717 5522 dos,dicendo
754 5478 767 5514 :
801 5461 1004 5533 Dirige,
1039 5463 1288 5530 Domine,
1312 5465 1497 5534 corda,
1515 5483 1709 5526 sensus
1725 5478 1781 5526 et
1807 5487 1927 5528 ser-

353 5562 539 5605 mones
550 5562 782 5621 llOSll'OS,
796 5562 850 5610 et
861 5570 1024 5626 opera
1036 5573 1292 5613 manuum
1305 5568 1635 5616 nostrarum.
1647 5561 1794 5619 Inter
1805 5580 1929 5620 scn-

354 5650 468 5709 ς..
482 5646 535 5694 ct
549 5656 849 5715 sermones,
876 5654 930 5703 ct
952 5664 1116 5722 opera
1131 5651 1662 5723 comprehenduntur
1684 5654 1924 5731 quinque

2027 1831 2226 1898 clcsite,
2254 1840 2310 1888 et
2337 1846 2403 1887 ex
2431 1832 2535 1886 hoc
2564 1831 2631 1887 ad
2659 1838 2886 1885 cunctas
2916 1828 3168 1883 transivit
3189 1827 3475 1883 ecclesias.

2095 1921 2409 1993 Antiphona
2444 1921 2644 1976 dicitur
2688 1935 2793 1975 vox
2832 1920 3133 1990 reciproca.
3167 1919 3487 1989 Antiphona
3537 1922 3623 1975 iu—

2028 2015 2261 2069 choatur
2272 2014 2341 2067 ab
2370 2027 2479 2068 uno
2506 2013 2668 2068 unius
2692 2012 2864 2076 chori,
2893 2021 2950 2067 ct
2982 2013 3050 2066 ad
3072 2011 3188 2081 ejus
3207 2012 3620 2083 symphoniam.

2026 2105 2275 2162 Psalmus
2309 2113 2564 2161 cantatur
2602 2120 2701 2175 per
2735 2107 2872 2160 duos
2922 2104 3143 2160 choros.
3175 2104 3294 2174 Ipsa
3340 2105 3489 2159 enim
3517 2145 3533 2169 ,
3567 2106 3624 2159 id

2028 2205 2133 2256 est.
2154 2196 2453 2267 antiphona
2480 2195 2882 2266 conjunguntur
2905 2196 3064 2250 simul
3092 2196 3199 2250 duo
3224 2196 3399 2252 chori.
3435 2196 3622 2264 Quan-

2030 2296 2089 2343 to
2117 2287 2265 2343 enim
2305 2286 2498 2343 melior
2532 2295 2618 2342 est
2641 2287 2824 2342 anima
2847 2301 3096 2356 corpore,
3148 2295 3297 2341 tanto
3323 2286 3521 2343 melior
3538 2296 3624 2344 est

2029 2387 2223 2435 cantus
2245 2378 2463 2446 animm,
2501 2394 2667 2449 quam
2716 2378 2981 2449 corporis.
3036 2377 3206 2449 Igitur
3228 2378 3623 2434 intendendum

2029 2480 2137 2537 est,
2174 2486 2295 2542 quae
2319 2472 2393 2528 sit
2415 2471 2711 2541 antiphona
2742 2472 2961 2527 animae.
3000 2471 3232 2527 Videtur
3261 2472 3421 2527 nobis
3445 2472 3627 2526 virtus

2030 2564 2340 2621 dilectionis
2365 2578 2487 2621 esse
2516 2603 2531 2630 ,
2567 2580 2689 2634 quae
2739 2562 3023 2634 coniungit
3051 2577 3215 2633 opera
3246 2563 3483 2619 duorum
3510 2562 3625 2617 fra-

2030 2661 2178 2709 trum
2201 2654 2384 2719 simul,
2419 2654 2615 2725 psalmi
2650 2653 2720 2709 ad
2748 2668 2913 2724 Opera
2936 2652 3285 2708 referuntur?
3311 2653 3620 2724 Αιιιίριιοη;ι

2031 2747 2102 2802 ad
2154 2746 2304 2801 illam
2353 2745 2720 2812 dilectionem,
2753 2759 2860 2815 qua
2894 2744 3274 2815 unusquisque
3320 2743 3481 2798 fratri
3522 2760 3624 2798 suo

2031 2837 2266 2909 porrigit
2318 2851 2477 2891 suum
2519 2851 2677 2906 opus.
2730 2834 2895 2890 Verbi
2949 2835 3164 2905 gratia:
3206 2850 3350 2890 unus
3385 2835 3515 2904 legit
3568 2843 3626 2888 et

2033 2927 2196 2984 discit
2229 2928 2533 2984 doctrinam
2564 2928 2618 2982 in
2644 2927 2852 2991 schola,
2884 2926 3023 2980 alter
3040 2927 3274 2980 seminat
3308 2926 3365 2980 in
3386 2941 3582 2995 eampo
3608 2944 3621 2979 :

2036 3026 2283 3088 tempore
2305 3016 2518 3072 fructus
2530 3018 2723 3074 doctor
2734 3015 3026 3071 seminanti
3049 3015 3282 3086 porrigit
3294 3016 3625 3075 doctrinam,

2035 3117 2186 3165 sator
2211 3108 2419 3165 doctori
2455 3123 2674 3178 panem.
2727 3107 2949 3161 Duobus
2996 3107 3183 3162 choris
3206 3106 3513 3162 alternatur
3536 3122 3629 3161 an-

2034 3203 2262 3273 tiphona
2289 3241 2306 3269 ,
2353 3201 2613 3272 quoniam
2658 3215 2769 3256 non
2796 3206 2978 3270 potest
3023 3200 3206 3254 minus
3232 3213 3359 3254 esse
3384 3199 3631 3254 claritas

2034 3309 2197 3365 quam
2244 3293 2390 3348 inter
2436 3292 2594 3348 duos.
2638 3290 2794 3347 Hanc
2840 3289 3278 3345 vicissitudinem
3337 3289 3628 3345 charitatis

2034 3382 2345 3456 signiﬁcant
2395 3390 2646 3438 cantores
2675 3422 2691 3449 ,
2751 3381 2846 3452 qui
2896 3381 3211 3436 alternatim
3269 3396 3339 3436 ex
3393 3389 3626 3450 utraque

2032 3482 2188 3547 parte
2219 3476 2547 3547 antiphonas
2579 3475 2781 3530 levant.
2831 3474 2942 3529 Hos
2971 3474 3107 3529 duos
3130 3474 3330 3530 choros
3376 3474 3625 3543 designa-

2032 3574 2229 3623 verunt
2256 3582 2448 3637 penua:
2496 3566 2814 3622 animalium
2843 3566 3076 3620 invicem
3121 3573 3395 3636 porrecta:
3428 3605 3447 3631 ,
3490 3580 3627 3634 quas

2036 3655 2169 3712 vidit
2208 3655 2461 3712 Ezechiel
2513 3656 2570 3710 in
2607 3656 2782 3726 figura
2820 3658 3088 3712 adventus
3135 3656 3345 3712 Christi
3397 3664 3455 3711 et
3490 3655 3621 3712 Novi

2035 3747 2395 3804 Testamenti.
2429 3747 2754 3835 conjunctio
2776 3747 3007 3802 duarum
3027 3761 3331 3818 pennarum
3369 3748 3617 3819 antipha—

2034 3854 2106 3895 na
2128 3847 2232 3907 est,
2269 3853 2390 3910 quae
2411 3840 2589 3895 vicem
2621 3845 2771 3894 tenet
2798 3839 3101 3894 charitatis.
3136 3837 3297 3894 Unde
3324 3838 3622 3910 Gregorius

2034 3933 2224 3989 scribit
2248 3932 2305 3988 in
2342 3931 2563 3988 homilia
2604 3931 2838 4002 septima
2871 3945 3038 4003 super
3066 3932 3320 3986 eumdem
3370 3931 3621 3985 Ezechie-

2034 4023 2160 4078 lem.
2202 4022 2339 4078 Nam
2364 4023 2495 4078 dum
2526 4021 2627 4076 ille
2651 4021 2880 4078 verbum
2930 4021 3337 4092 praedicationis
3380 4022 3616 4086 exhibet,

2032 4121 2089 4168 et
2104 4112 2307 4168 lumine
2326 4113 2573 4167 veritatis
2584 4128 2653 4168 ex
2680 4113 2845 4167 corde
2870 4126 2993 4167 meo
3016 4112 3345 4182 ignorantiae
3369 4113 3622 4167 tenebras

2034 4202 2266 4272 repellit,
2292 4210 2348 4258 et
2380 4203 2508 4257 dum
2538 4202 2743 4274 illi-ego
2772 4203 2899 4273 quia
2927 4201 3162 4258 fortasse
3189 4217 3219 4257 a
3247 4204 3441 4258 mundi
3465 4201 3621 4271 hujus

2032 4302 2256 4364 potente
2293 4294 2643 4364 opprimitur,
2680 4294 2936 4350 solatium
2965 4310 3101 4351 mea:
3156 4293 3493 4353 defensionis
3524 4297 3620 4358 im-

2033 4386 2262 4457 pertior,
2322 4394 2488 4457 atque
2531 4387 2674 4443 hanc
2722 4388 2790 4442 de
2818 4387 3071 4443 violentis
3121 4388 3377 4444 manibus
3406 4387 3612 4451 evelle,

2036 4476 2276 4531 vicissim
2298 4476 2458 4532 nobis
2482 4491 2690 4548 pennas
2719 4484 2934 4532 nostras
2979 4477 3275 4543 tendimus,
3313 4485 3377 4532 ut
3407 4493 3510 4534 nos
3539 4477 3615 4532 af—

2034 4566 2177 4623 fectu
2207 4575 2265 4622 et
2291 4582 2395 4637 ope
2412 4569 2614 4624 vicaria
2636 4584 2702 4625 ex
2733 4569 2878 4624 bono
2899 4570 3044 4639 quod
3069 4570 3404 4639 accepimus,
3436 4578 3617 4639 tanga-

2033 4673 2174 4714 mus.
2204 4658 2355 4715 Unde
2380 4659 2517 4714 bene
2533 4659 2742 4729 primus
2764 4668 2954 4729 pastor
2964 4659 3240 4726 admonet,
3258 4661 3483 4717 dicens:
3501 4660 3615 4717 Om-

2035 4750 2187 4804 nium
2208 4749 2329 4805 linis
2357 4750 2812 4822 appropinquabit
2841 4768 2855 4806 :
2881 4750 3067 4807 Estote
3107 4753 3292 4823 itaque
3311 4753 3611 4823 prudentes,

2033 4849 2083 4895 et
2111 4841 2323 4911 vigilate
2367 4843 2425 4895 in
2460 4842 2800 4898 rorationibus
2844 4859 2867 4897 :
2893 4853 3015 4899 ante
3060 4846 3239 4899 antnia
3285 4855 3530 4901 mutuam
3560 4845 3614 4898 in

2035 4930 2409 5002 nobismetipsis
2463 4932 2774 4987 charitatem
2820 4934 3126 4989 continuam
3181 4935 3454 5000 habentes,
3496 4935 3612 5007 quis

2035 5017 2265 5073 cltaritas
2316 5021 2481 5090 operit
2528 5020 2926 5078 multitudinem
2972 5034 3328 5095 peccatorum.
3356 5026 3492 5085 Post
3516 5029 3612 5083 hoc

2035 5111 2280 5180 sequitur
2293 5111 2454 5168 lectio
2480 5128 2510 5167 a
2526 5126 2745 5183 pastore
2764 5115 2995 5185 prolata.
3022 5115 3141 5187 Ipsa
3164 5127 3249 5173 est
3273 5118 3438 5174 lectio
3454 5134 3609 5191 quam

2035 5208 2221 5270 pastor
2244 5201 2403 5257 debet
2435 5202 2756 5260 domesticis
2783 5209 2896 5261 suis
2947 5206 3177 5262 solerter
3208 5207 3609 5271 administrare.

2039 5290 2237 5346 Audivi
2294 5291 2425 5347 olim
2473 5294 2849 5365 responsorios
2893 5297 3104 5351 cantari
3154 5298 3298 5367 apud
3350 5300 3608 5369 quosdam

2028 5389 2153 5451 post
2220 5380 2506 5437 lectionem
2557 5384 2976 5455 vespertinalem
3014 5427 3031 5453 ,
3094 5388 3188 5458 qui
3260 5390 3607 5444 continentur

2029 5474 2085 5528 in
2107 5473 2376 5543 aliquibus
2395 5475 2821 5544 antiphonariis;
2851 5480 2945 5535 scd
2969 5481 3111 5550 apud
3142 5482 3434 5536 nonnullos
3459 5482 3605 5536 modo

2031 5581 2095 5621 ac
2122 5580 2258 5634 pene
2287 5579 2504 5630 omnes,
2534 5573 2654 5649 post
2690 5569 2974 5625 lectionem
3018 5573 3258 5643 sequitur
3284 5572 3601 5641 conjunctim

2028 5671 2238 5714 versus.
2264 5651 2436 5729 .Stepe
2475 5658 2619 5713 enim
2667 5659 2882 5717 revolvo
2923 5667 3063 5731 apud
3108 5678 3213 5727 me,
3260 5662 3307 5718 si
3338 5658 3599 5719 decimari
