3938 6178
292 287 425 343 ηὸι

1059 284 1145 338 DE
1183 280 1737 339 ECCLESIASTICIS
1773 282 2062 341 OFFlCllS
2101 286 2284 343 LIBRI
2322 288 2409 344 l‘t.
2450 318 2522 330 ---
2560 288 2685 344 LIB.
2729 290 2819 346 ιν.

3422 297 3565 354 “82

287 409 505 476 oportet
544 398 945 471 responsorium
970 407 1092 469 post
1118 398 1406 457 lectionem
1430 400 1872 468 vespertinalem,
1901 407 1954 466 Α
1979 401 2191 458 laudem
2221 405 2637 474 vespertinalem
2658 406 2892 461 oti'erunt
2916 422 3016 477 per
3035 409 3277 479 quinque
3306 412 3562 481 psalmos,

289 511 461 567 quare
506 509 613 547 non
644 491 819 547 'simili
868 490 1027 546 modo
1065 490 1383 546 decantetur
1426 500 1549 562 post
1590 493 1876 548 lectionem

291 585 688 645 matutinalcm.
735 582 796 637 ln
837 582 939 637 hac
983 582 1315 639 revolutione
1345 584 1735 654 cogitationum
1778 600 1874 639 oc-~

291 678 464 735 currit
509 676 669 739 mihi,
692 682 753 728 ut
781 675 923 730 sicut
951 675 1186 745 hymnus
1224 675 1499 730 Zachariae
1526 675 1764 730 excludit
1792 690 1879 730 re-

291 766 636 839 sponsorium
656 772 778 835 post
803 764 1175 819 matutinalem
1197 764 1504 831 lectionem,
1530 766 1606 820 ita
1629 766 1880 820 excludat

293 856 702 928 responsorium
741 856 976 926 hymnus
1002 863 1203 911 sanctae
1244 854 1427 911 Marire
1450 862 1575 925 post
1612 856 1879 924 vesperti-

294 947 469 1004 nalem
501 946 806 1001 lectionem.
837 944 913 999 De
943 959 1101 999 versu
1143 943 1284 1000 foret
1321 944 1410 999 hic
1437 944 1757 1009 dicendum,
1783 945 1881 1000 sed

294 1039 421 1109 quia
452 1053 550 1092 nos
572 1037 893 1090 inchoamus
918 1036 1034 1090 haec
1054 1034 1227 1090 officia
1250 1052 1281 1090 a
1309 1034 1742 1106 Septuagesima,
1771 1053 1879 1092 non

294 1142 583 1198 possumus
628 1124 716 1180 hic
748 1123 954 1179 referre
994 1124 1197 1194 aliquid
1240 1125 1308 1180 de
1338 1140 1519 1189 versu,
1544 1140 1705 1194 quem
1744 1126 1882 1182 sole-

296 1234 419 1274 mus
464 1216 650 1271 dicere
692 1215 748 1269 in
780 1215 1127 1284 vespertinali
1164 1214 1364 1282 cilicio,
1402 1226 1693 1285 antequam
1735 1216 1880 1272 dica-

298 1325 419 1363 mus
463 1306 669 1375 aliquid
697 1306 763 1361 de
791 1304 1049 1369 Alleluia,
1081 1309 1224 1375 quod
1255 1316 1507 1361 cantatur
1551 1308 1605 1361 in
1656 1306 1889 1377 Septua-

297 1401 521 1471 gesima.
558 1397 617 1452 In
645 1398 837 1454 eodem
864 1412 1109 1466 vespere,
1143 1405 1198 1451 et
1222 1397 1277 1451 in
1306 1405 1463 1451 nocte
1488 1397 1764 1467 sequenti,
1794 1396 1892 1449 Al-

299 1491 457 1547 leluia
498 1505 597 1561 per
623 1489 805 1547 omnia
836 1488 1012 1544 cilicia
1055 1489 1294 1544 cantoris
1322 1490 1513 1544 currit.
1556 1489 1637 1544 Ita
1676 1489 1887 1558 agimus

299 1583 368 1637 dc
404 1579 634 1635 Alleluia
678 1580 895 1649 quando
944 1579 1077 1634 illud
1123 1579 1467 1635 recondimus
1514 1579 1567 1633 in
1620 1579 1889 1635 thesauris

298 1673 434 1737 suis,
463 1672 516 1727 id
543 1679 645 1737 est,
675 1671 732 1724 in
759 1671 1016 1725 cerdibus
1047 1670 1345 1725 electorum
1375 1677 1429 1724 et
1456 1670 1769 1741 angelorum
1794 1685 1888 1724 vo-

1978 509 2116 564 ques
2150 496 2388 550 solemus
2420 504 2642 552 cantare
2686 497 2738 551 in
2771 498 3068 553 Dominicis
3107 501 3377 557 noctibus.
3412 502 3569 559 Sicut

1979 585 2254 639 Dominica
2308 600 2412 640 nox
2458 587 2656 641 victrix
2716 589 2923 643 exstitit
2981 589 3261 645 Dominica
3319 608 3567 660 resurre-

1979 677 2178 741 ctione,
2221 676 2294 731 ita
2340 679 2534 747 psalmi
2583 680 2675 749 qui
2720 680 2775 734 in
2822 695 2885 735 ea
2932 689 3241 747 cantantur,
3284 685 3568 741 victoriam

1979 766 2275 821 electorum
2319 767 2530 823 Domini
2557 780 2612 824 et
2649 771 2858 826 laudem
2899 772 3017 841 ejus
3050 783 3321 829 resonant.
3353 776 3569 833 Primus

1980 858 2239 928 psalmus,
2267 859 2319 911 id
2349 867 2463 924 est,
2493 860 2809 916 Benedictus
2843 864 3098 919 Dominus
3132 865 3275 921 Deus
3297 884 3463 932 meus,
3492 870 3571 924 vi-

1981 949 2209 1003 ctoriam
2245 950 2487 1004 continet
2549 951 2718 1007 David
2768 961 2959 1007 contra
2997 953 3226 1009 Goliam.
3270 956 3573 1028 Sequentcs

1981 1038 2173 1107 psalmi
2218 1048 2472 1093 resonant
2522 1041 2733 1097 laudem
2768 1043 2884 1098 Dei.
2916 1044 2991 1099 De
3023 1045 3261 1099 secundo
3291 1047 3421 1101 dicit
3461 1049 3573 1103 Au-

1983 1132 2231 1201 gustinus
2267 1131 2322 1184 in
2363 1140 2597 1186 tractatu
2629 1133 3004 1190 Psalmorum:
3035 1136 3295 1191 Exaltobo
3328 1148 3397 1204 te,
3428 1140 3567 1194 Deus

1983 1238 2129 1276 meus
2158 1237 2272 1287 rex,
2299 1231 2346 1275 et
2382 1221 2687 1278 benedicam
2721 1227 2917 1279 nomini
2962 1235 3051 1280 tuo
3078 1227 3133 1280 in
3158 1229 3409 1282 swculum
3440 1239 3489 1283 et
3517 1232 3575 1286 in

1984 1310 2237 1366 siccatum
2283 1314 2465 1367 screnti
2500 1330 2519 1367 :
2561 1315 2768 1369 Videtis
2818 1316 3126 1371 inchoatam
3162 1333 3282 1374 esse
3327 1319 3422 1374 Dei
3461 1321 3577 1376 lau-

1987 1406 2132 1467 dem,
2175 1419 2345 1473 usque
2380 1405 2435 1457 in
2479 1404 2641 1460 finem
2683 1406 2877 1475 psalmi
2925 1407 3041 1463 laus
3080 1409 3194 1479 ipsa
3239 1412 3574 1479 perdueitur.

1988 1494 2065 1547 De
2098 1494 2260 1548 tertio
2290 1495 2384 1548 ita.
2422 1495 2563 1550 Ecce
2595 1496 2834 1566 psalmus
2876 1507 3052 1553 sonat.
3097 1499 3264 1568 Cujus
3311 1517 3414 1556 vox
3454 1502 3579 1558 est?

1989 1584 2140 1653 Quae,
2168 1586 2213 1641 si
2245 1585 2429 1652 vultis,
2460 1596 2640 1642 vestra
2668 1598 2754 1643 est
2783 1591 3126 1647 exhortantis
3155 1595 3391 1648 animam
3419 1610 3575 1650 suam

1990 1677 2058 1731 ad
2087 1677 2412 1759 laudandum
2440 1677 2628 1743 Deum,
2657 1687 2713 1732 et
2739 1680 2970 1735 dicentis
2995 1682 3097 1736 sibi
3126 1700 3138 1734 :
3165 1682 3373 1750 Lauda,
3396 1687 3576 1741 anima

300 1762 475 1826 cibus,
505 1764 645 1816 sicut
687 1760 823 1816 solet
847 1760 1078 1815 dilectus
1105 1761 1252 1816 circa
1288 1760 1545 1815 dilectum
1577 1776 1761 1832 agere,
1792 1761 1883 1830 qui
1914 1787 1960 1845 Β
1992 1784 2129 1832 mea,
2174 1768 2477 1822 Dominum.
2521 1768 2587 1822 Et
2631 1770 2698 1824 de
2741 1780 2935 1839 quarto
2980 1772 3053 1826 ita
3082 1791 3095 1826 :
3145 1772 3308 1829 Nobis
3335 1775 3572 1832 dicitur;

299 1863 651 1928 porrecturus
693 1862 777 1910 est
806 1855 908 1909 iter
930 1854 1304 1925 longinquum,
1331 1854 1607 1909 osculatur
1634 1870 1696 1910 os
1741 1852 1882 1925 ejus,

301 1947 520 2011 collum,
549 1945 757 2011 oculos,
785 1943 1021 2002 frontem
1072 1952 1129 2000 et
1162 1953 1380 2000 caetera.
1407 1945 1623 2000 Dictum
1661 1946 1734 2000 sit
1758 1946 1886 1999 stri-

301 2040 432 2095 ctim
459 2039 527 2093 de
554 2037 816 2101 Alleluia,
854 2037 998 2107 quod
1040 2044 1327 2107 propterea
1370 2037 1532 2092 toties
1579 2036 1889 2106 frequenta-

300 2149 444 2197 mus,
466 2132 595 2201 quia
616 2130 890 2201 diligimus
916 2128 1066 2194 illud,
1090 2137 1146 2184 ct
1171 2129 1226 2183 in
1256 2128 1560 2200 propinquo
1591 2129 1889 2184 reconden-

302 2227 430 2283 dum
456 2225 548 2279 sit.
577 2223 872 2278 Dicendum
904 2231 988 2277 est
1013 2221 1080 2276 de
1106 2220 1355 2276 versibus
1388 2221 1482 2289 qui
1511 2219 1646 2274 ﬁunt
1673 2235 1773 2290 per
1793 2219 1891 2272 Do-

301 2317 533 2373 :-ninieas
559 2325 747 2370 noctes
767 2322 1014 2376 caeteras,
1038 2322 1094 2368 et
1123 2329 1220 2383 per
1247 2328 1345 2368 sex
1373 2312 1488 2367 dies
1516 2299 1886 2366 hebdomadis.

308 2408 408 2463 l’er
458 2406 765 2463 Dominicas
815 2412 1002 2459 noctes
1052 2404 1288 2459 solemus
1334 2403 1541 2466 dicere,
1585 2399 1891 2471 Vespertimt

305 2499 475 2553 oratio
516 2495 764 2552 ascendat
803 2495 870 2548 ad
907 2504 975 2559 te,
1026 2494 1281 2557 Domine,
1325 2502 1372 2547 et
1409 2491 1690 2565 descendat
1734 2506 1892 2560 super

308 2605 400 2645 nos
439 2587 800 2643 misericordia
826 2596 937 2639 tua.
967 2586 1026 2640 In
1053 2586 1265 2639 caeteris
1314 2593 1495 2638 autem
1526 2583 1774 2639 noctibus
1803 2597 1892 2636 so-

306 2680 481 2737 lemus
507 2678 713 2743 dicere,
735 2677 1012 2747 Dirigatur
1036 2677 1204 2731 oratio
1231 2692 1348 2730 mea
1380 2676 1515 2729 sicut
1538 2676 1809 2728 incensum
1837 2674 1893 2727 in

308 2781 584 2842 conspectu
616 2782 725 2824 tuo.
755 2769 931 2825 Unam
974 2754 1239 2823 rationem
1281 2768 1488 2823 habent
1539 2765 1630 2821 isti
1659 2780 1889 2821 versus:

312 2862 661 2920 Dominicalis
704 2874 893 2916 versus
933 2874 997 2914 ex
1031 2859 1146 2914 suis
1169 2859 1353 2913 verbis
1382 2864 1651 2913 monstrat
1679 2855 1895 2910 actitari

310 2954 678 3024 vespertinam
722 2954 1043 3008 orationem.
1078 2951 1222 3013 Talis
1277 2963 1510 3019 namque
1552 2949 1713 3004 debet
1772 2962 1896 3003 esse

310 3048 490 3104 omnis
510 3062 721 3111 versus,
748 3052 809 3099 ut
837 3043 919 3098 vel
941 3052 1143 3100 statum
1169 3042 1330 3097 ollicii
1360 3042 1427 3095 ad
1468 3040 1786 3097 memoriam
1813 3055 1896 3094 re-

312 3140 508 3203 ducat,
538 3137 623 3193 vel
666 3144 865 3195 statum
914 3132 1204 3203 temporis;
1256 3132 1396 3186 sicut
1434 3131 1510 3185 illi
1549 3130 1757 3185 faciunt
1803 3129 1895 3198 qui

311 3230 459 3284 circa
486 3228 794 3297 passionem
836 3223 1049 3278 Domini
1090 3228 1146 3275 et
1182 3220 1635 3275 resurrectionem
1669 3226 1896 3272 cantan-

314 3329 403 3377 tur
432 3337 445 3373 :
477 3329 533 3374 at
576 3317 927 3389 quotidianus
956 3328 1163 3378 vetsus,
1194 3312 1247 3366 in
1274 3311 1673 3381 posterioribus
1717 3309 1901 3363 verbis

311 3411 446 3475 suis,
477 3408 728 3480 quamvis
755 3422 861 3461 non
888 3412 1204 3468 cantentur,
1232 3401 1421 3458 eadem
1444 3400 1898 3472 aperit'dicendo,

312 3506 552 3561 Elevatio
601 3517 855 3556 manuum
891 3514 1127 3553 mearum
1173 3497 1498 3566 sacrificium
1535 3494 1897 3565 vespertinum.

313 3597 543 3666 Propter
588 3594 707 3647 haec
749 3591 946 3656 verba,
987 3605 1177 3646 versus
1217 3596 1576 3652 memoratus,
1625 3586 1903 3656 Dirigatur

315 3690 484 3743 oratio
511 3703 660 3751 mea,
694 3685 998 3749 inchoatur,
1042 3683 1137 3738 sed
1181 3678 1365 3737 nescio
1394 3697 1496 3736 cur
1537 3696 1645 3736 non
1681 3686 1904 3734 canten—

316 3787 443 3835 tur:
473 3776 723 3840 forsitan,
766 3776 895 3845 quia
940 3773 1254 3830 cantoribus
1289 3773 1557 3843 displicet,
1604 3771 1750 3843 quod
1795 3785 1904 3825 non

314 3868 646 3924 conveniunt
683 3880 872 3921 eorum
904 3864 1379 3921 modulationibus.
1420 3863 1556 3920 Cum
1599 3863 1718 3934 ipso
1743 3877 1905 3917 versu

316 3957 540 4013 offertur
567 3957 876 4021 incensum,
918 3956 1062 4025 quod
1090 3955 1354 4010 Dominus
1395 3954 1652 4025 prmcepit
1688 3952 1901 4016 offerri,

316 4049 386 4105 de
409 4064 516 4118 quo
541 4048 804 4119 scriptum
831 4056 916 4104 est
941 4048 996 4102 in
1022 4048 1162 4103 libro
1192 4047 1361 4102 Exod.
1395 4065 1408 4101 :
1437 4044 1711 4116 Ponesque
1739 4045 1906 4099 altare

316 4150 503 4197 contra
540 4140 728 4206 velum,
755 4141 894 4211 quod
923 4148 1042 4196 ante
1072 4154 1253 4193 arcam
1276 4138 1464 4210 pendet
1503 4136 1788 4191 testimonii
1821 4152 1906 4189 co—

318 4250 436 4288 ram
458 4234 838 4303 propitiatorio,
863 4249 968 4303 quo
993 4233 1186 4303 tegitur
1208 4233 1581 4295 testimonium,
1607 4230 1695 4284 ubi
1720 4228 1909 4301 loquar

319 4326 434 4382 tibi.
468 4324 538 4379 Et
568 4324 793 4380 adolebit
823 4326 1091 4380 incensum
1120 4341 1278 4395 super
1301 4342 1361 4380 eo
1395 4326 1575 4378 Aaron
1609 4339 1766 4377 suave
1795 4322 1908 4392 fra-

318 4434 479 4490 grans
510 4434 528 4471 :
556 4433 710 4472 mane
738 4417 962 4488 'quando
990 4409 1250 4488 componit
1285 4416 1547 4481 lucernas,
1573 4415 1813 4469 incendat
1839 4414 1906 4467 il-

1988 1857 2228 1912 Lnudate
2272 1858 2579 1913 Dominum.
2624 1860 2837 1915 Dicitur
2878 1862 2982 1916 hoc
3013 1862 3266 1918 omnibus
3305 1866 3577 1935 gentibus,

1988 1964 2098 2003 non
2143 1948 2275 2003 solis
2303 1949 2478 2005 nobis.
2518 1949 2584 2002 Et
2633 1950 2790 2005 istam
2840 1967 3029 2007 vocem
3065 1969 3163 2022 per
3197 1954 3315 2009 loca
3368 1956 3579 2025 singula

1989 2048 2307 2105 sonantem,
2354 2055 2387 2094 a
2453 2039 2746 2096 lectoribus
2814 2043 3127 2114 singulatim
3189 2046 3418 2114 audiunt
3471 2046 3579 2101 Ec-

1989 2128 2187 2183 clesiae.
2220 2127 2335 2184 Una
2375 2145 2479 2184 vox
2511 2137 2687 2185 tamen
2732 2130 2827 2186 Dei
2858 2112 3021 2202 super
3048 2148 3239 2189 omnes
3273 2112 3383 2189 non
3412 2143 3581 2208 tacet,

1988 2228 2050 2274 ut
2074 2218 2358 2275 laudemus
2395 2235 2539 2275 eum.
2572 2222 2640 2275 Et
2668 2224 2826 2292 quasi
2865 2239 3231 2293 quaereremus
3258 2241 3426 2296 quare
3466 2226 3581 2281 lau-

1991 2310 2120 2365 dare
2150 2312 2319 2366 Deum
2346 2312 2661 2379 debeamus,
2700 2314 2879 2369 videte
2913 2330 3074 2385 quam
3104 2332 3323 2372 causam
3354 2318 3537 2371 attulit
3563 2333 3579 2372 :

1992 2401 2232 2457 Laudato
2255 2403 2562 2469 Dominum,
2592 2405 2786 2475 inquit,
2816 2408 3067 2476 quoniam
3098 2407 3264 2463 bonus
3305 2418 3400 2462 est.
3428 2409 3580 2463 Psal-

1992 2508 2113 2548 mus
2140 2495 2361 2564 quintus
2390 2495 2630 2550 continet
2662 2496 2876 2550 laudem
2910 2497 3291 2563 Hierusalem,
3335 2514 3456 2567 qua:
3494 2514 3586 2553 re-

1992 2594 2235 2642 stanrata
2266 2597 2349 2642 est
2379 2598 2501 2656 post
2521 2591 3033 2660 peregrinationem.
3065 2592 3140 2646 De
3167 2609 3274 2663 quo
3310 2594 3451 2647 idem
3488 2592 3581 2663 qui

1993 2689 2178 2745 supra,
2214 2676 2268 2730 in
2305 2678 2533 2732 eodem:
2566 2677 2707 2745 Quid
2741 2679 2885 2733 enim
2918 2679 3126 2734 factura
3156 2696 3239 2745 es,
3265 2698 3297 2735 ο
3329 2682 3587 2738 Hierusa-

1994 2766 2134 2821 lem?
2172 2769 2389 2824 Transit
2434 2770 2582 2824 enim
2619 2770 2772 2825 labor
2808 2780 2863 2826 et
2903 2774 3157 2843 gemitus,
3195 2775 3326 2844 quid
3371 2775 3582 2831 factura

1994 2860 2089 2913 es?
2116 2859 2352 2914 Aratura
2395 2862 2494 2915 es?
2541 2861 2913 2916 seminatura?
2952 2863 3324 2919 novellatura?
3365 2867 3585 2937 naviga-

1997 2961 2119 3007 tura
2165 2953 2257 3007 es?
2304 2953 2644 3023 negotiatura
2696 2954 2792 3008 es?
2835 2956 2967 3024 quid
3013 2956 3223 3010 factura
3258 2956 3356 3011 es?
3398 2956 3482 3010 An
3529 2957 3584 3011 ir.

1997 3044 2103 3098 illis
2130 3043 2405 3114 operibus,
2438 3044 2689 3113 quamvis
2719 3045 2880 3100 bonis
2907 3054 2963 3115 et
2989 3046 3055 3101 de
3085 3047 3459 3103 misericordia
3496 3063 3591 3103 ve-

1924 3160 1968 3220 C
2001 3139 2293 3202 nientibus,
2321 3139 2566 3193 exerceri
2597 3139 2773 3193 adhuc
2801 3148 2853 3194 te
2880 3140 3131 3209 oportet?
3159 3139 3457 3194 Considera
3487 3155 3588 3193 nu-

2002 3248 2213 3288 merum
2242 3241 2412 3295 tuum,
2443 3232 2726 3287 considera
2761 3233 3000 3302 undique
3028 3234 3343 3288 societatem
3389 3241 3536 3287 tuam
3568 3250 3582 3285 :

2001 3324 2123 3379 vide
2152 3332 2333 3377 utrum
2364 3322 2560 3391 aliquis
2581 3323 2789 3377 esuriat
2816 3325 2903 3378 cui
2933 3324 3177 3393 porrigas
3204 3340 3422 3394 panem,
3466 3325 3588 3379 vide

2002 3414 2049 3468 si
2093 3413 2287 3482 aliquis
2313 3412 2464 3466 sitiat
2492 3413 2577 3466 cui
2627 3414 2721 3467 des
2750 3412 2976 3467 calicem
3007 3428 3163 3483 aqua:
3206 3412 3434 3484 frigidm,
3467 3414 3590 3468 vide

2003 3511 2185 3559 utrum
2227 3502 2423 3572 aliquis
2464 3503 2605 3573 apud
2642 3511 2695 3558 te
2734 3505 2895 3559 modo
2937 3501 3257 3575 peregrinus
3302 3513 3389 3558 est
3429 3518 3589 3573 quem

2004 3594 2239 3664 hospitio
2270 3592 2522 3662 recipias,
2550 3593 2674 3648 vide
2702 3602 2883 3648 utrum
2919 3594 3114 3664 aliquis
3144 3609 3290 3665 :eger
3328 3608 3487 3663 quem
3516 3593 3593 3647 vi-

2005 3685 2159 3750 sites,
2202 3684 2326 3738 vide
2372 3693 2555 3738 utrum
2592 3683 2788 3754 aliquis
2830 3684 3003 3755 litiget
3062 3699 3225 3753 quem
3270 3684 3590 3748 concordes,

2004 3775 2129 3830 vide
2176 3785 2356 3828 utrum
2404 3774 2601 3844 aliquis
2649 3774 2916 3829 moriatur
2961 3787 3122 3844 quem
3163 3773 3413 3843 sepelias.
3452 3772 3591 3840 Quid

2006 3882 2138 3937 ergo
2165 3865 2376 3922 factura
2421 3867 2518 3921 es?
2548 3865 2823 3930 Collauda,
2867 3865 3237 3931 Hierusalem,
3279 3865 3590 3920 Dominum.

2009 3960 2086 4014 De
2108 3959 2311 4029 hymno
2359 3966 2560 4012 sancta:
2601 3957 2784 4012 Mariae
2823 3957 2897 4011 ita
2932 3964 3130 4012 tractat
3157 3957 3408 4013 dominus
3446 3956 3595 4011 Beda

2009 4051 2063 4105 in
2095 4048 2333 4105 homiliis
2362 4050 2474 4104 suis
2513 4067 2524 4102 :
2556 4047 2736 4103 Verba
2783 4049 2949 4119 igitur
2987 4047 3312 4117 evangelica:
3348 4046 3595 4102 lectionis

2008 4141 2277 4212 frequenti
2325 4141 2681 4197 meditatione
2724 4140 3086 4203 revolvamus,
3130 4137 3378 4208 exempla
3421 4138 3595 4193 beata:

2010 4236 2104 4290 Dei
2140 4234 2420 4304 genitricis
2449 4248 2663 4301 semper
2692 4232 2875 4286 animo
2912 4231 3265 4296 retineamus,
3291 4238 3353 4284 ut
3388 4229 3443 4284 in
3470 4244 3596 4284 con-

2009 4333 2198 4396 spectu
2233 4324 2328 4378 Dei
2364 4322 2593 4376 humiles
2621 4321 2858 4385 inventi,
2892 4328 2947 4375 et
2973 4319 3237 4389 proximis
3267 4334 3481 4391 quoque
3510 4319 3598 4373 de-

2008 4418 2124 4472 bito
2155 4419 2360 4470 honore
2396 4414 2675 4478 submissi,
2706 4428 3014 4467 mereamur
3042 4428 3148 4467 una
3178 4428 3303 4467 cum
3332 4413 3445 4483 ipsa
3476 4428 3599 4482 per-

319 4511 438 4577 lud,
471 4520 519 4564 et
557 4510 767 4581 quando
802 4510 1025 4564 collocat
1066 4526 1155 4563 eos
1188 4509 1257 4563 ad
1302 4525 1600 4579 vesperam,
1638 4517 1753 4561 uret
1788 4506 1907 4576 thy-
1931 4514 1984 4573 D
2009 4515 2174 4577 petno
2210 4505 2493 4560 sublimari
2524 4504 2742 4574 gaudio.
2773 4503 3100 4559 Studeamus
3131 4502 3363 4558 sollicite
3394 4516 3462 4556 ne
3498 4517 3599 4557 nos

318 4606 515 4657 miama
559 4602 929 4673 sempiternum
958 4617 1135 4654 eorum
1174 4600 1426 4664 Domino,
1463 4608 1519 4653 et
1551 4598 1781 4667 reliqua.
1822 4597 1909 4652 ln-

320 4696 507 4750 tcndat
540 4709 786 4751 summus
813 4694 1087 4757 sacerdos,
1130 4692 1225 4762 qui
1253 4692 1424 4747 vicem
1471 4698 1616 4747 tenet
1642 4691 1823 4746 Aaron
1852 4691 1904 4744 in

320 4788 581 4853 Ecclesia,
605 4789 726 4859 quis
748 4789 944 4843 debeat
968 4787 1247 4842 incensum
1273 4784 1471 4840 oﬁ‘erre
1496 4783 1724 4839 Domino
1745 4799 1910 4853 super

320 4883 513 4940 altare.
562 4882 693 4937 Post
733 4882 837 4936 hoc
884 4882 1131 4951 sequitur
1180 4881 1413 4951 hymnus
1461 4883 1663 4933 sancta
1704 4874 1904 4929 Marize.

322 4973 478 5029 Sicut
501 4973 737 5042 quinque
763 4971 957 5040 psalmi
981 4970 1265 5040 deplorant
1292 4965 1435 5040 quod
1457 4968 1696 5037 quinque
1718 4979 1911 5020 sensus

322 5065 567 5135 corporis
597 5063 955 5132 deliquerant,
983 5062 1059 5116 ita
1099 5063 1330 5131 hymnus
1375 5067 1578 5115 sanetm
1604 5058 1787 5112 Mariae
1813 5070 1907 5111 ca-

321 5158 487 5228 stigat
511 5156 886 5226 cogitationes,
911 5169 1032 5223 quae
1058 5169 1116 5208 se
1143 5153 1288 5207 inani
1308 5150 1572 5219 jactantia
1602 5148 1913 5205 extulerunt

323 5249 380 5303 in
430 5246 792 5318 prosperitate
845 5245 985 5310 diei,
1039 5242 1312 5299 dicendo:
1354 5241 1611 5311 Disponit
1662 5238 1910 5308 superbos

321 5348 494 5396 mente
525 5337 697 5392 cordis
732 5337 848 5401 sui,
892 5336 1128 5405 deposuit
1177 5341 1406 5405 potentes
1445 5331 1510 5386 de
1546 5330 1683 5384 sede.
1728 5329 1912 5397 lisque

323 5431 433 5484 huc
466 5429 685 5484 modum
720 5442 910 5482 eorum
959 5425 1236 5479 hominum
1280 5422 1535 5485 diximus,
1578 5426 1805 5487 excepto
1846 5420 1912 5473 de

322 5534 486 5576 versu
513 5520 856 5584 dominicali,
893 5520 982 5588 qui
1029 5518 1208 5586 aliqua
1248 5515 1570 5587 negligentia
1598 5511 1915 5584 percutiun-

326 5620 419 5665 tnr
444 5610 593 5665 unde
616 5611 818 5665 habent
848 5610 1121 5680 plangore.
1155 5608 1225 5661 At
1244 5620 1388 5662 nunc
1416 5604 1701 5660 dicendum
1731 5610 1816 5657 est
1843 5603 1909 5656 de

326 5700 438 5764 illis
477 5700 571 5772 qui
613 5700 668 5755 in
707 5700 932 5756 Domum
978 5700 1332 5770 triumphant,
1365 5703 1417 5752 ct
1467 5694 1812 5751 nihilominus
1854 5694 1903 5748 ei

2013 4599 2251 4655 indebite
2299 4598 2632 4653 laudantium
2678 4595 2831 4650 favor
2866 4594 3117 4662 extollat,
3161 4608 3285 4650 cum
3320 4594 3468 4649 illam
3510 4595 3594 4648 vi-

2014 4691 2239 4745 deamus
2278 4690 2420 4744 inter
2464 4688 2633 4743 verba
2682 4703 2825 4745 verae
2858 4684 3185 4740 laudationis
3221 4685 3597 4740 inconcussam

2014 4783 2340 4839 humilitatis
2384 4780 2622 4837 tenuisse
2668 4780 3055 4835 constantiam.
3104 4778 3162 4833 Si
3213 4776 3601 4832 immoderatus

2017 4872 2398 4944 temporalium
2427 4887 2611 4927 rerum
2641 4885 2741 4926 nos
2777 4869 3047 4940 appetitus
3095 4868 3350 4933 delectat,
3382 4865 3604 4922 remini-

2015 4980 2235 5021 scamur
2259 4964 2383 5034 quia
2405 4962 2570 5033 judex
2596 4968 2781 5015 noster
2809 4960 3003 5015 divites
3036 4958 3263 5012 dimittit
3295 4957 3503 5011 inanes.
3540 4954 3601 5010 Si

2014 5054 2327 5126 temporalis
2353 5053 2570 5108 aﬂlictio
2603 5052 2743 5107 forte
2774 5058 3014 5106 mentem
3050 5049 3362 5115 conturbat,
3395 5046 3602 5118 recogi-

2012 5156 2189 5203 temus
2222 5145 2346 5215 quia
2374 5153 2429 5200 et
2472 5144 2704 5200 humiles
2749 5143 2972 5199 exaltat.
3001 5140 3288 5212 Nunquam
3319 5141 3384 5195 de
3432 5140 3603 5208 impe-

2012 5238 2199 5292 tranda
2229 5235 2589 5293 admissurum
2627 5234 2785 5289 venia
2820 5234 3196 5305 desperemus,
3228 5231 3356 5302 quia
3390 5227 3604 5283 miseri~

2016 5327 2200 5385 cordia
2223 5325 2341 5394 ejus
2370 5341 2400 5380 a
2427 5326 2684 5397 progenie
2710 5325 2766 5379 in
2800 5324 3089 5396 progenies
3113 5319 3431 5377 timentibus
3453 5331 3599 5372 eum.

2015 5420 2153 5475 Nulli
2205 5419 2347 5474 inter
2402 5417 2545 5471 mala
2596 5433 2716 5489 qua:
2771 5416 2902 5473 fecit
2955 5414 3176 5487 gravior
3226 5409 3600 5481 imptenitendi

2014 5512 2170 5581 culpa
2199 5510 2473 5580 subrepat,
2508 5509 2635 5579 quia
2661 5509 2803 5564 Deus
2838 5503 3084 5576 superbis
3123 5500 3351 5567 resistit,
3395 5514 3604 5569 eosque

2012 5606 2296 5660 beatorum
2322 5612 2469 5659 sorte
2505 5617 2818 5665 secernens,
2850 5614 2946 5670 per
2983 5595 3133 5651 varia
3162 5609 3444 5665 ptenarum
3478 5594 3595 5647 loca

2014 5710 2110 5765 pro
2138 5695 2482 5764 peccatorum
2519 5692 2781 5748 varietate
2818 5687 3093 5758 dispergit.
3129 5684 3218 5739 Fit
3258 5692 3465 5753 autem,
3500 5684 3609 5739 larv
