3938 6178
416 275 555 337 1183

1436 278 1768 336 AMALARH
1804 276 2241 335 PRESBYTER!
2276 277 2631 334 METENSIS‘

3532 278 3661 333 ΗΜ

414 391 594 464 giente
620 385 867 454 Domino,
913 397 975 459 ut
1019 390 1065 445 si
1112 390 1284 445 beatae
1318 387 1501 445 Maria:
1537 405 1752 459 semper
1778 397 1900 445 aeta
1928 396 1985 444 et
2008 391 2062 451 Α
2085 386 2229 441 enim
2267 385 2542 441 immerito
2568 393 2747 454 potest
2777 383 2892 439 haec
2936 398 3062 453 pars
3110 385 3289 441 noctis
3320 387 3668 442 conticinium

416 482 557 536 dicta
584 481 903 545 recolamus,
926 495 1141 550 semper
1172 483 1228 537 in
1256 483 1412 537 nobis
1439 492 1495 537 et
1520 483 1861 537 observantia
1895 496 1986 536 ca-

415 571 613 630 stitatis
641 579 697 625 et
738 569 953 624 virtutis
978 584 1143 639 opera
1176 579 1543 639 perseverent.
1582 571 1715 625 Nam
1744 580 1801 626 et
1841 572 1984 642 optio

416 676 536 714 mus
581 673 644 715 ac
689 658 1078 714 saluberrimus
1109 660 1163 714 in
1205 669 1391 716 sancta
1432 661 1674 717 Ecclesia
1712 678 1829 717 mos
1870 664 1988 718 ino-

416 753 543 812 levit
580 759 639 806 ut
669 753 899 823 hymnus
928 752 1095 822 ipsius
1123 754 1361 823 quotidie
1402 769 1525 809 cum
1569 755 1865 825 psalmodia
1895 770 1987 810 ve-

414 843 667 911 spertina:
694 843 868 898 laudis
914 843 983 898 ab
1029 845 1278 900 omnibus
1321 854 1565 907 canatur,
1608 854 1872 914 quatenus
1918 861 1987 901 ex

415 932 519 989 hoc
543 933 753 986 animos
776 931 1015 988 ﬁdelium
1049 940 1103 988 et
1129 932 1461 1002 frequentior
1486 934 1780 989 Dominicas
1811 934 1988 995 incar:

419 1023 652 1088 nationis
685 1023 962 1088 memoria,
993 1023 1059 1077 ad
1092 1021 1340 1090 affectum
1366 1022 1668 1078 devotionis
1703 1024 1986 1084 accendat,

414 1122 471 1170 et
498 1114 795 1185 recogitata
823 1114 1017 1184 smpius
1048 1114 1292 1183 exempla
1327 1113 1603 1183 genitricis
1628 1112 1771 1168 illius
1805 1112 1861 1167 in
1887 1112 1987 1166 vir-

416 1209 591 1263 tutum
632 1202 902 1257 soliditate
941 1202 1277 1259 confirment.
1323 1203 1391 1256 Et
1422 1204 1528 1257 hoc
1571 1211 1874 1272 oppertune
1920 1203 1989 1257 ad

416 1307 671 1363 vesperes
698 1291 817 1355 ﬁeri
855 1291 1200 1360 complacuit,
1245 1298 1304 1345 ut
1332 1291 1579 1346 videlicet
1625 1290 1850 1362 fatigata
1893 1307 1990 1362 per

418 1383 559 1438 diem
597 1397 660 1436 ac
691 1382 924 1437 distenta
970 1381 1199 1437 diversis
1244 1381 1657 1451 cogitationibus
1704 1397 1856 1437 mens
1886 1397 1987 1436 no-

416 1482 549 1539 stra,
596 1474 939 1529 incumbente
982 1482 1221 1543 tempore
1261 1474 1482 1543 quietis,
1530 1474 1597 1528 ad
1640 1474 1894 1529 unionem
1930 1490 1989 1530 se

416 1577 529 1617 sure
549 1562 998 1618 considerationis
1019 1563 1313 1633 colligeret,
1341 1561 1564 1633 jamque
1584 1564 1872 1620 salubriter
1899 1565 1990 1620 ad-

418 1653 653 1719 monita,
699 1652 957 1722 quidquid
1005 1651 1333 1721 superﬂuum
1375 1654 1461 1708 vel
1502 1654 1749 1709 nocivum
1793 1655 1987 1711 diurna

2083 478 2289 542 vocari,
2322 478 2376 531 in
2407 492 2514 546 qua
2560 476 2936 531 conticescunt
2978 477 3181 530 omnia.
3230 476 3389 545 Apud
3431 490 3530 532 eos
3577 478 3675 546 qui

2085 578 2301 624 noctem
2341 568 2588 623 dividunt
2621 569 2676 622 in
2715 576 2923 639 septem
2952 576 3155 637 partes,
3202 568 3379 637 prima
3406 584 3537 639 pars
3580 586 3671 625 vo-

2085 669 2242 716 catur
2268 659 2669 730 crepusculum,
2697 659 2937 713 secunda
2964 673 3271 728 vesperum,
3300 660 3462 713 tertia
3496 660 3672 715 conti-

2046 750 2309 815 ‘cinium,
2348 750 2416 805 de
2451 765 2556 818 qua
2586 765 2730 804 nunc
2755 734 2984 819 agimus,
3030 765 3193 817 quam
3225 749 3347 803 ideo
3390 750 3471 804 sic
3516 765 3674 820 posse

2083 844 2268 900 vocari
2307 844 2560 907 arbitror,
2606 842 2733 913 quia
2762 843 2819 896 in
2847 857 2914 897 eo
2952 842 3323 897 conticescunt
3365 843 3568 897 omnia.
3613 843 3668 898 ln

2085 947 2151 988 eo
2176 933 2353 988 ollicio
2388 941 2621 1002 quatuor
2648 932 2844 1001 psalmi
2884 932 3196 987 recoluntur
3237 946 3410 1000 usque
3438 933 3508 986 ad
3549 948 3671 987 ver-

2087 1040 2236 1084 sum.
2257 1024 2315 1079 1n
2342 1034 2573 1093 quatuor
2609 1025 2835 1095 psalmis
2858 1034 3090 1094 quatuor
3109 1025 3379 1079 elementa
3427 1026 3670 1095 corporis

2088 1115 2264 1169 nostri
2295 1114 2738 1169 commendamus
2777 1114 3025 1169 Domino.
3066 1112 3221 1180 Quod
3263 1128 3454 1168 versus
3487 1123 3673 1184 aperte

2088 1204 2367 1271 dilucidat,
2399 1205 2584 1261 dicens
2616 1224 2629 1259 :
2657 1203 2877 1259 Custodi
2906 1220 3007 1269 me,
3038 1204 3284 1268 Domine,
3319 1212 3377 1257 ut
3415 1203 3670 1274 pupillam

2088 1295 2259 1360 oculi;
2291 1296 2386 1350 sub
2416 1297 2601 1350 umbra
2638 1295 2846 1350 alarum
2889 1305 3101 1349 tuarum
3137 1304 3349 1366 protege
3392 1312 3494 1349 me.
3530 1295 3672 1362 Quot

2088 1387 2328 1457 pericula
2371 1389 2581 1457 possint
2622 1388 2895 1443 hominem
2939 1388 3196 1442 invadere
3223 1386 3543 1442 dormiendo
3571 1402 3669 1442 ex-

2090 1477 2357 1532 trinsecus
2414 1478 2701 1548 plusquam
2748 1475 3042 1548 vigilando,
3086 1476 3457 1547 unusquisque
3512 1490 3669 1531 reco-

2089 1570 2297 1642 gnoscit
2321 1570 2413 1639 qui
2442 1570 2528 1624 vel
2556 1568 2793 1624 tenuiter
2816 1568 2975 1639 sapit.
3003 1562 3233 1636 Aptatul'
3273 1566 3672 1636 quodammodo

2090 1662 2196 1717 hoc
2241 1660 2476 1716 cilicium
2524 1659 3015 1724 commendationi,
3064 1648 3179 1729 qua
3216 1673 3277 1713 se
3324 1658 3673 1713 commendat

415 1743 697 1813 vagatione
739 1742 1119 1808 contraxisset,
1150 1749 1319 1798 totum
1347 1744 1449 1799 hoc
1490 1744 1770 1802 nocturnis
1812 1746 1988 1801 denuo
2015 1740 2062 1799 B
2090 1752 2252 1806 homo
2293 1750 2426 1817 Deo,
2452 1750 2669 1820 quando
2712 1750 2907 1804 transit
2950 1750 3017 1805 de
3050 1748 3268 1803 saeculo.
3314 1747 3552 1802 Somnus
3588 1757 3673 1801 est

417 1832 667 1899 precibus
708 1840 762 1886 et
813 1831 1070 1903 lacrymis
1118 1847 1185 1887 ex
1236 1840 1470 1903 tempore
1504 1835 1812 1890 mandaret.
1859 1834 1990 1891 Post

417 1923 561 1987 hunc
600 1923 857 1994 hymnum
903 1938 1000 1993 per
1043 1930 1227 1980 noctes
1271 1924 1579 1979 Dominicas
1618 1925 1887 1994 aliquibus
1932 1926 1989 1981 in

416 2013 548 2074 locis
576 2014 772 2071 dicitur
798 2012 958 2083 Kyrie
987 2013 1204 2079 eleison,
1230 2021 1290 2070 ut
1315 2015 1495 2069 audivi
1525 2014 1729 2083 Romae,
1759 2026 1814 2071 et
1840 2026 1989 2087 post-

415 2119 480 2158 ea
508 2103 732 2159 collecta
758 2121 771 2157 :
801 2103 1069 2173 aliquibus
1102 2105 1156 2158 in
1195 2103 1328 2159 locis
1358 2104 1582 2160 collecta
1619 2109 1990 2163 tantummodo

416 2194 677 2263 sequitur.
708 2193 861 2248 Sicut
891 2193 1315 2263 genuﬂexionem
1356 2194 1654 2250 omittimus
1704 2195 1993 2253 recolendo

417 2284 867 2345 resurrectionem
901 2292 1157 2349 nostram,
1190 2286 1350 2347 itaet
1377 2300 1567 2355 preces
1609 2284 1813 2340 ﬂebiles
1853 2300 1989 2356 prte-

415 2375 583 2429 sentis
600 2376 745 2441 vitze,
770 2391 907 2445 quas
928 2376 1161 2431 solemus
1180 2392 1304 2432 eum
1328 2375 1696 2447 genuﬂexione
1715 2391 1985 2446 promere,

416 2463 471 2516 iu
502 2464 583 2519 eis
617 2466 866 2521 noctibus
900 2466 1219 2531 omittimus.
1251 2466 1322 2524 Ut
1349 2467 1595 2536 superius
1642 2467 1987 2523 demonstra-

416 2563 530 2607 tum
572 2564 747 2610 estex
782 2556 964 2610 verbis
992 2555 1301 2627 Augustini,
1342 2557 1396 2610 in
1435 2556 1524 2610 illa
1554 2555 1761 2612 eualesti
1796 2557 1990 2612 Hiem-

414 2643 604 2709 salem,
631 2644 720 2699 ubi
753 2647 1079 2701 resurrectio
1107 2654 1190 2701 est
1218 2662 1367 2713 vera,
1399 2647 1454 2701 in
1484 2662 1544 2702 re
1577 2646 1722 2707 nulla
1748 2649 1994 2718 precatio

411 2751 512 2815 pro
540 2737 776 2792 miseriis
798 2738 1161 2793 exercebitur.
1193 2737 1530 2809 Quapropter
1559 2746 1769 2794 tantum
1809 2739 1989 2808 sequi-

414 2835 503 2891 tur
533 2825 785 2890 collecta,
820 2841 981 2895 quam
1018 2827 1156 2882 solet
1198 2829 1482 2900 presbyter
1517 2831 1709 2889 stando
1746 2830 1991 2901 proferre

413 2916 483 2971 ob
518 2916 944 2971 recordationem
972 2915 1168 2974 futurae
1212 2919 1646 2984 resurrectionis,
1678 2936 1775 2991 per
1804 2921 1988 2978 Domi-

414 3008 566 3063 nicas
590 3017 794 3064 noctes.
826 3008 1093 3074 Quoniam
1139 3012 1194 3066 in
1238 3014 1491 3080 praesenti
1533 3013 1731 3068 saeculo
1771 3029 1982 3081 sumus,

411 3111 633 3155 necesse
656 3105 738 3151 est
782 3098 936 3153 nobis
970 3106 1031 3152 ut
1072 3101 1380 3159 muniamur
1408 3102 1742 3159 orationibus
1769 3114 1988 3160 sancto-
2012 3074 2057 3136 Ο

413 3201 530 3240 :um
568 3188 1025 3259 presbyterorum.
1075 3190 1141 3245 Et
1181 3192 1307 3261 quia
1350 3196 1747 3263 quodammodo
1792 3197 1991 3252 recoli—

413 3290 531 3330 mus
562 3274 907 3332 festivitatem
922 3279 1132 3337 ,civium
1177 3281 1413 3338 cmlestis
1439 3282 1797 3352 Hierusalem,
1825 3302 1987 3357 apor-

414 3372 489 3419 tet
513 3380 612 3420 nos
649 3366 923 3429 celebrare
961 3369 1105 3425 illam
1135 3370 1325 3440 majori
1364 3372 1551 3430 lmtitia
1584 3385 1639 3431 et
1672 3379 1984 3444 securitate,

410 3471 572 3534 quam
618 3471 740 3511 cum
789 3457 1123 3520 celebramus
1176 3471 1420 3521 nostram
1470 3466 1981 3536 peregrinationem.

409 3545 672 3613 Quoniam
714 3547 769 3601 in
809 3546 1215 3621 Septuagesima
1257 3554 1631 3611 inchoavimus
1677 3555 1818 3611 hanc
1851 3573 1985 3612 con-

412 3637 746 3692 stitutionem
778 3635 1149 3713 [cautionem],
1174 3643 1422 3701 volumus
1467 3644 1793 3716 subjungere
1840 3649 1989 3709 dicta

410 3727 581 3782 sancti
604 3728 890 3800 Augustini
927 3731 992 3786 de
1021 3731 1445 3803 Septuagesima,
1474 3751 1593 3806 quae
1622 3737 1754 3793 dicit
1789 3739 1845 3794 in
1876 3747 1986 3796 tra-

409 3824 558 3872 ctatu
585 3819 813 3887 psalmi,
840 3819 1024 3874 Lauda
1045 3863 1059 3888 ,
1101 3821 1463 3891 Hierusalem,
1494 3826 1779 3884 Dominum
1806 3845 1823 3882 :
1854 3830 1985 3888 Post

408 3909 745 3980 septuaginta
775 3925 903 3980 ergo
937 3927 1105 3967 annos
1134 3928 1254 3968 cum
1290 3918 1577 3988 prophetat
1602 3918 1867 3977 Jeremias
1897 3939 1984 3979 re-

407 3998 590 4075 parari
635 3997 907 4053 civitatem
956 4000 1316 4071 Hierusalem,
1360 4013 1414 4063 et
1450 4006 1654 4063 factum
1686 4018 1771 4067 est
1807 4019 1865 4069 ut
1906 4013 1981 4069 ibi

408 4082 805 4158 signiﬁcaretur
850 4089 1027 4164 imago
1095 4092 1432 4161 futurorum,
1479 4096 1843 4168 signiﬁcatum
1899 4111 1981 4158 est

410 4179 564 4234 nobis
586 4188 708 4250 post
733 4195 947 4236 omnem
969 4182 1125 4236 istam
1147 4183 1534 4243 volubilitatem
1559 4192 1836 4260 temporis,
1863 4209 1981 4263 qua:

405 4271 709 4342 septenario
732 4288 956 4326 numero
979 4273 1229 4341 volvitur,
1261 4275 1499 4332 futuram
1528 4278 1674 4334 illam
1704 4281 1977 4341 civitatem

407 4371 644 4418 nostram
690 4363 743 4417 in
794 4365 1095 4421 aeternitate
1139 4368 1190 4421 iu
1236 4384 1343 4424 uno
1389 4370 1493 4425 die.
1543 4371 1602 4426 In
1638 4373 1727 4428 illa
1781 4376 1978 4449 quippe

408 4451 738 4509 habitatione
790 4461 1002 4524 tempus
1050 4472 1156 4511 non
1222 4458 1475 4525 volvitur,
1518 4462 1644 4530 quia
1705 4464 1976 4521 habitato-

408 4544 555 4599 ribus
602 4560 709 4600 non
738 4544 958 4601 labitur.
991 4545 1070 4602 Ex
1101 4548 1281 4603 verbis
1314 4549 1458 4607 beati
1495 4552 1781 4623 Augustini
1815 4557 1977 4613 doce-

406 4652 525 4690 mur
557 4653 653 4707 per
682 4637 1145 4708 Septuagesimam
1176 4643 1446 4715 designari
1478 4662 1716 4718 prmsens
1746 4658 1975 4720 tempus,

408 4726 545 4795 quod
567 4727 804 4783 volvitur
843 4731 1147 4800 septenario
1181 4749 1436 4800 numero;
1470 4744 1526 4791 et
1564 4753 1661 4807 per
1697 4740 1981 4809 paschales

409 4816 541 4882 dies,
555 4818 647 4887 qui
664 4827 963 4890 sequuntur
978 4819 1456 4893 Septuagesimam,
1475 4827 1710 4886 futuram
1723 4832 1975 4898 patriam.

990 4909 1218 4968 CAPUT
1259 4915 1389 4975 VIII.

959 5000 1034 5055 De
1063 4987 1416 5076 completorio.

474 5087 895 5157 Completorium
936 5090 1058 5148 ideo
1080 5094 1279 5151 dicitur
1324 5098 1451 5168 quia
1492 5099 1545 5160 in
1587 5116 1652 5157 eo
1680 5103 1977 5173 completur

404 5179 749 5252 quotidianus
775 5196 906 5235 usus
934 5182 1038 5237 cibi
1073 5186 1187 5241 sive
1211 5196 1392 5256 potus,
1424 5191 1513 5259 qui
1551 5196 1859 5250 necessario
1888 5212 1978 5251 su-

405 5272 573 5328 mitur
595 5272 664 5327 ad
689 5272 1136 5329 sustentationem
1176 5281 1443 5348 corporis,
1470 5297 1561 5337 seu
1595 5284 1794 5342 locutio
1828 5304 1976 5344 com-

405 5361 602 5416 munis.
635 5359 788 5417 Unde
833 5370 889 5417 et
935 5364 1079 5433 apud
1122 5369 1419 5424 monachos
1460 5379 1673 5428 tenetur
1710 5392 1860 5443 usus,
1906 5394 1975 5433 ex

409 5452 611 5524 Regula
654 5454 824 5510 sancti
867 5455 1171 5524 Benedicti,
1212 5468 1273 5514 ut
1309 5462 1377 5517 ah
1415 5479 1480 5519 eo
1522 5466 1697 5523 ollicio
1740 5470 1974 5527 claustra

408 5544 519 5597 oris
553 5546 818 5619 muniant,
847 5554 902 5601 et
935 5562 998 5601 ea
1028 5548 1204 5605 aliena
1248 5550 1451 5610 faciant
1489 5571 1518 5609 a
1558 5561 1827 5615 communi
1863 5564 1974 5617 col-

412 5632 611 5713 loquio,
653 5650 822 5705 usque
852 5634 980 5694 dum
1021 5638 1215 5696 iterum
1261 5643 1328 5697 ad
1373 5660 1534 5715 opera
1584 5648 1823 5708 redeant.
1855 5652 1971 5710 Non

2091 1841 2267 1912 imago
2312 1842 2521 1898 mortis.
2566 1841 2719 1897 Sicut
2762 1842 2907 1895 enim
2952 1840 3219 1895 alienatur
3268 1854 3424 1895 mens
3472 1842 3677 1894 mortui

2090 1933 2324 1988 hominis
2361 1934 2429 1988 ab
2467 1933 2589 1987 istis
2624 1932 2962 1997 mortalibus,
2999 1939 3055 1984 et
3088 1930 3320 1984 miseria:
3360 1929 3527 1998 hujus
3568 1945 3671 1984 sa:-

2089 2023 2195 2077 euli
2235 2023 2489 2079 oblivioni
2535 2025 2842 2089 traduntur,
2884 2024 2956 2077 ita
3001 2022 3399 2092 quodammodo
3455 2023 3672 2077 animus

2090 2112 2408 2167 dormientis
2446 2112 2715 2168 alienatur
2753 2128 2783 2166 a
2824 2111 3243 2181 cogitationibus
3285 2111 3565 2165 consuetis
3616 2121 3669 2165 et

2091 2203 2159 2257 ab
2194 2202 2343 2257 omni
2379 2200 2557 2258 oﬂlcio
2595 2203 2896 2274 temporali.
2923 2202 3076 2269 Quod
3103 2209 3373 2257 monstrat
3409 2202 3672 2272 Augusti-

2088 2312 2192 2351 nus
2227 2297 2283 2351 in
2313 2312 2421 2352 uno
2445 2311 2603 2353 versu
2637 2296 2831 2368 psalmi
2858 2296 3039 2367 primi,
3068 2296 3160 2364 qui
3192 2295 3409 2350 canitur
3435 2295 3492 2349 in
3528 2310 3671 2350 eom-

2088 2391 2318 2461 pletorio
2346 2391 2532 2447 dicens
2557 2409 2569 2444 :
2603 2385 2667 2444 In
2706 2407 2833 2461 pace
2862 2391 2915 2444 in
2944 2389 3177 2459 idipsum
3206 2387 3467 2442 donniam
3492 2388 3553 2441 et
3594 2403 3669 2441 re-

2087 2482 2372 2551 quiescam.
2428 2481 2595 2536 Recte
2620 2482 2765 2536 enim
2791 2496 2822 2534 a
2853 2480 3049 2535 talibus
3075 2486 3327 2549 speratur
3355 2479 3671 2534 omnimodo

2087 2575 2287 2629 mentis
2323 2573 2645 2629 abalienatio
2687 2588 2717 2627 a
2752 2572 3069 2628 mortalibus
3107 2571 3288 2637 rebus,
3318 2580 3375 2627 et
3417 2572 3669 2627 miseria-

2088 2681 2209 2720 rum
2237 2664 2418 2721 sasculi
2446 2666 2604 2736 hujus
2623 2665 2840 2730 oblivio,
2868 2681 2988 2735 quae
3013 2664 3228 2720 nomine
3249 2664 3670 2721 obdormitionis

2087 2768 2143 2815 et
2181 2758 2357 2814 somni
2412 2758 2667 2815 decenter
2705 2765 2763 2812 et
2811 2756 3125 2826 prophetice
3182 2754 3541 2825 signiﬁcatur,
3576 2756 3669 2810 ubi

2087 2865 2298 2906 summa
2342 2865 2448 2919 pax
2497 2849 2646 2905 nullo
2692 2849 2924 2903 tumultu
2961 2847 3276 2918 interpolari
3328 2854 3546 2916 potest,
3575 2848 3671 2901 sed

2087 2940 2191 2996 hoc
2214 2939 2330 3010 jam
2369 2955 2477 2996 non
2520 2947 2731 2995 tenetur
2757 2940 2813 2994 in
2840 2939 2941 2995 hac
2978 2938 3109 3004 vita,
3138 2938 3234 2993 sed
3261 2946 3384 3008 post
3410 2938 3556 2993 hanc
3592 2937 3671 2991 vi-

2090 3040 2199 3087 tam
2224 3032 2551 3102 sperandum
2575 3040 2677 3087 est.
2705 3031 2986 3086 Secundus
3012 3029 3252 3100 psalmus
3275 3030 3470 3084 transit
3496 3045 3671 3100 usque

2089 3123 2157 3178 ad
2185 3122 2334 3178 illum
2362 3138 2576 3178 versum
2609 3122 2663 3176 in
2698 3137 2805 3191 quo
2833 3120 3080 3176 Christus
3105 3120 3354 3190 spiritum
3383 3135 3545 3175 suum
3575 3137 3683 3191 po-.

2088 3214 2197 3268 suit
2238 3215 2293 3268 in
2336 3229 2514 3269 cruce.
2564 3213 2622 3267 lu
2666 3227 2773 3282 quo
2815 3212 3060 3282 cupimus
3095 3209 3428 3265 conformari
3459 3211 3669 3265 dormi—

2087 3305 2221 3359 tioni
2247 3302 2382 3372 ejus,
2413 3304 2519 3359 hoc
2553 3289 2667 3368 Est,
2697 3309 2758 3357 ut
2796 3301 3037 3356 membra
3067 3301 3349 3369 quiescant
3383 3309 3440 3355 et
3468 3316 3565 3355 eor
3590 3304 3666 3354 vi‘

2087 3396 2234 3468 gilet.
2267 3395 2482 3451 Tertius
2506 3394 2768 3464 psalmus,
2802 3394 2893 3463 qui
2918 3392 3120 3446 habitat
3148 3392 3203 3445 in
3232 3392 3526 3462 adjutorio,
3564 3392 3671 3461 pla.L

2087 3498 2188 3538 nus
2224 3491 2310 3538 est
2340 3483 2520 3538 verbis
2548 3482 2852 3536 orationum
2889 3494 3010 3549 qua:
3053 3478 3417 3548 deprecantur
3454 3480 3667 3534 Domini

2085 3571 2497 3643 protectionem.
2544 3570 2647 3637 Qui
2689 3578 2742 3625 et
2800 3569 3094 3624 secundum
3148 3566 3453 3623 Romanum
3512 3584 3683 3623 usum.

2087 3671 2339 3719 cantatur
2372 3663 2429 3718 in
2464 3662 2764 3717 Parasceve
2799 3669 2924 3730 post
2963 3660 3285 3726 lectionem,
3331 3659 3389 3713 in
3431 3676 3539 3729 qua
3583 3675 3668 3715 se-

2086 3756 2322 3811 cundum
2380 3754 2519 3810 Osee
2581 3761 2767 3809 nostra
2832 3751 3180 3807 mortificatio
3234 3752 3303 3806 ad
3358 3753 3664 3821 exemplum

2084 3842 2285 3899 Christi
2309 3840 2729 3909 demonstratur,
2757 3852 2813 3897 et
2840 3842 3169 3897 resurrectio
3192 3849 3316 3911 post
3357 3842 3498 3897 duos
3531 3843 3660 3897 dies.

2082 3931 2349 3988 Admonet
2382 3948 2483 3988 nos
2522 3947 2619 4002 per
2659 3932 2804 3987 hunc
2843 3932 3109 4001 psalmum
3140 3933 3474 4002 compositor
3508 3933 3663 3989 ofﬁcii

2083 4032 2144 4078 ut
2174 4025 2229 4078 in
2254 4025 2505 4079 omnibus
2528 4024 2781 4094 periculis
2802 4031 2857 4078 et
2881 4023 3340 4091 tribulationibus,
3364 4028 3661 4081 secundum

2082 4116 2248 4169 verba
2277 4113 2415 4183 ejus,
2449 4131 2603 4170 mens
2639 4116 3057 4192 nostra-intenta
3081 4115 3155 4170 sit
3176 4115 3242 4171 ad
3267 4116 3661 4186 deprecandum

2081 4204 2272 4260 Deum.
2297 4204 2377 4259 Ac
2406 4207 2527 4260 ideo
2551 4207 2677 4274 quia
2703 4221 2925 4261 somnus
2964 4215 3154 4263 noster
3192 4206 3431 4276 aliquam
3469 4209 3659 4264 simili-

2083 4296 2332 4351 tudinem
2364 4295 2527 4354 habet
2574 4284 2914 4352 dormitionis
2959 4312 3150 4354 eorum
3194 4298 3289 4367 qui
3327 4299 3432 4353 sub
3478 4308 3658 4368 prote-
3728 4298 3741 4311 ’

2080 4387 2259 4445 ctione
2283 4385 2498 4440 Domini
2537 4386 2871 4441 transierunt
2896 4386 2963 4441 de
2989 4389 3241 4456 praesenti
3270 4388 3487 4452 seculo,
3520 4389 3660 4445 idem

2078 4478 2318 4549 psalmus
2356 4485 2607 4533 cantatur
2636 4478 2691 4533 in
2718 4478 3067 4551 completorio
3098 4487 3305 4535 nostro.
3332 4479 3448 4536 Nec
3475 4496 3584 4536 non
3606 4488 3660 4535 et

2079 4578 2307 4638 quartus
2331 4569 2571 4639 psalmus
2594 4569 2775 4639 aliquo
2802 4570 2959 4625 modo
2993 4570 3184 4626 recolit
3218 4571 3574 4628 intentionem
3596 4571 3659 4625 il-

2078 4660 2254 4715 lorum
2283 4662 2375 4732 qui
2420 4662 2474 4717 in
2504 4662 2851 4718 tribulatione
2869 4668 3010 4727 sunt,
3042 4671 3099 4718 et
3127 4670 3307 4717 tamen
3332 4664 3404 4719 de
3443 4663 3656 4719 tribula~

2080 4752 2227 4806 tione
2255 4759 2539 4807 transeunt
2567 4753 2623 4806 in
2653 4768 2806 4823 pace,
2839 4753 3065 4808 dicendo
3090 4772 3104 4807 :
3137 4752 3204 4808 In
3230 4754 3470 4810 noctibus
3504 4754 3656 4809 extol-

2077 4838 2169 4893 lite
2198 4856 2385 4893 manus
2414 4850 2605 4895 vestras
2626 4841 2681 4894 in
2709 4850 2909 4903 sancta.
2935 4839 3088 4896 Unde
3107 4840 3445 4912 Augustinus
3470 4843 3526 4897 in
3551 4851 3656 4897 tra-

2080 4937 2228 4984 ctatu
2253 4930 2492 5000 ejusdem
2523 4931 2738 5000 psalmi,
2765 4931 2881 4985 Nox
2907 4932 3052 4989 enim
3083 4932 3258 4995 tristis
3292 4947 3382 4987 res
3406 4943 3515 4999 est,
3545 4934 3655 4989 dies

2082 5015 2201 5074 laeta
2231 5033 2319 5071 res
2344 5028 2447 5073 est.
2479 5019 2546 5074 Et
2589 5020 2750 5089 paulo
2777 5030 2901 5090 post
2934 5041 2947 5076 :
2980 5022 3291 5087 Benedicite
3318 5039 3453 5095 ergo
3480 5024 3651 5080 Domi-

2083 5126 2229 5165 num.
2274 5110 2533 5179 Quando?
2571 5111 2639 5167 In
2671 5115 2923 5168 noctibus.
2966 5114 3192 5181 Quando
3219 5116 3500 5172 benedixit
3536 5116 3650 5173 Job.

2084 5201 2299 5269 quando
2347 5204 2520 5262 tristis
2562 5220 2665 5260 nox
2717 5208 2871 5261 erat?
2905 5206 3099 5263 Ablata
3140 5217 3271 5263 sunt
3312 5211 3496 5264 omnia
3538 5223 3663 5279 qum

2080 5293 2509 5361 possidebantur,
2540 5297 2704 5351 ablati
2736 5297 3052 5368 liliiquibus
3077 5302 3454 5359 servabantur.
3484 5302 3664 5370 Quam.

2080 5386 2253 5442 tristis
2276 5387 2415 5442 nox?
2445 5387 2550 5443 Sed
2579 5390 2862 5447 videamus
2895 5392 2944 5446 si
2977 5408 3085 5447 non
3127 5393 3181 5447 in
3218 5394 3471 5450 noctibus
3496 5394 3635 5450 bene

2080 5474 2247 5531 dicit:
2279 5475 2533 5559 Dominus
2582 5478 2757 5545 dedit,
2802 5480 3058 5535 Dominus
3099 5482 3337 5547 abstulit,
3363 5485 3501 5538 sicut
3548 5482 3645 5536 Do-

2080 5565 2219 5621 mino
2244 5566 2460 5647 placuit,
2488 5570 2563 5623 ita
2591 5569 2790 5639 factum
2817 5580 2891 5626 est
2916 5586 2933 5622 :
2957 5573 3025 5626 sit
3055 5589 3241 5627 nomen
3268 5572 3484 5629 Domini
3510 5576 3645 5627 benc-

2079 5653 2295 5713 dictum.
2329 5659 2525 5717 Versus
2560 5662 2651 5731 qui
2701 5663 2963 5733 sequitur,
3001 5671 3059 5718 ut
3092 5664 3449 5736 praetulimus,
3479 5674 3641 5721 totum
