3938 6178
335 321 477 388 H85
637 371 664 380 κ

1084 328 1172 384 DE
1209 327 1761 385 ECCLESIASTICIS
1801 329 2088 386 OFFICIIS
2127 331 2303 385 LIBRI
2341 331 2426 386 IV.
2469 357 2538 372 -ι-
2576 334 2703 388 LIB.
2745 335 2834 388 IV.

3447 339 3582 393 1186

335 465 471 521 opus
497 444 656 502 cilicii
688 453 968 510 monstrat,
1000 444 1104 501 hoc
1130 451 1246 509 est,
1276 443 1694 514 postulationem
1730 452 1910 499 custo-
1936 447 1990 508 Α
2013 445 2158 498 niam
2209 446 2262 499 in
2309 461 2406 499 sua
2463 445 2859 502 resurrectione
2912 447 3080 502 voluit
3133 451 3581 506 resurrectionem

335 539 438 593 diae
471 535 682 592 Domini
723 535 868 589 circa
913 532 1151 604 pericula
1183 533 1376 588 noctis.
1422 533 1490 586 Et
1522 548 1684 603 quam
1716 548 1904 604 pacem

335 628 608 683 desiderat
658 625 837 680 anima
885 625 1114 690 orantis,
1168 639 1400 693 sequens
1446 625 1679 694 hymnus
1733 626 1905 680 sancti

336 717 603 772 Simeonis
648 722 945 779 monstrat,
975 714 1079 768 hoc
1114 725 1228 777 est,
1257 723 1318 768 ut
1366 713 1434 767 ab
1480 715 1626 768 omni
1675 715 1905 769 tumultu

334 810 496 880 hujus
549 809 729 864 saeculi
795 808 1058 876 quiescat.
1110 806 1223 861 Hoc
1273 808 1596 876 precabatur
1649 805 1903 874 Simeon,

334 901 549 972 quando
579 898 826 968 cupiebat
853 899 1084 952 transire
1112 898 1177 952 de
1212 898 1314 952 hac
1341 898 1451 951 vita
1477 899 1545 952 ad
1573 897 1798 952 alteram
1827 899 1906 952 vi-

337 1004 481 1058 tam,
496 1000 553 1045 et
594 990 846 1044 dicebat:
881 986 1038 1042 Nunc
1079 988 1295 1041 dimittis
1329 1004 1532 1041 servum
1575 999 1773 1064 tuum,
1795 989 1905 1042 Do-

325 1083 496 1148 mine,
523 1079 808 1136 secundant
833 1079 1040 1133 verbum
1070 1088 1216 1131 tuum
1258 1079 1313 1131 in
1351 1095 1498 1148 pace.
1541 1078 1621 1133 Ex
1655 1080 1904 1148 praesenti

335 1173 535 1244 hymno
563 1170 847 1226 manifeste
889 1169 1178 1224 edocemur
1208 1169 1350 1237 quod
1379 1169 1435 1223 in
1469 1171 1720 1239 prmscnti
1759 1185 1908 1224 com-

335 1263 674 1318 mendatione
699 1259 1104 1316 conformemur
1140 1260 1245 1314 illis
1288 1261 1378 1329 qui
1423 1262 1477 1315 in
1504 1261 1730 1315 Domino
1759 1277 1902 1315 mor-

327 1355 412 1408 tui
443 1361 585 1407 sunt.
617 1353 784 1423 Igitur
816 1367 922 1406 non
953 1359 1036 1406 est
1084 1366 1380 1421 congruum
1424 1359 1545 1420 post
1590 1352 1730 1405 hanc
1759 1367 1905 1405 com-

335 1445 732 1499 mendationem
769 1444 952 1497 bibere
980 1449 1072 1495 aut
1105 1441 1406 1505 comedere,
1439 1449 1533 1494 aut
1563 1441 1667 1495 tale
1705 1441 1904 1510 aliquid

334 1550 494 1606 agere
537 1535 679 1603 quod
717 1550 823 1589 non
853 1533 1121 1604 pertineat
1156 1532 1222 1587 ad
1259 1533 1495 1602 quietem
1538 1534 1903 1586 membrorum

332 1635 389 1679 et
432 1625 883 1680 abalienationem
933 1632 1106 1679 status
1155 1624 1321 1691 quieti
1369 1622 1632 1691 corporis.
1679 1621 1746 1674 Et
1779 1622 1902 1692 quia

334 1730 440 1769 non
462 1722 545 1770 est
568 1715 820 1784 deinceps
840 1713 1054 1768 collatio
1077 1713 1271 1767 habilis
1298 1712 1528 1766 invicem
1552 1709 1903 1766 referentium

2009 537 2250 592 omnium
2292 536 2586 592 electorum
2635 538 2939 609 designare,
2975 548 3264 608 propterea
3311 540 3479 608 dixit,
3518 560 3583 597 ea:

2009 629 2382 682 resurrectione
2422 638 2768 682 mortuorum.
2811 631 3014 684 Horum
3059 633 3298 685 omnium
3342 649 3584 690 resurre-

2007 719 2244 772 ctionem
2289 718 2577 773 recolimus
2626 719 2680 772 in
2735 721 3027 776 Dominicis
3082 723 3349 777 noctibus.
3395 724 3584 780 Status

2007 808 2262 863 Ecclesia:
2296 819 2493 864 nostra:
2529 812 2704 865 tribus
2733 812 2972 867 articulis
2999 814 3366 884 distinguitur,
3393 817 3446 871 id
3472 825 3581 885 est,

2007 901 2108 954 sub
2152 900 2268 970 lege
2312 901 2563 963 naturali,
2594 910 2648 955 et
2676 904 2775 956 sub
2810 903 2926 972 lege
2955 904 3207 968 Mosaica,
3240 915 3295 960 et
3332 907 3430 961 sub
3464 908 3580 978 lege

2007 990 2328 1060 evangelica:
2390 992 2597 1061 gratiae.
2657 991 2914 1057 Quamvis
2960 995 3110 1049 multi
3171 997 3343 1051 sancti
3397 1009 3580 1053 essent

2006 1083 2106 1136 sub
2136 1082 2366 1136 naturali
2395 1082 2530 1152 lege.
2563 1092 2741 1137 tamen
2770 1087 3004 1139 maxime
3038 1087 3318 1142 duodecim
3353 1090 3578 1157 patriar-

2007 1174 2121 1227 ebze
2149 1173 2459 1243 viguerunt,
2495 1175 2698 1228 scilicet
2728 1176 3014 1241 intantum,
3050 1186 3108 1231 ut
3153 1179 3220 1232 ab
3267 1179 3352 1233 his
3381 1181 3582 1235 duode-

2006 1262 2111 1317 cim
2154 1263 2328 1317 tribus
2353 1272 2540 1330 postea
2577 1264 2788 1319 ﬁerent.
2830 1264 2984 1320 Sicut
3027 1283 3092 1320 ex
3137 1269 3419 1322 duodecim
3451 1283 3580 1338 apo-

2005 1353 2158 1408 stolis
2193 1355 2245 1407 in
2281 1354 2430 1409 Novo
2459 1355 2807 1410 Testamento
2834 1366 3158 1426 propagatus
3203 1367 3285 1412 est
3314 1359 3578 1414 Christia-

2005 1459 2107 1496 nus
2148 1444 2398 1510 populus,
2434 1443 2506 1497 ita
2535 1445 2590 1497 in
2620 1443 2802 1498 Veteri
2847 1445 3192 1499 Testamento
3218 1448 3445 1516 populus
3481 1463 3578 1518 pe-

2004 1533 2225 1588 culiaris
2254 1535 2366 1587 Deo
2392 1548 2458 1586 ex
2489 1534 2769 1588 duodecim
2797 1536 3143 1603 patriarchis.
3175 1537 3268 1590 Isti
3296 1538 3578 1593 duodecim

2004 1626 2196 1693 psalmi
2235 1625 2479 1679 recolunt
2515 1640 2715 1678 annum
2760 1627 2993 1694 primum
3027 1629 3352 1684 visitationis
3385 1631 3576 1696 vineas,

2006 1715 2060 1768 in
2093 1731 2199 1784 quo
2245 1714 2378 1769 licus
2425 1714 2630 1768 inutilis
2675 1717 2844 1770 stetit.
2877 1717 2947 1771 Ut
2974 1733 3072 1772 nos
3114 1719 3327 1773 inutiles
3356 1737 3460 1775 non
3506 1723 3581 1776 si-

328 1816 388 1862 et
412 1807 702 1876 disputatio
729 1822 845 1876 qua:
871 1807 1177 1862 necessaria
1205 1814 1293 1880 est
1318 1812 1438 1875 post
1467 1805 1753 1860 lectionem
1782 1805 1905 1859 dor-
1931 1801 1978 1860 B
2007 1819 2145 1870 mus,
2179 1805 2468 1859 recolimus
2514 1805 2798 1861 duodecim
2837 1807 3074 1876 psalmos
3115 1811 3287 1864 instar
3315 1813 3577 1867 honorum

334 1901 628 1955 mientibus
652 1899 924 1968 palpebris
951 1898 1229 1968 oculisque
1264 1913 1509 1952 somnum
1540 1897 1899 1961 trahentibus,

333 2000 512 2047 cessat
536 1992 712 2048 lectio.
732 1992 964 2060 Tempus
988 1991 1115 2044 illud
1140 1991 1406 2061 significat
1431 1991 1496 2045 de
1515 2006 1620 2059 quo
1643 1991 1903 2060 scriptum

332 2091 449 2135 est:
484 2081 550 2134 Et
592 2090 741 2136 erunt
766 2097 942 2134 omnes
977 2079 1222 2134 docibiles
1249 2079 1368 2145 Dei,
1397 2089 1452 2134 et
1479 2080 1607 2134 illud
1635 2080 1899 2149 Apostoli,

333 2170 454 2225 Sive
486 2172 768 2241 prophetia:
802 2171 1209 2235 evacuabuntur,
1250 2172 1358 2224 sive
1387 2169 1579 2239 lingua:
1605 2170 1898 2236 cessabunt,

329 2261 436 2313 sive
457 2260 670 2313 scientia
696 2259 1012 2313 destruetur.
1040 2259 1107 2312 Et
1131 2259 1253 2328 quia
1283 2275 1350 2314 ex
1375 2259 1564 2314 ordine
1596 2260 1780 2315 Esdra:
1808 2276 1903 2315 ne-

333 2351 563 2405 cessaria
605 2358 687 2403 est
713 2350 869 2403 lectio
901 2351 954 2403 in
987 2351 1091 2404 isto
1117 2348 1310 2413 ollicio,
1352 2358 1412 2402 ut
1435 2358 1628 2418 quater
1661 2352 1714 2404 in
1746 2360 1904 2408 nocte

331 2448 568 2514 legatur,
592 2439 766 2494 solent
809 2440 1046 2509 religiosi
1090 2439 1192 2492 viri
1231 2447 1355 2494 ante
1396 2455 1634 2509 praesens
1666 2439 1901 2494 ofﬁcium

330 2530 614 2585 lectionem
643 2530 837 2600 legere.
870 2529 1020 2584 Sicut
1047 2529 1212 2583 Maria
1251 2545 1371 2599 qua:
1414 2531 1570 2584 unxit
1613 2531 1900 2584 Dominum

329 2630 621 2692 unguento,
652 2621 914 2691 praevenit
944 2619 1125 2674 facere
1170 2619 1316 2688 quod
1352 2619 1657 2674 faciendum
1699 2622 1900 2675 eratin

329 2713 576 2781 sepulcro
605 2712 721 2780 ejus
764 2712 806 2765 si
851 2712 1184 2766 inveniretur
1224 2727 1420 2781 corpus
1452 2710 1588 2779 ejus,
1631 2712 1706 2765 ita
1741 2711 1900 2766 lectio

330 2818 423 2857 sua
457 2803 697 2857 doctrina
731 2802 882 2870 ungit
911 2802 1120 2856 animas
1145 2801 1368 2855 devotas
1401 2809 1527 2856 ante
1555 2801 1900 2856 commenda-

333 2893 531 2948 tionem
559 2891 921 2948 dormitionis.

943 2981 1168 3037 CAPUT
1205 2974 1295 3034 IX.

805 3074 881 3127 De
913 3073 1206 3126 nocturnali
1236 3074 1419 3142 oﬂicio.

2005 1911 2215 1950 morum
2241 1904 2550 1950 sanctorum
2577 1897 3024 1965 patriarcharum.
3056 1898 3200 1964 Quos
3228 1901 3430 1955 divisos
3457 1917 3578 1955 can-

2005 1995 2179 2040 tamus
2211 2002 2308 2056 per
2353 1987 2757 2055 quaternarium
2812 2003 3133 2056 numerum,
3176 1992 3298 2059 quia
3349 2002 3582 2060 quatuor

2003 2076 2229 2131 virtutes
2269 2084 2396 2131 sunt
2434 2077 2628 2144 quibus
2659 2078 2932 2132 credimus
2984 2089 3200 2134 sanctos
3238 2083 3579 2150 patriarchas

2002 2168 2233 2223 coluisse
2283 2177 2524 2223 sanetam
2567 2168 2920 2235 Trinitatem,
2972 2171 3210 2238 scilicet,
3266 2173 3574 2242 prudentia,

2004 2255 2286 2321 fortitudo,
2310 2256 2520 2324 justitia
2546 2266 2600 2312 et
2630 2260 3007 2327 temperantia.
3053 2259 3172 2315 Istte
3215 2261 3442 2316 virtutes
3472 2277 3578 2315 non

2003 2359 2324 2418 separantur
2353 2348 2421 2400 ab
2445 2349 2691 2411 invicem,
2721 2349 2816 2402 sed
2846 2350 2936 2403 ubi
2967 2365 3070 2402 una
3101 2365 3168 2404 ex
3199 2351 3306 2404 illis
3331 2359 3434 2416 est,
3470 2360 3582 2405 tres

2003 2455 2218 2508 semper
2281 2446 2491 2508 oportet
2528 2439 2735 2493 adesse.
2784 2439 2936 2494 Unde
2986 2440 3314 2510 Augustinus
3360 2443 3413 2496 in
3462 2444 3576 2511 epi-

2002 2530 2138 2586 stola
2161 2529 2229 2584 ad
2256 2529 2636 2599 Ilieronymum
2665 2548 2677 2582 :
2711 2529 2879 2584 Porro
2907 2531 2951 2584 si
2975 2532 3262 2599 prudentia
3295 2541 3424 2586 tunc
3451 2535 3574 2598 erit,

2003 2621 2047 2676 si
2092 2630 2143 2675 et
2177 2620 2348 2685 fortis,
2385 2630 2438 2674 et
2458 2619 2623 2687 justa,
2657 2629 2712 2674 et
2739 2628 3048 2689 temperans
3076 2624 3165 2686 sit,
3205 2621 3448 2690 profecto
3484 2623 3576 2678 ubi

2002 2714 2194 2780 fuerit,
2232 2729 2417 2768 secum
2458 2715 2621 2768 habet
2669 2721 2922 2779 caeteras;
2971 2715 3048 2769 sic
3091 2722 3145 2768 et
3175 2714 3434 2770 fortitudo
3478 2717 3578 2769 im-

2001 2806 2237 2873 prudens
2278 2821 2394 2859 esse
2436 2821 2541 2860 non
2585 2812 2790 2874 potest,
2840 2805 2924 2859 vel
2973 2805 3336 2875 intemperans
3365 2805 3450 2860 vel
3495 2806 3578 2860 in-

1997 2895 2176 2964 jnsta;
2209 2896 2287 2951 sic
2312 2904 2366 2950 et
2414 2897 2768 2964 temperantia
2816 2911 3036 2951 necesse
3086 2905 3168 2951 est
3211 2905 3271 2950 ut
3315 2897 3575 2966 prudens,

2001 2986 2158 3042 fortis
2200 2997 2254 3041 ct
2277 2985 2423 3056 justa
2471 2987 2570 3052 sit;
2610 2987 2690 3041 sie
2729 2987 2938 3057 justitia
2966 3003 3071 3042 non
3118 2995 3230 3052 est,
3272 2988 3318 3042 si
3356 3003 3462 3042 non
3509 2988 3580 3042 sit

2001 3078 2270 3147 prudens,
2319 3078 2476 3132 lortis
2519 3087 2573 3132 et
2615 3087 2954 3148 temperans;
2997 3079 3068 3132 ita
3112 3085 3170 3132 ut
3208 3078 3281 3132 ibi
3327 3093 3453 3132 vera
3496 3086 3578 3132 est

396 3163 453 3220 In
483 3166 785 3221 nocturnali
819 3164 997 3219 officio
1031 3165 1258 3218 dicimus
1301 3165 1516 3232 primo:
1543 3164 1788 3231 Domine,
1815 3165 1895 3219 la-
1923 3175 1968 3236 ρ
2000 3169 2177 3237 aliqua
2207 3183 2416 3232 eorum,
2448 3175 2502 3221 et
2529 3169 2648 3222 alim
2676 3169 2925 3222 similiter
2953 3169 3090 3232 sint;
3123 3168 3213 3221 ubi
3248 3175 3426 3223 autem
3456 3168 3574 3222 aliae

327 3256 413 3308 bia
450 3272 565 3310 mea
600 3257 818 3325 aperias,
867 3263 915 3307 et
969 3271 1024 3307 os
1072 3270 1243 3307 meum
1303 3256 1633 3308 annuntiabit
1686 3255 1895 3309 laudem

326 3357 504 3413 tuam;
545 3347 736 3401 deinde
776 3345 1022 3413 sequitur
1069 3341 1269 3396 Gloria.
1317 3343 1542 3409 Quando
1587 3345 1795 3413 pridem
1840 3346 1894 3399 in

326 3447 489 3494 nocte
536 3437 783 3492 convcnti
836 3433 1055 3499 fuimus,
1108 3434 1602 3488 eommcndavimus
1647 3449 1745 3489 nos
1785 3434 1894 3489 Do-

325 3532 498 3595 mino,
535 3541 591 3583 et
618 3529 978 3584 eonelusrmus
1005 3544 1118 3592 ora,
1161 3536 1322 3596 atque
1350 3535 1470 3596 post
1515 3526 1708 3596 singuli
1741 3527 1892 3595 quasi

326 3621 719 3692 quodammodo
764 3621 816 3672 in
867 3619 1092 3690 singulis
1141 3617 1403 3686 sepulcris
1465 3617 1792 3686 quievimus,
1840 3625 1896 3670 et

327 3714 426 3769 soli
471 3711 701 3766 Domino
744 3719 924 3764 mente
965 3710 1257 3773 astitimus,
1285 3709 1372 3763 cui
1414 3725 1521 3762 non
1557 3717 1684 3762 sunt
1731 3708 1895 3762 verba

327 3801 660 3865 necessaria,
687 3800 812 3869 quia
837 3814 1026 3854 omnes
1066 3799 1420 3868 cogitationes
1445 3799 1623 3862 novit;
1653 3806 1708 3851 at
1750 3813 1893 3852 nunc

327 3893 452 3962 quia
492 3894 684 3945 iterum
732 3891 1081 3945 convenimus
1126 3891 1192 3942 ad
1243 3887 1607 3943 confitendum
1642 3889 1887 3954 Domino,

326 3999 611 4052 precamur
638 3997 762 4036 eum
808 3989 866 4035 ut
911 3997 1004 4035 sua
1041 3979 1338 4033 directione
1383 3980 1523 4035 labia
1555 3989 1738 4034 nostra
1767 3994 1892 4048 ape-

326 4075 452 4136 riat,
482 4081 538 4126 et
565 4073 632 4126 ad
666 4088 817 4126 suam
865 4071 1075 4124 laudem
1107 4085 1168 4124 os
1199 4080 1442 4124 nostrum
1488 4069 1720 4124 fatiscat.
1760 4071 1891 4125 Dein

325 4165 568 4234 sequitur
597 4165 998 4227 invitatoriam;
1049 4163 1100 4215 in
1137 4177 1200 4216 eo
1237 4162 1537 4216 communis
1574 4170 1744 4216 enatus
1782 4160 1892 4216 fra-

327 4265 468 4308 trum
514 4262 774 4308 convocat
806 4267 992 4308 omnes
1039 4253 1295 4322 degentes
1343 4253 1595 4321 undique,
1637 4262 1697 4306 ut
1739 4253 1888 4308 exci-

328 4355 509 4400 tentur
554 4353 610 4398 et
649 4344 870 4398 veniant
913 4343 982 4397 ad
1030 4342 1392 4396 confitendum
1441 4342 1699 4405 Domino,
1736 4343 1889 4411 juxta

323 4437 468 4506 quod
508 4450 695 4489 versus
738 4431 1004 4488 secundus
1034 4439 1192 4486 sonat
1235 4431 1571 4484 invitatorii:
1607 4429 1886 4484 Prwoccu-

1997 3261 2218 3323 desunt,
2256 3275 2383 3313 vera
2422 3259 2512 3313 illa
2555 3274 2661 3312 non
2704 3249 2808 3324 est,
2837 3259 3050 3313 etiamsi
3094 3258 3273 3327 aliquo
3315 3260 3473 3313 modo
3503 3259 3574 3312 si-

1997 3350 2150 3402 miles
2189 3363 2310 3402 esse
2353 3348 2640 3402 videantur
2666 3350 2724 3416 1'.
2757 3346 3055 3415 Sequentes
3083 3355 3193 3400 tres
3229 3348 3418 3415 psalmi
3451 3363 3572 3402 cum

1996 3439 2288 3507 antiphona
2332 3437 2575 3491 recolunt
2608 3437 2901 3491 secundum
2932 3451 3163 3500 annum,
3212 3437 3263 3489 in
3311 3451 3419 3504 quo
3468 3438 3573 3490 Do-

1995 3529 2172 3582 minus
2201 3543 2294 3598 per
2322 3528 2493 3598 legem
2520 3527 2760 3580 visitavit
2787 3528 2997 3579 vineam
3023 3541 3196 3590 suam,
3223 3537 3572 3595 permanente

1995 3621 2173 3674 adhuc
2203 3620 2304 3673 ﬁcu
2331 3618 2504 3672 inutili
2532 3637 2544 3670 :
2577 3618 2647 3672 Ut
2672 3634 2778 3672 non
2806 3618 2974 3672 simus
3006 3617 3245 3682 inutiles,
3292 3626 3572 3673 cantamus

1935 3697 1942 3704 ’
1993 3718 2103 3764 tres
2132 3709 2366 3778 psalmos
2390 3716 2655 3778 quatenus
2690 3716 2968 3762 consortes
2995 3707 3163 3761 simus
3189 3707 3366 3761 ordini
3408 3708 3570 3762 trium

1992 3801 2308 3864 electorum,
2346 3800 2436 3869 qui
2462 3799 2679 3852 fuerunt
2709 3800 2807 3852 sub
2833 3798 2948 3868 lege
2973 3797 3226 3862 Mosaiea,
3261 3798 3466 3853 scilicet
3498 3799 3572 3853 le-

1991 3893 2323 3962 gislatorum,
2355 3890 2755 3960 psalmistarum
2801 3897 2856 3943 et
2885 3890 3288 3958 prophetarum.
3326 3888 3439 3943 Hoc
3484 3899 3566 3943 est

1991 3983 2132 4036 inter
2171 3980 2453 4035 duodecim
2479 3979 2714 4049 psalmos
2756 3979 2847 4048 qui
2874 3979 2990 4032 sine
3015 3979 3308 4049 antiphona
3348 3989 3572 4034 cantan-

1991 4080 2097 4137 tur,
2127 4080 2181 4125 et
2208 4080 2316 4126 tres
2343 4073 2432 4140 qui
2461 4085 2584 4124 cum
2609 4071 2924 4139 antiphona,
2949 4070 3089 4138 quod
3125 4077 3244 4123 erat
3275 4070 3415 4124 inter
3441 4072 3571 4124 duo-

1991 4163 2164 4216 decim
2192 4161 2551 4230 patriarchas,
2577 4160 2669 4228 qui
2708 4159 2978 4228 peregrini
3007 4164 3164 4211 erant
3191 4165 3247 4211 et
3276 4159 3570 4227 sperabant

1990 4254 2359 4307 hzereditatem
2405 4267 2566 4320 quam
2612 4250 2813 4318 posteri
2861 4264 3048 4303 eorum
3092 4249 3474 4317 possederunt,
3517 4261 3570 4305 ct

1988 4345 2204 4397 eosdem
2236 4352 2500 4410 posteros,
2524 4342 2616 4410 qui
2643 4340 3093 4394 hazreditaverunt
3119 4347 3319 4394 terram
3343 4343 3572 4410 promis-

1990 4449 2106 4487 sam
2131 4434 2376 4500 patribus
2399 4447 2606 4486 eorum.

322 4545 501 4600 pcmus
528 4528 713 4597 faciem
738 4527 875 4596 ejus,
900 4525 1130 4593 inquies,
1159 4525 1212 4576 in
1239 4524 1576 4592 confessione,
1605 4531 1652 4575 et
1679 4523 1733 4574 in
1758 4519 1894 4589 psal—
1917 4513 1970 4570 D
2064 4523 2292 4577 Gloriati
2340 4531 2465 4576 sunt
2509 4521 2790 4576 duodecim
2817 4521 3142 4590 patriarchae
3165 4521 3230 4576 de
3256 4522 3563 4592 promissis,

321 4619 421 4671 mis
444 4617 728 4686 jubilemus
765 4617 830 4669 ei.
860 4614 1062 4668 Deinde
1107 4620 1405 4681 sequuntur
1431 4612 1713 4665 duodecim
1750 4610 1891 4679 psal-

323 4708 429 4770 mi,
483 4706 598 4760 sine
648 4706 970 4774 antipliona,
1012 4695 1135 4756 eu’m
1192 4700 1366 4754 tribus
1412 4700 1893 4768 glorificationibus

322 4803 525 4850 sancta:
579 4793 892 4857 Trinitatis,
947 4807 1043 4861 per
1097 4799 1279 4844 ternas
1319 4790 1611 4843 divisiones
1659 4797 1892 4858 quatuor

321 4885 672 4956 psalmorum.
703 4882 975 4936 Dominica
1023 4897 1128 4935 nox
1175 4881 1507 4936 Dominicam
1543 4881 1892 4934 resurrectio-

324 4991 449 5030 nem
480 4976 546 5028 ad
591 4973 907 5028 memoriam
943 4982 1183 5027 nostram
1215 4971 1440 5026 reducit.
1474 4971 1603 5039 Quae
1649 4972 1769 5026 ideo
1801 4987 1893 5027 vo-
1947 5019 1956 5024 -

323 5050 478 5123 catur
505 5068 806 5130 Dominica,
844 5067 969 5134 quia
999 5066 1254 5120 Dominus
1283 5080 1404 5119 eam
1445 5064 1759 5119 clarificavit
1795 5079 1892 5119 sua
1927 5047 1932 5064 ²

321 5159 736 5214 resurrectione.
765 5155 881 5210 Non
912 5156 1056 5209 enim
1083 5154 1226 5209 solus
1257 5156 1551 5208 resurrexit
1577 5172 1607 5208 a
1640 5156 1888 5220 mortuis,

323 5255 415 5308 sed
463 5269 650 5310 omnes
695 5255 779 5310 sui
832 5253 1025 5318 electi,
1071 5252 1182 5308 sive
1222 5253 1312 5321 qui
1355 5251 1572 5304 fuerunt
1625 5251 1694 5304 ab
1739 5251 1891 5304 initio

321 5345 508 5400 mundi
542 5355 666 5400 ante
721 5362 872 5402 suam
929 5345 1380 5407 incarnationem,
1421 5343 1534 5397 sive
1580 5344 1673 5412 qui
1723 5343 1892 5396 futuri

323 5445 448 5491 sunt
481 5451 652 5506 usque
697 5437 765 5490 ad
793 5436 951 5490 linem
982 5435 1186 5489 mundi.
1217 5435 1555 5502 QuaprOpter
1583 5433 1714 5488 dicit
1750 5432 1892 5501 Apo—

320 5526 493 5582 stolus
527 5526 762 5581 Paulus:
798 5525 902 5591 Qui
946 5525 1344 5595 prwdestinatus
1371 5533 1444 5576 est
1485 5522 1658 5577 Filius
1698 5522 1795 5576 Dei
1837 5522 1892 5576 in

319 5618 509 5672 virtute
553 5617 837 5672 secundum
875 5619 1117 5686 spiritum
1155 5615 1586 5680 sanctiﬁcationis
1619 5631 1683 5667 ea:
1719 5632 1892 5668 resur—

322 5715 545 5762 rectione
569 5719 891 5764 mortuorum
914 5707 1041 5760 Jesu
1070 5704 1267 5760 Christi
1291 5705 1502 5758 Domini
1534 5705 1714 5759 nostri.
1745 5703 1885 5771 Quo-

1998 4613 2092 4671 sed
2110 4613 2312 4684 posteri
2340 4628 2526 4667 eorum
2546 4612 2715 4682 magis
2740 4612 2805 4666 dc
2822 4613 3109 4682 perceptis.
3130 4613 3264 4667 Tres
3287 4613 3566 4667 novissimi

1997 4708 2189 4779 psalmi
2211 4722 2333 4761 cum
2353 4703 2580 4757 Alleluia
2614 4703 2859 4758 recolunt
2880 4719 3079 4757 annum
3106 4705 3322 4758 tertium
3348 4705 3400 4757 in
3419 4704 3568 4758 Novo

1999 4799 2369 4858 Testamento,
2402 4795 2505 4850 ficu
2564 4794 2739 4848 inutili
2785 4802 3054 4857 manente,
3086 4804 3404 4849 eoruscante
3449 4794 3562 4863 jam

1998 4885 2310 4956 evangelica
2342 4884 2534 4954 gratia.
2567 4883 2874 4937 Laudamus
2902 4883 3184 4937 Dominum
3212 4885 3263 4937 in
3293 4885 3568 4953 primitiva

1998 4977 2242 5032 Ecclesia
2271 4991 2338 5030 ex
2365 4973 2591 5028 Judaico
2626 4974 2864 5044 populo;
2902 4975 3181 5028 laudamus
3220 4976 3274 5028 in
3319 4975 3565 5045 sequenti

1997 5085 2062 5125 ex
2107 5067 2446 5138 gentilitate:
2481 5065 2643 5120 simili
2689 5066 2849 5120 modo
2904 5064 2957 5118 in
2996 5065 3338 5120 revocatione
3387 5064 3570 5134 populi

1996 5158 2228 5223 Judaici,
2258 5166 2319 5211 ut
2349 5165 2535 5211 nostra
2576 5155 2711 5210 ﬁcus
2757 5153 2992 5208 fructum
3040 5155 3235 5224 pariat,
3268 5161 3449 5207 noster
3489 5152 3568 5206 vi-

1999 5251 2192 5306 delicet
2243 5249 2474 5320 populus
2503 5289 2517 5313 ,
2555 5248 2734 5302 verbis
2779 5255 2834 5300 et
2877 5245 3122 5302 moribus
3158 5246 3386 5301 colimus
3416 5244 3564 5296 illam

1997 5359 2094 5414 per
2121 5343 2364 5411 exempla
2401 5349 2710 5398 sanctorum
2757 5340 3000 5395 Patrum.
3036 5339 3150 5393 Hoc
3179 5336 3321 5391 enim
3351 5335 3516 5387 distat
3545 5372 3561 5396 ,

1998 5436 2137 5489 inter
2165 5433 2283 5488 illos
2315 5442 2426 5488 tres
2456 5433 2692 5502 psalmos
2719 5432 2811 5500 qui
2841 5445 2966 5486 cum
3006 5425 3315 5495 antiphonis
3337 5431 3566 5478 cantan-

1996 5532 2105 5588 tur,
2156 5531 2210 5576 et
2250 5522 2384 5576 istos
2431 5533 2541 5575 tres
2587 5521 2677 5590 qui
2706 5533 2834 5574 cum
2861 5516 3084 5570 Alleluia
3109 5556 3124 5580 ,
3155 5514 3297 5582 quod
3320 5520 3404 5567 est
3429 5511 3570 5566 inter

1995 5613 2115 5667 iilos
2168 5612 2262 5680 qui
2324 5611 2630 5664 habuerunt
2687 5615 3065 5662 testamentum
3117 5603 3461 5663 mutandum,
3513 5611 3569 5654 et

1996 5720 2087 5759 eos
2118 5705 2207 5773 qui
2234 5703 2428 5756 habent
2465 5707 2841 5756 testamentum
2889 5712 2994 5751 non
3023 5695 3358 5751 mutandum.
3397 5691 3566 5759 Major
