3938 6178
364 339 499 393 “87

1393 329 1723 385 AMALARII
1762 326 2198 383 PRESBYTER!
2237 324 2575 384 METENSIS

3484 333 3619 389 ητὶῆ

360 449 679 505 clariﬁcatio
712 457 798 504 est
844 448 899 502 in
934 446 1085 503 Novo
1120 444 1468 501 Testamento
1513 458 1674 514 quam
1724 444 1778 496 in
1828 443 1931 497 Ve-
1960 445 2012 504 Α
2039 440 2964 511 reeoiit,inquoChristusexaltavit
2982 445 3254 501 hominem
3275 456 3619 518 assumptum

360 543 487 599 teri.
515 542 718 597 Horum
756 541 1001 595 omnium
1034 538 1487 594 resurrectionem
1513 537 1851 592 celebramus
1874 536 1931 589 in

361 635 640 691 Dominica
691 642 917 696 nostra;
956 631 1151 686 borum
1184 630 1480 701 participes
1533 643 1632 684 nos
1661 628 1933 681 credimus

359 728 590 783 futuros.
641 725 776 780 Tres
822 724 1081 779 articulos
1139 730 1565 778 memoratorum
1629 729 1930 789 temporum

357 814 489 872 dicit
516 814 811 885 Gregorius
848 814 902 867 in
935 812 1160 867 bomilia
1198 826 1297 866 sua
1331 810 1663 883 signiﬁcatos
1704 822 1826 863 esse
1874 807 1930 862 in

357 908 532 963 tribus
555 908 713 962 annis
736 906 932 977 quibus
957 905 1221 961 Dominus
1247 903 1499 975 qumsivit
1520 902 1754 958 fructum
1780 900 1932 956 ﬁcul-

355 1011 472 1053 nem
498 1006 553 1053 et
572 1012 680 1052 non
708 996 936 1051 invenit.

423 1084 649 1153 Quando
692 1101 881 1142 eorum
928 1086 1283 1141 recordamur
1326 1084 1419 1155 qui
1466 1083 1836 1153 migraverunt
1861 1082 1929 1138 de

353 1176 554 1233 mundo
581 1216 597 1242 ,
637 1176 870 1232 fodimus
900 1176 1100 1232 fossam
1129 1177 1274 1230 circa
1307 1174 1593 1230 ﬁculneam
1623 1213 1638 1240 ,
1676 1174 1800 1243 quia
1830 1174 1929 1227 hn-

353 1265 621 1321 miliamus
645 1281 748 1321 nos
772 1281 948 1336 usque
976 1266 1042 1320 ad
1072 1264 1350 1334 pulverem
1377 1263 1602 1329 mortis,
1637 1271 1692 1318 et
1716 1270 1927 1318 stercus

352 1355 619 1421 addimus,
657 1356 873 1426 quando
896 1364 1120 1425 peccata
1151 1362 1337 1409 nostra
1371 1350 1683 1409 recolim‘us.
1713 1352 1813 1408 Hic
1838 1354 1926 1408 di-

352 1446 580 1501 cendum
602 1454 689 1501 est
715 1447 845 1515 quid
871 1447 945 1501 sit
969 1447 1112 1501 inter
1137 1454 1336 1501 statum
1366 1447 1713 1515 praesentium
1739 1447 1927 1502 lectio-

350 1547 481 1587 num
504 1573 520 1598 ,
551 1541 608 1589 et
649 1549 835 1589 earum
864 1550 986 1605 quae
1008 1551 1108 1605 per
1132 1545 1377 1604 pastores
1406 1537 1718 1592 domesticis
1754 1538 1926 1592 admi-

274 1654 277 1659 -
348 1624 673 1680 nistrantur.
713 1624 1002 1681 Lectiones
1025 1641 1146 1695 qua:
1184 1642 1282 1697 per
1308 1634 1557 1697 pastores
1589 1635 1880 1682 cantantur
1904 1668 1923 1695 ,

347 1712 677 1768 domesticos
701 1722 758 1768 et
783 1715 1020 1770 scientes
1045 1715 1342 1770 admonent
1381 1724 1443 1770 ut
1489 1730 1597 1771 non
1643 1716 1918 1772 deﬁciant.

2036 533 2105 587 ad
2125 530 2293 589 cuiius
2318 533 2373 588 in
2399 535 2601 589 virtute
2638 547 2759 589 sua.
2802 534 2942 602 Quia
2979 536 3216 592 diximus
3259 538 3405 607 quod
3437 539 3619 594 media

2035 630 2195 676 nocte
2236 625 2565 693 smrgendum
2616 634 2761 680 esset
2806 627 2860 679 in
2904 628 3208 681 nocturnali
3269 627 3491 695 ofﬁcio,
3547 644 3618 685 ex

2034 711 2217 766 verbis
2268 715 2444 767 sancti
2488 714 2782 782 Augustini
2821 722 2877 769 et
2926 715 3239 789 Hieronymi
3270 728 3488 789 oportet
3514 735 3618 775 nos

2033 803 2359 861 conﬁrmare
2399 814 2605 861 nostra.
2643 806 2813 863 David
2841 809 2973 863 dicit
2995 810 3049 864 in
3072 811 3304 881 psalmo,
3334 812 3487 867 Beati
3512 816 3617 868 im-

2032 895 2317 963 maculati;
2341 913 2450 967 quo
2472 906 2716 970 tempore
2737 901 2850 969 ipse
2876 901 3071 956 solitus
3090 913 3235 958 esset
3270 920 3498 975 surgere
3541 908 3613 963 ad

2032 987 2398 1043 conﬁtendum
2446 989 2676 1046 Domino
2697 1032 2713 1057 ,
2749 991 2926 1047 Media
2954 1004 3103 1048 nocte
3130 995 3425 1066 surgebam.
3450 997 3526 1051 Et
3554 999 3610 1052 in

2031 1077 2138 1133 alio
2170 1079 2310 1146 loco,
2346 1077 2583 1136 Praeconi
2624 1084 2680 1138 in
2720 1086 3046 1151 maturitate,
3085 1097 3135 1140 et
3179 1087 3423 1144 clamavi.
3453 1090 3610 1157 Quod

2032 1168 2106 1223 ita
2132 1170 2468 1241 Augustinus
2496 1191 2508 1226 :
2538 1170 2797 1230 Praeveni‘
2829 1177 3151 1248 intempesta
3190 1189 3351 1236 nocte
3374 1223 3389 1247 ,
3416 1191 3472 1237 et
3496 1183 3612 1237 cia-

2030 1261 2192 1315 mavi.
2220 1261 2412 1318 Plures
2439 1264 2655 1319 codices
2685 1280 2793 1320 non
2832 1266 3057 1333 habent,
3095 1271 3405 1341 intempesta
3433 1284 3609 1331 nocte.

2029 1353 2143 1417 sed,
2170 1354 2223 1407 in
2246 1356 2570 1421 maturitate,
2593 1356 2684 1411 vix
2711 1366 2890 1413 autem
2914 1374 3056 1415 unus
3092 1361 3344 1418 inventus
3376 1373 3464 1419 est
3514 1367 3612 1435 qui

2028 1444 2255 1501 haberet
2300 1446 2570 1515 geminata
2599 1448 2656 1503 in
2683 1452 3086 1520 prmpositione,
3108 1453 3163 1507 id
3187 1464 3291 1520 est,
3321 1455 3377 1509 in
3407 1458 3608 1512 imma-

2028 1534 2270 1590 turitate.
2335 1534 2702 1593 immaturitas
2737 1539 2925 1609 itaque
2966 1542 3071 1597 hoc
3110 1540 3231 1599 loco
3279 1553 3613 1603 nocturnum

2028 1632 2241 1694 tempus
2265 1632 2367 1690 est,
2392 1627 2537 1695 quod
2555 1642 2665 1693 non
2691 1639 2777 1684 est
2801 1639 3096 1699 maturum,
3126 1635 3181 1689 id
3207 1643 3311 1699 est,
3346 1647 3611 1707 opportu-

2025 1730 2155 1769 num
2175 1755 2190 1781 ,
2216 1723 2278 1771 ut
2304 1724 2498 1788 agatur
2518 1717 2723 1787 aliquid
2743 1720 3033 1791 vigilando,
3082 1726 3224 1792 quod
3254 1726 3420 1781 etiam
3446 1729 3617 1801 vulgo

272 1863 284 1875 .
348 1797 501 1854 Sicut
551 1800 697 1870 ligna
734 1801 790 1856 in
832 1799 971 1858 locis
998 1803 1273 1858 adduntur
1298 1804 1458 1874 lignis
1479 1812 1539 1890 ut
1562 1819 1672 1861 non
1703 1806 1924 1862 deﬁciat
1949 1813 1997 1872 B
2025 1807 2132 1862 dici
2153 1807 2293 1863 solet
2317 1808 2453 1863 hora
2483 1808 2793 1880 importuna
2823 1829 2836 1866 :
2870 1826 2979 1867 nox
3009 1829 3224 1887 quoque
3253 1797 3612 1890 intempesta,

347 1890 509 1959 ignis,
545 1892 621 1947 ita
659 1892 847 1964 ignitis
893 1896 1146 1951 sensibus
1186 1884 1613 1953 domesticorum
1653 1899 1926 1954 adduntur

342 1982 511 2037 verba
540 1982 707 2053 ignita
751 1993 1032 2053 pastorum
1056 2026 1073 2052 ,
1111 1994 1171 2041 ut
1196 2001 1303 2041 non
1332 1986 1606 2043 deﬁciant.
1639 1988 1926 2044 Lectiones

344 2069 401 2127 in
429 2073 731 2128 nocturnali
757 2073 935 2129 cilicio
977 2084 1163 2145 typum
1193 2084 1392 2146 gerunt
1417 2091 1607 2132 earum
1629 2077 1922 2134 lectionum

343 2177 466 2232 qua:
505 2163 754 2219 solebant
782 2164 901 2219 ﬁeri
925 2165 980 2219 in
1004 2166 1206 2221 scholis
1226 2166 1449 2222 Patrum
1475 2209 1490 2235 ,
1526 2169 1581 2223 in
1600 2171 1799 2240 quibus
1821 2186 1922 2227 ne-

342 2253 576 2308 scientes
606 2254 1005 2321 imbuebantur,
1023 2262 1079 2309 et
1107 2254 1317 2311 licitum
1340 2265 1460 2312 erat
1481 2258 1563 2314 eis
1584 2258 1925 2332 interrogare

342 2342 398 2397 in
430 2344 627 2413 quibus
651 2344 994 2401 dubitabant.

415 2432 658 2500 Quarum
686 2436 930 2507 exempla
970 2436 1309 2508 prmtulimus
1342 2439 1396 2494 in
1428 2439 1609 2497 libello
1634 2442 1701 2497 de
1734 2441 1923 2499 Oﬁicio

340 2522 561 2590 missae,
616 2533 671 2580 et
715 2526 808 2581 hic
853 2543 1020 2582 unum
1048 2528 1393 2598 proferimus.
1429 2529 1705 2602 Scriptum
1738 2542 1822 2589 est
1864 2534 1920 2588 in

337 2613 562 2670 Actibus
608 2617 976 2685 apostolorum
1031 2636 1046 2672 :
1090 2618 1164 2673 Hi
1214 2630 1391 2675 autem
1447 2631 1599 2676 erant
1640 2623 1921 2678 nobiliores

337 2720 518 2760 eorum
544 2705 635 2775 qui
658 2715 778 2761 sunt
805 2705 1213 2773 Thessalonicae,
1240 2711 1332 2781 qui
1357 2722 1693 2783 susceperunt
1712 2712 1921 2768 uerbum

338 2810 455 2848 cum
483 2798 625 2849 omni
656 2797 937 2863 aviditate,
984 2799 1219 2870 quotidie
1245 2810 1540 2856 scrutantes
1570 2800 1868 2872 Scripturas
1899 2845 1914 2868 ,

337 2883 383 2935 si
408 2885 519 2937 hau:
548 2884 623 2937 ita
653 2900 708 2939 se
732 2885 999 2940 haberent.

407 2994 523 3064 ipsa
554 2996 697 3050 enim
725 2996 994 3053 dubitatio
1033 3014 1152 3068 quae
1181 3009 1266 3055 est
1300 3002 1354 3055 in
1391 3001 1665 3075 mentibus
1690 3004 1916 3061 audien-

336 3082 470 3139 tium
513 3092 805 3154 antequam
850 3087 921 3141 ad
967 3086 1184 3158 plenam
1243 3090 1606 3162 cognitionem
1654 3095 1913 3162 veniant,

2027 1898 2081 1953 id
2117 1905 2226 1963 est,
2262 1897 2465 1964 media,
2496 1898 2716 1968 quando
2742 1901 3131 1972 quiescendum
3161 1915 3265 1962 est.
3300 1907 3443 1965 Hinc
3478 1926 3608 1981 pro-

2024 1990 2111 2045 cul
2137 1991 2302 2046 dubio
2326 2000 2639 2061 nuncupata
2666 2001 2770 2060 est,
2815 1996 2941 2066 quia
2980 1996 3287 2067 importuna
3318 2010 3405 2056 est
3436 2006 3610 2060 actio-

2023 2080 2182 2137 nibus
2244 2083 2602 2153 vigilantium.
2668 2084 3078 2155 TempeStivum
3143 2091 3290 2145 enim
3348 2092 3611 2150 dixerunt

2022 2177 2236 2225 veteres
2261 2180 2645 2243 opportunum,
2667 2182 2721 2229 et
2745 2175 3184 2247 intempestivum
3209 2182 3605 2252 importunum,

2021 2274 2053 2314 a
2090 2267 2334 2331 tempore
2370 2261 2535 2317 ducto
2562 2263 2841 2333 vocabulo,
2880 2282 2988 2322 non
3042 2267 3112 2323 ab
3151 2271 3243 2326 illa
3280 2279 3609 2345 tempestate

2021 2368 2143 2427 qua:
2176 2356 2567 2412 consuetudine
2612 2358 2819 2415 Latinae
2862 2360 3058 2432 lingua:
3105 2364 3230 2419 cteli
3259 2369 3609 2436 perturbatio

2014 2442 2129 2512 jam
2156 2454 2400 2511 vocatur,
2435 2462 2745 2519 quanquam
2775 2450 2882 2506 isto
2917 2455 3087 2509 verbo
3117 2454 3355 2513 libenter
3369 2467 3609 2515 utantur

2019 2534 2291 2602 historici,
2324 2544 2385 2590 ut
2406 2536 2591 2592 dicant
2616 2578 2631 2603 ,
2685 2555 2747 2593 ea
2784 2549 3106 2612 tempestate,
3142 2549 3286 2616 quod
3328 2551 3517 2606 volunt
3542 2570 3606 2608 eo

2020 2635 2250 2696 tempore
2278 2627 2523 2701 intelligi.
2559 2628 2713 2686 Unde
2743 2641 2800 2687 et
2833 2632 3192 2707 Hieronymus
3234 2640 3289 2695 in
3345 2642 3490 2698 libro
3532 2646 3605 2701 dc

2020 2717 2145 2773 Vita
2172 2714 2376 2785 Paula,
2404 2718 2534 2777 Post
2560 2721 2788 2779 Alleluia
2815 2736 3120 2794 cantatum,
3156 2746 3264 2801 quo
3299 2734 3457 2805 signo
3508 2752 3605 2791 vo-

2020 2808 2290 2863 cabantur
2317 2810 2385 2865 ad
2411 2811 2697 2867 collectam
2725 2855 2740 2880 ,
2770 2815 2899 2871 nulli
2928 2820 3168 2875 residere
3199 2821 3406 2878 licitum
3434 2835 3553 2880 erat
3584 2868 3602 2892 ,

2019 2898 2116 2953 sed
2164 2900 2338 2970 prima
2379 2901 2465 2956 vel
2503 2902 2647 2958 inter
2697 2906 2903 2973 primas
2948 2910 3172 2966 veniens
3209 2922 3435 2971 caeteras
3475 2932 3607 2986 ope-

2020 2986 2282 3054 riebatur,
2317 2990 2523 3061 pudore
2551 3000 2608 3046 et
2636 2995 2883 3064 exemplo
2907 2997 2976 3052 ad
3010 2997 3252 3065 laborem
3284 3017 3377 3057 eas
3405 3019 3604 3074 provo-

2020 3094 2171 3145 cans,
2196 3097 2304 3137 non
2336 3090 2563 3138 terrore.
2592 3083 2766 3151 Mane,
2796 3087 2930 3142 hora
2958 3091 3117 3145 tertia
3142 3131 3157 3155 ,
3188 3102 3341 3149 sexta
3363 3136 3379 3161 ,
3410 3112 3553 3152 nona
3584 3141 3600 3163 ,

336 3174 653 3246 designatur
676 3189 775 3246 per
801 3155 1005 3232 statum
1054 3179 1250 3235 noctis.
1309 3155 1407 3236 list
1454 3183 1692 3239 varietas
1714 3200 1819 3238 una
1849 3155 1917 3241 de
1944 3155 1989 3218 Ο
2020 3183 2244 3239 vespere
2271 3210 2287 3236 ν
2320 3172 2494 3226 [locus
2520 3174 2700 3229 medio
2729 3190 2828 3244 P0P
2868 3178 3115 3234 ordinem
3150 3182 3465 3251 Psalterium
3508 3203 3599 3241 ca-

335 3281 497 3323 versu
523 3307 538 3335 ,
575 3268 667 3339 qui
716 3269 777 3323 ﬁt
819 3269 990 3327 altero
1019 3272 1210 3328 ordine
1237 3274 1291 3328 in
1325 3273 1416 3329 illo
1446 3273 1621 3331 oﬁicio
1648 3290 1810 3348 quam
1860 3279 1914 3334 in

335 3360 549 3416 caeteris
590 3359 800 3416 olﬁciis.
846 3362 904 3417 In
956 3365 1170 3420 caeteris
1210 3363 1403 3421 olliciis
1456 3375 1578 3437 post
1627 3368 1914 3427 lectionem

337 3452 586 3522 sequitur
603 3466 816 3517 versus,
845 3452 899 3508 in
933 3452 1040 3508 isto
1069 3456 1346 3523 praecedit.
1388 3456 1592 3513 Versus
1617 3474 1780 3515 causa
1806 3470 1912 3528 est,

335 3550 400 3597 ut
426 3542 678 3598 ostendat
699 3550 867 3599 totam
896 3543 1256 3613 intentionem
1286 3560 1449 3615 quam
1482 3548 1621 3620 gerit
1642 3550 1839 3606 chorus
1857 3551 1913 3606 in

337 3635 515 3691 nﬁicio
545 3652 665 3692 suo.
701 3637 888 3709 igitur,
933 3638 1061 3708 quia
1114 3638 1238 3695 ﬁnis
1285 3640 1526 3695 continet
1564 3640 1803 3697 futurum
1836 3642 1915 3698 ei-

338 3726 561 3793 fcctnm,
587 3726 704 3782 sive
730 3728 784 3781 in
811 3727 954 3782 malo
979 3741 1073 3783 seu
1106 3728 1159 3782 in
1182 3728 1343 3795 bono,
1383 3730 1578 3785 merito
1610 3740 1731 3800 post
1767 3746 1915 3787 mm-

334 3816 539 3886 pletum
575 3816 807 3872 ollicium
848 3825 973 3872 ante
1015 3817 1303 3886 specialem
1359 3820 1664 3874 orationem
1719 3835 1912 3877 versus

335 3905 555 3976 ponitur
585 3925 599 3959 :
626 3914 681 3960 at
713 3908 764 3961 in
793 3908 898 3963 isto
919 3906 1094 3963 oliicio
1114 3910 1370 3978 quoniam
1391 3911 1609 3965 sedetur
1634 3912 1702 3967 ad
1722 3911 1913 3970 lectio-

336 4011 461 4051 nem
490 4004 613 4065 post
639 3996 897 4065 psalmos,
934 4000 1192 4067 praecedit
1214 4013 1406 4056 versus
1436 4001 1742 4058 lectionem.
1769 4003 1910 4061 Nulli

335 4087 558 4141 dubium
577 4088 704 4157 quin
726 4086 905 4157 aliqua
925 4089 1078 4157 quies
1097 4088 1168 4143 sit
1191 4087 1349 4145 fessis
1365 4090 1559 4158 sessio,
1575 4100 1630 4146 et
1645 4095 1796 4162 quasi
1814 4096 1912 4150 ali-

258 4166 273 4169 ’
334 4192 439 4247 qua
455 4167 809 4247 praesumptio
828 4178 894 4233 de
912 4177 1044 4234 otio.
1061 4178 1140 4233 Ac
1164 4180 1284 4235 ideo
1308 4181 1432 4250 quia
1455 4181 1596 4237 Deus
1619 4198 1724 4238 non
1755 4200 1907 4254 sper-

332 4268 415 4322 nit
450 4283 643 4339 preces
675 4267 1015 4335 atilictorum,
1040 4271 1390 4326 constitutum
1414 4282 1499 4327 est
1536 4280 1595 4327 ut
1622 4273 1764 4329 illico
1787 4282 1912 4344 post

332 4358 676 4415 alllictionem
704 4376 990 4432 corporum
1035 4370 1296 4431 sequatur
1336 4365 1508 4418 oratio
1530 4380 1738 4420 versus.
1768 4365 1909 4421 Con-

324 4445 560 4518 jungunt
608 4464 709 4504 nos
742 4464 935 4504 novem
978 4448 1239 4505 lectiones
1266 4454 1664 4509 conversationi
1712 4470 1906 4511 novem

328 4540 581 4595 ordinum
607 4540 941 4611 angelorum.
971 4540 1314 4614 Conjungunt
1337 4558 1437 4599 nos
1466 4560 1658 4600 novem
1681 4562 1901 4616 respon-

328 4630 458 4683 sorii
496 4631 704 4699 gaudiis
727 4630 1039 4686 eorumdem
1067 4647 1259 4686 novem
1288 4635 1538 4688 ordinum
1559 4637 1895 4706 angelorum.

327 4719 396 4773 Et
422 4722 676 4788 quoniam
702 4722 966 4776 orandum
990 4730 1075 4777 est
1103 4732 1392 4794 antequam
1431 4725 1497 4779 ad
1552 4727 1765 4780 illorum
1809 4743 1898 4782 so-

328 4810 578 4863 cietatem
610 4812 1023 4879 perveniamus,
1057 4813 1365 4868 celebratur
1405 4829 1593 4870 versus
1635 4816 1900 4872 orationis

328 4899 627 4953 communis
660 4901 811 4955 chori
849 4910 974 4955 ante
1014 4902 1321 4957 lectionem.
1367 4903 1581 4959 Primus
1604 4919 1795 4961 versus
1821 4908 1900 4961 di-

328 4992 401 5046 cit
426 5031 441 5056 ,
490 4989 693 5043 Memor
716 4991 796 5061 [ui
825 5003 975 5045 nocte
1001 4996 1227 5049 nominis
1275 4997 1376 5059 tui,
1426 5005 1480 5049 et
1519 5007 1710 5053 cmtcra
1746 5018 1757 5053 :
1787 5000 1900 5068 ipsa

326 5081 492 5136 verba
539 5082 833 5136 ostendunt
865 5098 965 5136 cur
1012 5086 1352 5139 surreximus
1395 5086 1461 5139 de
1502 5096 1644 5141 statu
1694 5098 1900 5144 nostro.

328 5170 610 5226 Secundus
632 5185 848 5235 versus,
879 5169 1058 5225 Media
1080 5185 1229 5228 nocte
1256 5175 1551 5245 surgebam.
1581 5177 1688 5233 iste
1715 5188 1900 5233 osten-

326 5260 425 5325 dit,
458 5274 564 5329 qua
593 5274 691 5315 ora
730 5260 907 5315 noctis
938 5269 1188 5330 oporteat
1225 5277 1477 5332 surgere;
1517 5267 1611 5322 sed
1643 5269 1901 5336 quoniam

328 5353 658 5423 negligentes
685 5367 875 5407 sumus
898 5352 966 5407 de
1001 5359 1246 5424 tempore
1274 5370 1381 5425 quo
1412 5357 1551 5413 soliti
1590 5369 1746 5414 erant
1775 5378 1897 5415 sur-

328 5457 454 5513 gere
487 5453 672 5514 patres
699 5444 898 5511 nostri,
926 5458 1033 5499 non
1065 5444 1325 5501 audemus
1354 5449 1593 5515 mentiri,
1628 5461 1901 5506 mutamus

329 5551 545 5592 versum
577 5539 763 5606 istum,
803 5547 860 5594 et
902 5538 1133 5594 dicimus
1162 5537 1413 5593 alterum.
1449 5538 1711 5605 Quoniam
1738 5549 1794 5594 tu
1831 5541 1899 5594 il-

327 5623 554 5679 luminas
578 5627 844 5683 lueernam
871 5645 1059 5683 meam.
1079 5626 1296 5684 Tertius
1323 5644 1510 5684 versus
1535 5629 1667 5685 dicit
1694 5648 1706 5683 :
1737 5630 1901 5685 Era!-

326 5720 472 5777 tare,
522 5712 760 5770 Domine.
819 5716 926 5771 iste
991 5725 1175 5786 aperte
1235 5715 1442 5772 Novum
1494 5718 1899 5775 Testamentum

2017 3258 2239 3314 nebant.
2296 3259 2430 3333 item
2472 3259 2712 3330 ejusdem
2759 3266 2827 3321 ad
2863 3267 3264 3325 Demetriadem
3288 3272 3594 3343 virginem:

2014 3349 2169 3407 Nunc
2206 3358 2415 3408 tantum
2458 3356 2526 3410 ad
2557 3356 2819 3427 virginem
2843 3357 3062 3430 loquar,
3096 3361 3151 3415 id
3196 3374 3278 3417 est
3310 3405 3324 3428 ,
3378 3379 3487 3420 non
3532 3381 3595 3421 ea

2014 3459 2135 3515 quae
2158 3452 2313 3501 extra
2357 3454 2432 3513 te,
2476 3448 2573 3504 sed
2599 3448 2653 3502 in
2692 3456 2743 3503 te
2773 3459 2938 3516 sunt,
2976 3460 3184 3507 tantum
3221 3454 3590 3511 considerans.

2012 3534 2221 3592 Praeter
2246 3537 2580 3608 psalmorum
2620 3548 2675 3594 et
2712 3542 2977 3598 orationis
3006 3545 3253 3600 ordinem
3277 3588 3292 3611 ,
3323 3548 3470 3617 quod
3500 3549 3592 3603 tibi

2014 3626 2148 3681 hora
2175 3628 2355 3694 tertia,
2385 3639 2556 3695 sexta,
2577 3647 2739 3699 nona,
2758 3635 2825 3689 ad
2851 3648 3157 3705 vesperum,
3189 3638 3367 3694 noctis
3393 3640 3587 3704 medio,

2013 3725 2069 3771 et
2098 3732 2261 3774 mane
2286 3734 2500 3789 semper
2531 3729 2615 3777 est
2659 3724 3039 3790 exercendum,
3081 3733 3262 3782 statue
3289 3737 3422 3798 quot
3448 3730 3591 3784 horis

2014 3821 2258 3867 sanctam
2313 3812 2649 3883 Scripturam
2681 3817 2925 3872 ediscere
2955 3818 3177 3885 debeas,
3223 3830 3429 3890 quanto
3458 3830 3590 3876 tem-

2012 3919 2143 3974 pore
2173 3906 2351 3976 legere
2379 3947 2394 3972 ,
2420 3922 2529 3961 non
2559 3908 2627 3963 ad
2652 3907 2892 3964 laborem
2917 3949 2931 3975 ,
2964 3910 3060 3964 sed
3086 3910 3156 3965 ad
3176 3911 3589 3968 delectationem

2012 4003 2068 4049 et
2093 3996 2505 4073 instructionem
2528 3997 2739 4052 animaz.
2765 3998 3008 4068 Cumque
3030 4000 3147 4057 haec
3168 3999 3374 4057 ﬁnieris
3397 4004 3587 4073 spatia,

2014 4095 2070 4141 et
2090 4070 2408 4157 frequenter
2434 4096 2487 4144 te
2514 4075 2582 4145 ad
2612 4088 2821 4160 ﬁgenda
2850 4106 3021 4161 genua
3058 4090 3365 4148 sollicitudo
3399 4070 3586 4148 a—nimm

2013 4180 2293 4235 suseitarit
2319 4221 2332 4246 ,
2385 4180 2582 4236 habeto
2618 4180 2795 4235 lanam
2826 4197 3044 4253 semper
3082 4184 3137 4237 in
3172 4184 3425 4240 manibus
3452 4227 3466 4251 ,
3505 4185 3584 4241 vel

2013 4271 2258 4325 staminis
2282 4271 2475 4341 pollice
2505 4271 2591 4324 ﬁla
2616 4271 2867 4327 deducito
2888 4313 2902 4336 ,
2933 4272 3019 4326 vel
3046 4274 3113 4329 ad
3142 4276 3442 4344 torquenda
3465 4277 3587 4331 sub-

2014 4360 2248 4428 tegmina
2280 4360 2334 4413 in
2364 4359 2585 4414 alveolis
2612 4359 2731 4415 fusa
2757 4370 3063 4429 vertantur,
3092 4363 3433 4435 aliarumque
3464 4375 3580 4420 net:

2013 4456 2108 4504 aut
2130 4451 2184 4503 in
2212 4450 2425 4521 globum
2453 4451 2643 4520 collige
2663 4493 2677 4518 ,
2704 4459 2797 4505 aut
2816 4453 3075 4507 textenda
3109 4469 3394 4525 compone,
3424 4465 3479 4509 et
3500 4468 3585 4509 re-

2009 4540 2174 4610 liqua.
2220 4539 2287 4593 Et
2323 4540 2520 4595 iterum
2546 4542 2785 4610 ejusdem
2823 4544 2891 4600 ad
2932 4544 3097 4599 aliam
3140 4545 3208 4600 de
3247 4545 3584 4602 institutione

2009 4629 2151 4683 ﬁliai.
2198 4627 2553 4697 Prmponatur
2589 4631 2639 4684 ei
2666 4632 2847 4700 proba:
2882 4631 3028 4695 ﬁdei,
3083 4648 3295 4687 morum
3328 4650 3394 4689 ac
3433 4635 3584 4704 pudi-

2008 4717 2151 4772 citiae
2180 4717 2335 4788 virgo
2364 4727 2619 4773 veterana
2642 4761 2657 4785 ,
2691 4721 2983 4789 quasillum
3014 4721 3204 4777 doceat
3232 4731 3288 4777 et
3310 4732 3582 4779 assuescat

2007 4809 2255 4879 exemplo
2281 4809 2348 4863 ad
2377 4811 2653 4866 orationes
2674 4821 2736 4865 et
2763 4812 3001 4882 psalmos
3027 4822 3187 4867 nocte
3212 4828 3540 4885 consurgere
3563 4855 3577 4877 ,

2007 4916 2167 4955 inane
2193 4902 2424 4971 hymnos
2450 4917 2668 4967 canere,
2703 4903 2882 4966 tertia,
2914 4913 3087 4967 sexta,
3118 4917 3260 4957 nona
3283 4903 3420 4957 hora
3442 4913 3579 4958 stare

2007 4992 2060 5044 in
2085 4991 2202 5045 acie
2222 4992 2375 5060 quasi
2399 4992 2734 5047 bellatricem
2760 4990 2980 5055 Christi,
2998 5006 3337 5063 accensaque
3363 4996 3572 5050 lucerna

2006 5084 2233 5140 reddere
2259 5081 2584 5137 sacriﬁcium
2610 5082 2996 5149 vespertinum.
3026 5079 3118 5136 Sic
3142 5081 3261 5136 dies
3292 5090 3533 5137 transeat
3556 5122 3568 5145 .

2005 5176 2084 5230 sic
2130 5189 2237 5229 nox
2276 5176 2513 5229 inveniat
2557 5175 2922 5241 laborantem,
2948 5175 3125 5229 oratio
3145 5173 3397 5240 lectioni,
3423 5174 3573 5229 lectio

2006 5268 2257 5322 succedat
2284 5266 2537 5320 orationi.
2591 5262 2870 5319 Suliiciant
2913 5263 3073 5319 nobis
3097 5264 3213 5319 htec
3235 5263 3482 5334 exempla
3511 5262 3573 5315 ad

2005 5359 2485 5413 demonstrandum
2518 5372 2622 5427 qua
2664 5357 2797 5411 hora
2828 5356 3155 5426 surgendum
3183 5360 3255 5410 sit
3282 5356 3337 5410 in
3362 5363 3567 5410 noetrr-

2004 5450 2113 5504 nali
2156 5448 2369 5513 cilicio;
2401 5457 2455 5503 et
2488 5448 2579 5503 hic
2602 5447 2843 5502 habeant
2883 5447 3046 5501 ﬁnem
3072 5450 3193 5501 tres
3211 5446 3473 5501 statim
3497 5444 3569 5496 \i-

2004 5540 2272 5612 giliarum,
2303 5555 2423 5609 qua:
2442 5553 2543 5608 per
2564 5548 2749 5593 ternas
2773 5538 2937 5593 horas
2957 5536 3142 5592 ﬁvi‘ste
3158 5536 3414 5592 exercitate
3433 5543 3564 5593 sint.

2005 5639 2059 5686 et
2090 5631 2143 5685 in
2176 5638 2375 5699 quarta
2403 5629 2615 5684 oriente
2633 5627 2748 5697 jam
2775 5625 3063 5692 Lucifero,
3108 5626 3355 5681 excussis
3399 5635 3565 5694 torpo—

2006 5721 2154 5777 ribus
2206 5720 2345 5775 taedii
2383 5719 2593 5785 nostri,
2639 5718 2816 5775 sobrie
2867 5724 2921 5773 ct
2946 5724 3168 5773 strenue
3200 5716 3565 5787 pmtoletnnr
