3938 6178
289 313 431 371 Πὲῖἓ

1039 310 1129 366 DE
1165 305 1717 367 ECCLESIASTICIS
1754 306 2042 365 OFFlCllS
2079 308 2265 365 LIBRI
2301 308 2393 365 IV.
2432 340 2499 349 —
2538 307 2666 365 LIB.
2708 307 2777 364 IV

3422 317 3561 372 “90

283 430 584 485 adventum
613 420 830 479 Domini
866 422 1038 481 nostri
1066 419 1197 477 Iesu
1221 420 1446 487 Christi,
1464 420 1556 489 qui
1575 400 1673 474 Sua
1692 434 1873 474 resur—
1901 427 1952 486 Α
1976 424 2150 477 minus
2175 422 2425 493 regnavit,
2448 422 2686 476 decorem
2714 420 2907 487 induit,
2941 421 3116 477 induit
3160 423 3419 482 Dominus
3460 431 3572 498 for.

292 518 537 574 rectione
568 530 670 570 nos
719 512 1015 567 laetiﬁcavit
1041 554 1057 578 ,
1110 520 1167 567 et
1210 510 1525 567 informavit
1582 508 1651 564 ad
1697 525 1881 566 resur-

293 606 589 662 rectionem
624 611 866 658 nostram
891 644 906 669 ,
963 611 1127 675 quam
1175 602 1622 658 desideraverunt
1651 609 1838 672 patres
1861 642 1877 669 ,

293 700 390 753 sed
419 696 475 750 in
503 695 660 751 nobis
686 693 909 764 impleta
939 702 1042 760 est,
1093 693 1151 748 in
1195 708 1333 763 quos
1371 694 1509 749 ﬁnes
1563 693 1881 751 saeculorum

294 788 650 841 devenerunt.
687 782 833 850 Quos
860 782 996 838 ﬁnes
1040 781 1330 838 recolimus
1358 781 1414 837 in
1456 781 1766 837 matutinali
1803 781 1885 837 of-

298 877 423 934 ﬁcio
453 888 625 946 usque
658 874 728 929 ad
763 875 1223 930 resurrectionem
1251 889 1563 946 corporum.

927 967 1157 1023 CAPUT
1197 967 1265 1022 X.

774 1057 852 1113 De
889 1058 1190 1113 matutinali
1220 1059 1406 1130 ofﬁcio.

368 1147 685 1205 Matutinale
712 1147 948 1203 cilicium
974 1155 1187 1219 tempus
1215 1148 1351 1203 Novi
1377 1147 1709 1204 Testamenti
1741 1163 1887 1203 meno

292 1240 700 1298 tibusenostris
749 1239 1000 1304 intimat,
1049 1241 1153 1295 hoc
1199 1249 1284 1295 est
1339 1240 1407 1294 ab
1441 1240 1597 1296 initio
1631 1240 1888 1311 baptismi

294 1345 474 1402 usque
531 1329 599 1384 ad
637 1326 849 1399 plenam
895 1329 1393 1383 remunerationem
1434 1343 1597 1399 quam
1639 1329 1890 1399 promisit

300 1421 445 1476 Deus
472 1434 594 1475 cum
619 1416 972 1490 jurejurando
996 1416 1229 1473 Abrahae
1278 1427 1333 1473 et
1357 1417 1484 1475 ﬁliis
1508 1416 1624 1474 suis
1650 1419 1707 1474 in
1732 1428 1891 1475 teter-

300 1527 453 1567 num.
480 1509 561 1564 Eo
581 1507 728 1562 enim
750 1515 1015 1576 tempore,
1046 1507 1102 1560 id
1133 1513 1218 1561 est
1247 1507 1553 1562 matutinali
1575 1547 1592 1572 ,
1631 1507 1891 1577 baptizati

278 1584 433 1660 sunt
477 1598 770 1655 ﬁlii-Israel
798 1599 852 1653 in
879 1598 1015 1652 mari
1066 1598 1273 1664 Rubro,
1309 1606 1371 1653 ut
1413 1598 1632 1654 Exodus
1660 1608 1887 1654 narrat:

302 1692 534 1747 Factum
572 1699 671 1756 est,
720 1688 977 1758 inquiens
998 1729 1012 1752 ,
1047 1689 1103 1742 in
1152 1687 1328 1759 vigilia
1365 1689 1660 1754 matutina,
1695 1696 1746 1744 et
1774 1704 1892 1744 ecce

1980 512 2257 568 titudinem
2282 522 2331 566 et
2356 513 2634 567 ortecinxit
2673 528 2745 566 se.
2783 511 2891 566 Iste
2933 521 3248 584 regnantem
3285 514 3565 575 Christum

1980 610 2282 668 monstrat;
2327 609 2383 655 at
2412 601 2699 669 secundus,
2738 601 3155 659 aediﬁcationem
3199 608 3572 666 membrorum

1982 709 2202 749 suorum
2223 734 2238 757 ,
2292 693 2479 749 dicens
2508 710 2523 749 :
2554 692 2764 747 Etenim
2793 694 3022 762 ﬁrmavit
3057 695 3233 749 orbem
3271 705 3448 766 terrm,
3484 700 3578 771 qui

1983 801 2088 840 non
2113 785 2535 840 commovebitur.
2564 785 2705 852 Quid
2728 786 2830 841 iste
2849 787 3091 855 psalmus
3118 788 3172 842 in
3194 804 3252 844 se
3274 793 3574 859 contineat,

1984 874 2316 930 addiscimus
2368 875 2551 930 verbis
2602 877 2777 930 sancti
2821 876 3109 948 Augustini
3142 880 3198 934 in
3225 882 3578 950 expositione

1985 964 2126 1019 tituli
2156 965 2345 1035 ipsius.
2373 965 2452 1021 Ita
2478 968 2621 1021 enim
2653 966 2773 1022 inﬁt
2813 985 2826 1020 :
2859 968 2919 1023 In
2950 970 3108 1026 titulo
3145 973 3290 1027 enim
3317 982 3572 1044 tanquam

1985 1054 2339 1109 admonemur
2364 1055 2419 1109 in
2448 1055 2632 1110 limine
2679 1057 2808 1126 quid
2860 1058 3005 1114 intus
3031 1076 3359 1130 qumramus.
3384 1063 3578 1121 Inscri-

1985 1151 2112 1214 ptus
2135 1158 2267 1214 ergo
2295 1151 2381 1198 est
2407 1143 2482 1198 ita
2514 1162 2525 1197 ε
2560 1143 2704 1199 Laus
2731 1148 2924 1200 cantici
2943 1148 3042 1217 ipsi
3067 1149 3241 1204 David
3269 1152 3324 1205 in
3348 1153 3433 1207 die
3456 1164 3578 1208 ante

1987 1235 2288 1300 sabbatum,
2314 1234 2526 1306 quando
2553 1235 2777 1305 fundata
2804 1246 2877 1291 est
2914 1247 3075 1293 terra.
3106 1238 3174 1294 Et
3202 1250 3326 1310 post
3350 1243 3527 1314 aliqua
3561 1261 3576 1298 :

1987 1322 2126 1380 Cum
2146 1340 2336 1381 omnes
2360 1326 2453 1396 qui
2485 1326 2715 1382 credunt
2755 1342 2855 1396 per
2881 1328 3192 1384 universam
3224 1341 3451 1397 terram,
3479 1336 3582 1389 im-

1989 1414 2218 1470 mobiles
2267 1423 2393 1471 sunt
2442 1417 2497 1470 in
2536 1414 2658 1480 ﬁde,
2704 1414 2930 1471 fundata
2973 1427 3059 1472 est
3106 1426 3299 1475 terra:
3340 1431 3469 1478 tunc
3521 1424 3585 1478 ﬁt

1989 1508 2153 1563 homo
2188 1508 2256 1564 ad
2283 1507 2577 1578 imaginem
2613 1507 2731 1574 Dei,
2759 1507 2903 1577 quod
2955 1508 3229 1580 signiﬁcat
3258 1520 3441 1567 sextus
3494 1513 3584 1569 ille

1992 1601 2108 1657 dies
2152 1600 2219 1657 de
2269 1600 2488 1657 Genesi.
2536 1599 2642 1655 Sed
2677 1601 2950 1670 quomodo
3002 1602 3154 1658 illum
3215 1603 3346 1661 fecit
3395 1606 3586 1662 Deus?

1993 1694 2274 1763 Quomodo
2318 1694 2538 1749 fundata
2572 1701 2658 1748 est
2682 1693 2873 1747 terra?
2903 1691 3153 1749 Christus
3198 1698 3347 1751 venit
3375 1707 3434 1752 ut
3465 1697 3587 1752 fun-

299 1781 586 1855 respiciens
631 1781 894 1836 Dominus
945 1797 1101 1851 super
1137 1789 1316 1835 castra
1366 1781 1742 1852 Egyptiorum
1796 1798 1892 1853 per
1917 1774 1964 1834 Β
1993 1786 2148 1841 daret
2176 1794 2394 1840 terram.
2425 1783 2853 1839 Fundamentum
2892 1785 3031 1839 enim
3068 1784 3218 1839 aliud
3242 1804 3392 1842 nemo
3417 1799 3583 1858 potest

301 1873 605 1929 columnam
655 1872 795 1943 ignis
844 1880 895 1926 et
942 1870 1132 1937 nubis,
1178 1878 1226 1926 et
1276 1870 1542 1940 interfecit
1599 1873 1890 1926 exercitum

301 1981 507 2029 eorum,
530 1975 580 2018 et
606 1962 856 2018 subvertit
891 1972 1034 2017 rotas
1069 1978 1345 2028 curruum,
1366 1969 1421 2019 et
1448 1962 1680 2033 reliqua.
1710 1961 1894 2029 Quan-

305 2054 489 2111 doisti
515 2061 642 2109 sunt
670 2052 972 2119 interfecti,
991 2060 1120 2109 tunc
1146 2053 1405 2123 baptizati
1429 2062 1558 2108 sunt
1584 2053 1680 2109 ﬁlii
1701 2053 1891 2110 Israel.

302 2144 436 2212 Quae
483 2144 556 2199 sit
598 2142 785 2214 vigilia
827 2143 1115 2209 matutina,
1156 2142 1302 2198 Beda
1341 2144 1397 2197 in
1441 2151 1677 2199 tractatu
1732 2157 1897 2214 super

305 2237 547 2293 Marcum
583 2242 856 2292 monstrat
885 2276 901 2303 ,
958 2235 1050 2291 ubi
1094 2235 1334 2306 disputat
1379 2232 1675 2307 de'quarta
1708 2236 1895 2307 vigilia

306 2328 487 2385 noctis
516 2345 529 2382 :
556 2325 629 2382 Et
658 2327 800 2381 circa
833 2366 849 2392 ,
902 2326 1111 2395 inquit,
1152 2325 1387 2396 vigiliam
1432 2334 1678 2396 quartam
1727 2327 1895 2383 noctis

306 2422 443 2476 venit
477 2420 547 2475 ad
575 2435 666 2474 eos
692 2417 969 2473 ambulans
995 2435 1152 2490 super
1176 2435 1342 2474 mare.
1373 2417 1651 2474 Stationes
1672 2427 1731 2473 et
1759 2419 1897 2489 vigi-

304 2518 392 2574 lia:
437 2516 702 2572 militares
754 2514 811 2569 in
853 2522 1008 2570 terna
1049 2514 1307 2568 horarum
1336 2514 1513 2583 spatia
1559 2512 1893 2568 dividuntur.

305 2608 534 2677 Quando
560 2621 691 2679 ergo
718 2606 869 2672 dicit,
898 2614 1091 2676 quarta
1120 2604 1305 2675 vigilia
1348 2605 1527 2659 noctis
1569 2603 1784 2659 venisse
1827 2604 1897 2659 ad

306 2714 404 2755 eos
455 2697 740 2754 Dominum
769 2737 784 2763 ,
824 2697 1062 2752 ostendit
1089 2703 1203 2751 tota
1232 2704 1393 2752 nocte
1419 2696 1756 2766 periclitatos
1777 2734 1793 2761 ,
1840 2702 1897 2750 et

307 2797 555 2845 extremo
598 2788 775 2844 noctis
815 2796 1057 2858 tempore
1105 2788 1186 2843 eis
1212 2786 1473 2842 auxilium
1497 2787 1800 2859 praebitum.
1830 2786 1898 2841 Et

306 2881 467 2951 paulo
509 2888 633 2953 post
662 2896 676 2934 :
707 2880 842 2936 Cum
874 2895 1002 2937 vero
1033 2887 1273 2936 mentem
1314 2880 1569 2951 quismisi
1604 2878 1785 2949 justus
1827 2879 1896 2934 ad

307 2972 529 3044 superni
570 2973 754 3029 lumen
802 2972 1045 3043 praesidii
1100 2981 1157 3026 et
1188 2980 1463 3043 perpetua:
1501 2971 1640 3026 dona
1670 2971 1899 3025 retribu-

308 3062 475 3117 tionis
517 3050 798 3128 erexerit,
846 3061 1001 3132 quasi
1044 3061 1187 3116 inter
1220 3060 1397 3115 noctis
1425 3061 1648 3115 umbras
1676 3066 1897 3130 repente

1992 1893 2185 1947 ponere
2207 1885 2399 1948 praeter
2419 1876 2475 1929 id
2496 1875 2636 1945 quod
2671 1874 2898 1946 positum
2935 1884 3048 1942 est,
3075 1877 3215 1946 quod
3243 1887 3319 1931 est
3346 1875 3586 1933 Christus
3680 1924 3695 1929 -

1993 1966 2148 2022 Jesus
2177 1968 2237 2038 1-.
2266 1966 2444 2038 Super
2472 1968 2576 2022 hoc
2605 1964 3020 2021 fundamentum
3060 1967 3358 2037 apostolica
3398 1968 3585 2025 Eccle-

1995 2058 2074 2113 sia
2104 2058 2281 2130 primo
2316 2055 2539 2111 fundata
2568 2064 2671 2113 est.
2702 2055 2824 2127 Ipsa
2853 2057 3003 2112 venit
3028 2059 3097 2112 ad
3137 2066 3363 2114 caeteras
3405 2060 3583 2115 natitr

1993 2164 2112 2216 nes,
2145 2148 2473 2203 annuntians
2508 2148 2590 2202 eis
2616 2146 2819 2203 Christi
2849 2147 3160 2213 adventum,
3185 2158 3241 2203 et
3267 2150 3587 2220 praecipiens

1994 2246 2057 2295 ut
2093 2239 2143 2295 ei
2180 2238 2479 2309 jubilarent
2507 2245 2563 2292 et
2598 2238 2890 2293 servirent.
2920 2236 3076 2294 Unde
3126 2238 3269 2294 idem
3298 2240 3389 2309 qui
3420 2255 3583 2310 supra

1996 2330 2129 2385 dicit
2162 2330 2217 2384 in
2258 2337 2493 2385 tractatu
2535 2328 2729 2399 psalmi
2774 2327 3112 2398 nonagesimi
3139 2331 3266 2385 noni
3302 2348 3315 2383 :
3349 2328 3587 2388 Jubilate

1995 2436 2125 2492 ergo
2169 2419 2399 2476 Domino
2436 2421 2691 2476 universa
2723 2428 2889 2475 terra.
2921 2419 3178 2490 Nunquid
3207 2421 3369 2477 modo
3397 2438 3584 2479 vocem

1995 2524 2174 2566 meam
2203 2511 2354 2566 audit
2379 2511 2631 2565 universa
2680 2509 2870 2592 terra?
2918 2508 2985 2563 Et
3016 2518 3198 2564 tamen
3225 2510 3369 2565 hanc
3396 2526 3587 2567 vocem

1996 2601 2204 2656 audivit
2226 2602 2481 2657 universa
2512 2610 2657 2657 terra
2681 2620 2694 2655 :
2717 2600 2837 2656 1am
2863 2601 3062 2669 jubilat
3083 2604 3312 2661 Domino
3331 2607 3585 2663 universa

1996 2699 2168 2757 terra,
2187 2699 2243 2746 et
2270 2692 2414 2762 quod
2441 2692 2619 2748 adhuc
2643 2707 2752 2746 non
2777 2690 2975 2760 jubilat
3000 2733 3016 2758 ,
3040 2691 3316 2761 jubilabit.
3347 2695 3590 2752 Praeten-

1998 2783 2133 2839 dens
2175 2784 2319 2839 enim
2354 2784 2663 2839 benedictio
2695 2785 2989 2855 incipiente
3018 2784 3260 2841 Ecclesia
3288 2789 3357 2843 ab
3387 2788 3585 2856 Hieru-

1998 2873 2166 2928 salem
2197 2889 2296 2945 per
2322 2888 2511 2929 omnes
2544 2882 2739 2946 gentes
2763 2916 2777 2938 ,
2830 2884 2886 2930 et
2922 2875 3149 2945 reliqua.
3181 2876 3259 2931 Ex
3297 2878 3383 2933 his
3406 2880 3589 2934 verbis

1998 2972 2241 3019 nostram
2296 2964 2645 3020 vocationem
2696 2964 2962 3020 sentimus
3014 2965 3070 3019 in
3116 2967 3354 3021 secundo
3378 2968 3591 3037 psalmo

1998 3070 2095 3125 per
2109 3055 2551 3126 praedicationem
2566 3054 2938 3125 apostolorum
2956 3071 2971 3120 ;
2995 3070 3060 3110 ac
3081 3053 3137 3109 in
3168 3056 3329 3111 tertio
3347 3065 3591 3113 nostram

306 3160 559 3209 exortum
595 3152 833 3208 Luciferi
864 3130 1175 3221 ~conspicit,
1223 3152 1367 3221 quod
1407 3152 1551 3207 diem
1588 3153 1895 3222 proximum
1924 3130 1968 3193 C
1998 3145 2431 3201 benevolentiam
2479 3145 2761 3203 offerimus
2787 3145 3157 3214 apostolorum
3182 3147 3453 3205 vocationi
3481 3190 3496 3215 ,
3537 3162 3595 3205 et

308 3243 543 3298 nuntiat.
583 3242 804 3299 Lucifer
837 3255 1073 3311 namque
1122 3242 1543 3311 cumplurimum
1585 3254 1699 3297 tres
1737 3243 1900 3298 horas

308 3335 506 3401 noctis,
538 3335 594 3390 id
627 3343 733 3400 est,
759 3341 930 3389 totam
958 3333 1198 3404 vigiliam
1227 3331 1902 3398 matutinam,illuminare

305 3425 643 3496 perhibetur.
692 3424 994 3493 Aderitque
1034 3423 1296 3477 Dominus
1326 3422 1439 3491 qui,
1483 3422 1678 3491 sopitis
1724 3428 1901 3477 tenta-

309 3517 518 3573 tionum
564 3514 824 3586 periculis
850 3556 865 3581 ,
904 3515 1120 3584 plenam
1171 3513 1438 3569 libertatis
1486 3512 1739 3567 ﬁduciam
1790 3528 1903 3567 suae

306 3606 670 3678 protectionis
692 3606 969 3661 attribuat.
992 3604 1144 3672 Quod
1170 3613 1399 3674 tempus,
1428 3604 1484 3658 id
1508 3610 1593 3658 est
1618 3604 1899 3674 baptismi,

306 3698 715 3771 prreﬁguratum
738 3688 822 3754 est
843 3699 897 3753 in
923 3714 1050 3754 arca
1080 3697 1211 3761 Noe,
1256 3697 1314 3751 in
1348 3711 1453 3767 qua
1485 3697 1681 3765 pauci,
1712 3696 1766 3751 id
1796 3702 1898 3761 est,

307 3796 435 3845 octo
464 3788 659 3842 anima:
685 3786 847 3842 salvae
882 3786 1041 3842 factae
1068 3794 1215 3841 sunt.
1246 3785 1418 3841 Docet
1455 3785 1653 3841 Petrus
1691 3792 1904 3855 aposto-

310 3881 397 3935 lus
426 3881 530 3935 boc
566 3880 912 3949 prmcessisse
952 3880 1009 3933 in
1061 3877 1237 3934 forma
1292 3878 1463 3933 nostri
1511 3879 1855 3950 baptismatis
1884 3919 1899 3946 ,

311 3967 500 4023 dicens
534 3986 545 4021 :
598 3967 666 4022 In
717 3984 820 4038 qua
858 3969 1013 4037 pauci
1046 4008 1062 4033 ,
1110 3967 1165 4020 id
1204 3975 1279 4021 est
1306 4008 1320 4033 ,
1369 3976 1485 4022 octo
1515 3968 1707 4022 animm
1740 3967 1903 4021 salva:

308 4059 471 4130 factae
512 4070 632 4113 sunt
684 4075 777 4130 per
819 4076 1045 4130 aquam,
1095 4058 1235 4130 quod
1280 4068 1330 4113 et
1376 4076 1468 4113 nos
1526 4076 1664 4113 nunc
1714 4058 1902 4114 similis

310 4151 499 4223 forma:
522 4150 694 4206 salvos
726 4151 984 4222 baptisma
1007 4151 1157 4221 facit,
1189 4160 1243 4206 et
1273 4151 1480 4221 reliqua
1506 4152 1563 4220 ἢ.
1596 4150 1750 4207 Sicut
1773 4162 1901 4207 tunc

309 4247 436 4294 octo
460 4239 655 4295 animm
684 4239 904 4294 fuerunt
947 4240 1002 4294 in
1041 4256 1167 4295 arca
1192 4282 1207 4307 ,
1239 4243 1313 4295 ita
1340 4256 1629 4311 possumus
1655 4242 1900 4298 invenire

310 4336 435 4384 octo
480 4329 699 4384 ordines
724 4329 1019 4385 electorum
1061 4332 1162 4386 sub
1193 4340 1436 4401 tempore
1475 4333 1749 4403 baptismi.
1783 4333 1901 4387 Pri-

309 4432 434 4472 mus
460 4418 595 4472 ordo
619 4428 704 4473 est
723 4417 1013 4492 primitiva:
1039 4420 1295 4475 Ecclesiae
1329 4423 1599 4476 versantis
1624 4423 1677 4475 in
1701 4422 1898 4491 populo

311 4505 539 4561 Iudaico
564 4523 579 4573 ;
623 4507 914 4575 secundus,
944 4507 1185 4576 ejusdem
1212 4508 1500 4577 primitivre
1528 4510 1787 4564 Ecclesiae
1815 4510 1897 4563 in-

311 4596 509 4652 trantis
559 4596 628 4651 ad
668 4605 887 4668 gentes;
950 4597 1173 4663 tertius,
1225 4599 1499 4653 credentis
1535 4599 1894 4668 gentilitatis;

308 4695 539 4757 quartus
560 4728 576 4754 ,
618 4689 989 4759 resipiscentis
1019 4689 1200 4759 populi
1225 4687 1467 4756 Iudaici;
1499 4692 1723 4759 quintus
1747 4733 1762 4758 ,
1806 4708 1899 4747 eo-

309 4793 434 4834 rum
482 4780 575 4849 qui
623 4778 790 4835 futuri
844 4781 946 4836 sub
996 4791 1242 4852 tempore
1271 4782 1593 4838 Antichristi
1628 4798 1642 4836 :
1677 4791 1897 4849 sextus,

311 4877 373 4923 et
426 4871 713 4939 septimus,
751 4879 806 4925 et
835 4883 1085 4938 octavus,
1114 4888 1327 4938 eorum,
1373 4873 1467 4945 qui
1515 4873 1901 4929 nniversaliter

311 4959 605 5029 colligendi
657 4970 784 5015 sunt
829 4978 894 5017 ex
937 4962 1085 5029 Asia,
1120 4971 1176 5018 et
1220 4946 1458 5035 Europa,
1486 4972 1542 5019 et
1586 4963 1790 5031 Africa,
1843 4972 1899 5021 et

312 5049 566 5104 fruentur
607 5050 798 5120 majori
833 5069 964 5123 pace
995 5071 1157 5124 quam
1202 5071 1348 5111 nunc
1376 5054 1591 5112 fruatur
1629 5056 1892 5113 Ecclesia.

313 5138 470 5195 Unde
498 5140 796 5211 Gregorius
826 5161 838 5196 ε
872 5143 1001 5211 Qum
1031 5161 1229 5216 sagena
1269 5147 1480 5202 scilicet
1521 5149 1900 5203 nniversaliter

313 5239 444 5284 tunc
470 5231 732 5300 repletur,
766 5248 892 5287 cum
917 5235 969 5288 in
999 5235 1105 5289 ﬁne
1128 5251 1225 5291 suo
1255 5236 1480 5291 humani
1509 5239 1725 5309 generis
1756 5253 1903 5293 sum-

312 5336 403 5375 ma
432 5323 796 5377 concluditur.
835 5323 1049 5381 Primus
1090 5326 1330 5395 psalmus
1375 5336 1644 5382 monstrat
1668 5328 1902 5398 primiti-

312 5425 439 5465 vam
486 5412 825 5479 Ecclesiam,
871 5430 990 5484 qua:
1046 5414 1339 5471 reformata
1398 5426 1454 5471 et
1504 5417 1770 5473 :ediﬁcata
1818 5427 1903 5474 est

314 5504 519 5558 Christi
568 5507 985 5575 pnedicatione,
1030 5523 1097 5563 eo
1132 5507 1247 5576 jam
1296 5518 1589 5579 regnante,
1620 5510 1763 5566 sicut
1790 5511 1903 5580 ipse

317 5596 473 5659 dicit,
492 5597 627 5652 Data
650 5609 725 5653 est
753 5600 879 5654 mihi
909 5599 1076 5655 omnis
1102 5609 1327 5671 potestas
1358 5602 1410 5654 in
1434 5601 1559 5655 caelo
1587 5612 1634 5655 et
1660 5604 1713 5657 in
1738 5613 1899 5658 terra.

320 5686 478 5751 Quod
527 5690 729 5757 primus
771 5701 824 5746 et
874 5693 1140 5747 secundus
1180 5708 1369 5750 versus
1424 5693 1761 5750 dilucidam:
1796 5694 1905 5750 Do-

2000 3236 2253 3301 dicimus,
2293 3235 2458 3302 Deus,
2494 3236 2638 3290 Deus
2687 3252 2833 3291 meus
2866 3275 2882 3301 ,
2931 3234 3001 3289 ad
3034 3244 3082 3289 te
3135 3236 3202 3291 de
3250 3236 3367 3292 luce
3406 3240 3591 3310 vigilo.

2002 3323 2177 3380 Sitivit
2202 3327 2258 3378 in
2290 3335 2339 3380 te
2369 3328 2548 3380 anima
2578 3342 2697 3380 mea
2720 3367 2735 3391 ,
2767 3342 2929 3397 quam
2953 3324 3317 3396 multipliciter
3348 3329 3442 3383 tibi
3467 3348 3595 3385 caro

1999 3429 2137 3466 mea.
2168 3411 2385 3467 Titulus
2422 3413 2616 3483 psalmi
2655 3421 2929 3469 monstrat
2956 3423 3283 3482 praesentem
3322 3417 3594 3486 psalmum

2000 3508 2279 3556 cantatum
2306 3517 2428 3558 esse
2454 3517 2521 3556 ex
2543 3516 2777 3571 persona
2801 3501 3139 3575 gentilitatis.
3168 3503 3405 3559 Titulum
3431 3506 3595 3563 habet

2002 3590 2118 3662 ipse
2141 3592 2405 3662 psalmus,
2431 3591 2610 3663 Ipsius
2634 3592 2806 3648 David
2839 3608 2958 3648 cum
2984 3604 3113 3648 esset
3145 3594 3201 3647 in
3226 3594 3431 3650 deserto
3460 3595 3595 3651 Idu-

2000 3698 2169 3736 πείθω.
2198 3682 2352 3749 Quod
2375 3682 2450 3736 ita
2478 3682 2618 3737 idem
2662 3682 2995 3753 Augustinus
3044 3684 3096 3737 in
3142 3691 3375 3739 tractatu
3398 3685 3593 3755 psalmi

1997 3771 2242 3843 ejusdem
2278 3792 2291 3827 :
2321 3772 2427 3828 Per
2457 3774 2705 3830 ldumtere
2734 3789 2932 3829 nomen
2986 3773 3308 3843 intelligitur
3333 3776 3591 3831 saeculum

2002 3865 2165 3919 istud.
2207 3864 2443 3921 ldumzea
2473 3867 2618 3921 enim
2664 3881 2798 3937 gens
2847 3874 2968 3921 erat
3009 3866 3255 3936 quredam
3291 3868 3593 3924 errantium

2003 3954 2304 4022 hominum,
2345 3954 2440 4011 ubi
2478 3955 2620 4011 idola
2652 3955 2989 4011 colebantur.

2072 4046 2215 4102 Area
2245 4048 2389 4102 enim
2413 4045 2546 4113 Noe,
2576 4063 2695 4117 qum
2720 4055 2843 4103 octo
2872 4048 3082 4103 animas
3120 4050 3435 4105 continebat
3460 4091 3474 4116 ,
3511 4051 3595 4107 bi-

2001 4148 2275 4194 camerata
2305 4149 2443 4194 erat.
2471 4139 2547 4195 De
2578 4155 2681 4208 qua
2708 4156 2767 4195 re
2795 4138 2988 4193 scribit
3015 4139 3158 4193 idem
3184 4142 3277 4209 qui
3307 4154 3494 4210 supra,
3536 4142 3589 4195 iu

2001 4228 2142 4284 libro
2169 4228 2357 4300 quinto
2388 4230 2598 4284 decimo
2622 4229 2686 4282 de
2715 4227 2944 4283 Civitate
2972 4228 3067 4282 Dei
3093 4246 3105 4279 :
3140 4228 3208 4282 Et
3234 4229 3353 4284 ﬁeri
3370 4231 3588 4300 quidem

2000 4329 2182 4392 potest
2208 4328 2267 4374 ut
2288 4329 2345 4374 et
2376 4321 2533 4374 nobis
2558 4319 2852 4389 quispiam,
2878 4326 2934 4374 et
2961 4319 3100 4374 alius
3135 4319 3242 4373 alio
3291 4322 3453 4376 modo
3502 4336 3593 4376 ex-

2001 4420 2168 4481 ponat
2197 4411 2311 4467 hazc
2350 4412 2560 4481 aptius,
2593 4411 2719 4466 dum
2759 4418 2940 4465 tamen
2972 4426 3035 4466 ea
3065 4427 3185 4481 quae
3212 4412 3488 4476 dicuntur,
3522 4414 3591 4466 ad

2002 4504 2166 4568 hanc,
2200 4502 2268 4557 de
2293 4518 2399 4573 qua
2425 4503 2717 4573 loquimur,
2745 4504 2841 4558 Dei
2873 4504 3151 4559 civitatem
3179 4504 3233 4559 in
3266 4504 3368 4560 hoc
3389 4506 3595 4561 saeculo

1999 4591 2234 4663 maligno
2270 4585 2526 4661 tanquam
2566 4593 2621 4646 in
2661 4592 2865 4647 diluvio
2911 4593 3375 4664 peregrinantem,
3405 4595 3589 4650 omnia

1999 4686 2309 4743 referantur
2330 4728 2345 4754 ,
2389 4688 2433 4743 si
2464 4690 2530 4744 ab
2567 4688 2687 4757 ejus
2725 4705 2890 4745 sensu
2921 4731 2934 4755 ,
2963 4692 3055 4761 qui
3087 4692 3189 4746 ista
3220 4692 3587 4764 conscripsit,

2000 4792 2108 4831 non
2133 4777 2245 4831 vult
2270 4777 2429 4848 longe
2455 4777 2733 4844 aberrare,
2787 4780 2879 4848 qui
2910 4782 3151 4850 exponit.
3185 4782 3431 4853 Exempli
3464 4801 3591 4855 gra-

2002 4868 2101 4934 tia,
2132 4868 2279 4923 velut
2317 4867 2361 4922 si
2386 4868 2655 4938 quispiam
2688 4871 2833 4940 quod
2860 4870 2951 4926 hic
3000 4872 3265 4943 scriptum
3300 4883 3404 4940 est,
3452 4875 3589 4945 infe-

2001 4958 2144 5012 riora
2183 4958 2502 5013 bicamerata
2534 4967 2583 5013 et
2618 4961 2957 5014 tricamerata
3007 4960 3170 5031 facies
3197 4981 3281 5031 ea,
3308 4981 3416 5020 non
3443 4966 3591 5035 quod

2001 5062 2101 5119 ego
2126 5049 2181 5103 in
2210 5049 2302 5104 illo
2334 5065 2497 5120 Opere
2525 5049 2639 5106 dixi
2659 5051 2790 5106 velit
2810 5052 3059 5124 intelligi,
3087 5055 3215 5126 quia
3241 5073 3305 5111 ex
3337 5057 3591 5112 omnibus

2003 5140 2255 5210 gentibus
2279 5141 2523 5197 Ecclesia
2544 5151 2905 5214 congregatur
2924 5159 2938 5197 :
2955 5144 3342 5202 bieameratam
3362 5148 3585 5211 dictam,

2002 5240 2222 5302 propter
2245 5232 2350 5289 duo
2377 5250 2577 5305 genera
2620 5234 2902 5292 hominum
2927 5279 2942 5304 ,
2983 5238 3452 5295 circumcisionem
3482 5240 3589 5293 sci-

2004 5324 2152 5391 licet,
2192 5334 2249 5380 et
2280 5329 2624 5397 prmputium,
2663 5344 2801 5398 quos
2852 5327 3142 5400 Apostolus
3181 5338 3237 5383 et
3279 5328 3384 5382 alio
3424 5329 3589 5383 modc

2002 5414 2138 5472 dicit
2178 5415 2391 5473 Judzeos
2417 5426 2473 5474 et
2500 5416 2719 5474 Grzecos
2741 5460 2757 5485 ,
2806 5429 2861 5475 et
2905 5420 3134 5488 reliqua.
3167 5417 3304 5485 Quia
3341 5415 3589 5474 futurum

2002 5518 2088 5565 est
2127 5516 2254 5564 ante
2292 5511 2725 5580 persecutionem
2763 5508 3110 5573 Antichristi,
3152 5514 3215 5562 ut
3247 5506 3475 5578 populus
3518 5522 3586 5562 ex

2002 5602 2267 5672 pneputio
2302 5609 2356 5656 et
2380 5602 2793 5657 circumcisione
2834 5614 3001 5655 unum
3056 5599 3166 5653 sint
3215 5597 3270 5653 in
3306 5598 3435 5663 ﬁde,
3467 5597 3591 5654 ideo

2006 5696 2112 5747 duo
2142 5693 2333 5763 psalmi
2366 5693 2418 5747 in
2450 5694 2611 5750 tertio
2637 5692 2827 5747 ordine
2855 5692 3203 5747 continentur
3226 5693 3327 5749 sub
3352 5706 3455 5746 una
3486 5705 3586 5743 au-
