3938 6178
365 245 386 302 1
398 238 497 303 liti

1388 234 1730 294 AMALARII
1766 228 2203 290 PRESBYTERI
2240 225 2581 285 HETENSIS

3492 227 3627 281 “9?.

367 362 603 432 "pham.
632 357 1140 426 Q,m.cominenmr
1170 354 1224 408 ίη
1255 351 1489 432 psalmo,
1522 349 1662 404 Deus
1686 348 1939 402 miscrea-
1969 347 2020 406 Α
2046 342 2288 396 fraterna
2314 339 2577 394 recitatur
2608 336 2661 432 in
2686 335 2856 432 choro
2873 376 2888 401 ,
2915 350 3039 432 quae
3307 335 3504 432 placita
3529 341 3636 393 erit

363 458 453 504 tur
489 449 656 503 nostri
681 489 696 514 ,
734 438 1026 516 utrumque
1066 442 1324 515 populum
1362 439 1695 521 designant,
1744 434 1949 491 scilicet

363 540 607 598 Judaeum
635 547 692 595 et
711 537 988 610 gentilem.
1016 535 1310 603 Postquam
1329 530 1386 585 bi
1415 529 1618 584 fuerint
1635 526 1943 597 conjuncti,

366 631 549 686 veniet
585 612 865 705 tribulatio
893 616 1241 689 Antichristi,
1275 622 1330 677 in
1359 617 1514 705 cujus
1538 612 1774 689 ﬁguram
1805 630 1947 685 prac-

367 723 534 778 cessit
559 704 1062 776 Nabuchodonosor
1095 723 1151 772 et
1180 715 1359 770 mittet
1395 712 1451 767 in
1481 709 1753 767 caminum
1777 706 1952 760 tribu-

366 810 588 865 lationis
610 798 729 863 tres
757 796 898 862 ﬁlios
925 806 1038 861 Noe
1065 846 1080 871 ,
1107 802 1264 875 quasi
1298 810 1411 856 tres
1435 813 1654 870 pueros,
1685 810 1820 866 quos
1844 808 1951 848 non

366 900 540 955 solum
562 896 816 952 liberavit
844 890 984 951 Deus
1010 895 1076 949 de
1103 882 1220 962 ejus
1245 884 1609 961 malignitate,
1638 886 1766 957 quia
1795 884 1952 940 electi

368 988 515 1055 sunt,
561 989 657 1044 sed
705 994 761 1043 et
804 972 1131 1043 benedicent
1178 976 1405 1039 Domino
1450 968 1507 1036 in
1547 968 1953 1035 similitudinem

370 1080 536 1135 trium
562 1092 879 1149 puerorum.
904 1077 1384 1145 QuaprOpter'cum
1413 1071 1467 1125 in
1497 1066 1709 1152 caeteris
1732 1066 1953 1137 psalmis

368 1169 605 1227 solemus
625 1166 809 1224 dicere
836 1165 1089 1229 Alleluia,
1117 1164 1172 1218 in
1205 1164 1309 1219 ista
1335 1149 1715 1217 benedictione
1745 1158 1957 1213 Latinis

367 1262 551 1318 verbis
604 1260 809 1315 utimur
868 1256 937 1311 ad
1003 1252 1490 1310 commendandam
1550 1240 1954 1305 tribulationem

370 1368 533 1425 quam
554 1350 771 1421 passuri
797 1354 924 1403 sunt
954 1345 1130 1401 sancti
1167 1345 1220 1398 in
1252 1333 1445 1398 diebus
1472 1341 1756 1397 memorati
1802 1336 1958 1392 Anti—

370 1443 566 1500 christi
613 1440 729 1495 sive
767 1439 929 1493 modo
955 1436 1232 1508 patiuntur
1260 1450 1292 1487 a
1320 1433 1581 1489 membris
1601 1430 1737 1500 ejus.
1755 1430 1823 1485 Et
1847 1444 1956 1483 non

371 1544 456 1591 est
512 1545 733 1587 necesse
777 1529 849 1583 ibi
896 1535 1161 1591 cantare,
1217 1514 1402 1579 Gloria
1450 1520 1604 1576 Patri
1654 1530 1703 1575 et
1770 1518 1955 1583 Filio,

373 1626 501 1696 quia
543 1624 596 1679 in
622 1623 737 1692 ipsa
773 1618 1148 1674 benedictione
1195 1628 1686 1672 commemoramus
1710 1610 1955 1666 eamdem

376 1721 624 1771 sanctam
664 1711 989 1766 Trinitatem
1023 1750 1036 1774 ,
1084 1708 1359 1763 dicendo:
1409 1702 1791 1759 Benedicamus
1846 1702 1956 1757 Deo

374 1802 553 1868 Patri,
579 1813 627 1857 et
650 1800 814 1865 Filio,
847 1808 895 1854 et
922 1786 1146 1870 Spiritui
1177 1806 1381 1852 sancto.
1410 1794 1655 1850 Diximus
1680 1794 1747 1849 de
1775 1790 1961 1848 Gloria

383 1894 542 1949 Patri
572 1893 714 1956 quod
741 1879 857 1960 ejus
880 1906 1036 1945 usum
1076 1888 1357 1958 scripserit
1376 1888 1570 1942 beatus
1598 1885 1963 1956 Hieronymus

379 1989 445 2043 ad
483 2002 677 2058 papam
716 1984 1030 2038 Damasum.
1063 1981 1196 2035 Post
1220 1980 1325 2034 hoc
1350 1976 1644 2034 secundum
1687 1968 1963 2032 Danielem

376 2065 482 2133 erit
505 2078 660 2148 quies
684 2069 864 2144 aliqua
896 2064 985 2142 qui
1014 2074 1088 2127 ita
1127 2062 1258 2127 dicit
1288 2090 1301 2125 :
1344 2069 1537 2125 Beatus
1563 2071 1651 2141 qui
1680 2077 1961 2141 exspectat,

378 2180 428 2223 et
473 2167 704 2239 pervenit
759 2181 923 2234 usque
974 2162 1042 2217 ad
1088 2161 1198 2216 dies
1249 2160 1393 2215 mille
1445 2170 1696 2214 trecentos
1749 2159 1965 2229 triginta

375 2259 622 2330 quinque.
685 2253 837 2323 Quod
901 2248 1096 2308 beatus
1146 2245 1508 2324 Hieronymus
1559 2251 1641 2306 sic
1701 2249 1961 2320 exponit:

376 2349 576 2404 Beatus
599 2389 612 2407 ,
646 2346 842 2416 inquit,
876 2345 997 2416 qui,
1056 2344 1341 2400 interfecto
1378 2334 1721 2399 Antichristo
1742 2384 1757 2407 ,
1803 2356 1967 2411 supra

380 2438 528 2493 mille
557 2437 819 2492 ducentos
858 2435 1156 2507 nonaginta
1205 2435 1353 2501 dies,
1397 2435 1451 2490 id
1488 2443 1573 2489 est
1598 2476 1612 2500 ,
1651 2442 1764 2488 tres
1802 2434 1969 2488 semis

381 2546 574 2598 annos,
601 2530 716 2585 dies
744 2529 1101 2599 quadraginta
1123 2529 1363 2599 quinque
1384 2527 1747 2597 praestolatur,
1774 2524 1969 2594 quibus

380 2612 469 2677 est
519 2620 779 2676 Dominus
816 2628 978 2688 atque
1010 2617 1262 2675 Salvator
1299 2619 1355 2674 in
1390 2635 1488 2674 sua
1518 2618 1804 2691 majestate
1839 2629 1970 2670 ven-

383 2720 558 2767 turus.
585 2710 642 2764 ln
675 2725 780 2779 qua
807 2710 989 2779 quiete
1028 2709 1393 2764 celebrabitur
1419 2700 1536 2764 laus
1566 2702 1661 2763 Dei
1687 2722 1809 2778 quae
1836 2721 1967 2761 con-

381 2802 589 2857 tinetur
616 2800 670 2855 in
704 2799 877 2856 tribus
904 2799 1151 2870 psalmis,
1175 2800 1403 2866 scilicet,
1427 2798 1662 2853 Laudate
1689 2798 1969 2852 Dominum

383 2894 449 2948 de
482 2891 645 2957 caelis,
692 2900 748 2947 et
800 2888 1022 2946 Caritate
1069 2891 1297 2946 Domino
1341 2895 1603 2947 canticum
1641 2910 1863 2961 novum,
1917 2904 1971 2950 et

386 2982 628 3040 Laudate
656 2980 941 3038 Dominum
971 2985 1027 3039 in
1054 2985 1251 3039 sanctis
1286 2985 1436 3054 eius;
1486 2986 1554 3041 ab
1582 2987 1834 3042 universo
1875 3004 1969 3059 ge-

1984 1697 2034 1756 B

2051 432 2288 505 quandiu
2317 432 2372 487 in
2398 430 2653 500 praesenti
2697 425 2895 483 saeculo
2935 428 3090 498 deget
3138 427 3401 481 Ecclesia.
3445 426 3640 483 Postea

2051 523 2299 593 sequitur
2322 536 2513 577 versus
2558 531 2716 590 aptus
2752 520 2983 588 tempori
3017 513 3145 584 tali,
3176 519 3311 574 dicit
3333 520 3502 586 enim,
3536 518 3643 575 Do-

2051 617 2226 669 minus
2254 612 2510 683 regnavit,
2538 618 2594 666 et
2617 616 2835 664 caetera.
2862 602 3014 664 Tunc
3044 608 3135 664 fiet
3159 608 3291 663 illud
3315 610 3462 680 quod
3495 610 3643 680 Apo-

2051 701 2224 758 stolus
2270 700 2439 765 dicit,
2496 697 2629 755 Cum
2681 698 2959 753 tradiderit
2988 715 3205 770 regnum
3238 699 3349 754 Deo
3386 711 3438 755 et
3473 702 3641 772 patri.

2052 793 2280 862 Quando
2308 808 2537 864 regnum
2578 782 2691 846 Deo
2722 791 2910 855 tradit,
2946 790 3048 845 sibi
3078 790 3178 860 ipsi
3211 793 3303 860 qui
3342 792 3487 848 Deus
3511 792 3598 848 est
3624 834 3641 858 ,

2053 884 2332 954 conjungit
2382 881 2514 937 illud
2571 882 2637 936 ad
2692 890 3015 952 perpetuum
3072 897 3301 952 regnum
3340 898 3520 936 suum.
3572 884 3645 940 At

2053 976 2289 1048 hymnus
2316 975 2595 1031 Zachariae
2622 975 2901 1045 prOpbetae
2928 973 3117 1029 recolit
3141 975 3644 1030 remunerationem

2052 1066 2374 1135 promissam
2406 1064 2637 1119 Abrahae
2660 1104 2673 1123 .
2726 1063 2780 1116 id
2810 1072 2895 1117 est
2916 1103 2931 1125 ,
2978 1070 3039 1117 ut
3084 1063 3387 1117 serviamus
3413 1062 3648 1116 Domino

2056 1157 2175 1212 sine
2208 1156 2403 1211 timore
2434 1155 2489 1209 in
2522 1154 2812 1210 sanctitate
2840 1162 2893 1207 et
2914 1152 3127 1221 justitia
3150 1152 3403 1207 omnibus
3431 1153 3645 1206 diebus.

2056 1246 2187 1302 Tale
2216 1246 2498 1301 servitium
2526 1239 2796 1315 reperitur
2818 1245 2978 1300 modo
3001 1245 3055 1299 in
3083 1246 3246 1309 raris,
3269 1246 3360 1315 qui
3382 1254 3512 1299 sunt
3527 1244 3647 1313 jam

2055 1334 2279 1406 perfecti
2312 1326 2462 1390 :'Sed
2488 1342 2614 1388 tUnc
2640 1335 2708 1389 ab
2739 1334 2926 1389 electis
2953 1335 3206 1391 omnibus
3233 1335 3607 1390 celebrabitur
3627 1373 3649 1404 ,

2057 1422 2183 1496 quia
2219 1440 2410 1481 omnes
2453 1426 2614 1480 erunt
2646 1420 2893 1496 perfecti.

2667 1539 2897 1597 CAPUT
2934 1541 3024 1596 XI.
3351 1584 3380 1609 ,

2162 1632 2243 1687 De
2284 1631 2578 1687 nocturnali
2611 1634 2774 1704 ofﬁcio
2811 1649 2905 1704 per
2948 1633 3284 1704 quotidianus
3334 1645 3535 1691 noctes.

2137 1741 2210 1798 Ut
2232 1743 2382 1799 enim
2428 1728 2697 1798 dominica
2750 1759 2859 1800 nox
2891 1744 3081 1799 recolit
3118 1746 3265 1801 cives
3304 1744 3653 1802 Hierusalem

2064 1834 2134 1889 ab
2163 1833 2319 1889 initio
2356 1835 2542 1889 mundi
2582 1849 2763 1903 usque
2788 1834 2844 1888 in
2873 1835 3057 1900 tinem,
3089 1836 3422 1905 quotidianae
3461 1846 3657 1892 noctes

2061 1924 2556 1994 peregrinationem
2582 1993 2590 2017 '
2614 1926 2955 1991 mortalium,
3002 1935 3059 1981 et
3120 1926 3578 1997 abalienationem
3624 1944 3654 1981 a

2061 2015 2241 2084 patria
2274 2014 2419 2070 inter
2458 2014 2712 2071 inimicos
2737 2017 3046 2087 degentem.
3078 2017 3153 2071 Et
3186 2018 3317 2087 quia
3361 2018 3657 2075 duodecim

2066 2106 2213 2162 horae
2238 2113 2364 2161 sunt
2392 2107 2589 2172 noctis,
2625 2107 2679 2162 in
2705 2106 2903 2177 quibus
2930 2122 3155 2164 necesse
3175 2107 3443 2166 habemus
3462 2118 3656 2166 custo-

2067 2197 2154 2251 dia
2182 2195 2398 2252 Domini
2447 2197 2675 2262 muniri,
2718 2197 3004 2253 duodecim
3054 2199 3291 2270 psalmos
3340 2210 3657 2255 cantamus.

2066 2286 2137 2342 Et
2162 2287 2288 2356 quia
2318 2288 2435 2342 ha‘c
2462 2289 2708 2343 custodia
2736 2290 2877 2344 seria
2894 2298 2983 2345 est
3009 2305 3106 2360 per
3118 2306 3210 2345 sex
3232 2298 3423 2346 aetates
3440 2294 3659 2358 mundi,

2064 2394 2166 2435 sex
2214 2380 2528 2450 antipbonis
2551 2380 2931 2451 conjungimus
2972 2382 3231 2453 psalmos.
3265 2381 3334 2436 Et
3381 2384 3511 2453 quia
3560 2398 3661 2439 sex

2068 2477 2259 2525 aetates
2303 2471 2489 2526 mundi
2530 2471 2705 2526 tribus
2735 2472 3072 2541 temporibus
3098 2471 3516 2535 concluduntur,
3551 2473 3661 2528 sci-

2070 2556 2200 2618 licet
2227 2562 2492 2617 naturalis
2521 2562 2677 2633 legis,
2711 2562 2905 2618 litterae
2925 2571 2981 2617 et
3023 2562 3160 2633 legis
3188 2563 3405 2633 gratiae,
3442 2570 3557 2618 tres
3584 2563 3663 2619 le-

2068 2653 2277 2708 ctiones
2305 2652 2576 2722 leguntur,
2603 2660 2660 2708 et
2682 2661 2795 2708 tres
2822 2653 3150 2723 responsorii
3180 2662 3471 2713 canuntur.

2670 2766 2898 2823 CAPUT
2936 2766 3051 2822 XII.

2218 2879 2295 2934 De
2323 2876 2626 2934 matutinall
2652 2880 2815 2950 ofﬁcio
2841 2897 2934 2950 per
2953 2880 3291 2951 quotidianus
3315 2886 3512 2934 noetcs.

2143 2995 2215 3051 in,
2232 2995 2527 3050 Dominicis
2553 2996 2803 3051 noctibus
2830 3010 2927 3066 per
2949 2997 3185 3067 quinque
3215 2998 3548 3068 antiphonas
3579 3015 3664 3053 re-

385 3091 516 3132 nere
568 3076 805 3130 humano
851 3075 998 3145 quod
1042 3077 1238 3131 evadet
1295 3076 1362 3132 de
1401 3074 1747 3133 tribulatione
1773 3120 1788 3145 ,
1827 3081 1968 3150 quod
1996 3046 2042 3107 Ο
2079 3085 2307 3141 colimus
2333 3094 2532 3140 statum
2565 3046 2919 3140 Ecclesiazrab
2950 3046 3116 3141 ilnitio'1
3128 3046 3439 3157 apostolica:
3486 3091 3663 3143 stabio

386 3182 557 3238 genus
583 3160 884 3221 humanum
911 3181 939 3219 a
974 3166 1150 3221 tribus
1181 3166 1307 3223 ﬁliis
1342 3166 1456 3256 Noe
1482 3180 1835 3241 propagatum
1865 3180 1967 3228 est.
2076 3177 2243 3232 litatis
2273 3193 2443 3249 usque
2471 3178 2537 3234 ad
2565 3177 2951 3248 perfectionem
2978 3177 3298 3245 electorum,
3345 3180 3437 3250 qui
3466 3181 3520 3235 in
3556 3181 3669 3236 lino

388 3256 545 3311 Unde
574 3255 907 3326 Augustinus
936 3258 991 3311 in
1020 3267 1320 3313 memorato
1357 3258 1493 3315 libro
1543 3261 1731 3331 quinto
1764 3263 1974 3320 decimo
2076 3269 2264 3325 mundi
2314 3269 2527 3324 venturi
2576 3277 2743 3323 sunt:
2775 3268 2846 3323 At
2893 3269 3227 3338 quotidianis
3282 3272 3541 3328 noctibus
3580 3272 3668 3327 ai—

389 3347 457 3402 de
485 3345 717 3401 Civitate
755 3347 850 3402 Dei
885 3367 898 3401 :
931 3347 1304 3404 Tricamerata
1360 3365 1524 3417 vero,
1581 3368 1703 3429 quae
1741 3352 1797 3408 in
1847 3370 1974 3412 arca
2077 3369 2194 3417 tero
2219 3360 2379 3416 modo
2407 3360 2657 3416 eumdem
2702 3368 2903 3415 statum
2930 3360 3223 3415 recolimus
3262 3376 3364 3431 per
3402 3365 3666 3418 mutatio-

389 3444 512 3492 erat
537 3477 553 3503 ,
586 3453 653 3492 eo
682 3438 826 3506 quod
854 3453 1043 3494 omnes
1072 3447 1261 3509 gentes
1287 3441 1353 3495 de
1375 3441 1546 3496 tribus
1570 3424 1694 3497 filiis
1717 3442 1829 3499 Noe
1853 3456 1977 3515 post
2077 3466 2201 3507 nem
2230 3449 2563 3520 psalmorum
2613 3459 2671 3506 et
2696 3452 3030 3506 canticorum
3062 3467 3091 3505 a
3118 3424 3362 3506 secunda
3405 3451 3543 3507 feria
3576 3471 3665 3508 us-

392 3529 651 3584 diluvium
704 3539 969 3600 reparatae
1018 3539 1165 3586 sunt.
1198 3530 1324 3586 Sive
1350 3531 1456 3588 alio
1481 3534 1641 3588 modo
1669 3575 1683 3599 ,
1736 3543 1795 3590 ut
1833 3537 1975 3592 idem

391 3619 729 3691 Augustinus
796 3620 850 3675 in
918 3609 1056 3676 libro
1104 3610 1473 3688 Quaestionum
1517 3621 1933 3693 Evangeliorum
1959 3666 1975 3692 ,
2006 3662 2020 3681 ρ

393 3711 550 3766 titulo
579 3712 996 3784 quadragesimo
1053 3714 1306 3782 septimo.
1347 3714 1429 3770 Ad
1481 3716 1598 3785 ipsa
1637 3716 1742 3771 tria
1777 3730 1978 3785 genera

392 3816 512 3870 quae
547 3812 897 3858 assumuntur
946 3790 1185 3860 arbitror
1230 3807 1504 3877 pertinere
1544 3809 1707 3863 etiam
1738 3808 1827 3862 illa
1870 3811 1977 3865 tria

393 3891 613 3945 nomina
658 3901 974 3948 sanctorum
1029 3895 1304 3961 virorum,
1346 3911 1483 3966 quos
1532 3897 1675 3953 solos
1720 3898 1979 3956 liberatos

392 3980 647 4036 Ezechiel
671 3983 939 4054 propheta
968 3985 1326 4052 praenuntiat,
1371 3986 1506 4053 Noe,
1532 3986 1745 4055 Daniel,
1773 3998 1830 4044 et
1856 3988 1976 4046 Job.

391 4071 619 4128 Videtur
645 4073 789 4127 enim
818 4071 932 4128 Noe
960 4075 1237 4143 pertinere
1257 4076 1326 4131 ad
1347 4090 1441 4133 eos
1461 4093 1558 4148 per
1577 4095 1714 4149 quos
1736 4081 1981 4139 Ecclesia

396 4164 623 4235 regitur,
655 4164 797 4218 sicut
821 4180 921 4236 per
951 4165 1106 4221 illum
1136 4166 1190 4222 in
1217 4168 1373 4237 aquis
1401 4183 1525 4224 arca
1554 4171 1851 4241 gubernata
1873 4180 1977 4238 est,

402 4269 526 4323 qua:
566 4254 796 4325 ﬁguram
820 4257 1071 4326 gestabat
1097 4257 1349 4314 Ecclesiae
1375 4278 1388 4313 :
1417 4259 1607 4316 Daniel
1630 4270 1831 4328 autem,
1855 4262 1982 4333 quia

2077 3553 2185 3608 quc
2214 3540 2269 3593 in
2299 3538 2544 3593 sabbato.
2566 3538 2781 3593 Primus
2800 3537 3066 3605 Psalmus,
3094 3539 3351 3594 Miserere
3371 3542 3477 3594 mei
3498 3540 3664 3608 Deus,

2079 3629 2322 3685 continet
2346 3630 2705 3699 paenitentum
2729 3630 3157 3685 conversionem.
3186 3629 3360 3685 Judaei
3390 3633 3664 3696 conversi,

2081 3722 2173 3791 qui
2216 3722 2543 3792 deputantur
2566 3720 2623 3776 in
2670 3722 2947 3792 primitiva
2982 3722 3249 3789 Ecclesia,
3279 3724 3442 3779 istius
3470 3725 3666 3794 psalmi

2080 3808 2796 3905 vigoremofreqnentabant,
2842 3812 3061 3881 quando
3103 3813 3171 3881 ad
3216 3814 3666 3883 praedicationem

2079 3900 2225 3956 Petri
2250 3900 2626 3972 paenitentiam
2650 3910 2896 3972 egerunt,
2924 3910 2980 3957 et
3001 3905 3307 3973 compuncti
3325 3914 3457 3959 sunt
3479 3905 3661 3961 corde.

2082 3990 2159 4045 De
2188 3991 2693 4062 quibusbscriptum
2733 3992 2898 4046 estin
2953 3991 3179 4048 Actibus
3220 3992 3613 4064 Apostolorum
3642 4011 3661 4044 :

2084 4080 2183 4135 His
2210 4081 2405 4135 auditis
2437 4082 2730 4151 compuncti
2761 4090 2882 4135 sunt
2913 4083 3088 4149 corde,
3117 4092 3167 4137 et
3185 4084 3440 4138 dixerunt
3468 4087 3540 4140 ad
3568 4084 3669 4141 Po-

2082 4182 2222 4227 trum
2249 4182 2297 4227 et
2344 4173 2414 4226 ad
2461 4172 2688 4243 reliquos
2734 4174 3026 4244 Apostolos.
3070 4173 3210 4241 Quid
3255 4176 3538 4247 faciemus,
3568 4179 3666 4233 nisi

2084 4261 2320 4331 fratres?
2346 4257 2539 4316 Petrus
2572 4279 2688 4316 vero
2735 4264 2809 4316 ait
2833 4262 2938 4316 illis
2965 4277 2983 4314 :
3036 4263 3429 4330 Pmnitentiant,
3467 4268 3663 4337 inquit

395 4345 636 4399 caalibem
667 4344 831 4416 elegit
854 4346 1022 4401 vitam
1050 4388 1065 4412 ,
1094 4348 1146 4403 id
1178 4358 1281 4415 est,
1329 4351 1547 4420 nuptias
1578 4360 1821 4407 terrenas
1852 4368 1980 4408 con-
2003 4389 2058 4448 Β
2083 4353 2240 4421 agite,
2292 4361 2341 4404 et
2368 4350 2662 4421 boptizetur‘
2700 4353 3055 4425 unusquisque
3078 4364 3303 4409 vestrum
3347 4356 3404 4410 in
3459 4360 3667 4412 nomine

400 4435 642 4506 tempsit,
672 4444 752 4502 ut,
792 4437 934 4491 sicut
967 4437 1101 4492 dicit
1130 4438 1446 4510 Apostolus,
1475 4441 1593 4496 sine
1619 4442 1980 4500 sollicitudine
2003 4435 2053 4448 ”
2081 4442 2210 4497 Iesu
2233 4441 2447 4496 Christi.
2483 4441 2658 4497 Simili
2688 4442 2847 4497 modo
2867 4458 2964 4513 per
2989 4453 3278 4515 sequentes
3300 4458 3495 4503 noctes
3524 4448 3666 4503 idem

392 4527 601 4583 viveret
625 4529 869 4600 cogitans
894 4543 1013 4599 quae
1054 4537 1181 4584 sunt
1221 4532 1338 4596 Dei,
1363 4547 1533 4602 genus
1554 4548 1744 4588 eorum
1775 4533 1980 4604 signifi-

396 4625 502 4681 cat,
531 4619 622 4688 qui
649 4628 777 4674 sunt
809 4620 864 4674 in
890 4619 1005 4674 otio
1027 4660 1043 4685 ,
1081 4621 1178 4675 sed
1205 4631 1385 4676 tamen
1412 4622 1695 4677 fortissimi
1721 4623 1776 4676 in
1805 4630 1981 4677 tenta-

396 4706 636 4766 tionibns
658 4721 719 4767 ut
747 4712 959 4782 possint
993 4713 1199 4768 assumi
1228 4732 1242 4768 :
1273 4712 1374 4770 Job
1414 4724 1595 4770 autem
1621 4716 1746 4784 quia
1776 4724 1831 4770 et
1854 4733 1983 4772 uxo-

398 4809 514 4849 rem
551 4796 757 4865 habuit,
792 4809 848 4855 et
873 4797 1012 4856 filios
1037 4842 1051 4868 ,
1082 4809 1137 4857 et
1165 4803 1370 4871 amplas
1409 4812 1750 4859 terrenarum
1796 4819 1978 4860 rerum

398 4886 603 4955 copias,
654 4889 721 4943 ad
770 4891 903 4946 illud
945 4907 1116 4962 genus
1156 4895 1421 4963 pertinet,
1470 4895 1556 4950 cui
1611 4894 1978 4951 molendinum

400 4980 715 5049 deputatum
736 4993 820 5038 est
847 5000 862 5038 :
888 4987 980 5040 sed
1009 4994 1188 5042 tamen
1224 4997 1284 5043 ut
1315 4989 1424 5043 sint
1450 4987 1731 5044 fortissimi
1770 4990 1824 5043 in
1864 5000 1980 5046 ten-

403 5068 693 5128 tationibus
717 5114 733 5140 ,
774 5076 915 5129 sicut
949 5076 1036 5132 ille
1071 5078 1173 5133 fuit
1206 5098 1217 5133 :
1248 5095 1355 5133 non
1394 5080 1538 5133 enim
1582 5079 1740 5135 aliter
1777 5081 1979 5136 assumi

401 5170 684 5233 poterunt,
724 5180 826 5220 nec
853 5174 984 5235 puto
1034 5167 1137 5223 alia
1169 5185 1291 5224 esse
1320 5185 1518 5241 genera
1552 5172 1834 5227 hominum
1863 5174 1983 5244 qui-

403 5253 505 5309 bus
529 5263 742 5311 constat
768 5252 1030 5333 Ecclesia,
1049 5273 1209 5328 quam
1240 5259 1341 5313 ista
1370 5260 1493 5314 tria.
1517 5261 1780 5328 Quoniam
1800 5261 1979 5318 futura

402 5351 529 5396 sunt
554 5343 671 5400 haec
697 5346 857 5401 unius
882 5345 1119 5415 virtutis,
1159 5344 1369 5406 scilicet
1410 5351 1684 5421 patientiae
1708 5354 1980 5409 consortia

402 5439 460 5484 et
487 5435 790 5490 communia
823 5476 838 5503 .
869 5437 971 5493 sub
997 5453 1102 5493 una
1133 5438 1424 5508 antiphona
1462 5441 1575 5496 sive
1621 5440 1849 5497 Alleluia
1890 5456 1981 5497 ca-

404 5532 610 5578 nuntur
638 5532 751 5581 tres
773 5527 988 5598 psalmi,
1041 5530 1134 5599 qui
1184 5544 1283 5584 nos
1313 5530 1545 5586 invitant
1584 5532 1653 5587 ad
1678 5547 1863 5587 eorum
1890 5546 1978 5587 so-

405 5609 678 5669 cietatem.
703 5614 835 5671 Dein
860 5617 1105 5688 sequitur
1132 5618 1310 5686 lectio,
1336 5635 1454 5689 qua:
1489 5636 1588 5691 pro
1614 5620 1980 5677 admonitione

2081 4532 2329 4588 Psalmus
2357 4547 2478 4599 nos,
2507 4533 2601 4601 qui
2646 4532 2712 4587 de
2749 4532 2935 4602 gentili
2973 4536 3394 4591 conversatione
3419 4539 3667 4592 conversi

2081 4639 2288 4687 sumus,
2320 4622 2389 4677 ad
2418 4623 2793 4692 paenitentiam
2834 4633 3113 4692 provocat.
3158 4625 3372 4682 Sutiicit
3414 4628 3487 4683 de
3530 4643 3668 4698 prte-

2082 4711 2222 4768 senti
2263 4712 2488 4782 psalmo.
2531 4712 2606 4766 De
2633 4714 2867 4779 caeteris,
2897 4715 2951 4768 id
2992 4723 3094 4780 est,
3125 4715 3269 4774 Deus
3298 4718 3449 4773 Deus
3502 4736 3664 4781 meus.

2083 4802 2151 4855 ad
2181 4812 2228 4856 te
2251 4802 2314 4855 de
2358 4800 2471 4856 luce
2496 4801 2673 4871 vigilo,
2720 4810 2796 4866 et,
2838 4802 2980 4856 Deus
3010 4805 3324 4860 misereatur
3343 4809 3517 4862 nostri
3543 4823 3560 4859 :
3592 4816 3664 4871 et,

2081 4890 2320 4946 Laudate
2345 4892 2640 4947 Dominum
2659 4893 2724 4946 de
2754 4891 2914 4959 caelis,
2946 4910 3031 4960 ac,
3065 4895 3286 4951 Cantate
3311 4898 3565 4965 Domino,
3590 4909 3665 4955 at-

2082 5000 2209 5055 que,
2237 4985 2475 5040 Laudate
2518 4986 2799 5041 Dominum
2829 4988 2883 5041 in
2918 4989 3113 5043 sanctis
3143 4990 3277 5058 ejus.
3309 4991 3435 5046 Jam
3465 4994 3663 5047 dictum

2083 5085 2167 5132 est
2200 5096 2213 5130 :
2248 5084 2415 5132 restat
2440 5078 2572 5132 ordo
2608 5086 2665 5132 ut
2688 5078 2758 5133 ad
2784 5081 3077 5135 secundam
3108 5080 3299 5137 feriam
3325 5095 3668 5139 revertamur

2083 5178 2140 5224 et
2166 5178 2506 5225 transeamus
2536 5185 2635 5239 per
2661 5172 3017 5227 mutationem
3037 5174 3378 5244 psalmorum
3401 5186 3459 5231 et
3490 5178 3664 5235 canti-

2088 5275 2296 5315 corum.
2346 5260 2481 5316 Illud
2510 5262 2685 5330 primo
2718 5272 2935 5332 oportet
2976 5265 3197 5331 intueri,
3248 5277 3311 5322 ut
3340 5269 3589 5339 psalmus
3612 5277 3665 5323 et

2089 5351 2359 5405 canticum
2386 5351 2526 5405 sicut
2555 5360 2680 5405 sunt
2703 5352 2757 5405 in
2788 5351 2965 5408 ollicio
2996 5354 3252 5425 deputata
3277 5359 3441 5413 unius
3470 5360 3660 5423 noctis.

2087 5441 2162 5496 ita
2184 5449 2310 5496 sunt
2336 5441 2392 5495 in
2419 5442 2580 5496 rebus
2627 5442 2825 5497 similia
2878 5453 2933 5499 et
2974 5445 3489 5516 significationibus.
3524 5450 3661 5506 Psal-

2081 5546 2209 5586 mus
2255 5527 2421 5585 Verba
2470 5548 2609 5597 mea,
2649 5532 2813 5587 habet
2841 5534 2987 5593 hunc
3010 5535 3250 5601 titulum,
3290 5535 3401 5593 Pro
3445 5558 3511 5594 ea
3552 5554 3660 5609 qu

2087 5620 2441 5676 ha'reditatem
2475 5623 2685 5692 accipit.
2712 5622 2883 5691 Quem
2927 5625 3003 5681 ita
3041 5629 3262 5696 exponit
3285 5629 3614 5700 Augustinus
3637 5643 3657 5659 '
