3938 6178
299 316 438 373 H93

1043 312 1130 365 DE
1170 303 1715 365 ECCLESIASTICIS
1754 303 2041 360 OFFICIIS
2081 306 2260 361 LIBRI
2297 307 2386 365 IV.
2427 338 2498 348 --
2536 307 2663 366 LIB.
2705 309 2787 364 IV.

3399 316 3534 374 "9i

295 421 616 493 lntelligitur
637 434 766 491 ergo
796 418 1055 483 Ecclesia,
1091 433 1211 487 qua:
1239 417 1446 485 accepit
1468 416 1861 480 hzereditatcm,
1893 419 1941 479 Α
1967 417 2383 489 peregrinantur
2411 435 2440 473 a
2483 402 2727 476 Domino.
2774 419 2926 476 Unde
2952 432 3004 477 et
3047 423 3174 479 illud
3195 425 3414 495 dicitur,
3442 427 3544 484 Re-

294 516 464 572 vitam
505 519 762 566 teternam
792 524 886 580 per
915 509 1201 563 Dominum
1231 518 1475 564 nostrum
1496 507 1677 563 Iesum
1717 508 1872 563 Chri-

295 615 463 671 stum,
491 611 553 661 ut
576 602 849 674 possideat
877 602 1050 670 ipsum
1070 602 1260 666 Deum,
1277 602 1360 656 cui
1384 603 1686 668 adhaerens,
1711 604 1869 659 beata

295 701 370 756 sit
395 695 690 754 secundum
725 693 876 756 illud,
910 693 1058 747 Beati
1085 695 1254 758 mites,
1280 694 1528 763 quoniam
1559 695 1657 765 ipsi
1706 695 1871 750 luere-

295 790 462 842 ditate
483 785 818 857 possidebunt
848 795 1059 838 terram.
1095 783 1244 840 IIanc
1270 785 1640 840 hmreditatem
1684 785 1872 855 primi-

297 878 409 931 tiva
455 871 696 931 Ecclesia
725 873 966 943 accepit,
1015 887 1136 942 qum
1166 872 1326 928 simul
1354 887 1479 928 cum
1524 875 1784 943 apostolis
1816 873 1869 928 iu

297 966 551 1039 presenti
569 964 765 1020 saeculo
783 964 936 1018 vixit.
954 963 1034 1018 Ex
1051 961 1166 1030 ejus
1188 977 1417 1032 persona
1440 961 1873 1016 cautaturcanti-

297 1073 422 1114 cum
438 1056 592 1111 Isaia:
611 1057 904 1125 prophetae,
923 1053 1346 1122 Conﬁtebortibi,
1371 1051 1608 1117 Domine,
1623 1053 1870 1122 quoniam

297 1151 468 1203 iratus
494 1164 547 1202 es
601 1147 728 1200 mihi
764 1160 782 1198 :
812 1162 1086 1199 conversus
1113 1155 1187 1200 est
1215 1144 1366 1212 furor
1386 1153 1530 1208 tuus,
1568 1152 1615 1198 et
1637 1142 1874 1197 consola—

295 1249 380 1293 tus
407 1255 460 1292 es
483 1254 588 1302 me,
609 1245 714 1291 etc.
740 1234 1023 1290 Canticum
1052 1235 1214 1300 istud,
1243 1233 1374 1289 illud
1406 1242 1618 1303 tempus
1643 1232 1868 1296 recolit,

297 1328 516 1396 quando
556 1327 788 1396 primum
839 1324 1095 1378 vexillum
1143 1331 1346 1380 sanctae
1387 1322 1580 1379 Crucis
1630 1331 1872 1378 erectum

299 1427 404 1474 est.
438 1417 592 1473 Unde
620 1417 674 1471 in
703 1415 1074 1487 superioribus
1123 1416 1367 1486 partibus
1418 1415 1475 1470 in
1528 1415 1719 1470 eodem
1746 1430 1874 1485 pro-

300 1509 463 1577 pheta
491 1506 751 1575 scriptum
776 1513 880 1570 est,
913 1505 979 1559 Et
1007 1505 1208 1560 levabit
1251 1506 1463 1576 signum
1517 1505 1572 1559 in
1601 1505 1869 1570 nationes,

302 1611 357 1655 et
378 1597 731 1670 congregabit
757 1595 1014 1668 profugos
1039 1596 1225 1662 Israel,
1257 1605 1314 1651 et
1346 1597 1573 1666 reliqua.
1604 1595 1756 1663 Quod
1793 1597 1872 1652 sic

302 1691 659 1761 Hieronymus
680 1689 732 1742 in
779 1688 968 1743 eodem
1013 1689 1251 1757 exponit.
1283 1686 1341 1740 In
1371 1687 1458 1743 die
1487 1687 1601 1752 illo,
1651 1687 1754 1742 hoc
1788 1695 1875 1742 est

304 1785 357 1838 in
388 1783 480 1838 illo
522 1789 788 1852 tempore,
839 1781 906 1836 de
943 1795 1050 1850 quo
1094 1787 1150 1834 et
1181 1779 1551 1850 supradictum
1587 1787 1691 1846 est,
1747 1794 1872 1836 cum

305 1871 660 1929 resurrexerit
687 1869 836 1925 radix
869 1868 1020 1925 Jesse
1054 1870 1108 1924 in
1139 1869 1350 1938 signum
1386 1867 1727 1938 populorum,
1758 1867 1871 1922 sive

303 1974 363 2018 ut
389 1964 700 2019 dominetur
739 1961 998 2033 gentium,
1043 1968 1275 2031 apponet
1323 1959 1582 2015 Dominus
1635 1960 1872 2014 secundo

302 2067 522 2107 manum
545 2066 721 2118 suam,
752 2059 814 2105 ut
846 2065 1184 2120 nequaquam
1223 2050 1377 2121 juxta
1402 2063 1496 2105 eos
1520 2058 1737 2104 nostros
1782 2047 1872 2103 Ju-

301 2145 580 2199 daizantes
612 2142 667 2196 in
706 2141 867 2196 ﬁnem
896 2141 1102 2206 mundi,
1135 2155 1257 2195 cum
1289 2141 1571 2196 intraverit
1599 2140 1873 2210 plenitudo

300 2233 541 2304 gentium
570 2250 584 2286 :
625 2239 752 2287 tunc
775 2232 952 2288 omnis
975 2231 1142 2287 Israel
1173 2232 1352 2286 salvus
1384 2231 1477 2285 ﬁat
1506 2248 1520 2284 :
1566 2231 1661 2286 sed
1692 2232 1873 2286 omnia

301 2324 418 2378 haec
442 2322 496 2377 in
539 2323 717 2392 primo
739 2321 1101 2392 intelligamus
1144 2321 1397 2376 adventu.
1427 2321 1493 2375 Et
1519 2321 1678 2391 paulo
1706 2330 1828 2392 post
1857 2339 1869 2374 :

304 2413 529 2469 Levabit
557 2412 722 2483 igitur
751 2412 965 2481 signum
990 2411 1169 2467 crucis
1194 2411 1248 2465 in
1280 2411 1528 2466 nationes
1561 2412 1872 2478 universas,

302 2509 359 2554 et
387 2501 454 2556 de
499 2501 787 2572 synagogis
816 2497 1124 2554 Iudaeorum
1151 2500 1386 2569 primum
1441 2499 1606 2556 Israel
1650 2502 1875 2572 populos

301 2590 673 2662 congregabit,
709 2598 771 2644 ut
798 2589 1040 2661 Apostoli
1088 2595 1416 2660 praeceptum
1444 2587 1742 2647 Salvatoris
1771 2592 1874 2647 im-

304 2681 540 2751 plerent,
594 2680 685 2751 qui
729 2680 986 2735 dixerat:
1022 2679 1102 2734 Ite
1153 2680 1222 2734 ad
1267 2696 1384 2734 oves
1423 2681 1652 2750 perditas
1690 2682 1874 2735 domus

306 2772 496 2826 Israel.
529 2773 672 2827 Idem
697 2773 749 2827 in
777 2772 1127 2843 sequentibus
1158 2773 1211 2828 in
1236 2781 1536 2829 memorato
1559 2774 1699 2829 libro
1724 2790 1874 2830 mon-

306 2870 463 2928 strat,
500 2862 566 2917 de
592 2863 788 2932 quibus
809 2863 1080 2918 canticum
1107 2872 1311 2930 narret,
1337 2863 1523 2920 dicens
1555 2879 1570 2918 :
1602 2864 1701 2933 Qui
1728 2867 1878 2936 prius

313 2954 368 3006 in
397 2953 686 3009 solitudine
713 2953 997 3020 dixeratis,
1028 2955 1242 3025 quando
1278 2956 1598 3013 ascendistis
1631 2955 1697 3012 de
1731 2965 1877 3013 terra

307 3043 548 3114 Egypti,
575 3053 629 3098 et
661 3059 810 3099 mare
835 3045 1096 3100 siccatum
1146 3053 1229 3099 est
1258 3044 1498 3100 Rubrum
1533 3063 1546 3099 :
1589 3045 1879 3104 Cantemus

307 3135 552 3201 Domino,
582 3137 812 3206 gloriose
862 3136 1006 3191 enim
1058 3137 1437 3207 magniﬁcatus
1461 3146 1546 3193 est
1579 3153 1594 3191 :
1628 3148 1684 3194 et
1734 3156 1878 3195 nunc

303 3241 560 3294 percussa
586 3227 764 3297 lingua
791 3228 958 3282 maris
988 3227 1228 3298 Egypti,
1259 3237 1312 3283 et
1338 3228 1557 3284 ﬂumine
1585 3231 1727 3286 illius
1759 3247 1880 3288 are-

305 3317 473 3382 facto,
500 3325 662 3388 atque
691 3319 969 3373 conscisse
1009 3331 1062 3374 et
1107 3320 1408 3386 humiliato,
1439 3322 1735 3392 gloriﬁcate
1775 3325 1880 3380 Do-

305 3409 532 3473 minum,
562 3422 617 3464 et
639 3410 798 3464 dicite
830 3428 842 3464 :
877 3410 1186 3465 Conﬁtebor
1213 3412 1330 3476 tibi,
1357 3413 1604 3478 Domine,
1623 3415 1878 3485 quoniam

305 3500 445 3554 iram
469 3499 641 3554 merui
669 3509 722 3554 et
746 3499 1002 3555 furorem.
1037 3501 1207 3556 Tuam
1241 3504 1666 3560 misericordiam
1691 3522 1879 3562 consc-

304 3601 462 3649 cutus
483 3607 623 3646 sum.
649 3587 727 3644 Tu
753 3607 812 3648 es
838 3593 980 3646 enim
1013 3593 1263 3648 Salvator
1286 3611 1455 3661 meus,
1491 3597 1658 3662 idest,
1686 3597 1874 3654 Iesus:

305 3697 356 3742 et
389 3701 728 3756 nequaquam
754 3685 1000 3740 ﬁduciam
1034 3687 1241 3742 habebo
1265 3687 1316 3741 in
1347 3688 1522 3754 idolis,
1553 3706 1651 3745 nec
1678 3691 1880 3746 timebo

304 3789 425 3845 qua:
451 3790 554 3830 non
583 3783 710 3829 sunt
739 3775 994 3840 timenda,
1045 3775 1140 3830 sed
1185 3784 1238 3829 tu
1269 3792 1327 3831 es
1362 3776 1616 3833 fortitudo
1649 3794 1790 3845 mea,
1821 3787 1878 3834 et

310 3869 426 3920 laus
481 3881 622 3920 mea.
678 3864 789 3920 IIoc
823 3875 906 3920 est
967 3867 1106 3921 inter
1163 3867 1425 3936 psalmum
1476 3879 1530 3924 et
1583 3871 1877 3936 canticum,

307 3956 451 4026 quod
475 3963 558 4009 est
587 3956 726 4009 inter
754 3971 917 4026 opera
938 3955 1096 4024 justi,
1141 3966 1197 4012 et
1239 3959 1534 4027 gratiarum
1562 3960 1830 4016 actionem
1859 3981 1871 4015 :

309 4054 370 4098 ut
396 4044 635 4113 psalmus
675 4045 1032 4110 demonstret,
1083 4059 1245 4116 opera
1298 4047 1428 4117 justi
1484 4057 1604 4117 post
1657 4065 1881 4104 conver—

308 4136 545 4199 sionem,
601 4143 659 4188 ut
701 4135 754 4188 in
797 4143 881 4208 est
926 4136 1177 4204 przescnti
1216 4135 1422 4205 psalmo
1452 4150 1470 4187 :
1502 4137 1763 4202 Quoniam
1810 4137 1877 4192 ad

307 4243 356 4284 te
383 4230 562 4293 orabo,
582 4228 819 4293 Domine,
837 4245 990 4283 mane
1016 4229 1266 4283 exaudies
1288 4246 1461 4283 vocem
1478 4246 1645 4284 meam
1674 4250 1684 4283 :
1722 4230 1879 4284 Mane

307 4323 491 4376 astabo
526 4321 618 4374 tibi
666 4330 713 4375 et
752 4321 949 4384 videbo,
979 4329 1033 4374 et
1064 4329 1256 4375 czetera
1288 4339 1300 4373 :
1337 4330 1390 4376 et
1417 4323 1709 4385 canticum,
1740 4322 1880 4376 Lau-

1971 509 2131 580 plebis
2177 529 2258 566 me
2285 510 2469 567 ltetitia
2503 528 2621 567 cum
2650 513 2794 568 vultu
2821 523 2908 568 tuo
2939 529 2956 566 :
2990 531 3147 571 mane
3182 519 3436 575 astabunt
3488 531 3544 576 et

1973 601 2493 672 contemplabuntur.
2519 603 2603 666 Et.
2638 603 2776 660 sicut
2805 603 2896 658 alii
2920 603 3173 660 dixerunt
3195 607 3539 679 interpretes,

1973 687 2168 744 Satiati
2194 707 2373 745 sumus
2398 703 2550 745 mane
2571 693 2929 748 misericordia
2951 702 3062 749 tua.
3090 695 3241 752 Tunc
3265 698 3543 754 satiabun-

1973 788 2090 846 tur;
2122 781 2262 836 sicut
2291 782 2432 836 enim
2478 783 2605 838 alibi
2651 783 2765 837 ait:
2801 782 3047 839 Satiabor
3074 802 3193 840 cum
3239 791 3544 859 apparuerit

1971 868 2140 939 gloria
2163 879 2273 924 tua.
2307 870 2464 926 Unde
2511 873 2727 938 dicitur,
2769 871 3003 928 Ostende
3035 875 3191 930 nobis
3220 875 3458 941 Patrem,
3489 886 3545 931 et

1973 958 2167 1014 sufﬁcit
2193 961 2366 1016 nobis.
2420 962 2600 1031 Atque
2632 962 2744 1032 ipse
2774 964 3032 1019 Dominus
3065 982 3078 1018 :
3110 964 3401 1020 Ostendam
3431 982 3545 1022 me-

1974 1049 2146 1118 ipsum
2178 1050 2274 1104 illi.
2299 1050 2450 1117 Quod
2479 1053 2648 1107 donec
2679 1052 2790 1116 ﬁat,
2816 1054 2950 1108 nihil
2983 1055 3111 1110 boni
3141 1057 3296 1110 nobis
3327 1055 3541 1120 suﬂlcit,

1973 1157 2074 1197 nec
2101 1141 2351 1197 sufﬁcere
2399 1143 2575 1209 debet,
2629 1159 2698 1204 ne
2742 1145 3068 1201 desiderium
3099 1156 3342 1203 nostrum
3370 1149 3426 1203 in
3455 1149 3545 1203 via

1973 1240 2271 1288 remaneat.
2302 1233 2366 1286 Et
2399 1242 2520 1304 post
2547 1249 2718 1304 pauca
2748 1252 2761 1288 :
2802 1233 3000 1305 Repleti
3031 1253 3216 1292 sumus
3243 1254 3396 1292 mane
3441 1238 3544 1291 mi-

1972 1323 2258 1377 sericordia
2295 1332 2408 1388 tua,
2457 1334 2505 1378 et
2535 1323 2924 1390 exsultavimus,
2953 1333 3002 1380 et
3042 1325 3284 1382 delectati
3332 1326 3542 1400 [ltetati]

1972 1428 2150 1467 sumus
2174 1414 2230 1466 in
2259 1413 2498 1468 omnibus
2528 1414 2708 1470 diebus
2755 1418 2966 1471 nostris.
2994 1417 3121 1473 Dies
3149 1418 3261 1483 ille,
3305 1418 3422 1475 dies
3463 1430 3550 1475 est

1974 1500 2090 1556 sine
2120 1501 2246 1568 ﬁne,
2294 1502 2454 1557 simul
2494 1512 2622 1558 sunt
2643 1505 2845 1560 lomnes
2869 1505 2946 1562 illi
2995 1507 3132 1564 dies.
3180 1507 3220 1579 -ι-
3265 1506 3418 1576 Quod
3451 1524 3548 1580 per

1973 1593 2317 1662 quotidianus
2339 1602 2526 1649 noctes
2546 1596 2792 1665 sequitur
2811 1605 2934 1667 post
2957 1599 3219 1670 hymnum
3247 1599 3544 1666 Zachariae,

1978 1683 2068 1754 qui
2090 1698 2188 1739 nos
2219 1683 2510 1740 introducit
2552 1693 2675 1756 post
2704 1689 3158 1745 resurrectionem
3181 1705 3466 1762 corporum
3492 1693 3548 1748 in

1905 1748 1952 1807 Β
1978 1748 2233 1826 aeternam
2276 1773 2460 1839 vitam,
2501 1748 2676 1831 oratio
2718 1785 2973 1833 consueta
3008 1779 3113 1836 hoc
3167 1748 3364 1848 innuit,
3405 1785 3548 1854 quod

1974 1861 2064 1915 illa
2112 1863 2292 1918 omnia
2329 1863 2468 1919 bona
2518 1874 2831 1935 peccatores
2871 1883 2970 1938 per
3014 1870 3389 1940 penitentiam
3421 1888 3544 1943 spe-

1974 1962 2114 2008 rant.

2559 2052 2786 2109 CAPUT
2823 2052 2958 2110 XIII.

2541 2142 2614 2197 De
2642 2143 2797 2198 tertia
2822 2145 2977 2214 feria.

2046 2250 2227 2305 Tertia
2256 2249 2391 2305 feria
2418 2251 2550 2307 illud
2605 2262 2820 2325 tempus
2843 2256 3054 2323 recolit,
3084 2260 3301 2330 quando
3329 2263 3398 2319 ab
3446 2264 3550 2320 im-

1973 2339 2076 2408 piis
2101 2339 2520 2410 Imperatoribus
2555 2345 2984 2414 persequebatur
3021 2347 3291 2418 Ecclesia,
3321 2353 3414 2424 qui
3465 2368 3552 2410 co-

1974 2429 2244 2485 nabantur
2267 2430 2481 2487 auferre
2520 2432 2732 2490 lucrum
2759 2437 3147 2507 apostolorum,
3176 2457 3246 2497 ne
3274 2441 3413 2499 ﬁlios
3438 2447 3552 2515 spi-

1974 2521 2198 2578 rituales
2226 2532 2567 2593 generarent.
2621 2525 2857 2597 Tempus
2911 2529 3039 2584 illud
3083 2533 3352 2604 praecipue
3391 2535 3493 2590 fuit
3521 2553 3552 2590 a

1973 2611 2148 2679 prima
2172 2614 2551 2682 persecutione
2586 2613 2814 2672 Neronis
2849 2631 3022 2689 usque
3052 2620 3120 2675 ad
3161 2629 3404 2693 tempora
3428 2627 3554 2682 Dio-

1974 2707 2188 2763 cletiani
2216 2716 2271 2764 et
2309 2707 2641 2764 Maximiani.
2673 2710 2775 2777 Qui
2820 2713 2997 2768 sancti
3022 2728 3089 2770 eo
3129 2722 3371 2786 tempore
3407 2719 3552 2788 passi

1976 2811 2100 2857 sunt
2127 2800 2368 2872 psalmus
2393 2810 2677 2869 monstrat,
2703 2803 2888 2860 dicens
2915 2823 2928 2859 :
2961 2804 3158 2862 Indica
3185 2825 3288 2876 me,
3318 2809 3479 2875 Deus,
3503 2821 3555 2866 et

1975 2891 2211 2947 discerne
2235 2909 2450 2947 causam
2477 2911 2645 2949 meam
2689 2895 2754 2949 de
2774 2905 2923 2966 gente
2948 2913 3054 2952 non
3080 2909 3286 2966 sancta,
3319 2908 3423 2956 etc.
3452 2901 3549 2958 Se-

1977 2984 2199 3054 quentia
2247 2998 2354 3039 non
2389 2985 2570 3041 minus
2612 2989 2990 3042 demonstrant
3035 2989 3307 3044 tristitiam
3355 3001 3556 3048 sanctae

1905 3092 1949 3154 ρ
1980 3074 2254 3143 Ecclesiae,
2290 3091 2452 3145 quam
2479 3075 2714 3133 habebat
2737 3078 2863 3148 quia
2889 3078 2939 3134 ei
2970 3087 3158 3148 aperte
3182 3079 3382 3136 licebat
3401 3081 3558 3137 Chri-

1980 3174 2124 3221 stum
2152 3181 2416 3236 generare
2439 3167 2494 3220 in
2534 3168 2786 3223 cordibus
2814 3167 3130 3225 electorum.
3156 3170 3342 3225 Evasit
3369 3181 3557 3226 sancta

1981 3257 2224 3312 Ecclesia
2265 3257 2331 3312 de
2376 3258 2478 3311 hac
2526 3256 2892 3324 tribulatione,
2916 3267 2974 3312 et
3026 3269 3213 3316 cantat
3257 3261 3555 3325 canticum,

1980 3345 2123 3414 quod
2175 3345 2413 3399 cantavit
2453 3345 2714 3402 Ezechias
2753 3356 3038 3418 postquam
3064 3349 3326 3406 liberatus
3359 3360 3444 3406 est
3493 3353 3561 3406 de

1981 3434 2441 3500 Sennacheribus,
2473 3444 2528 3489 et
2550 3445 2832 3507 postquam
2855 3451 2976 3492 eum
3001 3439 3145 3494 Deus
3186 3439 3430 3495 visitavit
3462 3455 3560 3511 per

1981 3521 2245 3594 ﬂagellum
2274 3522 2630 3590 inﬁrmitatis,
2657 3539 2726 3580 ne
2750 3524 3055 3581 elevaretur
3074 3541 3170 3582 cor
3216 3526 3334 3597 ejus
3361 3529 3426 3585 de
3479 3531 3560 3584 vi-

1981 3611 2148 3666 ctoria
2175 3625 2452 3666 concessa.
2499 3610 2654 3667 Unde
2686 3620 2741 3668 et
2789 3612 2946 3680 dicit,
2989 3612 3177 3669 Vivens
3227 3616 3400 3670 vivens
3451 3619 3561 3689 ipse

1980 3701 2312 3769 conﬁtebitur
2333 3701 2447 3767 tibi,
2473 3702 2609 3755 sicut
2633 3713 2682 3756 et
2709 3718 2802 3774 ego
2826 3703 2984 3758 hodie
3011 3717 3031 3755 :
3055 3713 3206 3775 pater
3229 3705 3357 3774 ﬁliis
3380 3717 3561 3762 notam

1981 3790 2139 3858 faciet
2164 3791 2428 3845 ceritatem
2456 3801 2622 3846 tuam.
2659 3791 2796 3848 Nam
2821 3801 2876 3848 et
2901 3794 3016 3865 ipse
3041 3795 3164 3851 ideo
3211 3795 3395 3866 ﬂebat,
3431 3799 3558 3870 quia

1983 3881 2198 3937 dolebat
2231 3881 2520 3937 orbitatem
2559 3881 2814 3938 ﬁliorum.

2565 3993 2793 4053 CAPUT
2833 3996 2969 4054 XIV.

2534 4105 2607 4160 De
2631 4115 2822 4178 quarta
2853 4106 3006 4176 feria.

2049 4220 2208 4276 Feria
2236 4228 2430 4291 quarta
2471 4229 2683 4288 tempus
2707 4221 2837 4275 illud
2879 4221 3090 4289 recolit,
3130 4223 3185 4280 in
3233 4241 3341 4296 quo
3369 4241 3558 4289 sancta

1979 4313 2222 4368 Ecclesia
2247 4310 2482 4366 exaltata
2544 4317 2626 4364 est
2671 4324 2834 4380 super
2877 4325 3068 4367 omnes
3115 4313 3364 4373 inimicos
3407 4335 3554 4378 suos.

307 4414 432 4468 dem
459 4411 550 4466 Dei
588 4427 686 4482 pro
737 4412 925 4465 eodem
953 4425 1136 4480 opere.
1188 4410 1390 4467 Versus
1420 4420 1542 4481 post
1593 4413 1876 4468 lectionem
1903 4452 1956 4510 Β
1981 4400 2135 4467 Οαοά
2185 4416 2250 4456 εκ
2279 4399 2436 4454 mmo
2465 4399 2658 4510 Pi‘llm'i
2696 4399 2894 4510 (Ιξιίνίιι
2931 4415 2996 4456 ea
3042 4412 3312 4510 fami-amr.
3359 4424 3559 4510 σοβηο-

307 4519 407 4574 per
438 4504 776 4572 quotidianas
802 4512 986 4559 noctes
1014 4519 1028 4557 :
1059 4503 1188 4558 illud
1215 4513 1425 4574 tempus
1463 4507 1529 4560 ad
1559 4507 1877 4561 memoriam

307 4595 538 4659 reducit,
561 4596 775 4664 quando
809 4610 1018 4650 merces
1052 4595 1550 4662 recompensabitur
1579 4606 1700 4665 post
1731 4597 1876 4652 labo-

308 4699 422 4740 rem
453 4686 734 4755 praesentis
763 4686 941 4741 szeculi
963 4684 1126 4753 justis
1163 4701 1192 4739 a
1223 4685 1471 4740 Domino.
1497 4685 1700 4742 Versus
1725 4688 1874 4753 dicit,

314 4775 512 4846 Repleti
556 4793 737 4831 sumus
783 4791 934 4829 mane
982 4776 1337 4829 misericordia
1369 4785 1458 4828 tua
1495 4790 1511 4827 :
1543 4783 1598 4830 et
1647 4775 1872 4844 reliqua.

306 4865 478 4933 Quem
506 4867 577 4920 ita
606 4867 826 4937 exponit
851 4866 1180 4938 Augustinus
1201 4867 1252 4921 in
1276 4867 1464 4922 eodem
1479 4866 1705 4936 psalmo,
1736 4869 1876 4922 unde

307 4965 556 5027 sumptus
585 4964 669 5013 est
702 4976 714 5011 :
750 4956 972 5021 Deinde,
1022 4959 1217 5027 inquit.
1254 4957 1344 5012 illa
1376 4957 1515 5012 bona
1550 4973 1670 5028 qua:
1699 4955 1877 5010 futura

309 5056 438 5101 sunt
473 5062 568 5117 spe
592 5048 915 5116 anticipans.
943 5056 998 5101 et
1019 5047 1164 5102 velut
1185 5047 1324 5102 facta
1347 5045 1455 5115 jam
1479 5047 1762 5118 deputans,
1797 5061 1877 5101 re-

308 5138 441 5210 pleti
463 5154 672 5203 sumus,
699 5140 893 5208 inquit,
919 5152 1084 5191 mane
1111 5138 1485 5192 misericordia
1515 5148 1625 5192 tua.
1660 5140 1800 5211 Ergo
1824 5140 1878 5194 in

310 5229 398 5282 his
422 5228 566 5282 velut
599 5229 873 5282 nocturnis
899 5229 1193 5291 laboribus,
1225 5235 1280 5282 et
1300 5227 1574 5284 doloribus
1601 5231 1879 5298 prophetia

309 5319 467 5374 nobis
495 5335 718 5373 accensa
743 5327 824 5373 est
854 5337 866 5371 :
894 5320 1031 5374 sicut
1055 5319 1275 5372 lucerna
1303 5318 1355 5371 in
1379 5317 1611 5372 obscuro
1638 5319 1756 5373 loco
1788 5321 1881 5373 do-

309 5427 411 5466 nec
441 5412 556 5465 dies
607 5409 903 5473 illucescat,
952 5419 1005 5464 et
1035 5409 1251 5463 Lucifer
1287 5409 1495 5464 oriatur
1547 5409 1600 5463 in
1628 5411 1881 5465 cordibus

309 5503 512 5558 nostris
539 5518 553 5556 :
579 5502 726 5556 Beati
747 5505 888 5556 enim
907 5503 1096 5556 mundo
1126 5502 1302 5566 corde,
1329 5503 1690 5572 qztoniamipsi
1715 5503 1879 5556 Deum

307 5594 568 5648 uidebunt.
616 5593 766 5648 Tunc
817 5594 1164 5663 replebuntur
1216 5609 1282 5648 eo
1330 5593 1472 5648 bono
1516 5592 1686 5662 justi,
1738 5595 1880 5664 quod

309 5699 455 5739 nunc
481 5685 728 5740 esuriant
759 5692 813 5738 et
846 5686 1052 5748 sitiunt,
1083 5699 1204 5742 cum
1227 5700 1326 5756 per
1357 5685 1512 5741 ﬁdem
1549 5686 1881 5743 ambulantes

669 5778 946 5838 PATROL.
987 5777 1091 5841 CV

1984 4507 2136 4548 scere
2165 4507 2469 4561 possumus.
2503 4491 2714 4546 Titulus
2742 4491 2864 4547 talis
2892 4500 2977 4548 est
3011 4511 3023 4547 :
3049 4493 3117 4550 In
3143 4496 3302 4564 linem
3322 4500 3556 4569 psalmus

1985 4584 2175 4648 David,
2215 4581 2489 4636 Canticum
2539 4581 2840 4645 Hieremitz,
2892 4593 2941 4636 et
2987 4582 3230 4639 Ezechiel
3256 4603 3322 4642 ea:
3365 4591 3556 4660 popqu

1983 4667 2459 4743 transmigrationis
2489 4689 2605 4726 cum
2635 4673 2920 4744 inciperent
2969 4676 3131 4730 exire.
3176 4675 3282 4733 Iste
3315 4679 3556 4748 psalmus

1983 4780 2046 4820 ex
2071 4779 2300 4834 persona
2327 4778 2513 4818 eorum
2541 4771 2812 4829 cantatur,
2857 4764 2951 4833 qui
2999 4765 3278 4823 intuentur
3320 4772 3552 4828 reditum

1985 4857 2052 4910 ad
2072 4855 2424 4920 Hierusalem,
2450 4862 2505 4908 et
2531 4853 2835 4910 libertatem
2857 4856 3038 4926 populi
3063 4857 3178 4914 Dei.
3209 4859 3359 4918 Sicut
3381 4862 3551 4921 Judaei

1981 4947 2250 5019 quondam
2296 4947 2509 5002 liberati
2545 4954 2672 5001 sunt
2712 4947 2778 5002 de
2821 4946 3139 5019 Babylonia,
3173 4959 3228 5008 et
3256 4943 3552 5012 transducti

1984 5042 2342 5107 Hierusalem,
2389 5041 2462 5095 ita
2489 5049 2544 5096 et
2574 5041 2815 5096 Ecclesia
2861 5047 3048 5099 no'st'ra
3098 5044 3324 5102 liberata
3374 5057 3457 5104 est
3487 5050 3553 5104 de

1985 5150 2146 5189 manu
2183 5133 2472 5202 impiorum
2517 5133 2923 5202 imperatorum,
2977 5141 3034 5190 et
3075 5135 3270 5192 donata
3314 5137 3552 5194 libertati

1983 5235 2224 5296 tempore
2253 5223 2591 5278 Constantini
2628 5223 2989 5294 imperatoris.
3031 5224 3184 5282 Unde
3225 5227 3458 5282 exsultat
3496 5228 3552 5283 in

1985 5317 2220 5380 cantico,
2248 5315 2392 5386 quod
2420 5315 2658 5370 cantavit
2699 5315 2856 5369 Anna
2887 5315 3155 5372 Samuelis
3184 5326 3357 5372 mater
3403 5327 3554 5387 post-

1987 5422 2150 5477 quam
2177 5406 2403 5460 liberata
2430 5413 2513 5459 cst
2543 5404 2610 5459 de
2657 5403 2947 5460 afﬂictione
2994 5404 3296 5460 Phenennae
3347 5407 3554 5463 temulze

1987 5515 2118 5565 sua},
2141 5497 2455 5560 Exsultavit,
2474 5497 2666 5567 inquit,
2695 5513 2784 5550 cor
2807 5497 3042 5550 meumin
3068 5495 3312 5561 Domino,
3337 5505 3385 5550 et
3405 5499 3555 5551 exal-

1987 5603 2152 5647 tatum
2178 5601 2252 5646 est
2287 5606 2375 5644 cor
2401 5605 2570 5642 meum
2606 5589 2660 5640 in
2693 5587 2801 5641 Deo
2824 5603 2956 5640 meo.
3007 5586 3090 5640 Ab
3115 5587 3204 5640 illo
3228 5589 3372 5643 enim
3418 5597 3554 5645 tem-

1987 5700 2116 5756 pore
2152 5691 2434 5756 postquam
2469 5677 2768 5750 respublica
2818 5686 2874 5730 et
2924 5685 3159 5746 potestas
3191 5679 3548 5737 Romanorum

3083 5767 3161 5828 38
