3938 6178
401 260 539 320 “95

1415 253 1748 312 ΑΜΑιΑιιιι
1786 250 2223 311 PRESBYTERI
2262 252 2607 312 ΜΕτΕΝειε

3504 257 3642 313 “CG

395 370 611 429 subdita
642 372 726 422 est
763 361 1072 436 apostolicis
1092 360 1224 418 viris
1248 368 1305 419 et
1332 361 1654 419 Christianis
1681 362 1969 432 impcrato—
1995 361 2047 421 A
2070 362 2290 418 veniens
2336 373 2420 420 est
2470 365 2709 441 psalmus
2758 369 3005 424 sabbato.
3059 368 3343 437 Quomodo
3389 385 3652 443 congruat

399 460 568 525 ribus,
596 456 873 513 dilatatqu
899 459 985 509 est
1008 466 1071 507 os
1091 451 1348 508 Ecclesiae
1373 467 1536 523 super
1558 451 1805 506 inimicos
1819 460 1997 517 suos,

398 552 609 611 scilicet
641 556 694 604 ct
714 559 951 620 paganos
978 550 1035 601 et
1073 542 1309 614 perﬁdos
1335 539 1567 600 Iudaeos.
1596 538 1704 599 lsta
1730 541 1973 599 dilatatio

398 645 658 701 hodierna
695 643 783 698 die
824 652 1126 713 permanet,
1180 643 1272 700 det
1320 642 1498 711 Deus,
1527 651 1589 697 ut
1625 641 1716 697 diu
1761 650 1976 726 perma-

398 742 526 791 neat
564 741 619 789 et
672 732 958 803 impleatur
1008 734 1138 790 illud
1187 733 1453 803 Apostoli.
1493 728 1671 821 Donec
1705 730 1974 821 plenitudo

398 825 627 897 gentium
653 823 943 893 introierit,
966 833 1016 880 et
1036 825 1111 879 sic
1140 824 1308 879 omnis
1341 821 1513 878 Israel
1541 820 1718 877 salvus
1745 820 1856 891 ﬁet.

998 932 1225 990 CAPUT
1264 932 1382 989 XV.

952 1023 1032 1078 De
1057 1024 1240 1095 quinta
1264 1024 1418 1094 feria.

472 1113 580 1170 Iste
599 1114 859 1170 articulus
893 1112 994 1169 sub
1018 1128 1127 1168 una
1167 1113 1334 1185 virga,
1364 1113 1419 1168 id
1441 1120 1544 1180 est,
1568 1111 1668 1168 sub
1700 1123 1809 1167 uno
1837 1112 1978 1182 regi-

402 1205 549 1260 mine
569 1205 794 1275 suscipit
820 1203 1073 1275 populum
1102 1202 1409 1269 Iudaicum,
1440 1211 1496 1258 et
1520 1201 1775 1273 populum
1805 1202 1981 1272 genti.

404 1294 533 1352 lem.
560 1295 696 1363 Quia
728 1297 783 1351 in
814 1296 919 1350 isto
961 1294 1188 1349 articulo
1238 1293 1578 1365 recipiendus
1622 1301 1708 1348 est
1749 1290 1979 1363 populus

403 1383 678 1451 Judaicus,
708 1393 964 1441 cantatur
984 1384 1223 1453 psalmus
1244 1382 1299 1437 in
1328 1379 1515 1453 quinta
1550 1380 1709 1447 feria,
1732 1380 1823 1450 qui
1843 1394 1982 1449 prae-

404 1477 653 1534 titulatur
671 1492 740 1532 ex
766 1477 1012 1532 oratione
1042 1475 1255 1546 Moysis.
1284 1475 1431 1529 Talis
1446 1482 1530 1530 est
1552 1473 1761 1536 titulus,
1796 1471 1981 1528 Oratio

406 1566 607 1639 Moysis
635 1568 859 1622 hominis
889 1567 1005 1622 Dei.
1055 1566 1313 1637 Sequitur
1355 1567 1645 1631 canticum,
1700 1562 1982 1618 Cantemus

405 1657 655 1714 Domina.
681 1658 832 1725 Quod
859 1658 989 1713 olim
1031 1665 1320 1712 cantavcre
1368 1656 1424 1710 in
1464 1653 1635 1726 ﬁgura
1669 1651 1867 1707 futurae
1896 1652 1979 1705 vi-

407 1750 595 1807 ctoria:
620 1748 917 1819 percipient
941 1748 1154 1821 quando
1185 1747 1495 1817 implebitur
1535 1744 1680 1816 quod
1725 1744 1983 1801 Dominus

408 1838 463 1892 in
498 1838 785 1909 Evangelia
823 1838 980 1904 dixit,
1021 1837 1223 1893 Amodo
1252 1854 1357 1892 non
1408 1852 1489 1891 me
1537 1833 1779 1891 videbitis
1815 1833 1981 1888 donec

407 1929 617 1994 dicatis,
643 1926 955 1984 Benedictus
988 1930 1078 2000 qui
1099 1930 1235 1983 venit
1264 1929 1321 1983 in
1348 1928 1554 1982 nomine
1591 1925 1826 1980 Domini.

997 2039 1224 2097 CAPUT
1257 2040 1396 2096 XVI.

994 2130 1073 2186 De
1093 2140 1239 2184 sexta
1263 2131 1416 2199 feria.

442 2242 641 2300 ,Sexta
698 2242 834 2297 feria
877 2240 1183 2298 celebratur
1231 2240 1290 2295 in
1350 2242 1667 2294 memdnam
1716 2239 1985 2308 passionis

410 2332 710 2389 Salvatoris
736 2332 930 2387 nostri.
963 2330 1211 2387 Psalmus
1240 2330 1331 2401 qui
1357 2331 1411 2384 in
1438 2345 1503 2384 ea
1529 2337 1802 2395 cantatur,
1839 2331 1985 2385 hunc

412 2422 628 2479 titulum
657 2422 841 2486 habet,
892 2419 999 2490 Ipsi
1022 2419 1235 2491 ,David,
1279 2418 1491 2491 quando
1531 2434 1651 2473 eum
1697 2418 1842 2488 ﬁlius
1867 2418 1984 2489 ejus

406 2515 827 2584 persequebatur.
857 2511 933 2567 De
954 2525 1064 2580 quo
1096 2509 1251 2565 titulo
1272 2510 1349 2564 ita
1383 2509 1515 2564 dicit
1542 2508 1875 2579 Augustinus
1926 2508 1980 2562 in

407 2603 630 2674 prologo
664 2602 905 2673 ejusdem
943 2600 1139 2672 psalmi
1178 2618 1194 2656 :
1234 2599 1607 2672 Agnoscamus
1643 2615 1772 2671 ergo
1795 2614 2006 2670 quem-'

408 2693 696 2749 admodum
766 2691 1042 2747 Christum
1096 2694 1524 2763 persequebatur
1583 2691 1724 2748 ﬁlius
1782 2707 1912 2748 suus
1964 2709 1980 2746 :

408 2783 643 2839 habebat
662 2783 807 2838 enim
851 2782 992 2839 filios
1036 2783 1103 2837 de
1156 2783 1355 2853 quibus
1399 2783 1614 2839 dicebat
1640 2801 1654 2837 :
1684 2780 1810 2837 Non
1838 2783 1985 2854 jeju—

408 2882 538 2928 nant
575 2873 675 2942 ﬁlii
710 2872 887 2944 sponsi
923 2871 1159 2942 quandiu
1185 2860 1305 2927 cum
1326 2871 1433 2929 illis
1453 2883 1529 2929 est
1569 2889 1810 2944 sponsus,
1863 2888 1982 2927 cum

408 2976 585 3022 autem
625 2966 832 3020 ablatus
875 2965 1031 3034 fuerit
1075 2981 1317 3035 sponsus,
1365 2975 1488 3020 tunc
1520 2965 1838 3036 jejunabunt
1880 2964 1982 3034 ﬁlii

407 3056 605 3127 sponsi.
630 3055 772 3125 Ergo
798 3054 894 3109 filii
917 3054 1103 3124 sponsi
1143 3054 1392 3124 apostoli,
1416 3063 1474 3111 et
1497 3054 1642 3111 inter
1663 3055 1763 3111 hos
1797 3067 1982 3124 perse-

407 3156 567 3202 cutor
602 3145 847 3203 diabolus
884 3143 1068 3199 ludas.
1124 3144 1437 3200 Passionem
1479 3144 1665 3216 itaque
1717 3160 1871 3202 suam
1925 3145 1980 3201 in

409 3238 514 3293 hoc
567 3237 776 3307 psalmo
819 3236 1210 3307 praedicaturus
1257 3242 1342 3291 est
1390 3233 1659 3291 Christus.
1698 3233 1980 3291 Canticum

406 3327 714 3400 passionem
739 3325 856 3395 ejus
884 3325 1238 3381 nihilominus
1285 3333 1465 3392 sonat,
1496 3325 1683 3382 dicens
1713 3343 1727 3380 :
1768 3324 1982 3380 Cornua

407 3418 727 3475 inmanibus
775 3417 910 3487 ejus,
958 3416 1028 3472 ibi
1073 3416 1381 3472 abscondita
1424 3427 1500 3472 est
1544 3416 1797 3487 fortitudo
1842 3417 1978 3488 ejus.

409 3507 562 3575 Quod
588 3502 668 3562 sic
707 3505 1068 3577 Hieronymus
1099 3506 1321 3577 exponit
1355 3524 1369 3561 :
1399 3505 1605 3563 Vexilla
1637 3516 1714 3562 et‘
1740 3507 1983 3578 trophzea

409 3597 609 3663 crucis,
638 3606 694 3652 ct
718 3596 770 3652 in
798 3596 929 3668 ipsis
953 3597 1208 3661 cornibus
1249 3599 1567 3655 abscondita
1602 3608 1687 3655 est
1723 3598 1982 3656 fortitudo

408 3686 544 3757 ejus,
576 3697 630 3743 et
675 3688 835 3758 paulo
854 3696 976 3765 post
999 3689 1054 3743 in
1079 3704 1241 3746 cruce
1266 3705 1398 3763 ergo
1424 3690 1699 3762 paulisper
1724 3689 1982 3747 fortitudo

407 3776 525 3848 ejus
546 3779 859 3833 abscondita
876 3786 981 3844 est,
1009 3779 1227 3850 quando
1245 3780 1459 3836 dicebat
1484 3782 1554 3838 ad
1573 3781 1788 3837 Patrem
1819 3800 1832 3837 :
1866 3781 1983 3836 Tri-

406 3870 502 3921 stis
530 3878 604 3921 est
648 3870 825 3921 anima
854 3884 968 3922 mea
1019 3886 1180 3940 usque
1205 3870 1274 3925 ad
1302 3881 1521 3926 mortem
1541 3885 1560 3924 :
1585 3880 1660 3938 et,
1694 3870 1877 3939 Pater,
1935 3874 1982 3928 si

406 3953 650 4028 possibile
669 3964 765 4021 est,
792 3965 1022 4009 transeat
1045 3973 1077 4010 a
1096 3973 1177 4010 me
1199 3957 1340 4014 calix
1369 3959 1483 4024 iste,
1501 3960 1630 4015 etin
1659 3960 1774 4030 ipsa
1787 3976 1977 4018 cruce:

407 4043 591 4111 Pater,
619 4046 674 4100 in
703 4062 889 4101 manus
918 4056 1037 4100 tuas
1061 4049 1364 4104 commendo
1385 4051 1627 4122 spiritum
1664 4069 1854 4107 meum.
1876 4052 1983 4109 Ista

407 4135 701 4205 cst‘quinta
714 4150 819 4192 nox
837 4151 866 4190 a
893 4136 1128 4192 secunda
1151 4136 1305 4192 feria.
1334 4137 1549 4195 Sicutin
1565 4141 1756 4211 quinto
1775 4143 1983 4213 psalmo

403 4240 504 4299 per
528 4221 1052 4283 Bonunicas'noetcs
1078 4228 1384 4285 celebratur
1428 4240 1770 4304 contemptus
1804 4234 2007 4307 Nabu«_

403 4314 817 4385 chodonosoris,
830 4314 887 4375 et
906 4321 1128 4376 victoria
1154 4323 1315 4378 trium
1338 4340 1650 4394 puerorum,
1680 4327 1821 4383 inter
1844 4345 1979 4399 quos

405 4416 524 4466 erat
550 4418 776 4479 quartus
812 4418 1062 4480 aspectus
1091 4411 1185 4466 lilii
1208 4412 1441 4470 hominis
1471 4433 1484 4469 :
1519 4414 1594 4471 ita
1646 4427 1701 4474 et
1728 4434 1873 4475 nunc
1922 4420 1978 4475 in

404 4501 595 4573 quinto
632 4501 751 4558 loco
778 4498 1117 4569 cerne-ruptus
1170 4506 1337 4561 totius
1390 4509 1596 4576 mundi,
1649 4518 1705 4565 et
1750 4510 1975 4568 victoria

404 4590 599 4645 summi
621 4601 676 4648 ct
708 4591 875 4647 solius
907 4592 1312 4664 triumphatoris
1354 4596 1518 4665 illius,
1547 4600 1701 4671 cujus
1726 4613 1975 4671 aspectus

402 4680 530 4734 olim
550 4681 832 4741 videbatur
859 4683 1002 4738 inter
1036 4692 1143 4740 tres
1178 4700 1395 4755 pueros.
1426 4687 1702 4761 Digneque
1728 4688 1782 4745 in
1821 4703 1974 4748 sexta

400 4770 536 4825 feria
581 4784 913 4830 memoratur
951 4773 1066 4845 ejus
1093 4778 1274 4847 passio
1302 4796 1411 4851 pra:
1452 4784 1662 4839 czcteris
1698 4785 1971 4853 noctibus,

402 4862 528 4933 quia
558 4862 612 4917 in
638 4876 703 4919 ea
740 4868 961 4937 peracta
986 4877 1092 4925 est.
1133 4912 1136 4916 λ

970 4979 1199 5038 CAPUT
1234 4984 1395 5042 XVII.

1017 5072 1097 5128 De
1116 5075 1351 5129 sabbato.

454 5144 766 5215 'Salthatum
817 5160 1006 5215 recolit
1057 5167 1372 5220 memoriam
1423 5167 1716 5224 electorum
1764 5168 1975 5230 Iudaeo-

403 5236 664 5321 rum,qui
690 5248 864 5321 juncti
886 5261 1044 5306 erunt
1085 5252 1339 5309 Ecclesia!
1377 5257 1430 5311 in
1462 5256 1569 5312 line
1599 5262 1799 5315 mundi.
1836 5261 1972 5317 Sab-

400 5340 586 5395 batum
613 5340 1129 5411 quodlingcbantet
1156 5343 1363 5415 lingunt
1399 5344 1570 5402 ειυς]ςεί
1617 5350 1862 5407 carnales
1911 5369 1970 5407 se

400 5432 707 5489 observare.
734 5428 902 5489 Judzei
926 5432 1110 5489 ﬁdeles
1133 5434 1186 5489 in
1198 5436 1426 5492 veritate
1453 5439 1759 5496 eustodient
1772 5442 1824 5496 in
1842 5442 1967 5498 ﬁne.

401 5519 647 5579 Psalmus
668 5525 761 5595 qui
790 5527 845 5579 in
879 5539 944 5580 eo
972 5534 1244 5592 cantatur,
1294 5526 1455 5584 talem
1499 5529 1713 5585 titulum
1762 5533 1921 5590 habet
1953 5554 1966 5589 :

402 5604 647 5688 Pstdgnus
671 5617 859 5671 cantici
892 5618 946 5673 in
968 5616 1054 5673 die
1071 5617 1294 5674 sabbati.
1322 5617 1405 5677 Ex
1433 5619 1591 5680 titulo
1618 5620 1813 5689 psalmi
1842 5639 1970 5681 con-

2071 451 2268 522 populo
2287 444 2531 519 Iudaico,
2555 469 2746 512 versus
2765 456 2984 527 quidam
3016 458 3377 528 demonstrat,
3405 461 3597 518 dicens
3633 483 3653 522 ;

2072 539 2141 594 In
2162 535 2484 596 decue/tardo
2506 542 2753 613 psalterio
2773 562 2891 599 cum
2911 548 3114 602 cantico
3141 558 3189 604 et
3216 550 3447 606 cithara.
3497 551 3658 620 Quod

2074 630 2149 685 ita
2176 631 2530 701 Augustinus,
2555 634 2951 692 decachordum
2977 639 3293 708 psalterium
3317 643 3479 701 modo
3499 645 3657 699 audi-

2073 716 2174 776 stis
2205 739 2220 777 :
2249 721 2655 779 Decacbordum
2676 722 2992 795 psalterium
3015 719 3285 800 signiﬁcat
3307 733 3494 789 decem
3516 751 3663 805 prm-

2075 812 2231 885 cepta
2256 806 2421 885 legis;
2449 816 2545 872 sed
2564 825 2785 896 cantare
2815 818 2870 873 in
2894 809 2985 875 illo
3009 836 3146 891 Opus
3173 830 3258 878 est
3285 840 3400 880 non
3430 836 3660 896 portare

1992 916 2011 923 "
2075 896 2413 975 psalterium,
2443 912 2569 961 nam
2623 916 2677 963 ει
2712 895 2881 963 Judaei
2910 910 3111 966 habent
3156 912 3325 984 legem
3361 934 3375 969 :
3409 895 3659 986 portant.

2077 1014 2185 1053 non
2211 998 2463 1068 psallunt.
2496 999 2597 1066 Qui
2624 1009 2753 1056 sunt
2783 1004 2874 1073 qui
2906 1004 3176 1075 psallunt?
3200 1006 3303 1074 Qui
3336 1020 3656 1078 operantur.

2079 1087 2179 1155 Qui
2212 1097 2507 1158 operantur
2530 1105 2651 1145 cum
2698 1092 2939 1159 tristitia,
2973 1095 3210 1150 nondum
3245 1092 3500 1165 psallunt,
3547 1097 3656 1168 Qui

2080 1188 2205 1234 sunt
2233 1181 2322 1248 qui
2346 1179 2613 1249 psallunt?
2637 1181 2737 1248 Qui
2763 1198 2886 1237 cum
2925 1184 3200 1240 hilaritate
3236 1186 3444 1244 faciunt
3471 1190 3613 1247 bene
3639 1232 3658 1255 ,

2079 1278 2135 1323 et
2174 1270 2401 1339 reliqua.
2428 1268 2541 1326 lloc
2576 1273 2849 1329 credimus
2896 1273 3138 1331 futurum
3187 1292 3309 1334 esse
3354 1280 3416 1333 in
3457 1284 3661 1351 populo

2081 1358 2331 1426 Judaico,
2357 1362 2571 1431 quando
2608 1362 2834 1433 populus
2864 1381 3004 1420 unus
3028 1367 3133 1421 erit
3170 1383 3294 1422 cum
3323 1380 3509 1425 sancta
3552 1372 3659 1425 Ec-

2090 1453 2253 1508 clesia
2282 1494 2298 1518 ,
2344 1454 2484 1522 quod
2524 1455 2682 1509 modo
2726 1444 2916 1512 beatus
2970 1452 3301 1527 Augustinus
3355 1471 3544 1516 narrat
3589 1464 3661 1517 de

2084 1551 2273 1597 sancta
2326 1533 2587 1598 Ecclesia.
2639 1542 2923 1601 Canticum
2961 1547 3105 1617 quod
3161 1549 3428 1618 sequitur,
3471 1552 3665 1605 audite

2084 1630 2228 1698 cmli,
2251 1635 2520 1703 quomodo
2550 1633 2775 1690 sabbato
2802 1638 3089 1692 conveniat
3112 1644 3167 1693 et
3191 1638 3387 1708 populo
3406 1634 3660 1704 Iudaico,

2008 1698 2056 1757 Β
2082 1698 2330 1780 dominus
2356 1722 2497 1780 Beda
2526 1726 2777 1796 explanat
2819 1727 2874 1782 in
2928 1729 3164 1784 secundo
3191 1698 3335 1786 libro
3386 1739 3658 1787 tractatus

2085 1829 2246 1886 super
2292 1810 2542 1870 Lucam:
2578 1814 2933 1872 Conﬂuebant
2986 1827 3169 1874 autem
3202 1821 3289 1875 die
3338 1821 3553 1877 sabbati
3602 1824 3661 1877 in

2081 1904 2392 1976 synagogis,
2422 1913 2483 1958 ut
2504 1903 2660 1973 juxta
2687 1909 2829 1976 quod
2879 1907 3136 1964 Dominus
3161 1911 3427 1980 praecipit,
3465 1909 3664 1965 Vaeate

2082 1991 2333 2059 etuidete,
2360 1996 2607 2066 quoniam
2633 2012 2726 2068 ego
2766 2015 2879 2051 sum
2901 1998 3065 2066 Deus,
3089 1999 3295 2055 feriatis
3343 2003 3529 2057 mundi
3560 2018 3661 2057 nc-

2083 2084 2244 2155 gotiis
2266 2086 2334 2140 ad
2364 2086 2670 2142 meditanda
2698 2087 2832 2158 legis
2860 2090 3062 2144 monita
3105 2091 3292 2160 quieto
3312 2093 3478 2147 corde
3518 2093 3665 2148 resi-

2081 2173 2289 2240 derent,
2315 2172 2481 2244 Cujus
2508 2176 2747 2245 quotidie
2775 2178 2862 2233 det
2891 2180 3121 2235 notionis
3148 2183 3367 2252 agenda:
3390 2184 3666 2238 hactenus

2081 2264 2137 2318 in
2162 2264 2403 2321 Ecclesia
2439 2267 2701 2338 perdurat
2751 2268 3007 2325 indicium
3060 2272 3185 2341 quia
3222 2274 3291 2328 ad
3340 2275 3665 2330 memoriam

2080 2354 2276 2423 priscae
2326 2356 2605 2427 religionis
2652 2359 2928 2415 canticum
2956 2362 3384 2429 Deutcronomii,
3445 2366 3500 2419 in
3550 2383 3669 2436 quo

2081 2443 2368 2499 universus
2401 2446 2602 2501 veteris
2637 2448 2817 2517 populi
2843 2456 3048 2517 status,
3097 2453 3227 2521 quid
3280 2454 3533 2509 videlicet
3581 2456 3668 2511 of-

2081 2532 2257 2600 fenso,
2284 2536 2412 2605 quid
2438 2536 2674 2606 propitio
2710 2537 2819 2594 Deo
2851 2542 3133 2609 meruerit,
3159 2543 3490 2609 continetur,
3520 2561 3663 2601 non-

2083 2624 2245 2680 nullis
2294 2626 2348 2680 in
2401 2625 2537 2681 locis
2577 2628 2800 2684 sabbato
2828 2630 3008 2686 dicere
3058 2635 3339 2689 consuevit
3375 2635 3666 2707 :alioquin

2081 2723 2226 2769 esset
2244 2723 2657 2786 praeposterum.
2708 2720 2847 2775 utin
2889 2721 3163 2790 prioribus
3190 2724 3506 2793 septimana:
3547 2728 3667 2783 dic-

2082 2806 2184 2860 bus
2219 2807 2607 2877 prophetarum
2629 2802 2788 2866 dictis
2809 2811 3162 2880 carminibus,
3190 2814 3391 2885 Moysis
3411 2818 3668 2874 ultimum

2085 2896 2373 2953 diceretur.
2410 2898 2564 2955 Valet
2591 2902 2734 2955 enim
2768 2901 2836 2957 ad
2862 2904 3182 2973 opusculum
3218 2905 3445 2975 hujusce
3486 2909 3665 2965 fabri-

2085 2991 2317 3045 cationis
2365 2990 2408 3046 si
2448 2992 2851 3049 consideremus
2879 3008 2945 3049 ex
2992 2996 3240 3053 sensibus
3282 3006 3339 3054 et
3385 3000 3665 3057 intellectu

2086 3081 2414 3152 psalmorum
2444 3084 2737 3142 Dominicze
2781 3087 2957 3143 noctis
3002 3088 3055 3144 in
3105 3092 3410 3148 matutinali
3459 3093 3666 3160 ofﬁcio,

2081 3175 2350 3244 quomodo
2376 3175 2804 3248 eiscolligcntur
2830 3179 3025 3250 psalmi
3047 3189 3103 3235 et
3120 3182 3357 3249 cantica,
3385 3199 3507 3254 qua:
3533 3196 3669 3242 sunt

2081 3280 2181 3335 per
2214 3281 2308 3321 sex
2337 3265 2452 3323 dies
2475 3267 2845 3325 hebdomadis.
2868 3271 3084 3328 Primus
3107 3274 3370 3343 psalmus,
3406 3276 3667 3334 Dominus

2083 3356 2334 3425 regnavit,
2363 3355 2574 3413 Domini
2602 3374 2827 3430 regnum
2861 3362 3198 3418 demonstrat
3247 3375 3370 3436 post
3420 3366 3539 3435 ejus
3579 3385 3669 3424 rc-

2083 3446 2499 3513 surrectionem,
2530 3447 2597 3502 de
2631 3464 2739 3518 quo
2766 3449 2881 3521 ipse
2928 3452 3100 3507 dicit:
3127 3453 3269 3509 Data
3293 3466 3372 3511 est
3399 3458 3527 3512 milii
3551 3475 3666 3513 om-

2083 3536 2165 3591 nis
2198 3546 2428 3608 potestas
2449 3538 2505 3593 in
2554 3538 2680 3593 caelo
2723 3541 2846 3595 etin
2874 3551 3052 3611 terra;
3105 3560 3137 3600 e
3167 3554 3374 3612 contra,
3413 3547 3665 3606 Miserere

2082 3626 2206 3694 mei,
2224 3625 2380 3694 Deus,
2406 3628 2777 3698 ptenitentiam
2806 3635 3005 3688 mortui
3028 3633 3263 3693 hominis
3289 3648 3534 3710 peccato,
3569 3642 3665 3698 sed

2084 3717 2249 3772 etiam
2281 3719 2599 3788 respirantis
2620 3736 2716 3790 per
2741 3722 2939 3778 bonum
2973 3726 3217 3794 odorem,
3248 3744 3411 3797 quem
3454 3733 3667 3802 accepit

2085 3820 2117 3860 a
2148 3806 2353 3862 nuntiis
2379 3806 2669 3863 verborum
2704 3810 2819 3866 Dei.
2868 3811 2973 3868 Pro
2998 3810 3089 3869 illo
3138 3816 3285 3870 enim
3329 3818 3483 3872 venit
3510 3818 3657 3875 Chri-

2082 3904 2199 3952 stus
2223 3897 2359 3952 mori
2384 3905 2441 3952 et
2483 3913 2766 3971 resurgere
2794 3917 2824 3956 a
2861 3905 3108 3968 mortuis,
3143 3912 3201 3959 ut
3230 3907 3430 3976 ipsein
3488 3909 3661 3963 Evan-

2081 3987 2222 4061 gelio
2258 3989 2571 4047 manifestat
2621 3989 2852 4065 dicens:
2885 3984 3010 4050 Non
3059 3997 3173 4051 veni
3224 4014 3411 4053 uocare
3451 4001 3659 4071 justas,

2080 4081 2173 4137 sed
2190 4092 2511 4153 peccatores,
2540 4091 2595 4139 et
2616 4083 2810 4139 iterum
2836 4100 2851 4139 :
2879 4082 3010 4141 Veni
3035 4088 3173 4141 enim
3200 4088 3408 4144 saltare
3423 4094 3565 4162 quod
3582 4110 3663 4161 pe-

2081 4172 2265 4240 rierat,
2295 4182 2350 4229 et
2371 4182 2429 4227 ut
2448 4172 2784 4229 manifestius
2812 4174 3010 4241 dicam,
3039 4186 3328 4248 propterea
3348 4181 3589 4235 surrexit
3608 4192 3658 4237 ut

2083 4279 2182 4320 nos
2197 4280 2602 4336 resurgeremus
2621 4283 2633 4319 :
2651 4281 2747 4320 sua
2770 4269 3094 4325 resurrectio
3114 4271 3323 4324 exstitit
3342 4284 3447 4340 per
3469 4287 3662 4343 corpus

2003 4377 2057 4438 Β
2082 4356 2404 4423 immortale,
2435 4366 2616 4412 nostra
2644 4366 2821 4415 exstat
2839 4373 2935 4428 per
2960 4360 3361 4430 paenitentiam.
3383 4361 3539 4419 Unde
3552 4380 3657 4419 non

2081 4446 2357 4502 immerito
2405 4447 2546 4504 sicut
2579 4447 2699 4503 vice
2727 4450 3139 4506 resurrectionis
3200 4467 3345 4519 suae,
3407 4452 3659 4509 Dominus

2081 4537 2311 4608 regnavit
2338 4578 2353 4604 ,
2402 4546 2684 4595 cantamus
2709 4540 2763 4607 in
2802 4538 3119 4607 Dominicis,
3150 4552 3207 4599 et
3234 4544 3289 4598 in
3320 4542 3539 4601 festivis
3567 4562 3659 4601 no-

2079 4629 2297 4685 ctibus:
2336 4630 2411 4684 ita
2463 4631 2713 4702 congruit
2743 4631 2860 4687 vice
2912 4641 3113 4689 nostra:
3140 4638 3561 4695 resurrectionis
3604 4641 3655 4694 in

2077 4724 2424 4795 sequentibus
2457 4723 2723 4791 noctibus,
2753 4723 3000 4780 Miserere
3026 4728 3150 4794 mei,
3178 4726 3321 4783 Deus
3343 4768 3362 4795 ,
3414 4741 3657 4788 cantare.

2078 4810 2339 4877 Quoniam
2371 4813 2474 4867 duo
2520 4814 2761 4868 continet
2796 4823 3131 4870 memoratus
3170 4816 3443 4889 psalmus,
3471 4821 3658 4876 Domi-

2080 4919 2179 4956 nus
2206 4905 2457 4974 regnavit,
2487 4903 2687 4960 Christi
2737 4920 2963 4977 regnum
3013 4917 3296 4978 acceptum
3334 4924 3439 4980 per
3473 4914 3658 4969 trium-

2078 4994 2242 5061 phum
2281 4996 2458 5050 crucis
2491 5036 2506 5061 ,
2551 5006 2606 5051 et
2636 4997 2998 5054 ﬁrmationem
3044 5008 3247 5056 sancta
3268 4999 3534 5059 Ecclesiae
3556 5020 3655 5059 non

2078 5084 2518 5139 commovendam
2546 5102 2578 5138 a
2621 5094 2766 5140 statu
2794 5103 2893 5143 suo
2911 5129 2927 5154 ,
2961 5087 3199 5158 psalmus
3224 5089 3293 5145 de
3314 5094 3555 5149 secunda
3584 5093 3653 5148 fc-

2077 5171 2156 5224 ria
2180 5180 2230 5225 et
2254 5174 2519 5227 canticum
2550 5175 2695 5241 huic,
2722 5175 2773 5230 id
2812 5185 2914 5240 est,
2942 5178 3171 5248 psalmo,
3192 5177 3454 5235 Dominus
3476 5197 3658 5252 regna-

2077 5262 2167 5327 rit,
2199 5266 2418 5332 propter
2445 5266 2900 5322 constructionem
2941 5269 3218 5336 ecclesias,
3266 5271 3651 5327 adnectantur.

2075 5348 2337 5417 Psalmus,
2381 5349 2544 5405 l’erba
2572 5369 2706 5420 mea,
2747 5369 2932 5409 vocem
2964 5354 3219 5411 Ecclesia:
3248 5358 3515 5424 continet,
3541 5374 3654 5429 qua

2078 5443 2131 5497 in
2179 5444 2354 5514 primo
2385 5454 2624 5515 tempore
2654 5445 2938 5516 conjuncta
2988 5458 3073 5505 est
3118 5452 3397 5520 apostolis.
3446 5455 3524 5509 Dc
3551 5470 3649 5524 qua

2076 5533 2205 5587 dicit
2227 5535 2558 5605 Augustinus
2589 5537 2642 5592 in
2668 5537 2876 5609 psalmo
2905 5540 3093 5610 quinto
3118 5560 3132 5594 :
3165 5539 3279 5597 Vox
3305 5543 3552 5600 ecclesia!
3570 5550 3654 5595 est

2076 5622 2130 5680 in
2171 5625 2271 5683 hoc
2305 5627 2540 5699 psalmo,
2587 5630 2627 5702 ἦ·
2663 5640 2853 5689 vocate
2888 5632 2956 5690 ad
3002 5633 3373 5691 hereditatem
3404 5635 3647 5699 Deneitti.
