3938 6178
311 346 445 403 H07

1060 342 1146 398 DE
1186 338 1733 399 ECCLESIASTICIS
1772 338 2059 398 OFFICIIS
2097 339 2275 395 LIBRI
2312 340 2398 395 IV.
2440 371 2513 383 —
2544 340 2672 395 LIB.
2713 338 2792 395 IV.

3431 339 3562 395 lli‘B

311 458 481 513 t’erba
510 472 645 521 mea,
672 451 862 508 exaudi
900 470 997 517 me,
1029 450 1287 507 Domine:
1316 459 1508 506 vocata
1534 448 1751 504 invocat
1773 444 1879 503 Do-
1905 452 1959 511 Α
1984 464 2112 503 num
2138 450 2279 520 ignis
2307 468 2319 504 :
2350 448 2589 505 futurum
2636 451 2781 506 enim
2803 458 2942 516 erat,
2976 461 3034 505 ut
3058 448 3298 506 furorem
3329 452 3562 512 incendii

305 550 533 611 minum,
565 552 625 601 ut
650 545 835 599 eodem
864 542 1174 614 epitulante,
1220 550 1560 612 pertranseat
1588 539 1883 609 nequitiam

305 638 489 696 seculi
525 637 706 705 hujus,
736 643 791 690 et
823 636 888 690 ad
913 649 1036 688 eum
1083 633 1363 704 perveniat
1390 632 1680 687 canticum.
1707 629 1889 698 Confi-

306 731 454 785 tebor
479 727 588 791 tibi,
615 721 866 791 Domine,
917 734 978 779 ut
1020 726 1265 795 superius
1303 725 1731 780 demonstratum
1771 729 1883 787 est,

305 818 554 877 eamdem
582 817 882 873 Ecclesiam
907 824 1213 886 praesentat.
1237 815 1502 882 Psalmus,
1526 812 1760 868 lubilate
1776 812 1891 878 ,Do-

307 913 450 966 mino
480 909 647 964 omnis
676 916 839 973 terra,
876 908 1101 962 chorum
1146 906 1558 978 praedicatorum
1611 905 1886 969 continet,

306 1001 399 1071 qui
427 1016 535 1056 non
566 1000 818 1054 timentes
860 992 1034 1052 minas
1058 996 1362 1066 principum
1386 1036 1401 1059 ,
1445 994 1762 1051 exciverunt
1787 993 1889 1048 Ec-

307 1092 532 1147 clesium
574 1090 641 1145 de
687 1087 957 1159 Babylone
978 1087 1045 1141 ad
1096 1086 1441 1142 serviendum
1488 1084 1718 1141 Domino
1744 1083 1885 1140 soli:

306 1183 449 1249 Quid
479 1181 618 1236 idem
670 1180 869 1235 chorus
914 1194 1105 1250 passus
1152 1179 1224 1233 sit
1267 1194 1299 1232 a
1349 1177 1558 1232 civibus
1583 1176 1892 1247 Babylonia:

309 1272 548 1328 civitatis
576 1312 591 1336 ,
652 1268 924 1341 psalmus,
975 1267 1169 1322 Indica
1206 1283 1318 1333 me,
1376 1265 1541 1330 Deus,
1570 1276 1616 1319 et
1656 1266 1892 1319 discerne

311 1377 525 1415 causam
555 1373 723 1413 meam
750 1357 815 1411 de
858 1366 1004 1427 gente
1035 1374 1138 1410 non
1165 1366 1371 1420 saneta,
1400 1355 1676 1410 dilucidat.
1710 1354 1892 1408 Canti-

310 1465 436 1506 cum
485 1448 706 1503 minime
748 1446 881 1500 latet
929 1444 1234 1514 angustiam
1289 1443 1536 1498 Ezechize
1589 1443 1751 1513 regis,
1800 1444 1892 1513 qui

311 1540 478 1605 dixit,
511 1534 625 1609 Ego
648 1536 760 1591 dixi
789 1537 845 1590 in
867 1535 1087 1590 dimidio
1109 1535 1315 1588 dierum
1341 1549 1574 1588 meorum
1602 1533 1789 1587 uadum
1824 1534 1894 1587 ad

310 1642 491 1704 portas
536 1627 734 1697 inferi,
781 1634 838 1682 et
883 1634 1080 1680 ctetera
1109 1640 1230 1694 quae
1275 1631 1596 1694 sequuntur.
1635 1621 1894 1677 Ezechias

310 1724 486 1778 bonus
515 1729 569 1775 et
593 1719 771 1788 justus
795 1732 888 1771 rex
918 1722 1307 1771 annumeratur
1354 1715 1407 1769 in
1448 1728 1675 1785 corpore
1699 1712 1895 1784 praedi.

310 1811 567 1867 cautium.
595 1808 742 1863 Satis
782 1807 984 1862 indicat
1010 1820 1248 1876 pnesens
1285 1805 1555 1859 canticum
1584 1805 1888 1875 angustiam
1916 1792 1964 1852 Β

308 1901 594 1973 praesentis
641 1900 915 1964 Ecclesiae,
960 1901 1025 1953 de
1066 1913 1172 1968 qua
1218 1898 1466 1969 angustia
1495 1898 1628 1952 dicit
1668 1913 1888 1963 versus,

308 1992 620 2063 Recogitabo
661 2004 837 2044 omnes
881 2006 1046 2044 annos
1070 2007 1210 2044 meos
1242 1992 1296 2044 in
1319 1990 1672 2044 amaritudine
1699 1990 1890 2044 anima:

309 2100 457 2137 mete.
510 2081 755 2137 Psalmus
777 2122 790 2145 ,
828 2080 988 2145 Deus,
1022 2079 1163 2134 Dens
1206 2096 1350 2135 meus
1374 2121 1388 2146 ,
1420 2081 1661 2136 continet
1703 2095 1889 2136 vocem

309 2174 524 2245 gentilis
568 2173 789 2243 populi,
833 2175 925 2243 qui
962 2189 991 2226 a
1045 2188 1234 2227 somno
1284 2173 1478 2227 animae
1512 2173 1729 2242 evigilat
1768 2181 1893 2242 post

309 2266 673 2321 introductam
722 2264 1163 2319 illuminationcm
1193 2262 1629 2333 praedicatorum.
1658 2262 1791 2329 Quis
1820 2263 1891 2317 sit

310 2368 552 2422 setnnus,
589 2357 654 2410 de
685 2370 791 2424 quo
834 2354 1083 2426 evigilat,
1111 2354 1327 2423 quando
1369 2352 1518 2419 dicit,
1556 2351 1721 2419 Deus,
1756 2351 1891 2409 Deus

308 2467 478 2514 meus,
514 2451 582 2503 ad
617 2460 664 2503 te
690 2449 753 2503 de
784 2448 898 2502 luce
955 2448 1129 2518 vigilo.
1178 2448 1511 2519 Augustinus
1562 2456 1892 2503 memoratus

311 2541 569 2597 dilucidat
598 2540 650 2594 in
686 2549 919 2596 tractatu
970 2539 1212 2607 ejusdem
1255 2539 1487 2609 psalmi:
1518 2537 1650 2594 Illud
1685 2547 1888 2603 autem,

312 2631 580 2699 inquiens,
603 2629 794 2684 cavere
822 2629 1098 2695 debemus,
1124 2644 1191 2684 ne
1217 2630 1332 2699 ipsa
1354 2630 1531 2684 anima
1560 2638 1742 2684 nostra
1773 2629 1895 2683 dor-

312 2721 465 2775 miat.
498 2720 668 2774 Malus
697 2720 839 2774 enim
873 2728 957 2774 est
983 2735 1204 2775 somnus
1228 2721 1443 2788 animm,
1476 2720 1646 2775 bonus
1669 2734 1892 2775 somnus

312 2812 579 2880 corporis,
605 2825 711 2879 quo
754 2819 1037 2879 reparatur
1064 2810 1313 2866 valetudo
1340 2810 1604 2881 corporis.
1658 2809 1894 2865 Somnus

313 2911 492 2957 autem
522 2901 713 2955 animae
741 2910 824 2956 est
851 2902 1097 2957 oblivisci
1128 2901 1299 2957 Deum
1327 2916 1506 2956 suum.
1538 2901 1890 2970 Quaecunque

314 2993 493 3047 anima
526 2993 691 3048 oblita
721 2991 886 3048 fuerit
924 2993 1093 3047 Deum
1139 3010 1316 3061 suum,
1345 2994 1564 3049 dormit.
1616 2996 1684 3050 Et
1711 2994 1889 3049 infra:

311 3082 479 3147 Deus,
504 3082 644 3136 Deus
664 3098 826 3145 meus,
853 3082 922 3136 ad
950 3092 997 3136 te
1020 3083 1084 3136 de
1104 3082 1219 3138 luce
1246 3084 1417 3155 vigilo,
1440 3086 1599 3140 sitivit
1627 3088 1682 3140 in
1708 3096 1756 3140 te
1780 3088 1893 3141 ani-

1987 539 2295 596 Judaeorum
2330 542 2624 597 sustineret
2641 540 2909 598 Christus.
2941 539 3075 597 Tres
3118 541 3332 598 fuerunt
3378 549 3561 615 pueri.

1987 630 2080 699 qui
2115 646 2221 685 una
2243 644 2374 686 voce
2394 631 2791 687 conﬁtebantur
2805 632 3052 687 Domino.
3069 632 3195 687 Tria
3220 650 3356 704 pura
3384 652 3564 692 sacra-

1991 729 2171 776 menta
2206 722 2456 776 exierunt
2493 723 2559 778 de
2593 723 2813 778 homine
2833 722 3049 779 Christo
3076 724 3130 779 in
3149 726 3403 795 passione
3423 727 3563 797 ejus.

1989 809 2229 879 spiritus,
2261 825 2401 880 aqua
2432 818 2487 866 et
2516 812 2756 882 sanguis,
2781 826 2900 881 qua:
2928 814 3028 867 tria
3059 828 3224 868 unum
3257 826 3568 874 monstrant

1989 902 2297 958 Christum:
2333 913 2451 959 erat
2504 905 2559 960 in
2606 904 2826 961 fornace
2864 917 3105 976 aspectus
3150 912 3366 981 quarti,
3412 922 3566 985 quasi

1988 994 2277 1049 similitudo
2303 994 2433 1050 Filii
2464 996 2581 1051 Dei.
2632 996 2847 1052 Etenim
2879 999 3152 1068 pendebat
3182 1000 3296 1057 sive
3330 1004 3562 1074 sepelie-

1988 1085 2151 1139 batur
2169 1100 2366 1155 corpus
2389 1086 2592 1141 Christi
2621 1098 2955 1159 assumptum
2987 1104 3052 1145 ex
3089 1090 3256 1147 Maria
3298 1090 3519 1165 Virgine
3553 1113 3568 1150 :

1992 1175 2289 1231 Puerorum
2320 1191 2549 1247 corpora
2577 1193 2687 1234 non
2725 1188 2854 1235 sunt
2902 1190 3156 1253 corrupta
3200 1184 3254 1239 in
3295 1184 3515 1243 fornace
3550 1207 3563 1242 :

1990 1263 2229 1319 futurum
2260 1274 2377 1319 erat
2411 1274 2469 1319 ut
2495 1265 2696 1322 Christi
2729 1283 2927 1339 corpus
2971 1286 3077 1325 non
3122 1286 3566 1344 corrumperetur

1994 1357 2278 1425 putredine
2324 1358 2535 1412 mortis.
2586 1358 2827 1414 Liberali
2882 1369 3008 1416 sunt
3054 1370 3166 1419 tres
3210 1367 3362 1435 pueri
3393 1368 3460 1424 de
3485 1384 3576 1424 ca-

1996 1448 2145 1502 mino
2169 1466 2183 1501 :
2214 1447 2476 1504 liberatus
2503 1448 2748 1505 Christus
2781 1452 2848 1507 de
2872 1468 2970 1508 ore
3004 1452 3194 1510 leonis.
3223 1456 3451 1528 Propter
3470 1461 3575 1516 hoc

1993 1545 2416 1603 sacramentum,
2449 1549 2508 1593 ut
2548 1539 2760 1609 opinor,
2793 1542 2972 1597 audivi
3032 1546 3240 1600 cantari
3291 1547 3345 1602 in
3381 1548 3578 1620 vigiliis

1993 1629 2219 1685 Pascha:
2247 1632 2299 1684 in
2321 1629 2561 1685 Ecclesia
2589 1630 2920 1688 Turonensis
2948 1643 3071 1704 post
3099 1635 3382 1705 lectiones,
3409 1639 3578 1695 Bene—

1994 1719 2169 1775 dieite.
2212 1719 2404 1775 Omnes
2460 1722 2549 1792 qui
2592 1724 2674 1791 pie
2722 1721 2898 1777 volunt
2925 1725 3118 1791 virere,
3168 1730 3576 1797 persecutionem

1990 1810 2282 1879 patiuntur,
2305 1818 2361 1864 et
2401 1812 2670 1881 pertinent
2700 1811 2766 1866 ad
2799 1828 2994 1883 corpus
3039 1817 3205 1871 trium
3245 1834 3536 1889 puerorum
3559 1864 3571 1881 .

1989 1902 2081 1972 qui
2108 1903 2256 1958 missi
2285 1912 2409 1958 sunt
2439 1906 2490 1958 in
2517 1905 2788 1959 caminum
2817 1924 2829 1958 :
2854 1906 3007 1978 cujus
3032 1910 3279 1979 corporis
3309 1920 3472 1983 caput
3491 1925 3580 1968 est

1990 1992 2275 2048 Christus:
2308 2001 2364 2047 at
2413 1994 2469 2049 hi
2530 1992 2623 2064 qui
2695 1997 3102 2063 persecutiones
3166 2000 3450 2069 ingerunt,
3504 2005 3573 2057 al

1990 2098 2186 2154 corpus
2212 2084 2446 2150 diaboli,
2474 2086 2627 2156 cujus
2660 2086 2963 2141 membrum
2991 2088 3203 2145 exstitit
3227 2089 3577 2149 Nabuchodo-

1990 2188 2173 2240 nosor,
2212 2184 2267 2230 et
2313 2191 2501 2231 omnes
2549 2176 2928 2246 persecutores
2958 2193 3130 2249 usque
3170 2181 3242 2235 ad
3282 2183 3574 2238 maximum

1991 2269 2291 2324 membrum
2328 2268 2741 2323 Antichristum.
2777 2269 2844 2324 Et
2874 2272 3069 2327 merito
3095 2272 3150 2327 in
3174 2273 3366 2343 quinto
3385 2275 3576 2330 ordine

1992 2355 2251 2412 recolitur
2278 2357 2459 2411 evasio
2484 2356 2779 2412 electorum
2829 2358 2896 2414 de
2921 2362 3362 2430 persecutoribus
3382 2405 3396 2429 ,
3450 2366 3576 2435 quia

1991 2465 2187 2520 corpus
2226 2452 2367 2520 quod
2394 2451 2632 2522 quinque
2656 2452 2905 2507 sensibus
2942 2454 3147 2524 regitur
3170 2465 3403 2526 possunt
3430 2459 3545 2512 oeci
3562 2488 3575 2498 -

1992 2541 2424 2612 derezamplius
2478 2552 2658 2597 autem
2715 2542 2845 2611 quid
2901 2541 3142 2609 faciant,
3195 2560 3299 2600 non
3352 2545 3575 2602 habent.

1990 2634 2323 2689 Psalmusde
2351 2642 2504 2689 sexta
2532 2632 2687 2700 feria,
2722 2643 2779 2688 ut
2807 2634 3159 2704 prtetulimus,
3193 2646 3248 2692 et
3299 2639 3571 2693 canticum

1991 2725 2191 2782 Christi
2229 2722 2535 2796 passionem
2580 2725 2844 2780 detinent.
2892 2725 3129 2782 Laudate
3179 2724 3467 2783 Dominum
3512 2731 3577 2790 de

1992 2814 2156 2882 cretis,
2186 2824 2240 2870 et
2269 2814 2490 2869 Cantate
2543 2810 2789 2882 Domino,
2818 2822 2874 2870 et
2912 2813 3149 2871 Laudate
3192 2816 3475 2872 Dominum
3522 2824 3577 2874 in

1992 2910 2188 2964 sanctis
2235 2907 2366 2978 ejus,
2400 2913 2580 2963 actum
2610 2916 2815 2962 sancta:
2844 2907 3100 2963 Ecclesiae
3127 2919 3433 2965 monstrant
3456 2922 3584 2981 post

1994 3008 2322 3055 transactam
2370 2998 2824 3069 persecutionem,
2856 3012 3016 3070 quem
3071 3000 3316 3055 continet
3361 3012 3578 3065 versus,

1995 3090 2199 3145 Bonum
2222 3098 2297 3145 est
2324 3089 2562 3159 confiteri
2586 3088 2814 3143 Domino
2835 3130 2850 3156 ,
2903 3098 2951 3143 et
2978 3088 3203 3161 psallere
3250 3091 3450 3146 nomini
3488 3101 3581 3146 tuo

312 3190 399 3229 ma
426 3190 561 3228 mea.
610 3173 749 3229 Ecce
797 3175 924 3229 illud
954 3174 1223 3230 desertum
1260 3176 1504 3232 idumaeas
1547 3179 1731 3234 videre
1758 3194 1891 3249 quo-
1916 3148 1965 3209 C
1994 3183 2265 3239 altissime.
2297 3182 2366 3237 At
2394 3148 2666 3237 canticum
2691 3221 2708 3247 ,
2753 3148 3135 3249 Audite,'co:lr,
3182 3198 3299 3255 qua:
3351 3181 3538 3254 loquor
3561 3223 3576 3246 ,

313 3266 475 3322 modo
503 3266 590 3321 hic
618 3266 748 3320 sitit.
783 3265 847 3320 Et
894 3265 1054 3336 paulo
1090 3274 1233 3336 post,
1263 3266 1489 3334 Quando
1517 3269 1693 3323 anima
1742 3271 1887 3335 sitit,

314 3361 516 3416 fontem
543 3361 818 3432 sapientia:
863 3360 996 3415 sitit.
1031 3360 1106 3415 De
1134 3362 1250 3432 ipso
1291 3363 1437 3419 fonte
1462 3364 1738 3435 sapientize
1776 3365 1890 3420 ine-

312 3455 637 3509 briabuntur
667 3454 861 3509 anima:
884 3464 1105 3519 uoslrm,
1138 3456 1277 3510 sicut
1299 3455 1437 3509 alius
1466 3455 1707 3526 psalmus
1738 3454 1887 3520 dicit,

313 3543 724 3598 Inebriabuntur
752 3535 842 3598 ἀὑ
892 3545 1123 3599 ubertate
1163 3545 1350 3599 domus
1399 3555 1536 3611 tum,
1587 3554 1635 3599 et
1662 3555 1891 3599 torrente

312 3636 623 3691 deliciarum
650 3646 859 3691 tuarum
886 3637 1088 3709 potabis
1125 3655 1231 3692 eos.
1258 3637 1499 3694 Sitienda
1541 3648 1625 3694 est
1651 3653 1782 3709 ergo
1806 3655 1892 3693 sa-

313 3730 539 3799 pientia,
558 3728 1033 3798 sitiendajnstitia.
1057 3731 1315 3785 Eamdem
1341 3731 1704 3786 reversionem
1735 3738 1893 3785 sonat

314 3821 554 3891 psalmus
577 3823 630 3876 in
672 3831 863 3891 quarta
904 3820 1061 3885 feria,
1087 3822 1138 3876 id
1162 3829 1263 3885 est,
1295 3822 1362 3876 de
1408 3821 1676 3877 oblivione
1702 3821 1800 3875 Dei
1823 3821 1892 3876 ad

313 3912 435 3982 ejus
463 3914 911 3980 recordationem,
939 3914 1092 3984 quasi
1129 3915 1195 3969 de
1230 3913 1503 3985 Babylone
1532 3916 1599 3968 ad
1644 3912 1883 3968 Hierusa

316 4008 445 4062 lem.
474 4007 531 4061 In
565 4009 750 4063 eodem
775 4008 981 4079 psalmo
1004 4007 1181 4077 aliqua
1209 4005 1328 4062 sitis
1350 4013 1683 4061 memoratur
1703 4005 1895 4060 similis

317 4100 383 4152 de
400 4098 626 4169 psalmo,
643 4098 800 4164 Deus,
821 4098 960 4153 Deus
978 4116 1140 4153 meus.
1158 4098 1280 4153 Inﬁt
1301 4097 1402 4153 iste
1426 4097 1684 4167 psalmus,
1704 4094 1895 4151 Sulcos

315 4190 435 4261 ejus
482 4189 725 4255 incbria,
779 4188 1069 4260 multiplica
1123 4191 1500 4261 generationes
1552 4186 1687 4256 ejus.
1743 4186 1896 4244 Unde

318 4283 460 4338 idem
491 4282 580 4352 qui
604 4298 764 4352 supra
793 4283 846 4336 in
872 4292 1103 4338 tractatu
1134 4282 1359 4352 psalmi,
1400 4281 1470 4336 Te
1503 4281 1646 4336 decet
1672 4281 1895 4351 hymnus

320 4373 481 4438 Dens,
507 4373 767 4439 videmus,
796 4374 1038 4439 credunt,
1084 4382 1138 4427 et
1180 4389 1245 4427 ex
1286 4371 1631 4427 credentibus
1658 4371 1748 4426 alii
1778 4384 1898 4425 cre-

1988 3273 2239 3344 qusmvis
2259 3273 2365 3327 duo
2393 3272 2447 3325 in
2476 3286 2535 3326 se
2563 3275 2861 3337 contineat,
2880 3272 2933 3327 id
2954 3280 3060 3339 est,
3083 3273 3575 3329 remunerationem

1989 3364 2204 3421 Domini
2256 3378 2353 3433 pro
2398 3363 2587 3425 bonis,
2628 3372 2684 3418 et
2720 3363 3137 3418 retributionem
3183 3379 3283 3434 pro
3312 3362 3582 3421 offensis:

1992 3464 2169 3510 tamen
2198 3464 2419 3524 propter
2439 3454 2651 3508 sabbati
2682 3455 2945 3524 quietem,
2975 3452 3030 3508 in
3071 3467 3176 3523 qua
3205 3460 3474 3518 cantatur,
3509 3455 3579 3510 ad

1989 3560 2084 3601 eos
2118 3544 2248 3599 illud
2275 3544 2578 3616 dir‘igimus,
2602 3544 2695 3614 qui
2725 3544 2866 3600 bona
2886 3559 3022 3616 pace
3041 3551 3269 3599 utuntur
3291 3552 3418 3614 post
3458 3560 3584 3616 per-

1989 3636 2320 3693 secutionem
2346 3636 2400 3690 in
2424 3631 2667 3691 Ecclesia
2695 3642 2901 3691 nostra.
2936 3633 3014 3691 De
3061 3634 3258 3705 quibus
3283 3635 3416 3691 dicit
3457 3651 3583 3692 ver-

1991 3743 2105 3793 sus,
2125 3727 2261 3783 Pars
2288 3736 2469 3782 autem
2496 3726 2709 3783 Domini
2735 3726 2967 3799 populus
2996 3724 3136 3796 ejus,
3166 3724 3337 3784 Jacob
3361 3725 3577 3785 funicu-

1993 3818 2077 3875 lus
2102 3817 2440 3875 htereditatis
2474 3816 2612 3888 ejus.

2561 3926 2790 3987 CAPUT
2828 3929 3013 3987 XVIII.

1993 4023 2071 4078 De
2098 4020 2384 4077 Dominicis
2426 4021 2660 4095 noctibus
2689 4021 2742 4076 in
2773 4021 3082 4095 matutinali
3103 4023 3270 4094 cilicio
3301 4040 3333 4077 a
3364 4021 3585 4095 Septua-

2421 4091 2618 4163 gesima
2652 4108 2815 4163 usque
2834 4091 2890 4146 in
2920 4091 3152 4147 Pascha}

2063 4182 2170 4243 Per
2194 4186 2504 4242 Dominicas
2548 4193 2734 4240 noctes
2769 4199 2800 4237 a
2849 4184 3251 4254 septuagesima
3299 4199 3473 4255 usque
3521 4185 3577 4241 in

1996 4276 2205 4333 Pascha
2245 4276 2482 4339 Domini,
2531 4274 2589 4328 in
2634 4272 2957 4351 matutinali‘
2991 4272 3169 4349 cilicio
3220 4275 3326 4330 duo
3383 4275 3578 4345 psalmi

1997 4376 2298 4430 mutantur,
2328 4364 2578 4418 Miserere
2602 4365 2723 4429 mei,
2753 4362 2914 4418 Deus.
2947 4363 3043 4428 Et,
3091 4361 3426 4435 Conﬁtemini
3460 4364 3574 4419 Do-

318 4464 542 4527 dunt,ct
566 4478 631 4517 es
661 4462 766 4516 illis
788 4461 876 4516 alii
898 4463 1215 4527 credunt,ct
1233 4477 1337 4516 non
1352 4459 1549 4516 sufficit
1571 4459 1661 4514 uni
1692 4459 1894 4514 nomini
1921 4489 1974 4549 Β
1998 4457 2158 4513 mino.
2192 4455 2316 4509 Per
2348 4455 2448 4509 hos
2482 4453 2615 4509 duos
2658 4453 2896 4523 psalmos
2943 4452 3309 4510 informantur
3343 4453 3400 4508 hi
3421 4494 3436 4519 ,
3486 4455 3583 4539 qui

315 4565 379 4613 ut
427 4556 602 4613 factus
654 4558 767 4628 ipse
820 4556 992 4612 lidelis
1037 4572 1204 4611 unum
1264 4555 1525 4611 lucretur.
1575 4554 1892 4618 Canticum,

317 4647 618 4703 Exsultarit
644 4664 736 4701 cor
763 4664 933 4702 meum
965 4648 1019 4701 in
1043 4638 1265 4700 Domino
1289 4686 1305 4712 ,
1354 4644 1557 4715 liquido
1605 4652 1897 4707 monstrat,

316 4746 563 4793 sanctam
589 4737 884 4793 Ecclesium
911 4736 1242 4809 superiorem
1274 4750 1395 4790 esse
1423 4731 1901 4806 Babylonia.Psal-

317 4845 463 4894 mus,
495 4827 634 4883 Deus
660 4828 967 4883 misereatur
994 4826 1177 4892 nostri,
1207 4826 1258 4880 in
1284 4842 1392 4896 quo
1437 4840 1533 4896 per
1577 4839 1738 4879 voces
1765 4838 1904 4895 prte-

315 4919 617 4975 iZicantium
661 4919 932 4989 colligitur
970 4918 1196 4990 populus
1235 4916 1510 4982 Judaicus,
1566 4914 1897 4971 dicentium:

317 5009 685 5080 Conﬁteantur
711 5011 804 5065 tibi
828 5009 1030 5081 pepuli,
1053 5010 1217 5077 Deus,
1247 5010 1499 5066 convenit
1531 5023 1652 5063 cum
1693 5006 1903 5079 psalmo

317 5101 389 5155 de
416 5101 605 5170 quinta
633 5100 797 5168 feria,
849 5102 1094 5168 Domine,
1135 5101 1393 5173 refugium
1421 5101 1593 5171 {actus
1621 5117 1674 5155 es
1714 5099 1861 5154 nobis
1885 5138 1931 5177 ,ἡ

318 5192 413 5261 qui
446 5192 610 5247 habet
635 5192 874 5256 titulum,
899 5189 1083 5246 Oratio
1128 5190 1325 5262 Moysis
1366 5190 1591 5244 hominis
1625 5188 1719 5242 Dei
1750 5205 1768 5240 :
1802 5186 1901 5242 Cui

320 5293 448 5354 apte
472 5284 760 5353 respondet
776 5283 1066 5345 canticum,
1091 5280 1370 5336 Cantemus
1392 5279 1636 5334 Domino.
1661 5279 1903 5351 llymnus

325 5374 489 5429 trium
524 5388 838 5444 puerorum,
872 5371 1191 5438 Benedicite,
1229 5371 1543 5427 Passiouem
1574 5368 1787 5426 Domini
1835 5384 1901 5423 ac

321 5466 659 5536 triumphum
704 5463 821 5533 ejus
848 5467 917 5520 ad
942 5464 1256 5519 memoriam
1289 5462 1444 5517 nobis
1473 5461 1703 5515 reducit.
1732 5458 1908 5515 Nabu-

320 5555 667 5612 chodonosor
683 5556 956 5612 diabolum
980 5553 1249 5625 significat
1273 5574 1286 5608 :
1313 5552 1545 5608 ministri
1559 5553 1695 5623 ejus,
1711 5552 1801 5622 qui
1817 5568 1903 5607 ac-

323 5646 910 5702 cenderuntilammam
932 5648 1070 5719 ignis
1090 5648 1142 5702 in
1175 5645 1414 5710 fornace,
1430 5642 1645 5699 Judzeos
1666 5643 1903 5700 claman-
1923 5631 1939 5645 ’

326 5747 429 5803 tes,
446 5735 725 5819 Cruci/ige,
749 5739 1015 5809 cruciﬁge,
1032 5737 1183 5795 missi
1214 5746 1339 5795 sunt
1369 5744 1481 5793 tres
1495 5735 1648 5809 pueri
1667 5735 1720 5790 in
1738 5734 1909 5818 cumis

2000 4545 2235 4601 nondum
2263 4552 2391 4599 sunt
2428 4542 2673 4615 perfecti,
2694 4544 2860 4598 etiam
2888 4543 2979 4600 illo
3009 4544 3169 4600 modo
3196 4559 3304 4614 quo
3340 4535 3590 4600 homines

2003 4641 2093 4697 hic
2112 4639 2338 4711 perfecti
2368 4653 2488 4694 esse
2517 4646 2763 4710 possunt.
2794 4638 2870 4694 De
2896 4640 3094 4710 quibus
3111 4639 3326 4695 dicebat
3353 4636 3587 4696 Paulus:

2005 4730 2312 4798 Quicunque
2347 4728 2582 4799 perfecti,
2616 4731 2714 4783 hoc
2737 4730 2942 4801 sapite;
2972 4730 3170 4806 quibus
3204 4744 3312 4787 non
3342 4731 3591 4804 congruit

2003 4821 2426 4891 pmceptoribus
2478 4827 2536 4874 et
2587 4819 2900 4877 doctoribus
2965 4820 3178 4878 auferre
3228 4821 3479 4877 timorem
3536 4831 3592 4877 ct

2006 4928 2175 4984 spem.
2201 4910 2494 4977 Timorem,
2532 4927 2692 4982 quem
2744 4921 2958 4983 oportet
3000 4913 3159 4970 nobis
3179 4914 3587 4986 peccatoribus.

2003 5008 2205 5063 habere
2245 5007 2299 5062 in
2329 4992 3047 5079 prresenti'peregrinatioue
3087 5006 3155 5068 de
3204 5006 3444 5063 vindicta
3466 5005 3591 5070 Dei,

2004 5098 2238 5155 inculcat
2270 5098 2530 5169 psalmus,
2560 5097 2811 5154 Miserere
2847 5099 3158 5167 mei,Deus,
3212 5100 3304 5172 qui
3360 5098 3594 5155 resultat

2001 5205 2189 5247 vocem
2225 5189 2599 5260 peccatoribus
2642 5190 2977 5260 ptenitcntis.
3015 5188 3341 5262 Plangamus
3370 5195 3588 5260 peccata

2002 5283 2056 5338 in
2089 5281 2317 5352 psalmo,
2352 5280 2600 5335 Miserere
2632 5281 2756 5343 mei,
2791 5280 2932 5335 Deus
2959 5295 2976 5333 :
3006 5290 3126 5353 post
3152 5279 3426 5351 planctum
3464 5275 3590 5327 adeo

2007 5374 2076 5427 rit
2099 5371 2336 5427 cbaritas
2355 5410 2370 5434 ,
2401 5385 2521 5439 qua:
2548 5369 2695 5425 foras
2723 5370 2890 5424 mittit
2916 5372 3161 5425 timorem
3184 5382 3282 5439 per
3312 5364 3580 5435 spiritum.

2008 5461 2096 5531 qui
2121 5458 2432 5514 consolatur
2467 5458 2630 5513 corda
2666 5458 2987 5529 lugentium.
3030 5455 3109 5511 Ac
3143 5455 3263 5524 ideo
3293 5452 3419 5525 quia
3467 5460 3592 5522 post

2007 5553 2244 5609 dolorem
2272 5550 2475 5615 cordis,
2511 5558 2567 5605 et
2612 5550 3034 5621 indignationem
3079 5554 3263 5601 reatus
3292 5543 3429 5600 solet
3454 5543 3590 5599 cba~

2008 5645 2143 5700 ritas
2189 5642 2431 5713 prtebere
2487 5640 2738 5697 ﬁduciam
2803 5637 3095 5695 accedendi
3147 5637 3216 5693 ad
3264 5637 3589 5700 Dominum,

2010 5733 2365 5792 ascendamus
2413 5746 2506 5803 spe
2568 5729 2733 5787 sortis
2774 5727 3067 5786 electorum
3127 5728 3194 5783 ad
3238 5728 3377 5785 bona
3424 5742 3588 5801 opera
