3938 6178
388 281 523 336 1199

1433 286 1765 342 AMALARII
1804 286 2234 343 PRESBYTER!
2275 288 2612 345 METENSIS

3506 293 3634 348 ηοο

385 402 636 460 laudandi
672 402 858 465 Deum,
887 409 938 454 et
970 398 1210 452 dicamus
1235 395 1301 450 ad
1326 395 1643 451 alterutrum
1676 412 1688 448 :
1728 394 1956 466 Con/ite-
1987 399 2036 459 Α
2063 397 2378 452 descensum
2406 399 2602 452 montis
2645 397 2858 463 Oliveti.
2902 397 3144 469 Hymnus
3195 399 3420 466 scilicet,
3455 400 3638 458 Gloria

391 495 517 552 mini
539 494 758 549 Domino
785 491 1030 562 quoniam
1059 488 1243 550 bonus,
1271 487 1337 542 de
1363 486 1446 541 his
1471 487 1679 542 duobus
1704 487 1960 557 gradibus

388 586 642 642 scribitur
664 585 717 637 in
744 579 1176 635 Deuteronomio.
1212 577 1335 632 Non
1366 579 1586 652 accipies
1608 577 1722 633 loco
1771 581 1957 650 pigno-

387 659 788 747 ris.inferiorem
840 680 888 726 et
933 669 1253 742 superiorem
1301 668 1517 734 molam,
1552 669 1676 738 quia
1723 669 1959 724 animam

385 785 538 826 suam
586 765 832 838 apposuit
876 763 972 819 tibi
1010 781 1020 816 :
1068 759 1221 828 Quod
1273 761 1353 816 sic
1402 769 1621 817 sanctus
1669 760 1960 832 Gregorius

381 858 604 928 exponit
631 875 644 911 :
675 856 934 927 Accipere
988 871 1223 926 namque
1275 856 1564 926 aliquando
1607 857 1836 912 dicimus
1865 873 1961 914 au-

383 945 546 1002 ferre.
578 945 729 1002 Unde
755 953 808 1000 et
837 960 963 1000 aves
993 945 1116 1011 illae,
1148 960 1267 1016 quae
1311 945 1553 1015 rapiendi
1601 956 1728 1002 sunt
1753 947 1922 1002 avidae
1942 988 1957 1012 ,

384 1038 673 1108 accipitres
720 1045 998 1094 vocantur.
1049 1039 1120 1093 Et
1158 1036 1316 1108 paulo
1371 1045 1537 1108 post:
1583 1037 1782 1109 Pignus
1829 1053 1960 1093 vero

383 1129 641 1205 debitoris
675 1138 760 1184 est
805 1128 1071 1184 confessio
1099 1128 1418 1198 peccatoris.
1467 1128 1512 1182 A
1542 1128 1783 1184 debitore
1812 1129 1960 1184 enim

383 1222 577 1291 pignus
623 1220 888 1290 accipitur
918 1261 932 1286 ,
989 1235 1113 1274 cum
1171 1235 1200 1274 a
1245 1227 1530 1290 peccatore
1576 1220 1688 1289 jam
1751 1222 1958 1291 peccati

382 1309 652 1365 confessio
681 1318 913 1366 tenetur.
947 1309 1204 1380 Superior
1231 1317 1410 1364 autem
1452 1318 1505 1364 et
1541 1308 1766 1365 inferior
1792 1311 1956 1377 mola,

383 1412 463 1458 est
518 1417 641 1472 spes
686 1410 742 1457 et
790 1402 971 1458 timor.
1006 1402 1072 1456 Et
1106 1402 1299 1457 iterum
1339 1411 1464 1472 post
1504 1417 1719 1472 pauca:
1750 1402 1809 1457 In
1838 1417 1958 1473 pec-

382 1491 585 1547 catoris
626 1490 804 1560 itaque
860 1488 1196 1544 confessione
1234 1489 1568 1546 incessanter
1631 1490 1790 1546 debet
1833 1505 1958 1560 spes

383 1594 437 1639 ct
469 1582 696 1638 formido
728 1581 1001 1652 conjungi,
1033 1581 1161 1652 quia
1209 1581 1480 1637 incassum
1524 1581 1958 1638 misericordiam

381 1684 584 1746 sperat,
609 1675 652 1731 si
681 1691 786 1730 non
823 1674 987 1729 etiam
1017 1674 1201 1728 timeat
1232 1691 1245 1727 :
1283 1681 1337 1729 et
1373 1674 1648 1730 incassum
1688 1673 1956 1743 justitiam

2064 485 2215 540 Patri
2268 497 2316 539 et
2374 483 2516 541 Filio
2562 497 2610 542 et
2664 487 2884 558 Spiritui
2913 499 3092 543 sancto
3123 503 3141 540 :
3172 489 3400 562 gloriam
3445 504 3644 547 sanctae

2062 580 2342 637 Trinitatis
2365 581 2570 638 recolit.
2596 581 2861 650 Quoniam
2883 598 2988 636 una
3016 591 3100 638 est
3120 599 3353 654 persona
3393 585 3519 640 Filii
3549 586 3644 642 Dci

2060 681 2114 726 et
2140 672 2233 727 lilii
2260 674 2515 741 hominis,
2549 675 2641 744 qui
2670 674 2780 744 pati
2829 683 3073 740 venerat,
3105 676 3413 731 conformat
3436 693 3497 732 se
3520 695 3647 732 san-

2060 773 2147 820 cta
2184 766 2425 822 Ecclesia
2469 767 2632 836 capiti
2673 781 2770 820 suo
2800 806 2815 832 ,
2883 775 2939 822 et
2977 769 3043 822 de
3092 767 3485 839 glorificatione
3526 769 3648 838 ejus

2062 856 2252 911 reticet
2277 872 2448 926 usque
2471 857 2598 912 dum
2613 856 2886 912 cxaltctur
2905 874 3002 928 per
3029 859 3358 929 triumphum
3375 861 3640 916 victoriae.

2062 945 2188 1000 llaec
2215 946 2517 1001 humiliatio
2550 947 2721 1016 prius,
2759 957 2814 1002 et
2841 949 3036 1006 iterum
3065 947 3320 1004 exultatio
3345 964 3443 1019 per
3474 967 3641 1006 unum

2061 1051 2278 1092 versum
2307 1039 2496 1108 psalmi
2535 1040 2814 1094 centesimi
2845 1039 2973 1093 noni
2997 1048 3334 1095 monstratur
3360 1081 3376 1106 ,
3427 1041 3520 1110 qui
3553 1042 3632 1095 di-

2061 1129 2176 1184 cit:
2212 1127 2286 1182 De
2338 1139 2563 1184 torrente
2607 1130 2661 1184 in
2714 1130 2800 1183 via
2852 1129 3016 1192 bibet,
3061 1139 3335 1200 prOptcrea
3388 1132 3642 1185 exaltabit

2061 1228 2234 1292 caput.
2269 1219 2345 1275 De
2383 1221 2486 1275 hoc
2514 1229 2752 1276 torrente
2781 1221 3041 1276 Dominus
3086 1221 3140 1275 in
3169 1223 3255 1276 via
3283 1221 3460 1289 bibit,
3506 1240 3643 1294 quo-

2060 1310 2207 1363 niam
2234 1318 2458 1365 mortem
2483 1310 2534 1364 in
2562 1312 2784 1364 transitu
2813 1311 3072 1380 gustavit,
3091 1319 3251 1380 atque
3282 1311 3403 1366 ideo
3432 1314 3645 1369 exalta-

2060 1400 2468 1470 vitcaput,quia
2495 1401 2594 1456 hoc
2611 1401 2752 1471 quod
2776 1401 3056 1457 moriendo
3085 1401 3140 1456 in
3165 1402 3416 1472 sepulcro
3436 1407 3642 1473 posuit,

2059 1492 2330 1562 surgendo
2363 1507 2525 1562 super
2556 1492 2776 1562 angelos
2799 1493 3052 1547 elevavit.
3085 1493 3342 1560 Quamvis
3372 1495 3476 1550 rite
3506 1512 3641 1551 con-

2060 1589 2219 1652 gruat
2249 1621 2266 1647 ,
2324 1590 2383 1637 ut
2429 1593 2649 1654 propter
2700 1583 3132 1638 humiliationem
3181 1584 3377 1654 capitis
3424 1587 3640 1651 nostri,

2057 1671 2380 1742 proximam,
2416 1672 2729 1726 omittamus
2748 1672 3198 1742 glorificationem
3228 1686 3430 1729 sancte
3459 1674 3647 1730 Trini-

382 1767 592 1832 metuit,
617 1767 663 1822 si
713 1781 818 1822 non
863 1765 1030 1820 etiam
1073 1764 1141 1820 de
1184 1763 1556 1820 misericordia
1603 1765 1845 1820 confidit.
1890 1765 1958 1820 Et
1986 1751 2033 1810 Β
2063 1765 2206 1830 tatis,
2223 1764 2278 1818 in
2299 1780 2403 1834 qua
2417 1765 2717 1819 honoratur
2732 1764 2872 1819 filius
2887 1765 3120 1820 hominis
3134 1773 3360 1836 propter
3376 1767 3647 1822 unitatem

381 1860 596 1924 iterum,
628 1858 788 1915 Tollit
829 1858 974 1914 enim
1015 1857 1370 1928 superiorem,
1401 1856 1447 1912 si
1471 1854 1616 1913 flenti
1650 1864 1954 1926 peccatum,

379 1949 561 2004 dicat:
590 1947 706 2003 Non
732 1947 956 2004 habebis
986 1947 1201 2003 veniam
1238 1948 1305 2001 de
1332 1945 1669 2012 commissis;
1701 1945 1838 2000 tollit
1875 1945 1957 2001 in-

381 2041 655 2108 feriorem,
684 2043 732 2097 si
770 2049 1084 2112 peccantem
1125 2037 1304 2112 palpet
1331 2081 1346 2106 ,
1375 2048 1431 2096 et
1455 2039 1633 2096 dicat:
1673 2039 1785 2111 Age
1815 2040 1956 2096 mala

381 2134 697 2202 inquantum
724 2131 824 2186 vis.
850 2129 982 2185 Nam
1013 2130 1155 2186 Deus
1180 2130 1330 2201 prius
1357 2136 1461 2195 est,
1502 2139 1558 2184 et
1585 2129 1652 2184 ad
1679 2130 1958 2203 indulgen-

379 2204 510 2276 tiam
531 2228 772 2290 paratus,
798 2227 853 2274 et
881 2219 1108 2290 reliqua,
1131 2217 1389 2292 psalmus,
1423 2218 1676 2274 Dominus
1701 2222 1954 2290 regnavit,

377 2314 647 2384 perfectos
669 2313 944 2382 informat,
960 2314 1145 2385 quales
1166 2313 1385 2370 fuerunt
1406 2314 1634 2385 apostoli
1659 2333 1673 2368 :
1709 2315 1957 2372 Miserere

377 2406 500 2471 mei,
527 2405 690 2472 Deus,
724 2405 942 2476 fragiles
962 2404 1208 2461 infirmos
1239 2420 1375 2476 quos
1411 2413 1624 2476 oportet
1650 2405 1863 2477 plorare
1901 2415 1956 2461 et

376 2495 650 2568 plangere,
675 2495 816 2566 quod
847 2494 1114 2568 signiﬁcat
1150 2502 1362 2564 tempus
1397 2494 1835 2567 Septuagesimze.
1867 2496 1956 2551 Vi-

376 2587 533 2642 detur
557 2586 811 2658 parvitati
843 2595 1043 2641 nostrae
1073 2599 1372 2658 congruere
1407 2593 1634 2655 propter
1668 2599 1956 2640 numerum

379 2675 820 2747 Septuagesimaa,
861 2675 951 2746 qui
985 2682 1131 2730 tenet
1157 2673 1644 2744 peregrinationem
1691 2681 1951 2737 nostram,

377 2775 435 2820 ut
468 2781 590 2821 cum
625 2765 853 2821 Alleluia
900 2773 956 2819 et
995 2780 1120 2820 cum
1145 2764 1428 2820 altitudine
1451 2763 1664 2834 psalmi,
1696 2762 1954 2820 Dominus

377 2857 627 2926 regnavit,
650 2853 830 2909 Gloria
852 2855 908 2909 in
939 2853 1152 2909 excelsis
1188 2853 1296 2909 Deo
1353 2854 1728 2910 introducatur
1755 2855 1807 2909 in
1837 2855 1955 2910 the-

377 2960 568 3001 sauros
611 2960 738 3000 suos
783 2959 954 3014 usque
1000 2943 1068 2998 ad
1097 2944 1239 2999 diem
1286 2943 1662 3000 exsultationis
1702 2943 1954 3000 Ecclesia:

376 3052 472 3108 per
498 3035 951 3093 resurrectionem
973 3035 1163 3104 capitis
1194 3035 1387 3091 nostri.

964 3147 1189 3212 CAPUT
1228 3147 1368 3212 XIX.

375 3243 452 3298 De
472 3241 720 3308 versibus,
749 3241 840 3312 qui
869 3241 921 3295 in
949 3239 1366 3312 Quadragesima
1388 3249 1528 3306 sum,
1561 3256 1720 3310 usque
1750 3242 1803 3295 in
1829 3258 1951 3311 pas-

921 3312 1121 3365 sionem
1145 3310 1378 3366 Domini.

445 3404 600 3476 Srepc
637 3405 839 3460 dictum
877 3413 962 3458 est
995 3403 1138 3472 quod
1186 3402 1461 3473 psalmus,
1512 3403 1616 3470 Qui
1659 3404 1856 3460 habitat
1894 3406 1951 3460 in

373 3495 639 3566 adjutorio
674 3495 946 3559 altissimi,
990 3493 1315 3549 mentionem
1341 3509 1527 3550 eorum
1557 3492 1829 3561 informet,
1857 3496 1948 3565 qui

374 3590 427 3642 in
458 3589 756 3644 certamine
781 3587 945 3659 positi
993 3587 1046 3642 in
1081 3586 1307 3642 Domino
1357 3595 1565 3657 ponunt
1601 3602 1750 3656 spem
1798 3602 1951 3643 suam

373 3691 427 3738 et
474 3697 634 3738 omne
663 3679 991 3751 adjutorium
1045 3680 1113 3734 ab
1151 3693 1216 3734 eo
1251 3679 1627 3750 deprecantur.
1681 3679 1777 3734 Est
1805 3679 1950 3735 enim

372 3787 562 3834 sancta
589 3778 829 3833 Ecclesia
874 3778 928 3832 in
961 3777 1151 3846 majori
1187 3779 1487 3834 certamine
1513 3778 1804 3835 constituta
1832 3779 1948 3832 die-

374 3869 475 3921 bus
505 3867 958 3935 Quadragesimm,
981 3881 1146 3936 quam
1165 3868 1220 3922 in
1243 3868 1351 3922 alio
1374 3876 1632 3938 tempore.
1656 3870 1780 3925 Ideo
1805 3869 1950 3925 hunc

373 3956 636 4030 psalmum
675 3974 740 4014 eo
765 3967 1002 4028 tempore
1027 3957 1333 4028 frequentat
1354 3961 1407 4014 in
1430 3963 1696 4028 versibus,
1721 3965 1811 4034 qui
1843 3963 1948 4020 Do-

372 4050 501 4105 mini
525 4049 913 4121 protectioncm
943 4047 1181 4104 insinuat
1207 4059 1262 4106 et
1288 4051 1636 4122 adjutorium.

977 4160 1203 4217 CAPUT
1243 4161 1360 4216 XX.

863 4232 941 4286 De
969 4232 1208 4301 passione
1232 4232 1463 4286 Domini.

442 4325 568 4381 Dies
587 4325 860 4396 passionis.
881 4324 1094 4380 Domini
1115 4323 1498 4394 coniputantur
1517 4325 1726 4383 duabus
1745 4327 1944 4383 hebdo—

367 4415 617 4471 madibus
668 4426 794 4470 ante
841 4413 1042 4485 pascha
1089 4414 1324 4504 Domini.
1375 4414 1561 4484 Neque
1595 4417 1739 4504 enim
1775 4417 1841 4472 ab
1877 4432 1935 4471 re
1971 4445 2022 4504 Β

367 4514 474 4572 est,
489 4506 632 4576 quod
661 4505 714 4560 in
737 4505 948 4560 duabus
966 4502 1388 4560 hebdomadibus
1411 4504 1667 4560 recolitur
1694 4503 1810 4572 ejus
1829 4520 1946 4575 pas-

367 4597 486 4650 sio:
517 4596 771 4665 quoniam
820 4595 874 4648 in
925 4592 1134 4648 duobus
1174 4594 1506 4664 temporibus
1555 4592 1715 4662 hujus
1758 4594 1942 4648 mundi

368 4686 624 4741 scribitur
669 4693 726 4739 et
777 4683 1097 4738 informatur
1146 4682 1359 4758 eadem,
1389 4683 1606 4752 passio;
1659 4682 1819 4753 quale
1862 4692 1946 4738 est

367 4774 498 4828 illud
546 4774 706 4843 primi
765 4771 1022 4842 temporis
1074 4771 1141 4826 de
1174 4770 1327 4837 Noe,
1369 4772 1463 4841 qui
1514 4771 1808 4826 inebriatus
1860 4781 1945 4828 est

365 4867 511 4930 vino,
527 4875 580 4920 et
605 4865 905 4920 denudatus
927 4864 1117 4932 jacuit,
1132 4872 1186 4919 et
1208 4865 1275 4918 ab
1289 4879 1395 4920 uno
1417 4863 1528 4919 lilio
1540 4863 1938 4930 dehonestatus,

366 4965 421 5009 et
445 4969 474 5007 a
503 4955 710 5009 duobus
732 4962 1039 5020 veneratus,
1067 4962 1120 5009 et
1146 4954 1272 5010 illud
1289 4953 1405 5022 jam
1430 4955 1531 5009 sub
1562 4954 1702 5026 lege,
1731 4953 1796 5007 Et
1844 4956 1940 5009 erit

365 5048 470 5100 vita
497 5055 588 5098 tua
607 5046 757 5115 quasi
790 5044 1016 5112 pendens
1061 5053 1181 5097 ante
1216 5052 1283 5109 te,
1322 5042 1524 5096 timebis
1563 5053 1709 5097 nocte
1745 5053 1791 5098 et
1821 5043 1938 5109 die,

364 5145 412 5189 et
438 5151 540 5189 non
566 5132 741 5187 credes
782 5134 896 5186 vita:
923 5142 1045 5210 tute.
1073 5133 1131 5186 in
1157 5133 1264 5187 illis
1293 5133 1488 5188 diebus
1514 5133 1815 5188 amittimus
1843 5148 1941 5203 per

365 5225 610 5281 undecim
640 5224 756 5279 dies
800 5222 855 5277 in
906 5222 1034 5277 solis
1071 5223 1427 5292 responsoriis
1468 5223 1694 5294 gloriam
1739 5234 1939 5279 sanctae

363 5315 664 5381 Trinitatis,
691 5313 946 5386 quoniam
993 5327 1090 5383 per
1119 5313 1475 5370 humilitatem
1505 5315 1827 5370 veniendum
1855 5325 1939 5372 est

363 5406 432 5461 ad
449 5407 754 5476 passionem
778 5403 999 5460 Christi.
1032 5402 1218 5459 Passio
1264 5411 1318 5459 et
1347 5405 1650 5475 persecutio
1676 5413 1934 5474 quantum

363 5497 430 5550 ad
461 5512 701 5565 praesens
729 5496 990 5561 cernitur,
1015 5511 1249 5551 massam
1277 5511 1395 5565 quae
1423 5511 1484 5551 ex
1517 5496 1686 5550 Adam
1725 5504 1935 5566 sumpta

364 5595 464 5639 est.
488 5587 634 5643 lianc
652 5589 1078 5643 immutationem
1099 5587 1417 5642 humilitatis
1443 5587 1724 5656 designant
1747 5577 1933 5651 turbae,

370 5677 744 5744 quc-obviam
791 5691 1052 5738 venerunt
1103 5679 1328 5757 Domino
1372 5678 1458 5733 (lie
1509 5677 1816 5732 Palmarum
1870 5677 1936 5731 ad

2057 1870 2302 1926 personae
2325 1837 2446 1910 Filii
2486 1854 2602 1909 Dei.
2633 1855 2785 1910 Unde
2812 1865 2868 1910 et
2910 1855 3022 1926 ipse
3046 1857 3302 1926 praecepit
3350 1859 3645 1927 apostolis.

2057 1961 2126 2002 ne
2163 1947 2323 2002 alicui
2351 1946 2556 2002 diceret
2580 1943 3108 2018 transfigurationem
3148 1961 3303 2001 suam
3345 1947 3404 2000 in
3431 1959 3647 2014 monte,

2057 2043 2350 2105 antequam
2384 2041 2695 2105 resurgeret
2745 2049 2777 2088 a
2825 2035 3090 2089 mortuis:
3121 2043 3301 2103 potest
3348 2043 3530 2090 tamen
3594 2045 3651 2091 et

2058 2124 2382 2195 simpliciter
2425 2123 2667 2194 intelligi,
2695 2129 2964 2192 quatenus
3016 2122 3086 2178 ad
3137 2123 3457 2177 memoriam
3487 2124 3650 2178 nobis

2058 2215 2306 2280 reducat,
2336 2214 2482 2285 quod
2507 2214 2795 2284 aliquando
2819 2222 2965 2270 esset
3010 2222 3245 2286 tempus,
3275 2215 3500 2285 quando
3530 2232 3652 2270 mc-

2057 2315 2300 2364 moratus
2329 2307 2561 2379 hymnus
2585 2322 2693 2362 non
2732 2307 3013 2362 dicebatur
3043 2305 3098 2360 in
3131 2305 3376 2361 Ecclesia
3426 2316 3647 2360 nostra.

2054 2396 2100 2452 A
2125 2405 2314 2452 sancto
2343 2395 2669 2468 Hieronymo
2693 2396 2954 2466 scriptum
2983 2405 3067 2451 est
3107 2396 3175 2452 de
3220 2396 3414 2452 eodem
3439 2397 3652 2468 hymno

2055 2486 2124 2542 ad
2173 2487 2463 2542 Damasum
2512 2501 2726 2556 papam.
2767 2483 2954 2540 Simile
2999 2496 3083 2540 est
3107 2494 3162 2540 et
3196 2485 3344 2550 illud,
3373 2486 3520 2555 quod
3561 2486 3650 2539 la-

2055 2579 2338 2636 noceutius
2385 2595 2524 2650 papa
2573 2579 2832 2651 scripsit,
2879 2594 2988 2634 non
3030 2578 3246 2634 Missam
3282 2579 3551 2634 celebrari
3593 2582 3648 2636 in

2055 2667 2380 2737 Parasceve,
2410 2678 2466 2724 et
2496 2670 2550 2724 in
2588 2669 2813 2725 sabbato
2834 2677 3024 2725 sancto
3053 2688 3065 2722 :
3098 2679 3278 2724 tamen
3326 2669 3644 2726 celebratur

2055 2759 2240 2826 missa,
2271 2775 2392 2830 qua:
2432 2758 2804 2815 celebrabatur
2843 2755 2911 2814 ab
2946 2759 3224 2829 apostolis,
3252 2759 3490 2825 scilicet,
3545 2777 3653 2831 per

2055 2852 2225 2910 solam
2274 2851 2578 2909 orationem
2625 2850 2980 2905 Dominicam.
3019 2850 3077 2906 Si
3114 2851 3216 2908 hoc
3262 2851 3438 2907 voluit
3479 2869 3648 2908 mon-

2054 2953 2232 3000 strare
2268 2943 2448 2998 verbis
2505 2942 2638 3008 suis,
2677 2942 2767 2997 ubi
2815 2941 2978 3008 dicit,
3031 2952 3373 3000 sacramenta
3425 2946 3653 3014 penitus

2055 3049 2161 3090 non
2189 3035 2548 3101 celebrari,ut
2574 3035 2720 3091 nullo
2746 3036 2905 3092 modo
2933 3037 3362 3104 celebrarentur,
3391 3055 3561 3095 nemo
3597 3042 3653 3095 id

2053 3135 2230 3182 servat
2257 3127 2397 3198 apud
2429 3142 2546 3182 nos.
2583 3125 2688 3183 Sed
2717 3136 2774 3182 ut
2794 3128 3018 3198 populus
3050 3130 3144 3200 qui
3173 3131 3496 3188 reficiendus
3523 3141 3653 3187 erat

2052 3217 2170 3288 ipso
2198 3219 2283 3273 dic
2333 3218 2556 3274 haberet
2605 3219 2662 3273 in
2691 3218 3097 3275 fundamentum
3149 3237 3348 3293 corpus
3398 3222 3652 3278 Domini-

2051 3327 2196 3376 cum,
2229 3318 2285 3365 et
2314 3311 2664 3368 nihilominus
2694 3313 2979 3368 reducatur
3014 3315 3171 3369 nobis
3201 3315 3268 3369 ad
3307 3317 3648 3371 memoriam

2051 3402 2219 3458 missa
2249 3401 2638 3474 apostolorum,
2659 3403 2963 3459 celebratur
2983 3404 3171 3459 eadem
3199 3423 3213 3458 :
3241 3407 3387 3476 quod
3414 3422 3523 3461 non
3555 3419 3645 3463 est

2052 3507 2271 3548 necesse
2327 3491 2440 3547 fieri
2493 3492 2546 3546 in
2596 3494 2821 3550 sabbato
2864 3503 3054 3549 sancto
3083 3535 3098 3557 ,
3157 3495 3284 3566 quia
3314 3508 3647 3566 exspectant

2052 3598 2241 3638 omnes
2265 3581 2435 3653 jejuni
2465 3597 2636 3653 usque
2663 3585 2729 3640 ad
2782 3593 2996 3640 noctem
3048 3586 3265 3656 quando
3307 3587 3476 3640 missa
3498 3589 3647 3643 cclc-

2052 3672 2240 3728 bratur
2267 3675 2677 3729 resurrectionis
2726 3676 2963 3730 Domini.
3015 3676 3098 3733 Ab
3155 3677 3251 3731 illo
3283 3676 3374 3731 die
3422 3682 3647 3748 quando

2052 3763 2331 3818 omisimus
2362 3761 2545 3818 Gloria
2573 3762 2749 3829 Patri,
2781 3764 2898 3819 duae
2943 3765 3295 3822 hebdomada:
3329 3778 3490 3832 sunt,
3538 3771 3650 3826 hoc

2052 3853 2574 3922 est,quatuordccim
2598 3854 2714 3910 dies
2733 3871 2903 3925 usque
2929 3857 2980 3910 in
3006 3856 3212 3911 Pascha
3246 3857 3484 3913 Domini.
3516 3860 3645 3914 Dies

2051 3946 2272 4003 Pascha:
2295 3946 2409 4016 jam
2433 3945 2498 4000 de
2527 3947 2684 4000 tertia
2713 3947 3047 4002 hebdomada
3077 3955 3179 4015 est,
3212 3947 3266 4002 in
3296 3965 3405 4018 qua
3431 3959 3647 4005 restau-

2052 4047 2202 4093 ratur
2231 4038 2407 4094 omnis
2455 4037 2653 4092 amissa
2699 4037 3039 4108 glorificatio.
3068 4039 3124 4094 ln
3174 4041 3340 4095 tertio
3387 4050 3640 4112 tempore

2055 4127 2183 4198 legis
2218 4128 2404 4200 gratia:
2439 4113 2618 4182 omnia
2671 4126 2936 4182 beneficia
2974 4127 3271 4184 redduntur
3325 4127 3596 4185 Ecclesia!
3623 4172 3642 4194 ,

2051 4235 2168 4288 qua:
2196 4206 2643 4290 exspectaverunt
2680 4226 2864 4290 patres
2891 4219 3082 4285 nostri,
3112 4221 3203 4289 qui
3232 4221 3564 4276 tenebantur
3589 4224 3643 4277 in

2049 4311 2299 4379 claustris
2329 4311 2542 4378 inferni,
2573 4320 2817 4382 tempore
2845 4311 3105 4366 naturalis
3128 4312 3283 4383 legis,
3310 4322 3366 4367 et
3393 4322 3644 4383 tempore

2051 4404 2185 4474 legis
2210 4404 2423 4458 litterae.
2455 4402 2637 4474 Neque
2664 4402 2920 4459 abhorret
2955 4417 2986 4456 a
3033 4417 3180 4468 vero,
3203 4403 3250 4458 si
3273 4403 3392 4458 dies
3415 4404 3641 4460 Passio-

2048 4495 2131 4550 nis
2158 4493 2390 4559 Domini,
2414 4493 2506 4562 qui
2535 4509 2631 4564 per
2657 4494 2789 4548 duas
2840 4493 3210 4548 hebdomadas
3251 4493 3640 4560 celebrantur,

2045 4587 2198 4658 quasi
2232 4601 2329 4658 per
2356 4587 2464 4642 duo
2505 4593 2746 4655 tempora
2777 4600 2963 4640 eorum
3016 4576 3510 4641 murmurationem
3565 4586 3638 4638 al

2045 4678 2361 4734 memoriam
2392 4676 2547 4732 nobis
2589 4676 2868 4742 reducant,
2896 4675 2988 4746 qui
3027 4675 3236 4730 meritis
3265 4675 3382 4730 suis
3413 4675 3642 4730 eteleste

2045 4785 2267 4841 regnum
2291 4769 2757 4838 promerebantur,
2782 4776 2835 4822 et
2860 4778 3037 4822 tamen
3083 4767 3356 4821 humiliati
3382 4779 3550 4822 erant
3578 4768 3635 4822 in

2044 4859 2294 4914 claustris
2321 4857 2517 4913 inferni
2549 4873 2721 4928 usque
2752 4857 2817 4911 ad
2845 4857 3059 4912 tertiam
3083 4855 3484 4912 hebdomadam
3500 4856 3641 4928 legis

2045 4949 2258 5020 gratiae.

2620 5015 2845 5074 CAPUT
2884 5015 3024 5071 XXI.

2043 5111 2120 5165 De
2147 5109 2305 5164 Coena
2335 5109 2580 5175 Domini,
2626 5117 2673 5163 et
2705 5107 3028 5172 Parasceve,
3071 5123 3134 5160 ac
3161 5105 3397 5162 Sabbato
3420 5120 3632 5164 sancto.

2114 5223 2386 5290 Quantum
2427 5221 2602 5292 potuit
2657 5220 2934 5275 institutor
2974 5215 3133 5274 cilicii
3165 5217 3501 5272 conformari
3531 5236 3638 5275 nos

2045 5315 2216 5370 voluit
2263 5328 2360 5370 sua
2404 5311 2767 5368 admonitione
2818 5309 3021 5366 Christi
3067 5309 3331 5379 passioni,
3361 5317 3416 5364 et
3443 5311 3638 5365 causis

2045 5403 2409 5474 apostolorum
2436 5403 2527 5472 qui
2557 5400 2803 5456 obstricti
2844 5406 3003 5453 erant
3026 5407 3267 5467 tempore
3312 5399 3594 5469 passionis
3618 5440 3635 5462 ,

2044 5511 2144 5551 nec
2170 5510 2277 5549 non
2313 5501 2369 5549 et
2424 5491 2653 5562 disjungi
2692 5491 2930 5545 moribus
2977 5499 3405 5558 persecutorum.
3441 5487 3636 5542 Primo

2043 5583 2328 5640 dicendum
2359 5590 2461 5646 est,
2496 5580 2636 5649 quod
2672 5580 2846 5634 omnis
2883 5578 3130 5632 doctrina
3178 5578 3415 5647 pastoris
3444 5587 3622 5631 tacea-

2047 5683 2132 5730 tur
2166 5676 2216 5727 in
2245 5674 2486 5729 Ecclesia
2521 5673 2603 5727 his
2631 5669 2839 5739 diebus,
2873 5669 2923 5724 id
2950 5677 3050 5734 cst,
3077 5682 3228 5723 cwna
3271 5667 3521 5734 Domini,
3575 5678 3636 5722 et
