3938 6178
357 334 491 392 1291

1103 332 1189 386 DE
1226 329 1779 388 ECCLESIAS’I‘ICIS
1818 330 2107 388 OFFICIIS
2146 332 2327 387 LIBRI
2367 333 2455 389 IV.
2495 365 2564 376 ——
2601 336 2726 390 LIB.
2765 336 2850 393 IV.

3475 339 3610 395 120?.

352 447 670 510 Parasccve,
697 459 760 498 ac
786 443 1009 498 sabbato
1052 453 1259 498 sancto.
1279 444 1398 499 Non
1426 443 1654 508 dicitur,
1683 443 1926 511 Domine,
1955 450 2003 509 Α
2031 453 2131 499 est.
2183 445 2428 500 Alterum
2459 461 2646 501 eorum
2675 449 2766 518 qui
2807 448 2859 502 in
2909 447 3154 518 plebibus
3194 451 3494 519 constituti,
3523 469 3612 509 re-

351 537 496 590 lubia
525 551 641 589 mea
671 535 901 603 aperias,
939 548 1043 587 non
1072 533 1232 588 datur
1256 533 1558 587 benedictio
1600 533 1924 601 legentibus,

352 626 655 682 admonitio
683 625 929 679 lectionis
977 640 1087 679 non
1133 624 1471 678 ministratur
1515 625 1568 678 in
1621 623 1926 677 matutinali

349 719 575 774 cilicio:
616 726 738 788 post
792 719 1051 788 hymnum
1097 717 1372 772 Zachariae
1436 733 1544 770 non
1597 717 1928 786 gubernatur

348 809 526 864 oratio
575 808 734 864 solito
778 824 926 864 more
952 823 982 861 a
1013 816 1248 878 pastore.
1299 808 1567 864 Ideolnnc
1600 822 1709 862 non
1751 807 1924 874 fiunt,

348 903 477 971 quia
526 908 713 970 pastor
753 909 937 956 noster
980 902 1227 958 Christus
1279 903 1548 968 recessit,
1613 911 1668 958 et
1731 902 1927 958 arietes

343 991 549 1063 gregis,
587 992 678 1062 qui
717 991 829 1062 jam
871 992 1239 1062 praedestinati
1271 1002 1445 1060 erant,
1481 1001 1540 1049 ut
1565 1003 1811 1064 pastores
1841 993 1925 1048 fo-

348 1091 471 1137 rent
495 1082 772 1148 Ecclesiae,
799 1083 1025 1153 dispersi
1066 1093 1209 1138 sunt.
1242 1084 1472 1139 Minores
1497 1086 1693 1154 quique
1723 1083 1925 1140 faciunt

343 1188 504 1228 suum
538 1173 773 1229 oﬂicium
803 1182 926 1245 typo
954 1175 1359 1245 discipulorum,
1404 1177 1493 1247 qui
1530 1175 1711 1230 forsan
1747 1176 1926 1230 minus

343 1266 548 1336 cugniti
585 1274 740 1321 erant
777 1267 1021 1336 discipuli
1049 1282 1169 1323 esse
1201 1268 1401 1323 Christi
1426 1310 1440 1333 ,
1483 1277 1537 1324 et
1567 1277 1692 1340 typo
1739 1269 1926 1324 mulie-

347 1373 467 1411 rum
519 1373 640 1427 qua:
692 1365 988 1426 praesentes
1027 1360 1215 1414 adesse
1262 1367 1515 1429 poterant
1563 1360 1924 1415 liumiliatioui

343 1449 566 1504 Christi.
603 1448 792 1505 Solent
835 1453 980 1506 enim
1034 1452 1198 1522 aliqui
1243 1463 1496 1508 cantores
1521 1455 1772 1508 omittere
1799 1469 1922 1508 ver-

342 1554 462 1592 sum
485 1548 612 1595 ante
641 1539 955 1596 Benedictus
977 1541 1238 1597 Dominus
1263 1543 1406 1598 Deus
1438 1543 1633 1608 Israel,
1664 1546 1787 1613 quia
1817 1559 1922 1600 non

341 1630 598 1699 prmeedit
619 1631 801 1698 lectio,
828 1635 970 1703 quod
994 1650 1100 1688 non
1132 1644 1348 1705 oportet
1376 1636 1481 1690 illis
1513 1635 1710 1690 facere.
1754 1635 1922 1690 Suum

337 1722 575 1779 cilicium
614 1724 718 1780 illis
747 1725 1042 1793 celebrant,
1077 1728 1170 1782 sed
1197 1717 1432 1798 pastoris
1457 1728 1693 1782 cilicium
1722 1729 1919 1783 retice-

2027 543 2226 603 guntur
2253 549 2282 587 a
2315 535 2648 601 doctoribus,
2680 543 2902 606 agentes
2923 551 2986 590 ea
3014 551 3140 605 quze
3158 549 3284 594 sunt
3325 539 3486 610 hujus
3507 557 3609 599 sae-

2028 625 2131 679 culi
2158 666 2171 688 ,
2227 640 2364 694 quos
2392 635 2446 680 et
2471 625 2793 680 feminarum
2824 627 3042 681 nomine
3095 629 3449 697 signiﬁcavit,
3482 635 3610 704 quia

2027 718 2268 772 consiliis
2297 718 2378 788 (ut
2407 718 2561 789 dixit)
2587 720 2884 788 peritorum
2907 720 2986 775 eis
3020 722 3259 790 expedit,
3281 730 3336 776 et
3360 724 3614 782 molentes

2025 807 2181 872 dixit,
2208 817 2430 879 propter
2461 811 2836 880 temporalium
2866 812 3202 882 negotiorum
3231 814 3420 868 orbem
3451 824 3615 886 atque

2026 897 2354 952 circuitum:
2389 916 2524 969 quas
2572 910 2753 956 tamen
2804 902 2858 956 in
2895 917 3004 958 uno
3053 905 3316 960 molentes
3373 907 3512 961 dixit
3558 907 3609 961 in

2027 997 2288 1057 quantum
2317 989 2383 1044 de
2432 991 2563 1060 ipsis
2608 992 2771 1048 rebus
2822 1001 2877 1048 et
2914 995 3147 1064 negotiis
3203 996 3315 1051 suis
3369 999 3618 1067 praebent

2027 1080 2215 1135 usibus
2246 1081 2519 1136 Ecclesize.
2565 1083 2808 1138 Tertium
2857 1098 3045 1139 eorum
3084 1085 3176 1155 qui
3227 1095 3526 1157 operantur
3557 1089 3610 1142 in

2027 1171 2284 1228 Ecclesia:
2313 1172 2635 1240 ministerio,
2663 1182 2920 1244 tanquam
2957 1175 3010 1230 in
3048 1192 3180 1248 agro
3208 1177 3303 1232 Dei
3330 1220 3344 1244 ,
3403 1179 3470 1234 de
3504 1195 3608 1249 qua

2027 1265 2358 1336 agricultura
2394 1264 2685 1334 Apostolus
2735 1266 2992 1336 loquitur.
3044 1269 3308 1336 Quoniam
3362 1270 3464 1326 ista
3505 1273 3621 1326 tria:

2027 1369 2225 1424 genera
2251 1369 2356 1409 non
2399 1354 2637 1411 abfuisse
2667 1358 2940 1412 credimus
2972 1359 3024 1412 in
3065 1360 3316 1414 omnibus
3368 1361 3612 1418 articulis

2028 1452 2354 1513 temporum,
2387 1459 2506 1513 qum
2536 1455 2715 1501 tamen
2757 1449 3005 1516 quamvis
3055 1449 3226 1505 electa
3266 1457 3477 1514 essent,
3519 1451 3618 1506 de-

2027 1535 2357 1590 scendebant
2379 1537 2446 1590 ad
2471 1535 2669 1591 inferni
2695 1538 2954 1605 claustra,
2979 1549 3033 1595 et
3066 1556 3129 1594 ea
3170 1542 3224 1595 in
3257 1542 3376 1597 istis
3421 1543 3611 1599 diebus

2028 1624 2305 1679 descendit
2331 1625 2589 1680 Dominus
2619 1627 2744 1682 inde
2793 1628 3022 1694 auferre,
3057 1639 3112 1684 et
3145 1634 3356 1688 sociare
3408 1635 3612 1689 actioni

2026 1719 2082 1764 ct
2129 1711 2423 1780 cognitioni
2457 1719 2511 1765 et
2550 1712 2746 1781 gaudio
2774 1714 2982 1769 scilicet
3011 1716 3344 1786 angelorum,
3378 1733 3481 1772 non
3511 1719 3612 1773 im-

339 1821 452 1867 tur.
482 1813 853 1869 Invitatorium
907 1831 1013 1870 non
1049 1797 1311 1881 cantant,
1359 1824 1417 1870 ut
1446 1817 1673 1872 doceant
1716 1818 1918 1872 malum

2024 1803 2217 1857 merito
2252 1819 2350 1873 per
2374 1818 2564 1858 novem
2601 1805 2858 1874 psalmos,
2886 1810 2975 1878 qui
3023 1809 3302 1877 pertinent
3346 1810 3412 1864 ad
3442 1813 3610 1866 actio-

337 1898 664 1958 conventum
690 1905 864 1960 vitare
891 1921 1018 1961 suos
1051 1907 1226 1976 qualis
1267 1905 1368 1962 fuit
1415 1909 1556 1977 apud
1601 1908 1814 1964 Indicos
1855 1909 1922 1964 de

339 2006 474 2048 nece
500 1991 717 2048 Christi.
742 1993 954 2060 Quanto
981 1997 1203 2066 propius
1227 1997 1429 2051 instant
1457 1998 1693 2067 passioni
1715 2040 1729 2064 ,
1771 2007 1920 2054 tanto

336 2099 398 2137 se
422 2082 544 2152 plus
576 2083 862 2138 humiliant
889 2084 941 2138 in
969 2083 1144 2140 cilicio
1173 2101 1288 2140 suo.
1316 2086 1482 2156 Igitur
1509 2088 1563 2141 in
1600 2088 1718 2142 istis
1749 2089 1921 2143 nocti-

336 2173 439 2227 bus
471 2174 584 2228 sive
613 2173 802 2228 diebus
848 2175 1064 2243 penitus
1108 2176 1396 2242 omittunt,
1451 2173 1634 2232 Gloria
1679 2175 1830 2231 Patri
1872 2189 1920 2231 et

337 2260 482 2316 Filio
530 2273 580 2318 et
607 2262 833 2334 Spiritui
883 2273 1088 2318 sancto.
1141 2264 1329 2320 Omnis
1375 2265 1628 2321 salutatio
1678 2266 1829 2321 deest
1863 2266 1918 2321 in

335 2352 459 2407 istis
485 2353 661 2407 tribus
681 2352 889 2418 diebus,
925 2354 1040 2409 sive
1087 2355 1338 2409 noctibus
1383 2356 1449 2409 ad
1479 2356 1752 2410 vitandam
1777 2357 1919 2412 salu-

331 2441 596 2495 tationem
627 2441 940 2510 pestiferam
967 2482 982 2507 ,
1038 2442 1252 2511 qualem
1285 2443 1530 2498 diabolus
1575 2442 1740 2498 ludas
1766 2459 1920 2498 exer-

334 2529 468 2584 cuit.
501 2528 719 2586 Necnon
754 2532 917 2587 etiam
971 2533 1198 2588 altitudo
1241 2534 1518 2603 signorum
1547 2576 1562 2601 ,
1609 2551 1730 2606 quae
1759 2536 1921 2591 ﬁebat

334 2632 433 2686 per
462 2633 584 2675 vasa
605 2636 768 2685 terea,
800 2621 1110 2692 deponitur,
1140 2631 1196 2677 et
1217 2623 1482 2694 lignorum
1525 2639 1691 2680 sonus
1731 2640 1923 2694 usque-

335 2724 548 2780 quaque
575 2711 832 2766 humilior
858 2713 983 2767 reris
1027 2727 1180 2778 sono,
1214 2713 1525 2768 necessario
1567 2713 1835 2784 pulsatur,
1860 2722 1921 2770 ut

337 2799 622 2854 conveniat
667 2801 896 2870 populus
921 2802 988 2856 ad
1017 2802 1336 2858 Ecclesium.
1390 2803 1578 2859 Potest
1627 2812 1682 2858 et
1729 2806 1782 2859 in
1814 2807 1920 2861 hoc

336 2888 591 2942 humilior
620 2905 748 2944 usus
778 2891 1035 2946 Ecclesiae
1069 2892 1327 2948 Romanae
1377 2893 1652 2963 designari
1685 2897 1922 2966 antiquis

333 2977 865 3048 temporibus,quam
888 2996 1028 3035 nunc
1056 2981 1144 3048 sit,
1173 2990 1227 3037 et
1245 2982 1516 3052 praecipue
1543 2994 1688 3049 tunc,
1705 2987 1920 3056 quando

332 3063 584 3120 latitabat
602 3081 700 3136 per
720 3077 936 3137 cryptas
956 3076 1178 3138 proyter
1199 3078 1576 3139 persecutores
1609 3090 1623 3128 :
1655 3072 1790 3128 Nam
1817 3074 1918 3129 ad-

331 3155 440 3212 huc
483 3156 667 3226 junior
693 3157 884 3224 Roma,
908 3175 1028 3230 quae
1050 3159 1287 3230 antiquis
1315 3163 1647 3232 temporibus
1672 3165 1773 3221 sub
1809 3183 1917 3222 uno

329 3257 560 3315 Domino
590 3275 715 3316 cum
761 3262 982 3332 antiqua
1018 3261 1191 3318 Roma
1235 3264 1544 3334 regebatur,
1569 3280 1723 3320 usum
1745 3266 1918 3338 ligno-

327 3361 451 3403 rum
483 3357 651 3417 tenet,
683 3366 790 3406 non
828 3361 1050 3422 propter
1077 3354 1202 3409 teris
1229 3356 1530 3424 penuriam,
1564 3357 1657 3411 sed
1699 3368 1918 3427 propter

327 3447 674 3495 vestutatem.
707 3441 775 3495 Et
797 3443 924 3510 quia
957 3443 1258 3500 Salvatoris
1284 3447 1452 3500 nostri
1487 3448 1791 3504 humiliatio
1819 3465 1919 3519 per

295 3530 662 3602 sepulturam
707 3532 884 3588 triduo
927 3534 1251 3603 celebratur,
1280 3539 1538 3593 convenit
1580 3548 1641 3594 ut
1679 3556 1778 3611 per
1807 3551 1918 3599 tres

327 3621 470 3686 dies,
502 3621 556 3675 id
581 3629 684 3687 est,
707 3623 954 3693 quintam
988 3625 1179 3680 feriam
1210 3635 1264 3682 et
1282 3636 1493 3683 sextam
1521 3638 1578 3684 et
1605 3633 1916 3701 septimam,

330 3709 637 3765 humiliatio
648 3711 820 3766 nostri
833 3711 992 3769 ollicii
1007 3716 1385 3785 subsequatur.
1402 3717 1604 3774 Novem
1634 3723 1848 3792 psalmi,
1864 3733 1919 3780 et

330 3816 524 3856 novem
539 3800 817 3869 lectiones,
832 3812 888 3859 et
900 3819 1092 3860 novem
1108 3811 1456 3878 responsorii,
1475 3812 1566 3881 qui
1579 3814 1920 3870 celebrantur

330 3908 429 3963 per
465 3901 575 3949 tres
625 3904 836 3961 noctes,
867 3898 1144 3954 insinuant
1189 3902 1332 3970 quod
1389 3903 1647 3961 Dominus
1691 3910 1916 3963 descen-

328 3985 463 4040 dens
494 3987 561 4041 ad
590 3987 847 4045 inferiora
869 3990 986 4046 loca
1014 4000 1196 4059 teme,
1222 3995 1348 4051 inde
1379 3997 1480 4051 tria
1509 3997 1790 4054 hominum
1827 4016 1918 4071 ge-

290 4147 298 4155 .
329 4093 460 4132 nera
487 4080 695 4148 rapuit,
723 4090 778 4135 et
813 4083 1110 4138 transvexit
1137 4085 1206 4139 ad
1245 4087 1560 4142 societatem
1596 4104 1787 4144 novem
1829 4105 1918 4146 or-

326 4169 512 4223 dinum
537 4171 868 4241 angelorum.
897 4172 1022 4228 Haec
1059 4174 1164 4228 tria
1202 4189 1400 4245 genera
1429 4177 1834 4249 distinguuntur
1862 4181 1915 4236 in

328 4258 620 4328 livangclio
648 4275 746 4329 per
770 4277 863 4317 eos
889 4263 978 4331 qui
1009 4263 1061 4317 in
1095 4279 1226 4334 agro
1251 4274 1399 4332 sunt,
1430 4275 1485 4322 et
1508 4283 1607 4337 per
1635 4284 1728 4325 eos
1748 4272 1837 4341 qui
1863 4271 1916 4326 in

327 4347 639 4403 molendino
667 4358 812 4417 sunt,
842 4359 1002 4420 atque
1037 4367 1134 4421 per
1167 4368 1261 4409 eos
1285 4356 1450 4424 quiin
1494 4357 1634 4412 lecto
1665 4369 1810 4414 sunt.
1853 4361 1918 4414 Et

328 4439 458 4508 quia
506 4439 619 4494 haec
650 4441 751 4495 tria
793 4457 992 4512 genera
1039 4445 1335 4499 creduntur
1378 4447 1546 4504 fuisse
1578 4450 1632 4504 in
1683 4451 1912 4505 naturali

327 4528 538 4599 lcge,et
569 4530 621 4583 in
648 4538 892 4600 tempore
919 4530 1394 4601 Iegislitterae,seu
1421 4544 1660 4605 tempore
1682 4541 1914 4609 prophe-

330 4631 533 4687 tarum,
551 4623 746 4676 merito
770 4637 867 4692 per
895 4631 1006 4678 tres
1027 4632 1212 4679 noctes
1235 4626 1548 4681 recoluntur
1571 4648 1582 4682 :
1611 4639 1666 4684 et
1694 4645 1914 4702 prop’er

327 4728 522 4767 novem
551 4713 771 4767 ordines
799 4713 1136 4784 angelorum,
1162 4729 1392 4784 quorum
1439 4719 1656 4773 nomina
1683 4720 1915 4790 legimus

326 4821 427 4875 per
453 4807 809 4860 novenarium
841 4822 1126 4862 numerum
1147 4850 1160 4873 ,
1207 4822 1396 4863 eorum
1429 4811 1673 4865 reductio
1715 4812 1916 4867 colitur

323 4899 395 4953 ad
430 4899 744 4954 societatem
767 4900 1082 4955 earumdem
1127 4899 1459 4970 angelorum.
1493 4899 1787 4954 Memorata
1811 4902 1916 4957 tria

325 5002 527 5058 genera
561 4988 856 5044 electorum
881 4988 1216 5060 Augustinus
1263 4989 1338 5042 ita
1366 4988 1626 5044 dilucidat
1674 4989 1728 5044 in
1777 4989 1915 5044 libro

324 5088 687 5156 quaestionum
727 5088 1163 5158 Evangeliorum,
1196 5087 1352 5141 titulo
1381 5089 1796 5160 quadragesimo
1823 5103 1905 5144 se-

325 5177 537 5246 ptimo:
581 5177 684 5245 Qui
720 5187 845 5233 sunt
877 5179 931 5231 in
957 5178 1046 5231 illa
1094 5184 1252 5231 nocte
1301 5177 1407 5231 duo
1445 5177 1498 5230 in
1526 5177 1686 5242 lecto,
1715 5187 1769 5233 et
1793 5177 1914 5234 dum

325 5267 594 5324 molentes
620 5270 674 5323 in
714 5284 899 5333 unum,
929 5277 984 5323 et
1012 5269 1116 5323 duo
1148 5268 1202 5322 in
1231 5281 1382 5337 agro,
1406 5267 1473 5322 de
1518 5268 1712 5337 quibus
1739 5269 1916 5323 omni-

324 5357 432 5412 bus
455 5357 594 5413 binis
635 5359 831 5429 singuli
855 5365 1220 5423 assumentur,
1246 5365 1302 5412 et
1350 5357 1549 5426 singuli
1600 5356 1914 5425 relinquen-

328 5451 460 5505 tur?
505 5451 630 5506 'I‘ria
663 5467 860 5523 genera
882 5451 1156 5506 hominum
1200 5450 1290 5504 hic
1312 5448 1562 5504 videntur
1589 5449 1908 5519 significari.

329 5539 510 5598 Unum
527 5558 714 5598 eorum
744 5543 834 5612 qui
861 5543 1031 5596 otium
1057 5547 1111 5596 et
1131 5539 1367 5608 quietem
1403 5538 1625 5609 eligunt,
1654 5554 1827 5607 neque
1859 5539 1912 5593 in

327 5635 560 5706 negotiis
619 5635 963 5690 saecularibus
1023 5647 1196 5702 neque
1255 5631 1484 5704 negotiis
1532 5630 1911 5686 ecclesiasticis

326 5733 600 5806 Oeaqiati,
630 5747 748 5802 quzr
779 5729 989 5786 illorum
1016 5725 1167 5795 quies
1204 5724 1324 5778 lecti
1365 5721 1580 5777 nomine
1609 5721 1907 5792 significata

1940 4489 1994 4547 D

2022 1904 2166 1959 nem,
2195 1902 2251 1949 et
2271 1910 2462 1950 novem
2487 1895 2779 1963 lectiones,
2809 1915 2928 1969 quae
2948 1899 3220 1969 pertinent
3241 1901 3307 1955 ad
3341 1903 3607 1972 cognitio-

2021 2000 2143 2040 nem
2171 2001 2396 2056 operum
2419 1989 2535 2056 Dei,
2559 1998 2614 2044 et
2659 2005 2852 2046 novem
2902 1991 3307 2060 responsorios,
3347 1992 3437 2061 qui
3487 2006 3610 2061 per-

2023 2076 2194 2132 tinent
2208 2079 2274 2133 ad
2304 2081 2513 2136 cantica
2549 2090 2860 2137 sanctorum
2904 2081 3240 2152 angelorum,
3269 2084 3608 2140 nocturnalia

2019 2167 2194 2225 ollicia
2216 2170 2562 2229 celebrantur

2606 2281 2834 2339 CAPUT
2871 2282 3032 2336 XXII.

2440 2394 2515 2449 De
2539 2393 2898 2450 Exstinctione
2924 2395 3178 2449 luminum

2091 2527 2246 2594 Quod
2273 2527 2451 2582 lumen
2478 2528 2720 2584 ecclesiae
2751 2527 3115 2598 exstinguitur
3139 2527 3194 2580 in
3222 2527 3308 2583 his
3331 2529 3604 2595 noctibus,

2019 2622 2236 2677 videtur
2260 2622 2418 2676 nobis
2446 2621 2618 2692 aptari
2650 2621 2753 2691 ipsi
2781 2620 2880 2676 soli
2907 2621 3154 2691 jnstitiae,
3185 2621 3278 2689 qui
3307 2623 3608 2676 exstinctus

2018 2724 2103 2771 est
2131 2723 2185 2770 et
2211 2713 2453 2785 sepultus
2495 2713 2667 2769 tribus
2696 2713 2887 2768 diebus
2924 2721 2979 2766 et
3009 2713 3183 2768 tribus
3212 2713 3478 2768 noctibus.
3513 2713 3607 2767 Sol

2020 2804 2164 2859 enim
2190 2803 2441 2858 Christus
2480 2801 2800 2856 illuminavit
2829 2800 3128 2856 Ecclesiam
3157 2815 3307 2856 suam
3337 2816 3435 2872 per
3463 2801 3605 2856 diem

2020 2906 2076 2950 et
2101 2901 2332 2959 noctem,
2361 2894 2500 2949 utin
2523 2893 2888 2964 prosperitate
2916 2891 3022 2946 diei
3051 2892 3218 2949 sciret
3244 2908 3304 2948 se
3328 2892 3607 2948 moderate

2021 2989 2296 3052 exaltare,
2335 2995 2392 3043 et
2421 2987 2474 3042 in
2505 2988 2835 3044 adversitate
2870 2987 3050 3044 noctis
3076 2988 3454 3058 aequanimiter
3481 2983 3606 3043 sub-

2020 3083 2230 3139 sistere.
2281 3080 2374 3136 Sol
2415 3082 2508 3152 qui
2545 3088 2870 3152 prmsentem
2910 3080 3172 3135 mundum
3217 3079 3483 3135 illuminat
3510 3095 3618 3152 per

1945 3149 1990 3212 (ἶ
2021 3173 2163 3228 diem
2200 3179 2255 3226 et
2286 3149 2500 3226 noctem
2538 3149 2727 3239 viginti
2755 3177 2990 3238 quatuor
3021 3169 3172 3224 horis
3199 3169 3492 3238 perlustrat
3512 3149 3606 3226 or-

2017 3264 2142 3319 bem
2167 3279 2346 3328 suum,
2389 3271 2446 3318 et
2485 3275 2612 3318 sunt
2653 3262 2814 3318 simul
2855 3262 2997 3316 inter
3024 3269 3136 3317 tres
3177 3263 3293 3316 dies
3319 3271 3375 3316 et
3417 3273 3608 3318 noctes

2017 3355 2360 3426 septuaginta
2403 3355 2522 3408 dua:
2559 3353 2708 3408 hora:
2748 3367 2763 3406 :
2805 3360 2888 3407 tot
2933 3352 3080 3406 enim
3124 3353 3417 3422 discipulos
3456 3355 3617 3408 misit

2018 3445 2268 3501 Christus
2287 3443 2446 3498 binos
2471 3451 2527 3498 et
2550 3443 2708 3499 binos
2733 3442 3030 3513 praedicare
3052 3451 3179 3498 ante
3205 3441 3398 3498 faciem
3426 3459 3602 3500 suam.

2017 3533 2186 3605 Igitur
2221 3548 2320 3604 per
2363 3532 2602 3604 singulas
2642 3541 2830 3588 noctes
2882 3535 3304 3588 memoratarum
3347 3533 3606 3591 feriarum

2017 3626 2208 3697 viginti
2232 3633 2464 3696 quatuor
2492 3625 2693 3680 lumina
2722 3625 3108 3680 accenduntur.
3141 3625 3209 3680 Et
3235 3626 3362 3696 quia
3389 3627 3502 3697 ipse
3523 3629 3605 3683 sol

2018 3718 2286 3789 signiﬁcat
2317 3715 2485 3771 solem
2516 3723 2760 3771 nostrum
2780 3757 2794 3781 ,
2829 3717 2920 3786 qui
2947 3716 3201 3772 occubuit
3226 3731 3452 3788 vespere
3480 3734 3606 3789 pas-

2019 3809 2208 3876 sionis,
2235 3824 2334 3880 per
2361 3807 2543 3864 lumen
2560 3849 2576 3874 ,
2606 3808 2750 3878 quod
2775 3823 2876 3863 nos
2903 3823 3193 3877 possumus
3223 3809 3523 3867 accendere
3549 3821 3606 3867 et

2018 3899 2384 3968 exstinguere,
2413 3897 2587 3953 instar
2611 3905 2763 3953 ortus
2786 3897 2991 3962 soliset
3011 3911 3240 3953 occasus
3268 3899 3605 3956 demonstra-

2017 4002 2140 4043 mus
2166 3995 2343 4044 ortum
2371 3995 2427 4041 et
2453 3987 2764 4042 occubitum
2792 3987 2908 4042 veri
2947 3985 3076 4042 solis
3109 3987 3291 4057 aliquo
3325 3989 3504 4045 modo.
3535 3991 3605 4045 ll-

2016 4080 2313 4135 lumiuatur
2337 4087 2520 4134 nostra
2546 4077 2784 4133 Ecclesia
2805 4077 2998 4147 viginti
3024 4084 3256 4145 quatuor
3283 4078 3600 4146 luminibus,

2016 4179 2072 4226 et
2105 4184 2204 4241 per
2232 4168 2442 4239 singula
2471 4168 2703 4232 cantica,
2735 4166 2789 4220 in
2819 4166 3015 4234 quibus
3053 4180 3153 4221 nos
3177 4177 3392 4236 oportet
3423 4171 3604 4224 exsul-

2017 4273 2157 4329 tare,
2197 4260 2497 4316 decidimus
2532 4257 2814 4322 mmstitia,
2845 4257 2970 4326 quia
2995 4271 3160 4312 verus
3188 4258 3266 4313 sol
3296 4268 3486 4315 noster
3511 4276 3604 4316 oc-

2017 4353 2220 4418 cubuit,
2248 4358 2304 4405 et
2330 4351 2410 4405 sic
2437 4348 2591 4418 quasi
2621 4363 2720 4418 per
2745 4347 2988 4418 singulas
3014 4347 3175 4403 horas
3202 4347 3444 4406 defectus
3472 4352 3602 4409 solis

2020 4453 2264 4516 augetur,
2297 4457 2472 4511 usque
2500 4441 2567 4496 ad
2594 4441 2809 4510 plenam
2847 4439 3283 4495 exstinctionem.
3315 4439 3429 4496 Hoc
3455 4445 3602 4498 enim

2019 4538 2079 4591 lit
2104 4543 2208 4600 ter,
2254 4535 2382 4605 quia
2423 4533 2603 4588 triduo
2628 4531 2905 4587 'recolitur
2945 4530 3221 4601 sepultura
3261 4531 3494 4586 Domini.
3543 4532 3609 4588 In

2019 4628 2106 4684 die
2127 4627 2271 4682 enim
2300 4632 2595 4680 renovatur
2619 4623 2722 4678 iste
2747 4622 2907 4694 ignis.
2933 4621 3050 4677 Non
3071 4622 3214 4676 enim
3241 4621 3400 4678 aliter
3424 4629 3602 4692 potest

2019 4716 2330 4788 recuperari
2374 4717 2444 4770 ad
2483 4715 2775 4769 utilitatem
2819 4720 3021 4768 nostrae
3061 4711 3322 4768 Ecclesiae
3365 4713 3470 4768 nisi
3511 4729 3602 4770 ex-

2019 4809 2286 4864 trinsecus
2312 4805 2544 4876 accipiat
2567 4805 2882 4860 fomentum.
2916 4801 2993 4857 De
3019 4816 3128 4872 qua
3151 4817 3214 4857 re
3241 4802 3372 4858 dicit
3398 4801 3600 4876 Grego-

2021 4897 2136 4952 rius
2171 4896 2224 4950 in
2255 4895 2545 4950 Moralibus
2573 4911 2586 4946 :
2617 4892 2760 4964 Ignis
2787 4905 3021 4959 namque
3047 4903 3362 4959 corporeus,
3393 4899 3454 4945 ut
3479 4906 3601 4948 esse

2021 4987 2162 5056 ignis
2209 4985 2402 5049 valeat,
2451 4982 2726 5054 corporeis
2771 4981 2978 5051 indiget
3013 4980 3290 5035 fomentis.
3331 4980 3433 5047 Qui
3475 4996 3596 5036 cum

2020 5090 2243 5132 necesse
2271 5083 2355 5130 est
2391 5083 2454 5129 ut
2489 5079 2758 5137 servetur,
2798 5086 2898 5141 per
2925 5079 3182 5142 congesta
3225 5070 3367 5142 ligna
3408 5070 3598 5140 procul

2019 5170 2182 5226 dubio
2211 5167 2466 5232 nutritur,
2504 5180 2606 5220 nec
2631 5165 2775 5218 valet
2801 5163 2906 5219 nisi
2934 5177 3228 5219 succensus
3255 5177 3392 5225 esse,
3418 5169 3474 5214 et
3491 5160 3595 5213 nisi

2018 5262 2244 5324 refotus,
2277 5259 2592 5313 subsistere.
2623 5257 2661 5327 ιι-
2684 5255 2912 5325 Propter
2943 5260 3185 5308 nostram
3225 5248 3594 5304 infirmitatem

2017 5351 2408 5414 reacccnditur,
2436 5350 2562 5420 quia
2590 5349 2708 5403 sine
2734 5347 2937 5402 lumine
2960 5361 3066 5400 non
3093 5353 3379 5412 possumus
3408 5343 3593 5391 nostra

2013 5443 2186 5501 oﬂicia
2233 5455 2492 5513 peragere
2541 5440 2596 5493 in
2645 5437 2906 5494 Ecclesia.
2962 5431 3233 5500 Alioquin,
3279 5426 3592 5482 conveniret

2010 5536 2191 5608 potius
2213 5543 2273 5590 ut
2292 5541 2414 5605 post
2435 5534 2665 5604 primam
2687 5529 3098 5586 exstinctionem
3119 5525 3418 5580 exstinctus
3443 5529 3592 5575 esset

2012 5641 2183 5697 usque
2205 5625 2271 5679 ad
2295 5624 2517 5695 gloriam
2548 5617 2956 5678 resurrectionis
2979 5623 3032 5670 et
3061 5612 3426 5669 renovationis
3456 5611 3604 5668 Novi:

2012 5719 2356 5778 Testamenti.
