3938 6178
410 335 549 393 1205

970 447 1195 504 CAPUT
1236 446 1421 503 XXIII.

407 542 488 598 De
521 543 690 598 tribus
718 538 932 599 psalmis
966 540 1057 611 qui
1086 548 1369 611 captantur
1407 540 1462 594 in
1498 537 1793 611 nocturnali
1821 536 1986 607 oliicio

778 624 873 681 per
900 608 1091 681 septem
1119 609 1229 664 dies
1261 608 1613 680 baptismales.

478 719 616 775 Tres
641 719 833 789 psalmi
864 718 958 791 qui
988 728 1273 775 cantantur
1305 720 1363 775 in
1395 720 1673 775 Dominica
1713 727 1869 773 nocte
1899 733 1985 772 re-

408 810 762 866 surrectionis
789 810 1033 876 Domini,
1061 826 1226 881 opera
1258 810 1421 865 trium
1447 809 1659 865 dierum
1685 818 1990 864 monstrant

407 908 529 973 qua:
555 902 816 958 Dominus
833 903 1127 958 secundum
1151 903 1348 958 Lucam
1370 903 1622 972 promisit
1646 918 1704 957 se
1727 903 1989 972 perlicere

409 996 463 1049 in
497 994 751 1065 prmsenti
781 993 985 1050 seculo.
1020 993 1159 1049 Dicit
1189 994 1408 1049 Lucas:
1441 993 1509 1047 In
1549 995 1662 1063 ipse
1699 1003 1870 1047 autem
1904 992 1989 1046 die

408 1094 737 1141 accesserunt
759 1085 975 1157 quidam
999 1082 1418 1149 Pharismorum,
1452 1085 1680 1139 dicentes
1710 1084 1829 1138 illi:
1859 1083 1987 1148 Exi,

408 1184 457 1228 et
498 1173 626 1229 vade
665 1175 808 1239 hinc,
845 1174 969 1245 quia
1007 1172 1243 1228 Herodes
1284 1173 1394 1229 vult
1429 1183 1478 1229 te
1511 1174 1764 1228 occidere.
1807 1174 1873 1228 Et
1915 1176 1990 1228 ait

407 1264 515 1321 illis
538 1281 558 1321 :
584 1265 687 1331 Ite,
714 1266 872 1320 dicite
898 1265 1042 1336 vulpi
1067 1264 1167 1330 illi,
1191 1282 1307 1320 ecce
1329 1264 1592 1320 daemonia
1620 1266 1796 1335 ejicio,
1827 1275 1874 1320 et
1904 1284 1991 1320 sa-

410 1357 601 1411 nitates
622 1356 841 1427 perﬁcio
860 1355 1016 1410 hodie
1043 1364 1090 1410 et
1113 1371 1253 1422 cras,
1275 1365 1325 1410 et
1353 1357 1509 1410 tertia
1528 1355 1614 1409 die
1636 1372 1986 1411 consummor.

419 1446 792 1502 Verumtamen
816 1455 1015 1518 oportet
1040 1462 1123 1500 me
1160 1446 1316 1501 hodie
1354 1455 1402 1500 et
1425 1462 1544 1500 cras
1566 1453 1615 1498 et
1640 1446 1873 1514 sequenti
1907 1445 1991 1500 die

412 1537 717 1604 ambulare,
763 1539 889 1608 quia
939 1554 1043 1593 non
1094 1537 1233 1607 capit
1276 1537 1581 1609 prophetam
1628 1537 1797 1607 perire
1843 1545 1990 1590 extra

411 1630 766 1687 Hierusalem.
791 1630 916 1686 llaec
939 1630 1043 1685 tria
1061 1644 1247 1699 opera,
1274 1629 1329 1685 id
1355 1637 1459 1694 est,
1486 1629 1749 1685 daemonia
1771 1630 1988 1700 ejicere,

411 1732 469 1776 et
490 1722 755 1779 sanitates
778 1720 1056 1791 perlicere,
1084 1728 1140 1775 et
1161 1720 1319 1776 tertia
1341 1720 1430 1775 die
1455 1721 1839 1785 consummari,
1866 1734 1992 1791 pro-

1434 334 1766 392 AMALARII
1804 332 2240 390 PRESBYTERI
2275 332 2616 392 METENSIS

2011 453 2057 506 A
2087 446 2216 500 mihi
2244 456 2418 516 gentes
2445 447 2501 500 in
2528 445 2904 502 hwrcditatem.
2932 448 3065 515 Quze
3091 449 3256 504 traxit
3285 457 3405 518 post
3432 464 3516 515 se,
3545 461 3669 506 sunt

3531 332 3662 392 teet

2086 545 2297 605 gentes,
2319 552 2455 606 quas
2476 535 2638 592 Pater
2658 539 2807 593 dedit
2830 539 2966 594 Filio
2995 541 3049 595 in
3073 541 3464 597 hatreditatem.
3489 544 3668 599 Tertia

2087 627 2380 697 antipbona
2405 629 2577 697 tangit
2597 632 3115 687 consummationem
3138 649 3304 703 quam
3325 635 3589 689 Dominus
3613 652 3673 692 se

2086 718 2335 785 promisit
2369 718 2736 788 perfecturum
2775 721 2829 774 in
2867 724 3027 776 tertia
3063 724 3170 778 die.
3202 724 3386 779 Tertia
3421 726 3538 780 dies
3565 737 3669 788 est,

2087 811 2305 880 quando
2329 824 2423 866 eos
2451 811 2519 866 de
2544 812 2739 881 quibus
2760 812 3038 868 diabolum
3061 813 3222 882 eiecit
3254 825 3308 871 et
3339 818 3557 871 sanitati
3588 834 3674 871 re-

2086 899 2295 965 stituit,
2329 914 2427 970 per
2456 900 2893 970 coniunctionem
2925 904 3172 972 corporis
3208 905 3289 959 sui
3328 906 3575 975 perducit
3604 908 3676 962 ad

2089 988 2405 1043 societatem
2437 999 2751 1045 sanctorum
2780 990 3111 1061 angelorum.
3145 993 3454 1063 Antipbona
3493 998 3627 1053 dicit
3655 1016 3672 1051 :

2089 1080 2205 1151 Ego
2246 1080 2504 1146 dormivi,
2533 1091 2581 1135 et
2623 1098 2862 1136 somnum
2890 1084 3031 1154 cepi,
3063 1094 3113 1138 et
3142 1089 3423 1141 resurrexi.
3469 1088 3675 1144 Resur-

2089 1175 2233 1230 rexit
2261 1174 2528 1239 Christus,
2554 1174 2649 1229 sed
2679 1190 2785 1229 non
2816 1175 2982 1230 solus.
3008 1176 3122 1231 Hoc
3151 1178 3421 1233 testiﬁcati
3448 1189 3574 1234 sunt
3603 1182 3678 1236 illi

2089 1266 2183 1335 qui
2207 1265 2259 1319 in
2283 1265 2372 1321 die
2397 1266 2811 1321 resurrectionis
2834 1266 2952 1335 eius
2978 1282 3076 1338 per
3100 1272 3553 1326 resurrectionem
3584 1288 3681 1342 ap-

2088 1361 2387 1424 paruerunt
2413 1353 2598 1408 multis
2628 1353 2682 1407 in
2710 1362 2895 1408 sancta
2926 1355 3164 1410 civitate.
3203 1356 3379 1426 Caput
3413 1362 3679 1425 surrexit,

2092 1459 2316 1499 necesse
2351 1452 2435 1499 est
2479 1452 2539 1498 ut
2585 1445 2829 1499 membra
2877 1454 3193 1514 sequantur.
3236 1447 3529 1518 Propterea
3568 1467 3682 1506 non

2091 1532 2230 1588 dixit
2272 1534 2514 1589 Paulus:
2559 1534 2664 1600 Qui
2703 1535 3106 1603 prtcdestinatus
3147 1547 3223 1591 est
3269 1537 3317 1590 F
3320 1539 3440 1593 ilius
3480 1540 3582 1595 Dei
3626 1544 3685 1597 in

2092 1626 2278 1681 uirtute
2310 1626 2596 1680 secundum
2633 1627 2875 1698 spiritum
2913 1628 3350 1697 sanctificationis
3386 1646 3455 1686 ex
3497 1646 3688 1688 resus-

2095 1717 2339 1773 rectione
2360 1716 2558 1771 mortui
2580 1716 2710 1771 Iesu
2730 1716 2928 1771 Christi
2950 1717 3162 1772 Domini
3184 1721 3371 1783 nostri,
3391 1723 3487 1777 sed
3507 1722 3683 1778 dixit:

413 1814 563 1872 misit
584 1830 647 1871 se
668 1787 937 1884 acturum,
960 1821 1017 1869 et
1040 1813 1227 1869 statim
1255 1812 1472 1884 subiicit
1494 1813 1561 1868 de
1588 1827 1684 1867 sua
1717 1787 1988 1882 passione,
2019 1787 2068 1848 Β
2096 1789 2182 1861 Ea:
2221 1807 2598 1861 resurrectione
2642 1816 2991 1862 mortuorum.
3038 1806 3320 1863 lnstitutor
3358 1808 3520 1865 cilicii
3553 1827 3690 1867 eon-

409 1925 533 1981 quae
563 1909 742 1967 futura
782 1916 899 1965 erat
936 1909 991 1964 in
1027 1906 1385 1964 Hierusalem.
1425 1906 1504 1961 De
1533 1906 1868 1962 daemonibus
1892 1905 1992 1975 eji—

411 2000 619 2057 ciendis
657 2000 787 2055 dicit
823 1997 1119 2055 secundum
1162 1995 1425 2052 Joannem
1472 2014 1485 2050 :
1537 1995 1698 2050 Nunc
1726 1995 1991 2066 juaicium

410 2089 596 2144 mundi
622 2098 721 2144 est.
757 2087 911 2155 Quod
951 2088 1031 2144 sic
1059 2086 1281 2156 exponit
1319 2095 1539 2142 sanctus
1573 2086 1908 2158 Augustinus
1935 2087 1991 2141 in

412 2192 662 2235 sermone
698 2177 1111 2247 quadragesimo
1144 2192 1286 2231 nono
1329 2191 1493 2247 super
1532 2176 1782 2232 eumdem
1827 2174 1987 2230 Joan-

415 2284 539 2325 nem
565 2286 579 2323 :
608 2267 838 2324 Servate
869 2267 960 2322 illo
992 2267 1048 2322 in
1073 2267 1177 2321 line
1195 2265 1420 2336 judicio,
1449 2265 1539 2321 ubi
1568 2266 1858 2321 novissime
1885 2265 1991 2321 vivi

412 2369 469 2416 et
507 2359 707 2415 mortui
738 2358 1013 2428 iudicandi
1049 2365 1195 2413 sunt.
1236 2357 1553 2413 Possidebat
1582 2372 1712 2428 ergo
1750 2356 1994 2413 diabolus

412 2464 584 2519 genus
615 2449 910 2505 humanum
930 2488 946 2515 ,
975 2455 1030 2503 et
1058 2462 1181 2504 reos
1218 2446 1602 2518 suppliciorum
1640 2447 1856 2502 tenebat
1883 2447 1998 2503 cbi-

413 2542 684 2613 rographo
716 2546 1085 2612 peccatorum.
1119 2538 1510 2593 nominabatur
1537 2537 1591 2591 in
1628 2536 1882 2591 cordibus
1915 2536 1998 2591 in-

414 2631 673 2696 ﬁdelium,
719 2629 787 2685 ad
828 2639 1136 2686 creaturam
1176 2627 1458 2685 colendam
1500 2628 1715 2684 deserto
1737 2627 1997 2684 Creatore

414 2726 669 2795 deceptos
691 2722 1042 2794 captivosque
1065 2722 1435 2793 pertrabebat.
1461 2721 1567 2775 Per
1585 2719 1790 2777 Christi
1816 2728 1995 2775 autem

416 2812 575 2869 ﬁdem
592 2852 608 2878 ,
637 2827 759 2885 qua:
790 2819 968 2867 morte
990 2810 1109 2879 eius
1136 2819 1193 2867 et
1221 2810 1617 2866 resurrectione
1644 2806 1857 2864 ﬁrmata
1890 2818 1993 2874 est,

416 2919 514 2974 per
537 2902 852 2974 sanguinem
877 2900 1017 2972 ejus,
1047 2902 1138 2971 qui
1167 2902 1220 2956 in
1249 2901 1626 2956 remissionem
1648 2909 1996 2968 peccatorum

415 2996 568 3050 fusus
585 3002 691 3059 est,
716 2992 886 3048 millia
914 2992 1249 3048 credentium
1276 3008 1306 3047 a
1335 2992 1615 3048 dominatu
1641 2991 1838 3047 diaboli
1864 2991 1998 3047 libo~

415 3093 627 3152 rantur,
653 3084 856 3140 Christi
882 3085 1094 3154 corpori
1120 3083 1457 3154 copulantur,
1482 3092 1538 3139 et
1564 3085 1664 3141 sub
1689 3100 1799 3139 uno
1819 3084 1997 3154 capite

414 3192 524 3232 uno
550 3176 668 3248 eius
696 3174 889 3244 spiritu
913 3173 1088 3229 ﬁdelia
1110 3174 1350 3230 membra
1385 3183 1707 3244 vegetamur
1734 3193 1746 3229 :
1777 3174 1881 3231 hoc
1903 3191 1999 3231 vo-

417 3271 577 3326 cabat
599 3268 886 3339 judicium,
910 3268 1291 3324 discretionem
1316 3269 1478 3331 hante,
1507 3284 1538 3323 a
1564 3268 1678 3324 suis
1705 3268 1999 3338 redemptis

416 3361 618 3419 diaboli
636 3359 1026 3433 expulsionem.
1053 3360 1131 3416 De
1155 3361 1342 3417 eadem
1366 3360 1682 3431 expulsione
1702 3362 1834 3418 dicit
1855 3362 1998 3416 idem

416 3455 652 3513 Joannes
676 3454 1021 3526 Evangelista
1050 3454 1107 3509 in
1137 3454 1486 3524 sequentibus
1522 3471 1537 3507 :
1574 3453 1733 3508 Nunc
1761 3457 2001 3526 princeps

419 3548 605 3605 mundi
643 3546 803 3618 hujus
826 3546 1068 3619 ejicietur
1095 3546 1260 3617 foras.
1292 3546 1411 3617 Ipsa
1439 3555 1524 3602 est
1559 3548 1733 3618 prima
1776 3548 1892 3605 dies
1934 3548 2001 3603 de

418 3654 525 3708 qua
557 3638 816 3695 Dominus
841 3637 975 3693 dicit
1001 3637 1297 3694 secundum
1322 3636 1548 3703 Lucam,
1576 3636 1714 3691 Ecce
1737 3637 2000 3694 (lanionia

418 3729 572 3799 ejicio
598 3728 771 3784 hodie.
796 3728 972 3798 Ipsam
1007 3728 1152 3784 diem
1178 3735 1446 3784 monstrat
1468 3727 1643 3799 prima
1680 3730 1997 3800 antiphona,

419 3836 542 3892 quae
559 3820 727 3877 dicit:
751 3820 864 3890 Ego
891 3836 1009 3875 sum
1034 3819 1126 3891 qui
1146 3837 1284 3886 sum,
1316 3830 1365 3875 et
1395 3820 1671 3875 consilium
1695 3837 1869 3875 meum
1896 3839 2000 3877 non

420 3918 497 3967 est
522 3925 643 3963 cum
666 3908 861 3978 impiis.
889 3907 1006 3964 Hoc
1028 3917 1116 3964 est
1135 3910 1418 3980 judicium,
1444 3911 1497 3964 id
1531 3916 1616 3964 est
1647 3911 1904 3967 discretio
1934 3912 2005 3967 de

421 4013 530 4071 qua
556 3997 686 4055 dicit
711 3994 971 4064 Joannes,—
1004 4006 1066 4052 ut
1094 4000 1327 4069 separati
1352 4001 1462 4055 sint
1487 4000 1692 4066 ﬁdeles,
1730 4017 1854 4059 etim
1883 4003 2004 4074 qui-

420 4093 526 4147 bus
548 4096 636 4147 est
663 4087 949 4146 consilium
972 4088 1207 4156 Domini,
1243 4088 1314 4145 ab
1334 4090 1536 4161 impiis.
1568 4092 1819 4148 Eamdem
1849 4109 2004 4150 mon-

423 4186 566 4237 strat
584 4179 792 4250 primus
816 4178 1076 4251 psalmus,
1102 4178 1298 4236 Beatus
1322 4180 1417 4247 rir,
1439 4182 1531 4252 qui
1550 4182 1806 4238 describit
1827 4184 2006 4255 primo

422 4272 555 4345 quid
587 4270 863 4329 beatitudo
901 4270 1095 4327 debeat
1130 4269 1317 4343 fugere
1352 4280 1410 4328 et
1451 4272 1581 4344 quid
1622 4281 1897 4344 appetere,
1939 4288 2007 4329 ao

2024 3144 2069 3206 C

2094 1897 2375 1969 gruentius
2418 1912 2527 1951 non
2572 1897 2748 1968 potuit
2788 1896 3001 1967 singula
3051 1913 3215 1968 opera
3259 1901 3423 1955 trium
3471 1903 3690 1957 dierum

2094 1998 2417 2055 monstrare,
2433 2005 2596 2059 quam
2617 2004 2716 2059 per
2737 1998 2848 2043 tres
2866 1989 3103 2059 psalmos
3122 1999 3179 2044 et
3199 1999 3312 2045 tres
3336 1993 3686 2061 antipbonas.

2092 2081 2151 2137 In
2189 2080 2584 2136 resurrectione
2624 2079 2835 2135 Domini
2867 2080 3049 2135 omnia
3090 2081 3208 2136 hmo
3250 2081 3471 2151 impleta
3510 2092 3646 2137 sunt
3671 2099 3690 2137 :

2094 2171 2341 2228 diabolus
2368 2169 2574 2240 eiectus
2614 2178 2699 2226 est
2740 2185 2771 2224 a
2816 2170 3086 2237 ﬁdelibus,
3117 2171 3219 2241 ipsi
3258 2173 3533 2243 conjuncti
3560 2185 3693 2231 sunt

2094 2263 2280 2334 capiti,
2314 2271 2480 2333 caput
2506 2262 2766 2328 surrexit,
2798 2262 3034 2316 humana
3065 2271 3257 2316 natura
3288 2263 3340 2316 in
3369 2278 3466 2318 sua
3504 2280 3694 2319 resur-

2094 2355 2335 2412 rectione
2373 2351 2661 2422 conjuncta
2689 2360 2773 2407 est
2810 2360 3020 2406 natura;
3048 2352 3398 2422 angelorum,
3436 2357 3697 2422 quamvis

2095 2444 2258 2501 nimis
2290 2441 2527 2499 exaltata
2555 2442 2630 2496 sit
2668 2456 2832 2512 super
2854 2455 3047 2496 omnes
3081 2441 3319 2512 angelos.
3353 2443 3543 2512 Angeli
3572 2445 3698 2500 ubi—

2094 2551 2202 2608 que
2235 2551 2359 2592 esse
2388 2542 2615 2606 possunt
2657 2534 2827 2589 citato
2866 2534 3122 2600 transitu,
3164 2542 3220 2588 et
3261 2534 3316 2590 in
3355 2536 3500 2591 coelo
3540 2546 3602 2591 et
3642 2538 3693 2592 in

2096 2637 2242 2685 terra
2279 2646 2292 2682 :
2327 2633 2383 2682 et
2423 2626 2512 2681 illa
2555 2626 2790 2680 humana
2827 2632 3025 2679 natura
3067 2640 3097 2679 a
3141 2641 3238 2680 sua
3283 2627 3401 2697 ipsa
3432 2643 3695 2697 persona,

2090 2721 2245 2792 juxta
2274 2720 2418 2791 quod
2445 2719 2562 2789 ipsa
2588 2718 2884 2788 eademque
2907 2731 3138 2787 persona
3168 2719 3452 2788 disposuit,
3494 2722 3694 2788 potuit,

2097 2814 2313 2885 quando
2343 2812 2539 2877 voluit,
2581 2825 2701 2866 esse
2728 2810 2782 2864 in
2824 2817 2972 2864 terra
2999 2817 3055 2864 et
3095 2809 3377 2864 sublimari
3410 2811 3464 2865 in
3494 2811 3697 2866 clnlum

2095 2921 2196 2980 per
2239 2902 2663 2960 immortalitatis
2711 2902 3066 2973 triumphum.
3118 2901 3447 2972 Angelorum
3498 2912 3697 2957 natura

2098 3009 2203 3050 non
2234 3000 2357 3063 eget
2378 2993 2517 3058 cibo,
2552 3007 2652 3047 nec
2680 3000 2803 3063 eget
2826 2999 2977 3062 potu,
3012 3007 3110 3047 nec
3136 2993 3484 3058 vestimento,
3518 3008 3701 3064 neque

2098 3085 2346 3140 vehiculo
2393 3084 2575 3154 aliquo
2624 3099 2734 3153 quo
2780 3085 3077 3150 discurrat,
3131 3100 3305 3154 neque
3354 3088 3504 3157 eguit
3556 3089 3701 3152 ista,

2101 3185 2285 3247 postea
2317 3174 2406 3229 illa
2432 3175 2669 3229 humana
2698 3183 2913 3229 natura.
2944 3174 3284 3247 Quapropter
3307 3177 3442 3231 dixit
3467 3176 3705 3248 Aposto-

2101 3269 2229 3325 lus:
2267 3268 2334 3322 Et
2376 3268 2422 3321 si
2464 3284 2772 3322 noveramus
2818 3266 3086 3321 Christum
3128 3268 3415 3322 secundum
3457 3287 3701 3335 carnem,

2100 3361 2191 3415 sed
2223 3377 2361 3414 nunc
2378 3360 2496 3430 jam
2523 3375 2629 3413 non
2663 3360 2920 3413 novimus.
2947 3357 3054 3412 Per
3082 3359 3216 3413 istos
3248 3368 3360 3414 tres
3385 3359 3500 3414 dies
3526 3358 3705 3414 infor-

2102 3461 2322 3509 mantur
2368 3451 2738 3507 catechumeni
2790 3452 2965 3508 nostri
3018 3452 3071 3506 in
3119 3454 3384 3508 membris
3426 3453 3635 3510 Christi
3683 3473 3700 3506 :

2100 3544 2280 3614 primo
2308 3542 2523 3613 quando
2557 3556 2654 3611 per
2690 3541 3145 3596 exorcizationem
3178 3550 3234 3597 ct
3272 3543 3705 3600 abrenuntiatio-

2102 3650 2226 3689 nem
2255 3631 2544 3703 expellitur
2566 3631 2830 3695 diabolus,
2860 3630 3056 3686 deinde
3090 3644 3188 3701 per
3214 3629 3377 3686 ﬁdem
3418 3634 3707 3702 perﬁcitur

2103 3728 2311 3785 sanitas
2355 3726 2407 3781 in
2448 3726 2552 3789 eis,
2597 3732 2873 3795 postremo
2915 3739 3014 3795 per
3055 3740 3248 3779 manus
3295 3726 3701 3797 impositionem

2103 3820 2479 3889 episcoporum
2497 3816 2888 3885 iustiﬁcantur.
2911 3816 3262 3872 Resurrectio
3284 3817 3489 3874 Christi
3510 3830 3700 3875 nostra

2098 3909 2415 3980 iustiﬁcatio
2463 3915 2567 3962 est.
2615 3908 2695 3964 lbi
2752 3910 3085 3979 resurgimus
3130 3924 3257 3965 cum
3308 3910 3549 3977 Christo,
3606 3914 3701 3968 ubi

2095 4000 2478 4071 iustili'camur.
2529 4000 2732 4072 Nempe
2776 4017 2874 4073 per
2920 4003 3055 4058 istos
3099 4012 3212 4058 tres
3256 4004 3373 4060 dies
3410 4008 3567 4075 quasi
3604 4023 3704 4078 per

2107 4100 2217 4147 tres
2242 4093 2586 4163 antiphonas,
2612 4091 2840 4157 scilicet,
2871 4094 3125 4164 primam,
3159 4111 3283 4166 qua:
3308 4112 3412 4152 nos
3440 4096 3705 4170 disiungit

2104 4180 2174 4236 ab
2211 4180 2411 4252 impiis,
2455 4189 2510 4236 et
2547 4192 2732 4252 postea
2771 4182 3017 4249 alteram,
3059 4200 3178 4253 quae
3215 4186 3497 4258 coniungit
3534 4190 3703 4259 capiti

2105 4272 2341 4337 Christo,
2381 4279 2544 4341 atque
2580 4273 2817 4337 tertiam,
2859 4289 2980 4343 qum
3023 4289 3124 4330 nos
3168 4276 3296 4331 facit
3331 4292 3560 4348 surgere
3601 4295 3707 4350 per

422 4370 609 4433 postea
635 4361 1006 4433 expulsionem
1034 4361 1321 4432 impiorum
1349 4363 1698 4419 nihilominus
1724 4364 2000 4430 describit,
2101 4361 2559 4433 iustiﬁcationcm,
2587 4361 2816 4433 ingressi
2840 4379 3027 4419 sumus
3050 4365 3107 4418 in
3129 4364 3449 4421 Ecclesiam.
3473 4367 3554 4421 Ex
3574 4384 3708 4439 per-

424 4452 653 4511 dieendo
681 4471 694 4508 :
728 4451 853 4508 Non
875 4452 951 4507 sic
979 4453 1148 4524 impii,
1175 4469 1281 4509 non
1307 4454 1406 4520 sic,
1435 4454 1526 4509 sed
1558 4466 1809 4528 tanquam
1835 4455 2009 4527 pulvis
2027 4492 2081 4552 Β
2107 4468 2237 4510 sona
2282 4453 2679 4523 neopbytorum
2719 4453 2842 4508 dico
2873 4470 2885 4507 :
2919 4452 3224 4525 Sequentes
3261 4457 3378 4511 dies
3416 4466 3473 4511 et
3508 4468 3706 4513 noctes

422 4560 576 4615 quem
599 4543 809 4615 proiicit
835 4550 1017 4599 uentus
1040 4560 1074 4597 a
1098 4543 1234 4614 facie
1261 4554 1434 4609 terrm,
1473 4551 1531 4600 et
1556 4553 1749 4601 caetera
1775 4561 1896 4615 qua:
1918 4560 2011 4601 se—.
2029 4541 2074 4552 “’
2105 4541 2454 4614 baptismales
2481 4542 2776 4598 ostendunt
2808 4543 3044 4612 qualiter
3074 4544 3132 4599 in
3169 4547 3284 4615 ipsa
3325 4545 3577 4603 Ecclesia
3614 4564 3708 4603 se-

426 4641 686 4703 quuntur.
722 4632 972 4690 Secunda
1002 4633 1297 4704 antiphona
1330 4644 1600 4691 monstrat
1622 4636 1762 4707 quod
1797 4636 1850 4690 in
1887 4651 2011 4692 cras

425 4724 570 4780 stino
598 4725 733 4782 dixit
759 4724 1020 4782 Dominus
1040 4740 1113 4781 se
1140 4726 1423 4797 perlicere,
1449 4729 1743 4783 secundum
1778 4727 2001 4795 Lucam,

424 4815 533 4870 hoc
554 4822 659 4881 est,
690 4816 971 4873 sanitates.
999 4815 1130 4885 Qua:
1157 4817 1267 4874 sint
1303 4820 1422 4875 ista:
1459 4819 1738 4884 sanitates,
1772 4819 2008 4876 Joannes

429 4903 784 4960 continuatim
822 4913 1106 4977 postquam
1144 4908 1282 4963 dixit
1311 4910 1330 4963 ἐ
1374 4908 1511 4964 Ecce
1547 4910 1786 4982 princeps
1821 4911 2016 4966 mundi

427 4993 668 5063 ejicietur
689 4992 857 5062 foras,
883 4993 1179 5063 subiunxit,
1201 4999 1428 5054 dicens:
1460 4998 1531 5053 Et
1554 5016 1648 5070 ego
1673 5001 1720 5054 si
1743 5000 2009 5059 exaltatus

434 5082 583 5149 {uero
618 5098 652 5137 a
687 5090 850 5149 terra,
878 5086 1056 5140 omnia
1087 5088 1297 5143 traham
1322 5097 1438 5159 post
1473 5105 1575 5144 me.
1609 5088 1764 5157 Quod
1794 5091 1869 5147 ita
1897 5093 2009 5149 Au-

428 5172 678 5244 gustinus
711 5172 768 5228 in
804 5187 1052 5231 sermone
1080 5186 1379 5232 memorato
1408 5195 1421 5231 :
1452 5177 1569 5234 Non
1597 5180 1778 5252 itaque
1804 5183 1908 5239 hoc
1936 5183 2015 5239 ad-

427 5264 798 5321 tliversitatem
824 5262 1102 5320 hominum
1129 5267 1330 5333 retulit,
1360 5268 1452 5324 sed
1483 5271 1550 5325 ad
1579 5283 1844 5329 creatura:
1871 5274 2015 5330 inte-x

427 5356 705 5423 uritatem,
735 5364 831 5412 aut
856 5363 1007 5412 certe
1038 5356 1220 5412 omnia
1254 5358 1531 5414 hominum
1557 5377 1776 5433 genera,
1807 5363 1923 5418 sive
1950 5364 2013 5419 in.

429 5444 624 5517 linguis
658 5445 929 5511 omnibus,
963 5445 1078 5501 sive
1121 5446 1175 5500 in
1203 5446 1455 5503 aetatibus
1487 5449 1759 5514 omnibus,
1794 5451 1909 5507 sive
1947 5452 2015 5508 in.

432 5537 685 5603 gradibus
717 5538 984 5594 bonorum
1017 5536 1287 5594 omnibus.
1326 5538 1396 5593 Et
1430 5549 1550 5607 post
1579 5539 1853 5609 paululum
1884 5558 1897 5595 :
1935 5541 2009 5598 Ut

432 5626 503 5681 sit
527 5633 689 5696 caput
709 5641 918 5693 eorum,
948 5635 1005 5684 et
1026 5626 1103 5683 illi
1128 5629 1370 5684 membra
1395 5627 1530 5698 eius.
1565 5628 1641 5684 De
1665 5645 1769 5700 qua
1793 5646 1852 5686 rc
1877 5631 2015 5687 dicit

435 5713 726 5785 antipboua
760 5718 1017 5787 secunda,
1055 5716 1322 5793 Postulari
1368 5716 1579 5781 Patrem
1619 5736 1819 5787 meum,
1865 5722 2007 5779 dedit

2107 4635 2343 4691 eundum
2379 4633 2585 4689 Christi
2627 4633 2936 4690 doctrinam
2977 4636 3163 4691 vivere
3206 4635 3527 4694 debeamus.
3576 4640 3707 4694 Dies

2106 4723 2401 4779 ostendunt
2445 4724 2901 4780 resurrectionem
2941 4723 3164 4781 Chri‘sti.
3207 4725 3378 4797 igitur
3422 4730 3555 4799 quia
3594 4745 3703 4782 una

2108 4815 2197 4871 die
2240 4815 2543 4870 resurrexit
2579 4813 2847 4883 Christus,
2894 4816 2975 4872 sic
3019 4826 3243 4872 currunt
3290 4829 3485 4874 nostra
3526 4821 3704 4876 otlic’a

2107 4919 2205 4977 per
2225 4904 2346 4960 illos
2372 4912 2581 4975 septem
2605 4904 2742 4970 dies,
2766 4904 2921 4974 quasi
2946 4906 3123 4961 adhuc
3144 4907 3217 4960 sit
3244 4906 3363 4961 dies
3390 4908 3703 4964 Dominica.

2107 4995 2167 5053 In
2196 4995 2636 5052 Sacramentario
2659 5005 2946 5051 cantamus
2970 5038 2982 5051 .
3021 4996 3152 5051 Vere
3174 4999 3391 5068 dignum
3424 5009 3475 5053 et
3496 5001 3706 5068 iustum

2107 5097 2206 5152 est,
2237 5104 2445 5159 (equum
2469 5096 2518 5142 et
2545 5086 2802 5153 salutare,
2831 5099 2880 5143 te
2903 5089 3115 5158 quidem
3152 5089 3299 5142 omni
3324 5097 3583 5160 tempore,
3610 5090 3710 5145 sed

2108 5181 2165 5237 in
2191 5179 2291 5234 hac
2316 5179 2642 5249 potissimum
2669 5180 2756 5234 die
2788 5179 3068 5249 gloriosius
3092 5182 3385 5250 pra’disare
3400 5199 3421 5246 ;
3446 5193 3712 5238 cantores

2109 5269 2351 5341 quotidie
2393 5277 2615 5324 cantant
2657 5288 2670 5324 :
2720 5269 2849 5324 Hec
2894 5271 3006 5326 dies
3044 5288 3201 5342 quam
3246 5271 3371 5340 fecit
3417 5273 3704 5329 Dominus.

2113 5360 2288 5417 Unam
2310 5360 2667 5430 eamdemque
2686 5360 2829 5416 diem
2856 5376 2955 5432 per
2983 5371 3321 5417 sacramenta
3355 5364 3705 5433 baptismatis

2113 5460 2318 5523 septem
2342 5451 2551 5507 dierum
2586 5451 2941 5518 celebramus,
2968 5453 3185 5523 quando
3218 5452 3375 5508 electi
3398 5469 3511 5531 per
3541 5472 3708 5509 omne

2112 5544 2443 5601 curriculum
2461 5542 2622 5613 huius
2642 5545 2769 5600 vita:
2795 5559 2903 5601 non
2931 5544 3206 5600 declinant
3229 5559 3327 5615 per
3348 5561 3519 5616 opera
3551 5556 3700 5601 tene-

2112 5638 2332 5695 brarum
2361 5652 2393 5691 a
2421 5635 2600 5706 capite
2623 5650 2744 5701 suo,
2774 5635 2918 5705 quod
2948 5635 3024 5690 ita
3051 5636 3287 5691 surrexit
3328 5646 3389 5690 ut
3417 5637 3558 5692 ultra
3592 5652 3708 5690 non

2116 5729 2397 5785 moriatur:
2431 5726 2583 5783 Sicut
2611 5724 2727 5782 dies
2758 5724 2947 5782 recolit
2975 5726 3428 5783 resurrectionem
3458 5725 3706 5798 Domini,
