3938 6178
304 343 324 399 l
338 342 435 400 205

1045 345 1134 400 DE
1171 340 1723 401 ECCLESIASTICIS
1760 339 2049 398 OFFICIIS
2087 339 2268 395 LIBRI
2303 340 2392 396 IV.
2432 370 2501 380 ——
2538 338 2665 393 LIB.
2706 339 2793 395 IV.

3412 333 3549 389 l20li

301 458 372 511 ita
395 468 495 509 nos
513 454 843 525 sepulturam
862 454 1000 525 eius.
1030 455 1087 512 Si
1118 457 1344 513 iecimus
1372 457 1438 513 de
1460 463 1663 526 septem
1686 454 1874 510 diebus
1903 455 1952 514 A
1975 453 2139 507 habet
2169 452 2583 521 unumquodque
2613 451 2812 505 donum
2843 450 3077 519 Spiritus
3110 449 3313 517 sancti;
3355 459 3409 505 et
3433 465 3552 505 om—

300 559 463 599 unum
498 544 639 599 diem
666 554 888 615 propter
906 545 1090 618 iugem
1122 549 1572 603 resurrectionem
1606 545 1870 600 bonorum

302 651 541 705 "perum,
572 635 829 691 debemus
856 646 1042 692 noctes
1069 638 1437 708 praecedentes
1462 637 1615 706 quasi
1643 636 1733 689 uni
1766 635 1871 690 diei

297 735 504 791 aptare.
528 725 801 780 Triduana
822 727 1097 797 sepultura
1123 731 1399 797 prmcessit
1423 726 1871 782 resurrectionem

302 814 541 879 Domini,
585 824 640 870 et
682 816 930 870 triduana
961 817 1234 885 sepultura
1259 818 1513 886 praecedit
1533 816 1875 885 justiﬁcatio-

300 919 420 959 nem
444 913 708 959 nostram.
746 904 1045 977 Consepulti
1069 909 1203 961 enim
1237 926 1417 963 sumus
1448 925 1565 962 cum
1600 908 1713 971 illo,
1744 909 1874 963 dicit

298 996 602 1065 Apostolus,
644 1014 736 1067 per
775 999 1084 1069 baptismum
1127 1001 1182 1054 in
1231 1010 1469 1065 mortem,
1518 1010 1573 1053 ut
1615 1000 1873 1070 quomodo

300 1089 524 1143 surrexit
546 1087 786 1154 Christus
823 1107 855 1143 a
882 1093 1102 1145 mortuis
1129 1108 1223 1160 per
1246 1091 1467 1164 gloriam
1499 1088 1693 1155 Patris,
1724 1093 1796 1144 ita
1825 1101 1873 1145 et

299 1194 393 1232 nos
416 1178 472 1231 in
499 1180 725 1232 novitate
750 1180 866 1233 vitae
892 1180 1235 1234 ambulemus.

369 1268 469 1334 Qui
499 1269 646 1323 enim
686 1270 918 1323 moritur
954 1285 1018 1324 ac
1056 1270 1316 1340 sepelitur
1355 1270 1556 1326 nullum
1594 1281 1873 1342 peccatum

302 1368 477 1428 potest
504 1362 736 1430 operari.
770 1360 874 1415 Per
900 1371 1115 1416 noctem
1152 1364 1295 1416 enim
1326 1363 1637 1432 designatur
1666 1372 1878 1432 tempus

302 1450 517 1520 quietis,
565 1461 623 1505 ut
669 1452 930 1506 Domitius
978 1452 1031 1506 in
1070 1453 1364 1523 Evangelio
1407 1474 1420 1508 :
1478 1453 1656 1509 Veniet
1704 1467 1878 1509 autem

304 1557 428 1604 nox,
458 1541 669 1611 quando
700 1558 847 1595 nemo
872 1552 1041 1612 potest
1072 1546 1296 1613 operari.
1329 1544 1587 1610 Quamvis
1614 1545 1702 1598 hic
1733 1532 1878 1599 dica-

303 1640 390 1684 tur
429 1631 636 1684 mix’tim
682 1632 748 1685 de
778 1631 939 1685 bonis
978 1639 1033 1686 ct
1078 1632 1233 1686 malis
1273 1631 1548 1703 operibus,
1594 1648 1879 1703 possumus

301 1730 480 1775 tamen
524 1730 738 1776 noctem
783 1722 1103 1794 intelligere,
1142 1724 1357 1791 quando
1387 1724 1617 1794 quiescit
1650 1706 1812 1779 homb
1845 1739 1876 1779 a

1975 542 2121 595 nium
2162 548 2366 611 septem
2406 549 2532 595 sunt
2573 549 2683 595 tres
2720 542 2805 595 hre
2841 555 3057 595 sorores
3099 550 3155 595 et
3191 540 3544 611 singulorum.

1973 632 2125 699 Quod
2169 634 2221 687 in
2263 641 2448 688 nostro
2487 648 2588 688 usu
2629 646 2913 703 possumus
2958 633 3211 703 experiri,
3252 634 3296 688 si
3343 642 3549 703 septem

1973 724 2169 779 fratres
2208 725 2515 779 habuerunt
2546 732 2657 778 tres
2686 739 2920 787 sorores,
2967 732 3018 779 et
3050 725 3291 779 omnium
3333 734 3460 780 sunt
3498 732 3552 781 et

1973 812 2327 884 singulorum.
2361 813 2432 868 Ut
2470 809 2770 868 recolamus
2795 829 2959 867 unum
2989 814 3247 887 Spiritum
3267 855 3281 880 ,
3312 815 3403 884 qui
3434 814 3553 871 hsce

1972 902 2155 956 omnia
2197 911 2473 970 operatur,
2520 916 2685 956 unum
2730 902 2871 958 diem
2910 902 3157 957 ducimus
3199 907 3251 957 in
3294 902 3554 973 religione

1970 1005 2070 1060 per
2097 999 2300 1060 septem
2329 992 2472 1057 dies;
2513 999 2567 1045 et
2593 1000 2652 1046 ut
2677 991 2979 1047 recolamus
3005 1001 3209 1061 septem
3247 993 3386 1049 dona
3414 992 3550 1061 ejus,

1972 1083 2090 1139 dies
2122 1085 2547 1156 multiplicantur
2569 1102 2669 1156 per
2697 1089 3059 1157 septenarium
3099 1104 3381 1143 numerum
3418 1108 3430 1143 :
3465 1098 3550 1155 et,

1974 1186 2036 1229 ut
2078 1176 2379 1231 recolamus
2421 1184 2663 1231 nostram
2700 1176 2879 1241 ﬁdem,
2923 1192 3070 1248 spem
3115 1186 3167 1232 et
3208 1179 3551 1240 charitatem.

1977 1282 2097 1335 qutc
2127 1282 2297 1335 usque
2325 1267 2377 1320 in
2405 1267 2564 1321 ﬁnem
2594 1268 2779 1321 mundi
2807 1269 3084 1323 nobiscum
3110 1285 3329 1324 manere
3360 1271 3555 1326 debent

1977 1357 2271 1410 secundum
2297 1356 2606 1425 Apostolum
2626 1397 2640 1422 ,
2670 1358 2762 1427 qui
2791 1358 2924 1413 dicit
2953 1377 2964 1411 :
2999 1356 3154 1412 Nunc
3182 1370 3353 1413 autem
3383 1372 3553 1414 manet

1976 1446 2124 1514 ﬁdes,
2158 1463 2290 1516 spes,
2324 1448 2581 1513 cbaritas,
2611 1464 2783 1518 usque
2826 1449 2879 1503 in
2925 1450 3211 1520 septimum
3256 1451 3397 1505 diem
3446 1460 3556 1506 tres

1976 1538 2212 1606 psalmos
2240 1540 2293 1591 in
2329 1548 2487 1593 nocte
2520 1547 2820 1595 cantamus.
3008 1533 3013 1536 ’

2047 1627 2392 1695 Baptismalia
2436 1638 2774 1684 sacramenta
2818 1645 2989 1699 usque
3036 1632 3103 1685 ad
3146 1634 3556 1702 completioncm

1979 1716 2187 1771 dierum
2218 1726 2421 1786 septem
2460 1704 2714 1782 tendunt,
2748 1719 2875 1787 quia
2906 1718 3204 1789 septiformi
3244 1720 3446 1791 Spiritu
3477 1723 3559 1777 dl-

300 1810 481 1880 pyavis
521 1812 792 1879 operibus,
836 1789 988 1865 Hané
1031 1789 1267 1882 quietem
1312 1820 1365 1868 in
1402 1789 1506 1882 qua
1546 1828 1819 1869 cessamus
1845 1830 1874 1867 τι
1907 1789 1951 1848 Β
1981 1810 2168 1856 tantur
2206 1817 2381 1872 nuper
2418 1800 2677 1872 baptizati
2711 1820 2725 1856 Ξ
2758 1804 2871 1857 sive
2896 1796 3023 1873 quia
3063 1789 3389 1861 universitas
3422 1817 3559 1862 tem-

302 1901 473 1967 malis,
522 1909 577 1955 et
623 1902 908 1973 vigilamus
957 1904 1011 1958 in
1060 1904 1237 1970 bonis,
1288 1905 1576 1961 recolimus
1618 1904 1716 1975 per
1769 1915 1878 1961 tres

300 1995 535 2063 psalmos
565 1998 655 2065 qui
696 1997 831 2051 ﬁunt
858 1997 1160 2052 nocturnali
1191 1996 1365 2053 oﬁicio
1399 2013 1500 2070 per
1526 1998 1643 2056 dies
1680 1999 1880 2068 baptis-

300 2086 487 2139 males.
521 2085 745 2151 Quando
775 2088 1069 2157 mergimur
1094 2096 1176 2147 ter
1203 2088 1256 2142 in
1293 2103 1453 2158 aqua,
1485 2087 1879 2157 consepelimur

294 2173 518 2228 Christo
541 2175 791 2230 triduano
815 2176 1082 2246 sepulcro.
1104 2175 1197 2231 Ille
1221 2176 1365 2232 enim
1386 2183 1575 2232 cantat
1599 2184 1711 2230 tres
1736 2175 1879 2245 psal-

302 2276 419 2315 mos
444 2261 496 2315 in
525 2270 704 2326 nocte,
726 2263 816 2332 qui
843 2271 1025 2319 mente
1053 2266 1255 2319 retinet
1278 2262 1650 2334 consepultum
1676 2278 1735 2317 se
1760 2277 1879 2317 esse

299 2349 539 2414 Christo,
567 2360 624 2405 ct
656 2353 857 2408 idcirco
890 2361 1163 2408 mortuum
1196 2367 1313 2408 esse
1342 2361 1579 2423 peccato.
1610 2352 1703 2406 Ille
1733 2367 1879 2407 mor-

303 2452 429 2497 tuus
467 2452 552 2496 est
588 2453 833 2511 peccato,
880 2446 972 2515 qui
1008 2460 1117 2500 non
1146 2453 1406 2516 operatur
1443 2453 1743 2514 peccatum.
1786 2443 1878 2499 Ille

297 2534 447 2588 enim
473 2542 654 2588 cantat
693 2535 749 2588 in
791 2535 897 2601 die,
948 2534 1076 2590 Ha’c
1111 2546 1185 2591 est
1229 2536 1340 2590 dies
1366 2553 1525 2606 quam
1550 2535 1671 2604 fecit
1698 2535 1880 2590 Domi-

298 2638 424 2688 nus,
462 2622 778 2678 exsultemus
804 2633 853 2678 et
895 2623 1131 2679 lmtemur
1163 2625 1218 2679 in
1248 2642 1332 2692 ea,
1360 2625 1452 2695 qui
1483 2620 1794 2695 perseverat
1824 2626 1877 2680 in

300 2711 608 2771 innocentia
634 2722 690 2768 et
714 2715 769 2768 in
797 2714 954 2769 bonis
982 2716 1253 2784 operibus.

371 2802 443 2856 Et
476 2803 601 2872 quia
631 2803 745 2858 haec
768 2804 1017 2859 certatim
1047 2805 1307 2861 debemus
1337 2807 1624 2874 meditari,
1654 2816 1707 2862 et
1738 2819 1880 2863 sata-

302 2905 450 2962 gere,
492 2893 730 2961 quandiu
780 2893 836 2948 in
880 2896 1133 2963 praesenti
1176 2897 1373 2953 saeculo
1418 2913 1626 2964 sumus,
1675 2899 1727 2953 id
1774 2907 1879 2964 est,

302 2997 475 3052 usque
498 2983 625 3038 dum
663 2984 845 3039 veniat
888 2987 1116 3055 septima
1162 2988 1301 3053 dies,
1345 2989 1397 3042 in
1445 3004 1552 3057 qua
1598 2998 1882 3059 separatur

305 3072 486 3127 anima
527 3088 559 3127 a
596 3088 839 3144 corpore,
883 3083 1166 3131 cantemus
1206 3077 1261 3131 in
1298 3078 1433 3133 die:
1478 3077 1609 3132 Haec
1652 3089 1727 3133 est
1769 3081 1879 3135 dies

299 3178 462 3234 quam
491 3164 612 3234 fecit
644 3165 925 3231 Dominus,
963 3174 1020 3221 et
1048 3166 1102 3220 in
1132 3174 1291 3222 nocte
1328 3168 1663 3223 celebremus
1700 3169 1880 3239 sepul-

304 3260 482 3307 turam
518 3254 753 3310 Domini.
787 3256 854 3311 Et
892 3257 937 3312 si
979 3257 1034 3311 in
1071 3258 1228 3311 nobis
1266 3257 1511 3327 pluribus
1546 3273 1651 3313 non
1692 3261 1885 3314 recoli-

304 3359 428 3399 mus
474 3347 616 3401 hanc
661 3346 1130 3417 mortiﬁcationem
1179 3346 1362 3402 carnis
1405 3363 1525 3417 quae
1573 3347 1886 3419 designatur

301 3452 403 3508 per
431 3446 541 3492 tres
562 3437 823 3507 psalmos,
846 3446 907 3491 et
928 3436 1396 3517 iustiﬁcationem,
1423 3456 1543 3511 quae
1570 3441 1887 3511 designatur

300 3544 402 3601 per
437 3530 599 3583 unius
634 3527 830 3584 coieris
865 3527 1129 3595 cilicium,
1162 3531 1352 3587 saltem
1390 3533 1441 3586 in
1480 3532 1565 3587 bis
1591 3534 1682 3602 qui
1716 3547 1888 3602 nuper

300 3619 561 3691 haptizati
594 3627 726 3674 sum
764 3619 1085 3675 recolamus.
1123 3620 1298 3676 Aliter
1338 3636 1352 3676 :
1395 3622 1497 3689 Qui
1536 3624 1888 3691 baptizantur

303 3708 536 3779 simplici
588 3709 774 3773 corde,
822 3707 1189 3779 septiformem
1240 3711 1501 3781 Spiritum
1553 3713 1883 3783 percipiunt,

299 3812 465 3869 quem
493 3797 662 3853 Isaias
690 3799 951 3868 propheta
981 3800 1235 3855 decantat
1264 3815 1427 3871 super
1460 3802 1746 3857 Dominum
1787 3817 1887 3857 no-

299 3897 479 3943 strum
505 3884 688 3943 Jesu'm
711 3887 984 3944 Christum
1008 3890 1361 3959 singulariter
1384 3894 1745 3962 requiescam.
1770 3892 1886 3948 Nisi

301 3981 620 4036 crederetur
645 3982 850 4052 percipi
882 3997 1043 4052 posse
1082 3985 1152 4039 ab
1188 3984 1268 4038 eis
1307 3984 1448 4039 idem
1493 3984 1749 4053 Spiritus,
1793 3984 1886 4053 qui

301 4073 668 4144 baptizantur,
701 4089 809 4129 non
837 4074 1224 4144 deprecaretur
1257 4075 1327 4129 ab
1353 4074 1619 4143 episcopis
1645 4073 1738 4142 qui
1774 4087 1887 4127 ma-

304 4179 411 4218 nus
443 4162 838 4232 impositionem
869 4172 1160 4230 exercent,
1187 4165 1329 4219 mitti
1366 4165 1420 4218 in
1460 4165 1776 4233 neophytos.
1817 4162 1887 4218 Ut

303 4253 485 4309 eidem
529 4254 825 4322 septiformi
856 4253 1087 4324 Spiritui
1127 4256 1494 4319 concinamus,
1545 4268 1644 4324 per
1675 4262 1884 4322 septem

304 4345 425 4399 dies
447 4344 769 4414 religiosius,
792 4355 991 4400 etcum
1017 4345 1207 4416 majori
1230 4345 1436 4400 cautela
1463 4345 1644 4409 solito,
1668 4353 1886 4399 nostros

303 4442 607 4522 conventus
655 4433 1008 4489 celebramus.
1061 4434 1166 4487 Per
1188 4433 1451 4522 singulos
1497 4433 1617 4522 dies
1658 4432 1884 4503 singulis
1910 4463 1963 4522 Β

296 4521 465 4578 donis
502 4523 798 4594 satagimus
839 4525 1146 4578 concinere.
1187 4520 1439 4575 Vitamus
1478 4521 1777 4591 pigritiam,
1814 4535 1885 4575 ne

294 4616 456 4685 juxta
485 4613 699 4668 Domini
728 4627 915 4668 vocem
942 4610 1319 4679 corripiamur,
1356 4609 1448 4677 qui
1471 4609 1614 4663 dixit
1640 4627 1656 4662 :
1686 4609 1885 4665 Canta-

299 4690 485 4757 vimus
508 4703 678 4763 vobis,
711 4711 767 4758 et
793 4717 907 4757 non
936 4700 1191 4756 saltastis.
1227 4699 1459 4755 Advenit
1491 4699 1727 4769 Spiritus
1760 4715 1885 4755 san-

297 4802 426 4849 ctus
454 4808 626 4849 novus
654 4795 869 4864 hospes,
901 4801 1119 4849 exercet
1146 4793 1414 4848 canticum
1447 4791 1644 4847 Iustitia:
1674 4790 1886 4846 inenar-

297 4884 525 4949 rabilis,
569 4885 776 4940 scilicet
810 4886 1086 4954 sapientia:
1123 4892 1178 4939 et
1209 4884 1545 4949 intellectus,
1585 4882 1795 4939 consilii
1829 4890 1888 4938 et

298 4976 664 5042 fortitudinis,
695 4977 934 5032 scientiae
965 4985 1021 5032 et
1046 4978 1283 5049 pictatis,
1316 4991 1381 5032 ac
1409 4977 1619 5032 timoris
1648 4974 1883 5030 Domini.

297 5065 513 5134 Hospes
538 5066 838 5136 suscipiens
868 5066 1028 5120 debet
1052 5065 1252 5121 saltare
1286 5066 1415 5121 huic
1441 5067 1655 5122 cantico
1681 5065 1805 5131 ﬁde,
1832 5072 1888 5121 et

295 5174 400 5229 spe
443 5166 499 5214 et
534 5159 821 5214 charitate.
866 5157 1094 5229 Pr0pter
1135 5159 1278 5213 hanc
1318 5157 1745 5213 vicissitudinem
1790 5173 1890 5228 per

295 5248 549 5320 singulos
575 5249 693 5306 dies
723 5256 1005 5304 cantamus
1032 5248 1256 5320 aliquid,
1282 5247 1397 5302 sive
1434 5248 1487 5301 in
1517 5250 1884 5318 responsorio,

293 5357 398 5397 seu
434 5342 491 5395 in
530 5339 759 5396 Alleluia
788 5341 854 5396 de
887 5340 1116 5411 psalmo,
1153 5337 1486 5409 Conﬁtemini
1511 5338 1762 5405 Domino,
1791 5339 1883 5409 qui

294 5432 500 5489 recolit
524 5433 820 5505 bonitatem
851 5440 906 5488 et
928 5432 1355 5487 misericordiam
1384 5432 1476 5487 Dei
1507 5432 1562 5486 in
1592 5431 1881 5496 smculum;

292 5533 361 5581 et
386 5525 444 5580 in
479 5534 639 5583 nocte
667 5534 777 5582 tres
803 5524 1128 5594 antipbonas
1155 5523 1268 5578 sive
1302 5522 1528 5578 Alleluia
1554 5538 1677 5578 cum
1713 5512 1903 5589 tribus,

292 5613 551 5684 psalmis.
582 5612 961 5685 Unusquisque
985 5612 1325 5670 Christianus
1353 5609 1613 5682 Spiritum
1639 5620 1883 5667 sanctum

295 5706 471 5760 debet
506 5703 685 5763 colere
714 5703 840 5773 ﬁde,
863 5719 955 5776 spe
989 5711 1044 5761 et
1071 5702 1357 5760 charitate.
1397 5700 1505 5758 llas
1531 5711 1643 5758 tres
1669 5718 1883 5759 sorores

1976 1893 2146 1963 poris,
2185 1906 2305 1960 qua:
2342 1890 2447 1946 ﬁne
2475 1899 2680 1961 septem
2705 1892 2910 1947 dierum
2937 1894 3188 1958 volvitur,
3218 1896 3555 1967 signiﬁcatur

1975 1996 2074 2052 per
2100 1991 2306 2053 septem
2334 1983 2466 2049 dies,
2502 1985 2555 2040 in
2583 2002 2690 2056 qua
2723 2002 2943 2043 necesse
2974 1977 3055 2049 est
3085 2001 3415 2063 satagere-ut
3441 1994 3558 2048 nul-

1978 2074 2062 2129 lus
2086 2070 2424 2131 Christianus
2454 2091 2484 2130 a
2512 2076 2635 2143 ﬁde,
2683 2084 2739 2133 et
2777 2093 2894 2148 spe,
2937 2094 3000 2134 ac
3043 2080 3310 2136 cbaritatc
3351 2083 3560 2140 alienus

1976 2165 2070 2231 sit,
2113 2165 2361 2234 quamvis
2398 2174 2592 2222 cratera
2631 2169 2812 2222 omnia
2851 2169 2991 2223 bona
3035 2185 3199 2240 opera
3244 2187 3349 2226 non
3389 2173 3562 2242 possit

1976 2273 2208 2328 capere;
2261 2272 2355 2314 seu
2381 2258 2508 2328 quia
2532 2275 2868 2330 unaquaeque
2894 2262 3071 2316 anima
3098 2262 3269 2318 eiecta
3304 2263 3562 2319 recedens

1977 2366 2008 2404 a
2037 2365 2288 2420 corpore,
2335 2351 2478 2406 illico
2524 2352 2729 2407 invenit
2760 2353 3064 2418 sabbatum,
3110 2363 3163 2409 et
3207 2355 3369 2410 habet
3401 2372 3562 2410 suum

1977 2456 2113 2513 opus
2146 2443 2492 2513 completum,
2532 2444 2661 2514 quia
2698 2445 2840 2500 Deus
2878 2445 2966 2501 die
3008 2447 3237 2516 septimo
3276 2447 3564 2518 complevit

1978 2544 2115 2602 opus
2164 2547 2341 2587 suum.
2394 2534 2655 2604 Deinceps
2708 2534 2762 2587 in
2818 2536 3063 2604 sequenti
3114 2544 3353 2606 tempore
3397 2538 3552 2607 quasi

1979 2625 2340 2678 crescentlum
2382 2624 2635 2677 arborum
2672 2621 2890 2679 frondes
2931 2624 3357 2694 multiplicantur
3383 2633 3438 2681 et
3480 2640 3564 2680 re-

1980 2712 2230 2768 coluntur
2258 2727 2437 2767 mores
2465 2713 2590 2767 boni
2619 2714 2955 2769 diversorum
2993 2730 3214 2786 cperum
3251 2731 3348 2785 per
3383 2715 3565 2787 plures

1981 2803 2234 2874 psalmos.
2281 2802 2507 2874 Agimus
2550 2804 2660 2860 Deo
2703 2804 2942 2875 gratias,‘
2976 2806 3066 2874 qui
3115 2805 3261 2861 dedit
3302 2807 3356 2860 in
3403 2806 3566 2861 corde

1981 2909 2263 2951 servorum
2305 2909 2563 2957 suorum,
2609 2904 2671 2950 ut
2716 2912 2780 2952 eo
2816 2896 3004 2951 ordine
3049 2903 3351 2953 statuerent
3391 2895 3561 2953 olﬁcia

1984 2992 2169 3040 nostra
2197 2999 2306 3055 quo
2335 2984 2506 3055 possit
2533 2985 2760 3054 populus
2787 2985 2883 3040 Dei
2923 3001 2989 3041 ex
3029 3001 3095 3042 eo
3120 2987 3406 3058 praedicari
3436 3002 3560 3058 pro—

1980 3078 2304 3147 pemodum,
2336 3083 2478 3133 sicut
2506 3092 2572 3134 ex
2613 3079 2860 3134 lectione.
2896 3078 3169 3135 Habemus
3210 3083 3471 3152 scriptum
3512 3082 3563 3135 in

1984 3168 2231 3223 Romano
2265 3168 2488 3235 Ordine,
2534 3177 2591 3225 ut
2634 3185 2739 3226 non
2767 3170 2983 3225 dicatur
3018 3169 3180 3239 Kyrie
3209 3170 3422 3238 eleison,
3454 3172 3568 3227 sive

1985 3254 2190 3311 Christe
2218 3256 2410 3311 eleison
2450 3259 2517 3313 ad
2555 3258 2723 3312 ullum
2757 3273 2974 3313 cursum
3016 3258 3069 3311 in
3103 3262 3416 3315 memoratis
3456 3262 3568 3316 dic-

1983 3347 2116 3412 bus,
2165 3347 2261 3401 scd
2309 3347 2428 3401 sine
2483 3346 2866 3402 retractatione
2915 3357 3225 3412 cantemus,
3281 3347 3411 3402 Hac
3457 3350 3567 3403 dies

1985 3453 2140 3508 quam
2182 3437 2299 3504 fecit
2342 3436 2597 3492 Dominus
2630 3452 2650 3490 .'
2687 3438 3005 3492 exsultcmus
3041 3449 3088 3491 et
3126 3437 3362 3493 la’temur
3389 3440 3442 3492 in
3483 3457 3564 3495 ea.

1985 3525 2279 3582 Colleetam
2321 3527 2490 3582 solam
2519 3526 2655 3582 solet
2679 3525 2935 3583 sacerdos
2960 3527 3142 3583 dicere
3167 3529 3220 3583 in
3252 3528 3357 3583 ﬁne
3385 3528 3568 3587 olilcii.

1988 3620 2048 3674 Si
2074 3628 2217 3675 esset
2247 3617 2360 3687 jam
2390 3620 2444 3675 in
2488 3635 2548 3675 re
2589 3621 2731 3690 quod
2760 3620 2988 3691 agimus,
3020 3636 3125 3676 non
3159 3635 3223 3676 ea
3268 3622 3567 3686 diceretur;

1986 3711 2241 3780 quoniam
2266 3718 2351 3767 est
2392 3711 2448 3765 in
2481 3724 2576 3782 spe
2605 3712 2783 3767 oratio
2826 3712 3150 3778 sacerdotis,
3199 3712 3569 3782 subsequitur,

1986 3808 2049 3854 ut
2078 3800 2323 3855 ﬁrmetur
2359 3801 2503 3871 quod
2542 3809 2774 3868 tenetur,
2815 3811 2872 3858 et
2903 3802 3047 3873 quod
3076 3802 3316 3859 nondum
3354 3811 3572 3858 tenetur

1987 3891 2303 3960 accipiatur.

2056 3981 2133 4037 De
2176 3997 2281 4052 qua
2328 3997 2389 4038 re
2434 3982 2566 4039 dicit
2612 3983 2946 4056 Augustinus
2994 3984 3050 4040 in
3096 3990 3327 4040 tractatu
3373 3986 3571 4057 psalmi

1987 4073 2269 4128 centesimi
2308 4073 2706 4145 quadragesimi
2746 4074 2921 4130 octavi
2954 4092 2967 4128 :
3020 4074 3162 4129 Laus
3206 4084 3392 4130 nostra
3436 4074 3572 4145 lmti—

1988 4163 2120 4216 tiam
2159 4162 2355 4227 habet,
2397 4164 2574 4218 oratio
2606 4163 2884 4233 gemitum.
2921 4163 3254 4217 Promissum
3293 4170 3379 4219 est
3413 4164 3572 4220 nobis

1989 4256 2193 4324 aliquid
2230 4254 2375 4324 quod
2416 4254 2655 4309 nondum
2692 4254 2954 4308 habemus
2982 4270 2997 4307 :
3027 4261 3081 4308 et
3119 4253 3245 4323 quia
3284 4266 3448 4309 verax
3486 4263 3574 4311 est

1988 4347 2078 4415 qui
2108 4344 2394 4415 promittit,
2438 4343 2495 4403 in
2542 4356 2637 4412 spe
2666 4342 2995 4413 gaudemus;
3037 4343 3163 4413 quia
3210 4351 3390 4399 tamen
3435 4358 3573 4399 non-

1990 4437 2115 4491 dum
2164 4433 2447 4499 habemus,
2493 4431 2546 4486 in
2587 4428 2856 4487 desiderio
2905 4433 3187 4504 gemimus.
3240 4434 3444 4490 Bonum
3490 4447 3575 4492 est

1988 4534 2340 4595 perseverare
2370 4521 2425 4575 in
2449 4519 2736 4586 desiderio,
2768 4521 2938 4576 donec
2963 4522 3142 4578 veniat
3172 4523 3313 4595 quod
3340 4525 3577 4601 promis-

1990 4632 2109 4673 sum
2137 4623 2241 4679 est,
2267 4622 2323 4668 et
2344 4621 2585 4668 transeat
2608 4614 2863 4684 gemitus,
2889 4612 3142 4668 succedat
3168 4613 3280 4669 sola
3310 4613 3568 4673 laudatio.

1991 4690 2261 4776 Quidquid
2288 4701 2551 4760 orationis
2599 4701 2661 4756 tit
2695 4701 2765 4757 ab
2810 4702 2895 4758 his
2938 4702 3031 4774 qui
3060 4703 3327 4760 veraciter
3361 4703 3572 4765 Pascha

1990 4796 2299 4862 celebrant,
2330 4794 2443 4849 sive
2483 4794 2539 4848 in
2566 4790 2790 4849 collecta
2810 4833 2826 4858 ,
2857 4806 2965 4867 seu
2993 4793 3047 4847 in
3079 4791 3328 4849 cubiculo
3365 4795 3571 4862 cordis,

1990 4892 2274 4956 propterea
2298 4883 2359 4938 ﬁt
2378 4892 2438 4939 ut
2463 4882 2607 4953 quod
2629 4882 2959 4952 promissum
2990 4889 3104 4948 est,
3135 4891 3190 4938 et
3226 4883 3463 4940 nondum
3492 4893 3573 4940 te-

1989 4983 2168 5040 netur,
2197 4974 2451 5030 adveniat
2480 4974 2599 5028 vice
2622 4972 2877 5027 desiderii
2902 4972 3043 5043 quod
3076 4981 3296 5037 sanctus
3318 4974 3572 5048 Augusti-

1988 5082 2092 5122 nus
2114 5074 2401 5130 memorat,
2427 5064 2730 5121 celebratur
2755 5065 2930 5119 oratio
2973 5065 3288 5129 sacerdotis.
3335 5065 3479 5122 ldem
3515 5065 3570 5120 in

1986 5159 2338 5230 sequentibus
2367 5158 2603 5213 ostendit
2641 5173 2801 5228 quam
2849 5155 3090 5212 laetitiam
3135 5158 3340 5214 recolat
3383 5165 3570 5211 sancta

1986 5249 2229 5305 Ecclesia
2285 5249 2341 5303 in
2392 5248 2581 5304 diebus
2627 5249 2879 5303 omnibus
2921 5246 3286 5304 Pentecostes.
3336 5244 3571 5313 Pmptcr

1989 5341 2137 5403 lucc,
2175 5338 2387 5409 inquit,
2425 5339 2532 5393 duo
2560 5348 2822 5408 tempora,
2859 5354 3025 5393 unum
3053 5336 3192 5405 quod
3232 5348 3375 5389 nunc
3400 5339 3485 5387 cst
3510 5330 3568 5389 in

1993 5427 2428 5483 tribulationibus
2449 5436 2505 5483 et
2540 5427 2928 5483 tentationibus
2963 5425 3123 5494 hujus
3154 5424 3300 5488 vitae,
3337 5421 3567 5505 alterum

1989 5519 2132 5591 quod
2160 5528 2286 5574 tunc
2308 5519 2411 5574 erit
2432 5517 2487 5573 in
2512 5518 2804 5573 securitate
2825 5524 2879 5572 et
2902 5514 3261 5571 exsultatione
3282 5520 3563 5584 perpetua,

1990 5611 2233 5666 instituta
2261 5617 2345 5665 est
2369 5610 2523 5666 nobis
2551 5609 2716 5665 etiam
2755 5606 3047 5663 celebratio
3086 5606 3313 5661 duorum
3356 5614 3567 5677 tempo-

1992 5719 2107 5774 rum
2136 5710 2261 5758 ante
2286 5700 2490 5756 Pascha
2518 5707 2574 5755 ct
2593 5705 2713 5771 post
2740 5697 2969 5755 Pascha.
2999 5695 3131 5754 Illud
3155 5697 3298 5768 quod
3327 5705 3409 5757 est
3439 5706 3574 5753 ante.
