3938 6178
425 299 447 350 Ι
464 300 562 355 207

1455 307 1787 362 AMALAlill
1824 307 2258 363 PRESBYTER!
2296 309 2635 366 METENSIS

3540 315 3673 370 1203

421 413 629 469 Pascha
673 412 942 484 significat
987 415 1420 480 tribulationem,
1462 415 1515 469 in
1557 433 1664 486 qua
1710 419 1868 472 modo
1914 433 2004 473 su-
2029 416 2083 475 A
2107 417 2460 474 acclamatum
2483 427 2568 475 est
2607 421 2686 475 eis
2727 419 2781 475 in
2807 419 3098 477 'Lateranis
3130 422 3184 477 in
3210 421 3430 479 basilica
3469 425 3675 483 Juliana

420 523 543 563 mus
565 523 580 559 :
609 509 751 577 quod
781 520 914 562 vero
934 525 1077 563 nunc
1099 509 1308 580 agimus
1336 517 1456 580 post
1481 511 1710 578 Pascha,
1733 512 2001 582 signiﬁcat

421 595 809 654 beatitudinem
858 597 913 651 in
953 613 1059 666 qua
1104 609 1288 668 postea
1336 600 1557 655 erimus.
1604 599 1743 656 Ante
1791 601 1998 656 Pascha

422 701 552 757 ergo
581 686 720 756 quod
747 686 1105 753 celebramus,
1133 689 1236 744 hoc
1269 697 1324 743 et
1351 689 1594 760 agimus;
1629 697 1752 760 post
1791 691 1998 746 Pascha

419 787 598 832 autem
624 773 770 848 quod
797 779 1154 846 celebramus,
1186 783 1552 852 significamus
1592 785 1735 853 quod
1763 769 1997 840 nondum

421 877 687 924 tenemus.
721 871 1013 940 Propterea
1043 870 1172 926 illud
1203 883 1414 940 tempus
1452 872 1506 926 in
1538 871 1760 941 jejuuiis
1798 882 1853 928 et
1878 889 1998 928 ora-

421 961 658 1016 tionibus
715 972 1058 1028 exercemus;
1119 963 1223 1020 hoc
1271 979 1400 1018 vero
1445 972 1690 1034 tempus,
1747 967 1999 1022 relaxatis

414 1049 655 1121 jejuniis,
689 1051 741 1106 in
779 1052 1030 1108 laudibus
1070 1053 1298 1123 agimus.
1328 1053 1442 1110 lloc
1466 1063 1549 1109 est
1588 1056 1732 1110 enim
1773 1057 1998 1111 Alleluia

420 1142 567 1210 quod
596 1150 879 1198 cantamus
903 1145 1044 1212 quod
1068 1145 1257 1199 Latine
1289 1146 1690 1214 interpretatur,
1719 1154 1778 1200 ut
1804 1149 1994 1213 nostis,

422 1233 661 1289 Laudato
707 1235 1013 1290 Dominum.
1059 1237 1184 1292 Ideo
1223 1237 1354 1292 illud
1401 1247 1611 1308 tempus
1654 1248 1778 1294 ante
1818 1255 1999 1295 resur-

422 1327 740 1394 rectionem,
768 1328 872 1383 hoc
900 1337 1108 1398 tempus
1147 1336 1268 1399 post
1297 1331 1745 1386 resurrectionem
1786 1331 1996 1386 Domini

421 1426 525 1482 est,
549 1433 658 1488 quo
680 1426 924 1489 tempore
953 1418 1289 1489 significatur
1317 1421 1426 1474 vita
1449 1420 1650 1486 futura,
1673 1436 1832 1491 quam
1865 1437 1996 1476 non-

422 1508 550 1562 dum
593 1516 861 1575 tenemus,
905 1511 1032 1580 quia
1072 1511 1215 1579 quod
1247 1511 1615 1582 significamus
1654 1521 1774 1580 post
1817 1528 1997 1568 resur-

421 1601 718 1655 rectionem
759 1601 994 1663 Domini,
1035 1602 1337 1657 tenebimus
1378 1611 1500 1673 post
1546 1604 1993 1660 resurrectionem

419 1698 685 1744 nostram.
735 1689 794 1744 in
847 1692 1023 1760 capite
1072 1692 1218 1746 enim
1271 1703 1472 1748 nostro.
1504 1700 1792 1763 utrumque
1838 1695 1995 1750 nobis

419 1777 707 1848 figuratum
732 1789 835 1846 est,
863 1788 1154 1850 utrumque
1188 1782 1614 1838 demonstratum
1659 1791 1762 1839 est.
1807 1784 1994 1840 Passio

419 1870 630 1929 Domini
658 1870 896 1926 ostendit
936 1871 1092 1926 nobis
1119 1872 1284 1925 vitam
1323 1874 1606 1940 praesentis
1631 1875 1992 1940 necessitatis,

419 1963 546 2032 quia
575 1969 792 2032 oportet
834 1970 889 2018 et
924 1963 1170 2024 laborare
1207 1972 1264 2019 et
1302 1965 1570 2030 tribulari,
1613 1975 1668 2021 et
1708 1968 1776 2021 ad
1816 1975 1996 2022 extre—

416 2067 567 2106 mum
595 2053 735 2107 mori
766 2071 778 2109 :
822 2053 1150 2108 resurrectio
1183 2069 1312 2109 vero
1343 2064 1399 2110 et
1438 2055 1754 2113 clarificatio
1781 2059 1993 2113 Domini

417 2142 654 2197 ostendit
696 2142 850 2198 nobis
892 2145 1083 2210 vitam,
1125 2160 1290 2215 quam
1331 2149 1604 2218 accepturi
1647 2164 1833 2206 sumus
1871 2165 1992 2205 cum

416 2234 629 2290 venerit
662 2235 965 2290 retribuere
1009 2237 1167 2308 digna
1207 2238 1404 2309 dignis,
1448 2241 1589 2296 mala
1632 2241 1808 2307 malis,
1855 2243 1994 2298 bona

414 2322 593 2380 bonis.
632 2323 698 2377 Et
723 2324 941 2394 quidem
978 2327 1136 2381 modo
1166 2327 1290 2382 mali
1327 2344 1517 2386 omnes
1545 2331 1824 2386 nobiscum
1859 2347 1990 2388 can-

418 2422 534 2470 tare
561 2423 784 2486 possunt
813 2414 1061 2470 Alleluia.
1105 2415 1162 2472 Si
1193 2426 1374 2474 autem
1406 2419 1461 2473 in
1489 2419 1695 2475 malitia
1733 2435 1830 2475 sua
1866 2435 1990 2490 per—

414 2507 820 2574 severaverint,
867 2509 1138 2565 canticum
1183 2512 1309 2566 vitm
1354 2521 1555 2568 nostra:
1597 2512 1793 2568 futurae
1836 2513 1994 2569 labiis

413 2606 669 2670 poterunt
703 2600 914 2667 dicere;
946 2601 1120 2671 ipsam
1151 2618 1282 2658 vero
1314 2603 1479 2657 vitam
1507 2619 1627 2672 quae
1650 2612 1778 2659 tunc
1803 2605 1908 2659 erit
1936 2604 1992 2658 in

413 2705 480 2744 ea
507 2691 735 2746 veritate
764 2706 883 2762 qua:
911 2707 1056 2747 nunc
1081 2693 1439 2764 significatur,
1465 2695 1710 2751 obtinere
1738 2711 1847 2750 non
1871 2710 1995 2766 pos-

413 2788 558 2846 sunt,
583 2781 711 2851 quia
746 2781 1036 2841 noluerunt
1055 2784 1324 2850 meditari,
1349 2793 1638 2854 antequam
1660 2787 1889 2851 veniret,
1917 2796 1996 2842 te-

413 2883 544 2924 nere
571 2869 715 2939 quod
740 2880 1027 2926 venturum
1055 2883 1195 2929 erat.
1219 2874 1371 2930 Nunc
1392 2891 1543 2946 ergo,
1566 2876 1776 2941 fratres,
1800 2878 1996 2933 exhor-

412 2969 593 3011 tamur
615 2974 713 3014 vos
736 2967 798 3014 ut
820 2960 1048 3017 laudetis
1071 2963 1353 3019 Dominum
1373 2982 1386 3029 ;
1403 2974 1459 3020 et
1487 2966 1589 3022 hoc
1616 2975 1700 3021 est
1719 2968 1862 3037 quod
1883 2983 1998 3023 om-

413 3061 510 3102 nes
526 3046 776 3117 dicimus,
798 3051 1014 3123 quando
1033 3053 1262 3111 dicimus
1282 3054 1525 3123 Alleluia,
1551 3055 1786 3116 Laudate
1805 3057 1992 3116 Deum.

981 3160 1208 3218 CAPUT
1235 3163 1422 3218 XXIV.

802 3227 1060 3300 Repetitio
1079 3233 1144 3286 de
1177 3232 1365 3288 lilania
1396 3236 1615 3305 majore.

480 3317 707 3386 Quando
729 3321 921 3392 scripsi
941 3322 1009 3376 de
1030 3323 1218 3380 litania
1258 3325 1460 3394 majore
1498 3327 1553 3382 in
1595 3331 1985 3402 superioribus,

411 3411 465 3469 id
489 3419 573 3466 est
599 3411 655 3466 in
679 3412 856 3482 primo
878 3412 1058 3470 libello
1094 3414 1318 3486 hujusce
1350 3418 1531 3488 operis
1571 3421 1806 3476 nondum
1849 3422 1992 3494 lege-

411 3515 529 3556 ram
555 3501 704 3557 illam
729 3510 986 3562 statutam
1028 3520 1149 3562 esse
1174 3521 1205 3561 a
1235 3516 1424 3564 sancto
1446 3507 1728 3580 Gregorio.
1775 3511 1896 3568 Dixi
1927 3513 1992 3569 il-

409 3590 514 3644 lam
544 3598 800 3647 statutam
830 3607 950 3650 esse
974 3595 1042 3650 ob
1071 3596 1205 3652 duas
1247 3612 1458 3663 causas,
1509 3599 1736 3666 scilicet,
1770 3611 1991 3672 propter

409 3681 748 3738 imminentia
770 3683 909 3738 bella
933 3700 1054 3754 quae
1076 3700 1142 3742 eo
1169 3695 1410 3759 tempore
1434 3690 1662 3744 excitari
1686 3701 1908 3760 possunt
1932 3702 1988 3749 et

408 3780 629 3845 propter
653 3773 836 3844 fruges
874 3779 1290 3834 conservandas.
1326 3780 1395 3834 At
1422 3790 1708 3851 postquam
1736 3783 1841 3854 legi
1869 3793 1983 3840 sta-

407 3867 586 3913 tutum
614 3863 787 3915 sancti
828 3861 1093 3932 Gregorii,
1139 3866 1323 3920 curavi
1365 3867 1493 3922 illud
1527 3869 1616 3924 hic
1644 3870 1987 3943 interponere

407 3946 598 4016 eodem
629 3949 788 4004 modo
811 3957 870 4006 ut
892 3950 1084 4020 legitur
1103 3953 1158 4008 in
1179 3955 1450 4010 volumine
1472 3958 1823 4028 epistularum
1847 3961 1982 4031 ejus.

407 4039 537 4096 Post
561 4040 704 4110 quod
749 4040 999 4098 similiter
1036 4044 1219 4099 curavi
1268 4046 1547 4116 epistolam
1586 4052 1875 4118 quamdam
1915 4053 1985 4109 ad

405 4134 643 4197 Phocam
665 4135 1045 4206 imperatorem
1073 4139 1413 4207 subnectere,
1438 4141 1492 4194 in
1517 4156 1623 4210 qua
1648 4143 1987 4200 demonstra-

404 4235 513 4290 tur,
541 4241 574 4281 a
596 4223 1077 4298 Longobardorum
1113 4237 1270 4300 gente
1299 4244 1365 4286 eo
1394 4239 1636 4304 tem-pore
1661 4233 1981 4293 debacchari

407 4319 664 4383 terminos
689 4318 1073 4376 Romanorum.

975 4408 1201 4467 CAPUT
1243 4411 1407 4466 xxv.
1493 4391 1503 4401 '

643 4477 945 4552 Sequuntur
965 4478 1105 4534 dicta
1130 4496 1194 4534 ex
1229 4483 1456 4552 epistolis
1480 4482 1736 4556 Gregorii.

474 4571 532 4634 in
553 4571 771 4626 nomine
793 4569 891 4626 Dei
923 4568 1219 4627 Salvatoris
1244 4574 1416 4631 nostri
1457 4573 1584 4631 Jesu
1621 4575 1845 4642 Christi,
1879 4593 1979 4647 per

401 4663 752 4720 indictionem
791 4671 1020 4730 sextam,
1057 4663 1144 4718 die
1171 4664 1428 4720 vicesima
1455 4666 1614 4721 tertia
1640 4667 1844 4722 mensis
1873 4666 1978 4723 No-

402 4753 659 4820 vembris,
686 4754 1025 4823 temporibus.
1039 4754 1241 4810 domini
1269 4762 1328 4809 et
1348 4755 1645 4812 beatissimi
1672 4771 1822 4827 papa:
1845 4755 1979 4813 Gre-

403 4841 563 4917 gorii,
605 4852 895 4898 coronatus
935 4853 1020 4900 est
1061 4843 1268 4900 Phocas
1296 4853 1352 4900 et
1394 4844 1620 4902 Leontio
1657 4846 1898 4919 Augusta
1922 4849 1978 4905 in

402 4934 633 5004 septimo
656 4935 710 4989 in
732 4935 934 5005 palatio
959 4937 1101 5004 quod
1139 4937 1334 4993 dicitur
1363 4937 1749 4996 Secundianas.
1778 4939 1846 4994 Et
1881 4957 1974 4996 oc-

403 5024 546 5080 cisus
574 5031 655 5078 est
678 5023 970 5079 Mauricius
990 5025 1283 5095 imperator
1302 5042 1425 5082 cum
1449 5029 1698 5084 omnibus
1720 5029 1843 5085 filiis
1865 5031 1976 5098 suis

401 5114 676 5182 masculis,
720 5115 898 5180 idest,
938 5115 1238 5176 Theodosio
1258 5117 1372 5187 jam
1410 5128 1688 5186 coronato,
1734 5121 1972 5188 Tiberio,

399 5209 580 5274 Petro,
615 5206 785 5265 Paulo
824 5215 881 5262 et
928 5199 1249 5272 Justiniano,
1303 5209 1464 5266 simul
1507 5218 1561 5265 et
1607 5211 1767 5268 Petro
1805 5212 1974 5268 fratre

399 5298 750 5370 suprascripti
774 5297 1017 5354 Mauricii
1039 5298 1286 5370 Augusti,
1309 5300 1404 5356 sed
1423 5310 1476 5355 et
1497 5301 1662 5370 aliqui
1684 5319 1968 5373 procerum

399 5391 492 5462 qui
525 5391 576 5447 ei
603 5389 968 5453 cohaerebant,
997 5388 1051 5443 id
1075 5396 1178 5452 est,
1205 5388 1590 5445 Constantinus
1614 5392 1890 5458 patricius,
1915 5377 1972 5447 et

397 5491 619 5538 curator
669 5483 737 5540 de
780 5480 1046 5538 Placidias
1074 5521 1088 5547 ,
1149 5479 1242 5536 sed
1291 5487 1347 5536 et
1391 5479 1683 5551 Gregorius
1727 5481 1971 5538 notarius

397 5574 674 5650 principis.
701 5573 859 5630 Venit
887 5582 1064 5630 autem
1087 5573 1238 5628 icona
1260 5574 1741 5646 suprascriptorum
1778 5573 1969 5630 Phocas

401 5671 456 5727 et
488 5662 722 5729 Leontire
749 5663 1001 5742 Augustae
1044 5665 1226 5726 Romte
1266 5663 1650 5742 vit-Kalendar.
1697 5664 1879 5719 Maiar.
1914 5673 1967 5721 et

2104 512 2172 564 ab
2198 511 2344 564 omni
2371 512 2514 568 clero
2549 513 2633 566 vel
2660 521 2891 578 senatu;
2941 512 3178 579 Exaudi,
3219 512 3444 578 Christe,
3493 517 3679 574 Phoco:

2104 599 2356 668 Augusto,
2387 611 2435 653 et
2460 601 2691 656 Leontio:
2711 603 2962 668 Augusta:
2988 603 3114 656 vita.
3143 603 3294 659 Tunc
3313 604 3480 673 jussit
3506 609 3676 677 ipsam

2103 685 2314 741 iconam
2373 688 2624 745 dominus
2679 691 3027 748 beatissimus
3078 701 3135 748 et
3185 697 3516 764 apostolicus
3544 697 3677 753 Gre-

2102 778 2284 845 gorius
2310 793 2446 848 papa
2475 782 2660 851 reponi
2690 782 2743 835 in
2770 783 3007 838 oratorio
3043 783 3102 838 S.
3151 784 3370 840 Caesarii
3417 789 3562 843 intra
3588 805 3680 860 pa-

2101 866 2306 922 latium.
2347 870 2592 939 Oportet,
2633 871 2832 928 fratres
2869 874 3196 940 cbarissimi,
3238 886 3297 930 ut
3327 876 3534 948 flagella
3563 882 3677 946 Dei,

2099 973 2220 1026 quae
2269 969 2508 1015 metuere
2537 970 2761 1016 ventura
2813 963 3113 1031 debuimus,
3166 966 3357 1022 saltem
3393 973 3675 1038 prmsentia

2101 1057 2157 1103 et
2182 1059 2404 1118 experta
2431 1053 2739 1108 timeamus.
2770 1053 3156 1112 Conversionis
3179 1059 3335 1113 nobis
3357 1060 3566 1115 aditum
3589 1063 3680 1117 do-

2099 1139 2183 1193 lor
2204 1143 2434 1210 aperiat,
2457 1152 2513 1197 et
2539 1144 2709 1198 nostri
2733 1146 2913 1200 cordis
2940 1147 3197 1202 duritiam
3227 1149 3342 1218 ipsa
3358 1149 3491 1218 jam,
3519 1168 3680 1220 quam

2098 1233 2358 1300 patimur,
2408 1249 2568 1304 poena
2609 1235 2892 1291 dissolvat.
2926 1237 2997 1294 Ut
3041 1240 3208 1305 enim,
3251 1242 3514 1311 propheta
3547 1251 3682 1296 teste

2097 1325 2413 1394 prmdictum
2446 1336 2550 1392 est,
2582 1330 2831 1398 pervenit
2866 1329 3077 1400 gladius
3117 1347 3287 1401 usque
3315 1332 3382 1387 ad
3419 1334 3679 1388 animam.

2099 1416 2236 1470 Ecce
2261 1417 2461 1471 etenim
2487 1426 2681 1473 cuncta
2703 1417 2855 1488 plebs
2876 1419 3114 1475 cmlestis
3141 1421 3237 1475 ira:
3273 1437 3533 1477 mucrone
3561 1438 3684 1492 per-

2097 1506 2319 1570 cutitur,
2367 1515 2422 1561 et
2466 1509 2745 1577 repentina
2796 1510 2992 1578 singuli
3040 1511 3187 1566 crede
3235 1522 3535 1578 vastantur,
3585 1530 3682 1568 nec

2098 1593 2325 1664 languor
2351 1604 2578 1651 mortem
2617 1598 2894 1666 praevenit,
2942 1600 3036 1654 sed
3076 1600 3349 1672 languoris
3381 1617 3590 1666 moras,
3628 1611 3685 1656 ut

2097 1684 2342 1750 cernitis,
2373 1699 2521 1739 mors
2563 1685 2865 1754 praecurrit.
2925 1685 3224 1742 Percussus
3271 1689 3505 1758 quisque
3557 1701 3682 1745 ante

2022 1751 2069 1810 Β
2097 1777 2308 1846 rapitur
2353 1792 2517 1846 quam
2564 1751 2633 1832 ad
2679 1777 2914 1832 lamenta
2946 1751 3678 1848 poenitentiae-convertatur.

2096 1864 2328 1922 Pensate
2351 1881 2479 1938 ergo
2507 1867 2682 1938 qualis
2709 1877 2836 1922 ante
2855 1878 3206 1939 conspectum
3232 1869 3466 1926 districti
3487 1870 3682 1939 iudicis

2094 1958 2362 2028 pervenit,
2390 1958 2478 2012 cui
2500 1973 2607 2012 non
2637 1967 2795 2013 vacat
2820 1958 2948 2013 flere
2985 1960 3128 2028 quod
3153 1959 3302 2014 fecit.
3335 1959 3681 2016 Habitatores

2095 2048 2292 2118 quippe
2312 2064 2419 2103 non
2446 2063 2510 2103 ex
2555 2057 2708 2118 parte
2751 2050 3168 2115 subtrahuntur,
3208 2051 3303 2105 sed
3327 2051 3539 2121 pariter
3567 2067 3682 2107 eor-

2095 2149 2294 2196 ruunt:
2327 2142 2518 2197 domus
2557 2157 2740 2197 vacuae
2777 2142 3178 2213 relinquuntur,
3210 2143 3447 2199 filiorum
3489 2144 3683 2200 funera

2095 2240 2350 2302 parentes
2375 2232 2666 2303 aspiciunt,
2693 2241 2750 2287 et
2777 2233 2860 2287 sui
2903 2248 2996 2288 eos
3036 2233 3105 2288 ad
3132 2234 3410 2288 interitum
3440 2234 3683 2290 hzeredes

2095 2322 2424 2392 praecedunt.
2482 2322 2864 2392 Unusquisque
2911 2337 3040 2393 ergo
3092 2331 3334 2378 nostrum
3381 2323 3452 2377 ad
3501 2327 3681 2392 pumi-

2096 2411 2280 2468 tentiae
2305 2412 2539 2468 lamenta
2582 2413 2878 2483 confugiat,
2904 2413 3030 2468 dum
3053 2413 3183 2469 flere
3207 2423 3334 2469 ante
3368 2416 3680 2484 percussio-

2095 2516 2218 2556 nem
2243 2509 2421 2557 vacat.
2454 2502 2790 2559 Revocemus
2819 2512 2943 2557 ante
2971 2502 3158 2558 oculos
3198 2505 3395 2558 mentis
3418 2505 3680 2574 quidquid

2095 2592 2328 2648 errando
2375 2593 2747 2648 commisimus
2774 2634 2791 2659 ,
2841 2601 2897 2649 et
2944 2593 3086 2662 quod
3143 2593 3396 2663 nequiter
3449 2594 3676 2664 egimus,

2095 2684 2270 2741 flendo
2302 2685 2610 2755 puniamus.
2640 2685 3044 2740 Praeveniamus
3068 2683 3261 2739 faciem
3303 2683 3424 2752 ejus
3465 2684 3522 2740 in
3544 2700 3679 2740 con-

2096 2775 2356 2843 fessione,
2390 2785 2446 2833 et
2470 2777 2612 2833 sicut
2638 2776 2911 2848 Propheta
2945 2775 3219 2839 admonet,
3251 2774 3491 2831 levemus
3509 2776 3676 2830 corda

2096 2879 2280 2926 nostra
2325 2886 2449 2926 cum
2497 2869 2749 2925 manibus
2795 2869 2862 2924 ad
2908 2869 3099 2924 Deum.
3148 2867 3231 2922 Ad
3261 2867 3431 2923 Deum
3478 2867 3678 2938 quippe

2096 2960 2260 3015 Corda
2284 2974 2406 3014 cum
2442 2959 2691 3015 manibus
2715 2958 2913 3023 levare,
2942 2964 3026 3013 est
3049 2956 3314 3018 orationis
3339 2965 3543 3012 nostra
3561 2965 3678 3012 stu-

2099 3050 2245 3106 dium
2273 3065 2397 3104 cum
2425 3049 2617 3104 merito
2645 3048 2798 3103 bona:
2824 3048 3156 3118 Operationis
3181 3047 3410 3118 erigere.
3433 3047 3544 3101 Dat
3564 3062 3679 3117 pm-

2097 3140 2261 3205 fecto,
2289 3139 2383 3194 dat
2405 3138 2626 3194 tremori
2652 3146 2840 3193 nostro
2883 3136 3160 3202 fiduciam,
3183 3137 3274 3206 qui
3297 3152 3395 3206 per
3431 3137 3677 3206 prophe-

2098 3241 2206 3288 tam
2230 3231 2448 3296 clamat,
2480 3229 2623 3284 Nolo
2661 3239 2879 3284 mortem
2916 3230 3227 3299 peccatoris,
3264 3228 3356 3283 sed
3381 3238 3438 3282 ut
3463 3244 3680 3283 conver-

2093 3331 2258 3389 tatur,
2285 3331 2334 3377 et
2374 3323 2528 3376 uiuat.
2551 3319 2740 3376 Nullus
2776 3327 2956 3375 autem
2981 3320 3048 3376 de
3078 3319 3426 3389 iniquitatum
3450 3334 3678 3375 suarum

2093 3413 2432 3467 immanitate
2481 3411 2750 3480 desperet.
2804 3408 3131 3465 Veternosas
3182 3424 3417 3479 namque
3466 3408 3677 3464 Ninivi-

2092 3507 2270 3556 tarum
2300 3500 2486 3570 culpas
2516 3499 2762 3553 triduana
2810 3498 3130 3569 paenitentia
3176 3499 3433 3570 aspersit,
3461 3506 3518 3553 et
3546 3514 3678 3553 con-

2090 3607 2278 3647 versus
2304 3592 2441 3648 latro
2462 3592 2587 3646 vitae
2611 3591 2832 3662 praemia
2853 3591 3016 3646 etiam
3041 3591 3096 3648 in
3125 3591 3536 3661 ipsasententia
3562 3606 3676 3646 suae

2091 3684 2282 3739 mortis
2307 3691 2556 3739 emeruit.
2586 3682 2855 3738 Mutemus
2884 3681 3050 3754 igitur
3078 3685 3266 3746 corda,
3294 3689 3350 3736 et
3378 3697 3675 3751 praesuma-

2089 3791 2211 3831 mus
2246 3791 2345 3831 nos
2383 3773 2497 3842 jam
2545 3774 2850 3844 percepisse
2893 3774 3036 3843 quod
3083 3774 3339 3843 petimus.
3383 3772 3561 3828 Citius
3606 3774 3672 3827 ad

2087 3880 2312 3935 precem,
2325 3863 2492 3933 judex
2509 3862 2762 3927 flectitur,
2793 3861 2839 3916 si
2864 3877 2895 3916 a
2921 3862 3188 3933 pravitate
3207 3877 3306 3917 sua
3328 3863 3532 3932 petitor
3553 3877 3671 3918 cor-

2087 3958 2312 4030 rigatur.
2341 3955 2659 4011 lmminente
2698 3969 2827 4025 ergo
2855 3962 3016 4008 tanta:
3045 3951 3537 4010 animadversionis
3559 3951 3672 4022 gla-

2087 4048 2198 4115 dio,
2234 4063 2335 4103 nos
2363 4045 2683 4117 importunis
2713 4043 2924 4101 fletibus
2953 4044 3286 4099 insistamus.
3328 4043 3407 4098 Ea
3431 4057 3670 4110 namque

2085 4155 2204 4209 quae
2234 4139 2442 4209 ingrata
2476 4151 2596 4192 esse
2632 4136 2941 4191 hominibus
2969 4134 3354 4205 importunitas
3394 4135 3555 4197 solet,
3583 4134 3670 4202 ξας

2087 4228 2231 4283 dicio
2266 4227 2510 4282 veritatis
2549 4225 2745 4296 placet.
2779 4225 2914 4292 Quia
2942 4224 3063 4294 pius
3087 4239 3153 4278 ac
3179 4224 3500 4279 misericors
3525 4224 3672 4279 Dens

2084 4318 2201 4374 vult
2237 4334 2269 4373 a
2294 4333 2354 4373 se
2382 4317 2634 4388 precibus
2677 4317 2890 4372 veniam
2932 4316 3100 4387 exigi,
3141 4315 3232 4385 qui
3258 4324 3527 4384 quantum
3554 4331 3672 4370 me-

2003 4431 2058 4492 Ι)
2087 4425 2288 4476 remur,
2315 4423 2426 4465 non
2449 4408 2566 4464 vult
2595 4407 2774 4462 irasci.
2815 4406 2953 4461 Hinc
2979 4406 3181 4461 etenim
3205 4421 3301 4476 per
3321 4405 3670 4462 Psalmistam

2080 4501 2230 4565 dicit,
2246 4499 2441 4554 Inuoco
2461 4513 2542 4554 me
2562 4498 2618 4551 in
2638 4497 2723 4552 die
2741 4493 3092 4549 tribulationis
3111 4503 3300 4560 tuta,et
3314 4512 3501 4550 eruam
3523 4505 3595 4562 te,
3619 4506 3669 4551 et

2081 4587 2441 4658 magniﬁcabis
2470 4601 2570 4640 me.
2597 4585 2716 4655 ipse
2754 4599 2884 4654 ergo
2913 4584 3016 4638 sibi
3040 4578 3193 4638 testis
3216 4593 3325 4650 est,
3353 4585 3482 4654 quia
3509 4585 3666 4640 invo-

2079 4658 2328 4734 cantibus
2353 4676 2598 4732 misereri
2643 4674 2933 4740 desiderat,
2977 4675 3071 4743 qui
3113 4674 3373 4730 admonet
3405 4685 3468 4730 ut
3513 4677 3672 4731 invo-

2080 4777 2253 4826 cetur.
2278 4767 2530 4831 Proinde,
2555 4765 2752 4820 fratres
2785 4764 3110 4830 cbarissimi,
3135 4767 3372 4820 contrito
3399 4767 3570 4822 corde
3609 4777 3668 4824 et

2082 4859 2342 4917 correctis
2383 4856 2638 4927 operibus
2675 4856 2918 4911 crastina
2957 4855 3044 4910 die
3079 4855 3256 4926 primo
3307 4857 3552 4914 diluculo
3594 4861 3665 4913 ad

2078 4943 2722 5019 septiformemlitaniam
2759 4943 2916 5014 juxta
2962 4943 3402 4999 distributionem
3435 4945 3666 5002 inferius

2077 5039 2434 5106 designatam,
2460 5035 2655 5090 devota
2700 5050 2824 5090 cum
2851 5034 3108 5105 lacrymis
3141 5043 3322 5090 mente
3352 5039 3662 5095 veniamus.

2074 5126 2262 5181 Nullus
2288 5133 2526 5189 vestrum
2556 5124 2623 5179 ad
2647 5131 2861 5179 terrena
2894 5139 3057 5194 opera
3091 5125 3144 5179 in
3173 5139 3304 5196 agro
3332 5137 3517 5194 exeat,
3541 5130 3664 5184 nul—

2075 5214 2157 5270 lus
2188 5214 2462 5283 quodlibet
2505 5213 2778 5284 negotium
2825 5229 2988 5284 agere
3031 5224 3342 5284 praesumat,
3384 5227 3660 5286 quatenus

2076 5304 2144 5358 ad
2172 5310 2372 5358 sanctae
2392 5302 2670 5372 genitricis
2693 5302 2906 5357 Domini
2933 5302 3218 5357 ecclesiam
3245 5307 3658 5367 convenientes.

2076 5398 2167 5466 qui
2221 5396 2380 5451 simul
2426 5410 2615 5450 omnes
2668 5395 3034 5464 peccavimus,
3082 5395 3245 5450 simul
3286 5411 3482 5454 omnes
3517 5400 3660 5471 male

2075 5502 2195 5556 quae
2226 5485 2474 5549 facimus,
2505 5483 2865 5554 deploremus,
2907 5492 2966 5538 ut
3005 5483 3282 5540 districtus
3315 5484 3485 5554 iudex
3527 5495 3657 5543 dum

2076 5576 2259 5646 culpas
2283 5585 2494 5632 nostras
2517 5589 2616 5630 nos
2643 5574 2835 5644 punire
2865 5575 3188 5640 considerat,
3220 5577 3336 5646 ipse
3364 5594 3394 5632 a
3441 5588 3658 5634 senten-

2076 5667 2147 5720 tia
2180 5667 2464 5738 proposita:
2489 5665 2848 5720 damnationis
2875 5675 3080 5738 parcat.
3113 5665 3405 5738 Sequitur:
3437 5668 3657 5727 Litania
