3938 6178
374 328 397 380 1
409 324 515 379 ‘200

1114 313 1205 368 DE
1244 305 1792 366 ECCLESIASTICIS
1830 303 2117 362 OFFICIIS
2157 302 2337 360 LIBRI
2378 303 2466 358 IV.
2512 332 2575 344 —-
2615 302 2741 359 LIB.
2782 294 2870 359 IV.

3479 298 3622 357 1210

371 438 694 494 clericorum
741 437 897 484 exeat
944 429 1014 484 ab
1040 428 1271 485 ecclesia
1308 426 1385 481 B.’
1419 423 1645 480 Joannis
1670 423 1945 492 Baptistae.
1977 425 2029 483 Α
2053 420 2196 490 quod
2222 429 2407 490 postea
2441 419 2619 473 inveni
2642 420 2696 473 in
2721 416 2944 487 epistola
2973 415 3031 474 S.
3066 416 3335 489 Gregorii,
3366 430 3474 486 quo
3500 427 3635 472 tem-

373 527 588 586 Litania
635 523 899 588 virorum,
927 522 997 578 ab
1023 520 1252 576 ecclesia
1295 517 1469 573 sancti
1516 514 1771 585 martyris
1815 512 1959 568 Mar-

374 620 527 677 celli.
576 614 789 670 Litania
832 614 1243 676 monachorum,
1283 610 1352 666 ab
1395 608 1620 665 ecclesia
1659 614 1955 676 martyrum

374 711 601 768 Joannis
618 715 676 763 et
699 705 873 762 Pauli.
904 704 1120 759 Litania
1144 702 1465 758 ancillarum
1494 700 1609 764 Dei,
1633 698 1704 754 ab
1729 697 1957 753 ecclesia

373 803 657 857 beatorum
685 803 983 866 martyrum
1022 793 1230 848 Cosmae
1248 800 1301 847 et
1337 790 1604 845 Damiani.
1635 787 1847 842 Litania
1873 784 1956 842 fe-

374 891 647 946 minarum
681 884 1108 954 eonjugatarum,
1134 884 1203 937 ab
1245 880 1474 936 ecclesia
1518 879 1662 934 beati
1708 877 1852 933 Petri
1902 886 1957 932 et

374 981 632 1052 martyris
645 975 927 1047 Stephani.
943 974 1154 1029 Litania
1170 972 1474 1035 viduarum,
1491 969 1560 1024 ab
1569 968 1796 1024 ecclesia
1811 968 1955 1023 beati

373 1069 633 1141 martyris
675 1065 884 1122 Vitalis.
937 1064 1151 1119 Litania
1201 1076 1497 1132 pauperum
1531 1066 1588 1113 et
1644 1056 1905 1112 infantum
1934 1097 1949 1120 ,

368 1161 446 1219 ab
464 1157 692 1215 ecclesia
719 1155 893 1211 beatae
914 1153 1171 1223 martyris
1197 1150 1443 1207 Czecilize.
1475 1148 1532 1202 In
1569 1145 1814 1215 sequenti
1837 1145 1955 1214 epi-

373 1249 516 1307 stola
568 1246 964 1302 monstrabitur
1010 1242 1155 1312 quod
1218 1239 1630 1310 importunitate
1688 1236 1953 1294 bellorum

371 1348 553 1413 potest
569 1338 754 1409 procul
787 1336 951 1392 dubio
988 1335 1159 1390 videri
1199 1332 1389 1388 litania
1427 1332 1677 1387 instituta
1718 1344 1857 1385 esse.
1886 1327 1955 1382 Et

371 1447 442 1486 ex
466 1428 730 1500 qualitate
773 1426 1054 1496 temporis,
1086 1424 1394 1492 colligimus
1418 1437 1543 1477 eam
1589 1419 1954 1476 necessariam

370 1535 495 1577 esse
513 1519 585 1574 ad
610 1517 798 1585 fruges
824 1513 1244 1571 conservandas.

758 1605 1042 1677 Gregorius
1080 1602 1276 1660 Pilosa:
1307 1605 1555 1675 Augusto.

443 1700 802 1758 Considerare
842 1716 967 1756 cum
1019 1700 1231 1773 gaudiis
1279 1708 1335 1755 et
1381 1700 1595 1769 magnis
1649 1699 1951 1755 actionibus

2056 524 2190 578 pore
2236 508 2462 562 Alleluia
2489 509 2542 563 in
2583 508 2746 561 missa
2773 507 2947 577 primo
2973 516 3246 562 cantatum
3276 514 3420 562 esset
3447 507 3500 561 in
3525 507 3631 561 Ec.-

2058 599 2221 654 clesia
2242 598 2504 662 Romana,
2535 605 2590 651 et
2611 606 2805 652 caetera
2848 612 2968 666 qua:
2997 596 3489 652 manifestabuntur
3515 612 3634 648 ver-

2057 690 2142 745 bis
2164 689 2335 759 ipsius
2373 688 2609 757 epistolae
2646 687 2710 742 ad
2755 686 3016 742 Joannem
3057 686 3479 757 Syracusanum.
3509 686 3633 753 Qui-

2056 781 2158 835 bus
2187 779 2421 834 inventis
2450 794 2555 832 non
2581 779 2730 849 potui
2763 779 3065 849 praeterire,
3109 779 3215 833 nisi
3254 794 3314 832 ea
3343 778 3430 832 hic
3460 778 3633 831 intro-

2057 870 2332 936 ducerem,
2392 871 2638 940 quamvis
2687 885 2793 926 non
2850 872 2904 925 in
2950 870 3273 940 competenti
3317 871 3456 935 loco,
3509 871 3635 941 quia

2056 964 2227 1034 magis
2252 963 2592 1032 competebat
2619 979 2681 1018 ea
2709 963 2873 1018 scribi
2903 964 2956 1018 in
2984 963 3158 1017 oliicio
3181 963 3358 1017 missm
3384 977 3543 1031 quam
3578 962 3634 1016 in

2055 1053 2231 1111 oﬂicio
2258 1055 2576 1109 nocturnali.
2608 1053 2862 1124 Sequitur
2890 1061 3067 1110 textus
3093 1054 3351 1124 epistolae.

2268 1167 2549 1237 Gregorius
2572 1166 2773 1221 Joanni
2799 1169 3036 1237 episcopo
3062 1165 3415 1237 Syracusano.

2125 1257 2358 1314 Veniens
2395 1259 2610 1327 quidam
2651 1258 2718 1312 de
2746 1257 2931 1313 Sicilia
2955 1257 3094 1312 dixit
3123 1258 3252 1312 mihi
3280 1257 3423 1327 quod
3465 1256 3631 1327 aliqui

2055 1350 2212 1405 amici
2239 1349 2378 1419 ejus,
2400 1349 2485 1403 vel
2511 1347 2685 1403 Graeci
2722 1348 2807 1403 vel
2831 1347 3032 1413 Latini,
3081 1348 3286 1413 nescio,
3332 1348 3486 1416 quasi
3531 1348 3630 1402 sub

2055 1441 2173 1494 zelo
2207 1449 2407 1495 sanctze
2446 1440 2702 1494 Romanze
2748 1437 3004 1493 Ecclesia:
3047 1438 3115 1492 de
3153 1438 3288 1492 meis
3327 1438 3633 1507 dispositio-

2056 1530 2214 1584 nibus
2241 1537 2659 1593 murmurarent,
2692 1529 2969 1583 dicentes:
3015 1526 3293 1594 Quomodo
3337 1527 3633 1583 Ecclesiam

2053 1618 2694 1687 Constantinopolitanam
2722 1618 2953 1685 disponit
2992 1617 3368 1685 comprimere,
3399 1617 3489 1686 qui
3519 1616 3635 1685 ejus

2057 1711 2471 1765 consuetudines
2493 1726 2588 1782 per
2607 1709 2787 1763 omnia
2814 1708 3092 1777 sequitur?
3112 1706 3209 1761 Cui
3229 1723 3350 1762 cum
3374 1708 3633 1776 dicerem,

373 1792 671 1865 8'31th
698 1791 831 1846 ὕδει
858 1799 1090 1861 quantas
1114 1790 1471 1859 οωιιίροῐθηιί
1508 1790 1736 1844 Domino
1765 1789 1951 1844 laudes
1980 1787 2024 1847 Β
2052 1815 2187 1869 quas
2211 1800 2627 1855 consuetudines
2672 1796 2788 1866 ejus
2818 1797 3136 1866 sequimur?
3162 1811 3477 1867 reSponsnm
3510 1807 3631 1853 est:

372 1885 657 1949 debemus,
692 1883 858 1953 quod,
904 1889 1116 1936 remoto
1141 1880 1272 1950 jugo
1296 1880 1549 1944 tristitiae,
1579 1880 1647 1933 ad
1690 1879 1955 1935 libertatis

376 1985 624 2045 tempora
667 1975 770 2030 sub
812 1973 1078 2043 imperiali
1118 1972 1468 2040 benignitatis
1521 1979 1716 2026 vestrae
1759 1971 1957 2041 pietate

374 2064 742 2137 pervenimus.
768 2062 904 2117 Nam
928 2062 1074 2132 quod
1109 2075 1431 2130 permanere
1459 2061 1514 2116 in
1557 2061 1776 2131 palatio,
1800 2059 1957 2129 juxta

374 2154 650 2222 antiquam
672 2152 1139 2216 consuetudinem,
1164 2150 1472 2220 apostolicae.
1505 2150 1647 2206 sedis
1676 2150 1957 2205 diaconem

378 2251 555 2296 vestra
585 2242 849 2297 serenitas
870 2255 977 2295 non
1005 2239 1230 2305 invenit,
1261 2254 1370 2293 non
1396 2239 1499 2294 hoc
1526 2252 1661 2293 mea:
1681 2237 1957 2308 negligen-

378 2334 484 2396 tice,
521 2330 614 2387 sed
635 2331 964 2402 gravissima:
1003 2330 1346 2387 necessitatis
1377 2328 1502 2396 fuit,
1543 2329 1672 2399 quia
1706 2328 1834 2384 dum
1855 2329 1959 2384 mi-

376 2423 536 2479 nistri
559 2436 752 2479 omnes
769 2421 933 2491 hujus
956 2429 1156 2476 nostrae
1192 2420 1438 2477 ecclesiae
1478 2428 1588 2475 tam
1613 2419 1845 2475 contrita
1869 2434 1958 2474 as-

378 2528 616 2583 peraque
657 2520 900 2581 tempora
937 2527 1059 2567 cum
1089 2510 1378 2566 formidine
1421 2511 1758 2566 declinarent
1796 2519 1959 2580 atque

383 2602 710 2674 refugerent,
737 2602 868 2657 nulli
898 2617 1085 2657 eorum
1107 2609 1321 2670 poterat
1347 2601 1572 2671 imponi,
1598 2609 1658 2656 ut
1679 2600 1745 2655 ad
1768 2601 1955 2656 urbem

383 2696 588 2766 regiam
634 2695 690 2749 in
709 2695 913 2764 palatio
938 2709 1326 2764 permansuros
1370 2694 1672 2749 accederet.
1720 2693 1791 2746 At
1811 2698 1959 2761 post-

380 2801 543 2853 quam
564 2792 800 2840 vestram
828 2784 1194 2849 clementiam,
1234 2783 1620 2854 omnipotentis
1649 2782 1743 2837 Dei
1785 2781 1958 2853 gratia

383 2877 717 2947 disponente,
748 2876 817 2930 ad
845 2875 1059 2931 culmen
1089 2875 1303 2944 imperii
1334 2873 1648 2944 pervenisse
1690 2887 1960 2944 cognove-

383 2976 528 3031 runt,
552 2968 650 3038 ipsi
677 2981 890 3036 quoque
931 2965 1190 3022 suadente
1218 2965 1403 3020 lmtitia
1428 2964 1495 3019 ad
1524 2970 1701 3018 vestra
1731 2963 1957 3034 vestigia

383 3060 566 3116 venire
611 3060 955 3123 festinabant,
986 3058 1077 3128 qui
1125 3056 1251 3112 illuc
1302 3057 1454 3126 prius
1497 3056 1756 3111 accedere
1803 3055 1959 3111 valde

384 3151 694 3205 timuerant.
741 3147 849 3205 Sed
897 3148 1024 3217 quia
1063 3161 1251 3202 eorum
1299 3148 1519 3216 quidam
1565 3146 1639 3201 ita
1682 3154 1959 3202 senectute
1985 3143 2030 3206 C

385 3246 512 3294 sunt
534 3239 758 3303 debiles,
795 3248 854 3293 ut
890 3238 1130 3293 laborem
1171 3235 1316 3291 ferre
1354 3237 1445 3291 vix
1471 3236 1699 3305 possint,
1741 3235 1959 3304 quidam

381 3343 514 3383 vero
554 3328 937 3384 ecclesiasticis
977 3327 1125 3382 curis
1172 3327 1522 3383 vehementer
1572 3325 1953 3395 implicantur;

381 3429 437 3474 et
461 3420 599 3476 lator
615 3420 986 3490 praesentium,
1012 3419 1103 3488 qui
1125 3419 1334 3489 primus
1356 3417 1595 3473 omnium
1617 3415 1959 3472 defensorum

380 3509 503 3573 fuit,
528 3509 665 3563 bene
702 3508 833 3567 mihi
859 3523 927 3563 ex
954 3508 1114 3580 longa
1157 3508 1471 3565 assiduitate
1506 3514 1815 3576 compertus
1852 3512 1955 3570 est,

378 3601 513 3666 vita,
536 3597 641 3655 ﬁde
661 3614 725 3653 ac
745 3599 984 3654 moribus
1005 3600 1353 3669 approbatus,
1372 3598 1515 3653 hunc
1539 3605 1721 3667 aptum
1742 3596 1959 3667 pictatis

381 3696 575 3746 vestra:
601 3689 837 3757 vestigiis
874 3703 997 3744 esse
1039 3687 1295 3759 judicavi.
1344 3687 1496 3744 Unde
1540 3702 1688 3752 eum,
1738 3695 1959 3741 auctore

380 3778 623 3840 Domino,
654 3777 932 3833 diaconem
954 3775 1056 3830 feci
1077 3782 1130 3830 (ι
1160 3776 1262 3830 sub
1288 3775 1565 3830 celeritate
1593 3773 1958 3828 transmittere

380 3871 580 3936 studui,
605 3869 699 3938 qui
724 3876 917 3924 cuncta
942 3882 1062 3937 quae
1107 3867 1162 3921 in
1209 3867 1278 3921 iis
1317 3865 1562 3935 partibus
1594 3871 1845 3935 aguntur,
1876 3862 1958 3916 in-

380 3968 541 4016 vento
574 3967 873 4031 opportuno
917 3967 1176 4028 tempore,
1206 3957 1385 4013 valeat
1424 3956 1724 4012 clementiae
1765 3961 1958 4009 vestrae

381 4064 687 4122 suggerere.
729 4048 827 4105 Cui
871 4064 1002 4119 rogo
1040 4057 1100 4104 ut
1140 4049 1409 4105 serenitas
1432 4056 1613 4102 vestra
1638 4046 1757 4118 pias
1799 4060 1958 4101 aures

382 4142 641 4199 inclinare
666 4141 935 4212 dignetur,
970 4149 1031 4196 ut
1053 4148 1204 4196 tanto
1229 4140 1391 4197 nobis,
1406 4138 1633 4195 celerius
1657 4136 1833 4191 valeat
1857 4136 1959 4190 mi-

381 4232 570 4298 sereri,
595 4239 798 4303 quanto
821 4229 1166 4287 alllictionem
1194 4236 1439 4285 nostram
1473 4227 1654 4283 verius
1677 4228 1792 4297 ejus
1820 4226 1957 4281 rela-

381 4323 528 4381 tione
546 4322 876 4393 cognoverit.
923 4320 1164 4388 Qualiter
1203 4320 1365 4377 enim.
1390 4318 1718 4389 quotidianis
1764 4315 1957 4388 gladiis

381 4421 439 4469 et
459 4412 677 4482 quantis
714 4410 1193 4482 Langobardorum
1236 4408 1637 4471 incursionibus
1677 4422 1804 4462 ecce
1838 4404 1955 4473 jam

381 4516 479 4574 per
502 4500 721 4572 triginta
761 4507 818 4555 et
842 4498 1079 4569 quinque
1112 4511 1376 4555 annorum
1416 4494 1804 4563 longitudinem
1833 4505 1956 4562 pre-
1980 4486 2033 4546 D

381 4595 598 4657 mimur,
645 4592 805 4647 nullis
846 4591 1065 4661 explere
1112 4588 1514 4660 suggestionum
1552 4585 1775 4639 vocibus
1802 4580 1951 4637 vale-

382 4698 522 4741 mus.
554 4682 659 4738 Sed
680 4682 733 4737 in
754 4679 1104 4751 omnipotenti
1125 4678 1237 4732 Deo
1262 4674 1580 4732 confidimus
1602 4673 1727 4741 quia
1750 4686 1814 4727 ea
1835 4686 1954 4740 quae

382 4773 546 4842 coepit
574 4771 958 4829 consolationis
983 4784 1094 4825 suae
1120 4766 1272 4823 nobis
1318 4766 1457 4821 bona
1487 4762 1745 4834 perﬁciet,
1781 4770 1837 4816 et
1861 4762 1953 4830 qui

382 4865 661 4920 suscitavit
686 4864 737 4918 in
762 4861 1031 4931 republica
1053 4861 1172 4931 pios
1201 4859 1467 4921 dominos,
1497 4855 1803 4924 exstinguet
1830 4869 1953 4908 cru-

382 4956 530 5012 delos
550 4963 824 5027 tyrannos.
850 4953 1047 5008 Sancta
1071 4953 1254 5022 itaque
1275 4949 1512 5005 Trinitas
1529 4946 1695 5001 vitam
1716 4954 1952 5000 vestram

384 5062 480 5118 per
505 5053 746 5114 tempora
773 5042 928 5114 longa
950 5042 1238 5107 custodiat,
1269 5048 1329 5096 ut
1368 5039 1434 5094 de
1459 5036 1602 5094 bono
1627 5043 1819 5091 vestrze
1840 5034 1954 5105 pie«

383 5136 532 5201 tatis,
559 5133 702 5213 quod
734 5133 885 5189 tarde
909 5133 1265 5202 suscepimus,
1301 5130 1506 5186 diutius
1533 5128 1878 5200 gaudeamus.

945 5240 1170 5297 CAPUT
1201 5239 1385 5296 XXVI.

389 5314 641 5385 Repetitio
665 5315 729 5369 de
756 5312 983 5385 Alleluia
1006 5311 1145 5383 quod
1166 5319 1409 5385 cantatur
1432 5310 1488 5385 in
1511 5308 1693 5385 prius,
1723 5306 1860 5385 ειμι
1880 5321 1956 5385 ve-

452 5374 692 5438 stimento
721 5374 1180 5445 subdiaconorum,
1226 5377 1390 5449 Ilyrie
1426 5377 1647 5449 eleisou,
1670 5393 1732 5430 ac
1767 5374 1953 5428 Domi-

454 5454 571 5508 nica
601 5454 857 5517 oratione,
887 5466 953 5505 ea:
982 5444 1199 5521 epistola
1230 5444 1289 5503 SI
1317 5444 1573 5518 Gregorii.

453 5543 679 5611 Quando
703 5543 917 5612 scripsit
958 5546 1142 5595 nostra
1168 5537 1407 5609 parvitas
1432 5537 1499 5592 de
1536 5533 1711 5590 ofﬁcio
1751 5533 1949 5597 misste,

384 5633 544 5694 simili
586 5634 746 5689 modo
771 5647 858 5689 me
898 5631 1139 5687 latebant
1174 5645 1296 5700 quae
1333 5640 1634 5698 sequuntur
1657 5634 1717 5680 ut
1745 5640 1806 5680 ea
1832 5638 1950 5695 qttce

382 5723 629 5797 superius
670 5723 778 5780 dixi
822 5725 891 5778 de
930 5721 1114 5777 litania
1154 5718 1377 5790 majore.
1418 5715 1664 5773 Nondum
1713 5715 1946 5785 legeram

2054 1891 2190 1958 Quia
2217 1890 2443 1945 Alleluia
2473 1890 2602 1955 dici,
2631 1889 2698 1943 ad
2723 1890 2917 1943 missas
2937 1895 3089 1941 extra
3121 1887 3471 1941 Pentecostes
3496 1893 3633 1941 tem-

2052 1999 2155 2054 pus
2183 1982 2424 2047 fecistis;
2455 1981 2580 2051 quia
2629 1980 2991 2035 subdiacouos
3022 1978 3280 2048 Spoliatus
3319 1977 3633 2047 procedere,

2055 2076 2181 2146 quia
2208 2073 2372 2145 Kyrie
2395 2073 2589 2128 elcisan
2631 2072 2756 2135 dici,
2804 2071 2930 2141 quia
2956 2072 3257 2125 orationem
3298 2069 3635 2124 Dominicam

2054 2186 2180 2224 mox
2227 2176 2351 2239 post
2412 2182 2674 2221 canonem
2741 2165 2846 2220 dici
2899 2162 3187 2220 statuistis.
3247 2160 3343 2216 Cui
3396 2174 3496 2229 ego
3547 2174 3635 2213 rc-

2056 2261 2276 2331 spondi;
2305 2260 2441 2327 Quia
2467 2260 2521 2312 in
2547 2257 2694 2313 nullo
2717 2271 2903 2311 eorum
2930 2256 3091 2310 aliam
3122 2252 3417 2309 Ecclesiam
3462 2250 3634 2305 secuti

2056 2367 2260 2407 sumus.
2305 2350 2443 2405 Nam
2464 2358 2523 2403 ut
2557 2348 2784 2402 Alleluia
2811 2348 2900 2402 hic
2929 2347 3222 2411 diceretur,
3271 2346 3337 2400 de
3376 2342 3631 2398 Hieroso-

2054 2442 2320 2514 lymorum
2356 2440 2593 2496 Ecclesia
2631 2456 2698 2494 ex
2728 2439 2786 2493 Β.
2817 2435 3130 2508 Hieronymi
3180 2437 3469 2490 traditione
3493 2442 3632 2488 tem-

2054 2550 2187 2605 pore
2215 2535 2386 2590 beata:
2410 2534 2683 2588 memoriae
2712 2531 2926 2586 Damasi
2949 2546 3101 2601 papae
3123 2530 3353 2583 traditur
3379 2536 3631 2583 tractum.

2056 2625 2123 2679 Et
2144 2624 2305 2696 paulo
2342 2631 2464 2694 post
2488 2643 2501 2677 :
2536 2622 2908 2677 Subdiacouos
2928 2630 3107 2675 autem
3134 2629 3187 2674 ut
3217 2619 3475 2689 spoliatos
3503 2632 3633 2689 pro-

2057 2714 2249 2769 cedere
2290 2713 2545 2778 facercm,
2577 2714 2796 2782 antiqua
2847 2710 3178 2767 consuetudo
3212 2709 3467 2764 Ecclesia:
3510 2707 3631 2762 fuit.

2057 2801 2165 2857 Sed
2214 2802 2415 2872 placuit
2450 2802 2661 2857 cuidam
2708 2808 2893 2854 nostro
2944 2798 3227 2868 pontifici,
3277 2796 3461 2851 nescio
3500 2796 3585 2850 cui
3617 2835 3631 2858 ,

2054 2894 2147 2963 qui
2174 2908 2268 2949 eos
2295 2892 2519 2948 vestitos
2540 2892 2833 2961 procedere
2859 2890 3133 2961 prcccepit.
3161 2888 3294 2942 Nam
3320 2895 3511 2942 vestrm
3533 2886 3635 2940 Ec-

2057 2984 2235 3040 clesize
2262 2983 2503 3053 nunquid
2547 2982 2890 3037 traditionem
2931 2994 2962 3033 a
3009 2977 3216 3033 Grmcis
3263 2976 3636 3047 acceperunt?

2062 3077 2214 3133 Unde
2241 3076 2443 3132 habent
2467 3090 2596 3145 ergo
2625 3074 2783 3130 hodie
2818 3080 2877 3128 ut
2908 3071 3222 3128 subdiaconi
3267 3071 3421 3126 lineis
3467 3070 3522 3124 in
3546 3076 3631 3123 tu—

2060 3170 2199 3225 nicis
2228 3169 2542 3239 procedant,
2576 3167 2680 3222 nisi
2703 3165 2828 3235 quia
2853 3165 2957 3219 hoc
2995 3179 3026 3218 a
3056 3172 3229 3218 matre
3269 3178 3365 3217 sua
3391 3161 3633 3217 Romana

2059 3258 2303 3314 Ecclesia
2324 3264 2703 3328 perceperunt.
2731 3254 2894 3325 Kyrie
2921 3252 3114 3307 eleison
3135 3260 3316 3308 autem
3342 3267 3440 3308 nos
3462 3265 3634 3320 neque

2060 3348 2315 3411 diximus,
2372 3360 2547 3414 neque
2594 3346 2843 3409 dicimus,
2895 3343 3037 3397 sicut
3081 3357 3112 3395 a
3163 3340 3366 3397 Griecis
3413 3341 3632 3404 dicitur,

2059 3438 2187 3507 quia
2224 3437 2278 3490 in
2307 3433 2510 3490 Graecis
2533 3434 2695 3499 simul
2719 3447 2908 3488 omnes
2928 3416 3132 3495 dicunt,
3164 3431 3304 3501 apud
3330 3446 3428 3486 nos
3454 3437 3631 3485 autem

2057 3543 2090 3580 a
2117 3525 2334 3581 clericis
2360 3523 2579 3589 dicitur,
2610 3538 2641 3576 a
2679 3522 2874 3593 populo
2906 3521 3280 3592 respondetur,
3326 3529 3381 3575 et
3411 3520 3632 3575 totidem

2058 3617 2267 3673 vicibus
2292 3617 2455 3671 etiam
2483 3614 2689 3670 Christe
2710 3612 2902 3668 εἰσίεοη
2921 3613 3134 3675 dicitur,
3158 3612 3301 3681 quod
3319 3611 3459 3681 apud
3486 3609 3636 3666 Grat-

2058 3726 2152 3766 cos
2173 3708 2321 3764 nullo
2354 3707 2514 3763 modo
2545 3706 2762 3762 dicitur.
2799 3703 2856 3758 ln
2880 3702 3208 3774 quotidianis
3242 3712 3422 3756 autem
3453 3701 3634 3757 missis

2058 3800 2162 3855 alia
2190 3814 2311 3869 qum
2357 3797 2461 3853 dici
2508 3796 2700 3860 solent,
2751 3803 3011 3858 tacemus,
3058 3792 3427 3847 tantummodo
3468 3789 3634 3862 Kyrie

2058 3890 2252 3946 eleison
2282 3898 2339 3944 et
2377 3887 2581 3943 Christe
2612 3886 2805 3941 eleison
2847 3885 3095 3946 dicimus,
3126 3892 3187 3938 ut
3229 3884 3283 3938 in
3327 3884 3411 3938 his
3445 3885 3634 3954 depre-

2058 3982 2307 4037 cantibus
2344 3980 2570 4035 vocibus
2610 3977 2772 4049 paulo
2813 3976 3014 4031 diutius
3040 3988 3388 4043 occupemur.
3422 3972 3633 4028 Oratio-

2057 4091 2181 4131 nem
2208 4088 2339 4129 vero
2378 4072 2710 4128 Dominicam
2751 4070 2958 4125 idcirco
2986 4083 3111 4122 mox
3148 4075 3272 4137 post
3308 4081 3524 4135 precem
3552 4066 3634 4119 di-

2058 4167 2250 4231 cimus,
2288 4166 2412 4235 quia
2443 4178 2560 4218 mos
2603 4161 2966 4231 apostolorum
2992 4157 3112 4221 fuit,
3156 4166 3213 4212 ut
3253 4157 3320 4212 ad
3344 4156 3513 4225 ipsam
3544 4171 3634 4211 so.

2058 4255 2331 4311 lummodo
2374 4253 2673 4308 orationem
2725 4249 3013 4305 oblationis
3069 4248 3299 4302 hostiam
3350 4261 3632 4301 consecra-

2057 4357 2196 4404 rent.
2226 4347 2293 4401 Et
2316 4346 2470 4400 valde
2503 4344 2636 4399 mihi
2663 4341 3042 4398 inconveniens
3066 4339 3241 4395 visum
3279 4348 3384 4403 est,
3420 4345 3480 4393 ut
3507 4351 3634 4409 pre-

2057 4450 2175 4490 cem
2222 4449 2386 4504 quam
2434 4431 2789 4488 scholasticus
2823 4436 3220 4501 composuerat,
3269 4443 3431 4498 super
3478 4428 3629 4482 obla-

2058 4524 2257 4579 tionem
2293 4523 2618 4587 diceremus,
2647 4529 2703 4575 et
2730 4522 2900 4591 ipsam
2939 4517 3304 4582 traditionem,
3334 4531 3494 4586 quam
3525 4515 3631 4572 Re-

2058 4619 2303 4687 demptor
2323 4626 2508 4672 noster
2531 4614 2851 4684 composuit,
2879 4625 3041 4681 super
3061 4608 3180 4679 ejus
3206 4623 3403 4679 corpus
3420 4617 3478 4664 et
3503 4623 3631 4664 san.

2057 4707 2271 4777 guinem
2295 4718 2400 4760 non
2428 4706 2750 4761 diceremus.
2774 4702 2877 4757 Sed
2906 4709 2961 4755 et
2988 4699 3264 4755 Dominiea
3293 4699 3467 4754 oratio
3488 4700 3633 4771 apud

2057 4797 2276 4853 Graecos
2318 4796 2388 4850 ab
2429 4795 2577 4850 omni
2618 4792 2813 4863 populo
2844 4791 3065 4856 dicitur,
3107 4788 3246 4861 apud
3289 4803 3387 4844 nos
3427 4804 3557 4845 vero
3595 4805 3623 4842 ν

2057 4888 2172 4943 solo
2196 4887 2495 4943 sacerdote.
2517 4885 2575 4939 lu
2601 4900 2707 4954 quo
2727 4898 2856 4954 ergo
2875 4882 3185 4938 Graecorum
3209 4882 3636 4937 consuetudines

2057 4978 2226 5033 secuti
2269 4991 2479 5041 sumus,
2510 4975 2599 5044 qui
2628 4982 2720 5028 aut
2747 4981 2957 5028 veteres
2994 4980 3206 5027 nostras
3237 4972 3625 5042 reparavimus,

2057 5073 2151 5120 aut
2179 5079 2347 5120 novas
2391 5075 2446 5120 et
2473 5064 2633 5119 utiles
2669 5062 3066 5127 constituimus,
3114 5061 3169 5115 in
3212 5062 3407 5130 quibus
3445 5068 3624 5114 tamen

2058 5154 2195 5210 alios
2221 5170 2328 5210 non
2374 5155 2665 5224 probamur
2708 5151 2949 5207 imitari?
2988 5151 3130 5222 Ergo
3154 5158 3336 5205 vestra
3365 5147 3621 5213 charitas,

2058 5259 2182 5300 cum
2215 5245 2432 5300 occasio
2474 5244 2684 5300 dederit
2729 5251 2790 5297 ut
2836 5242 2904 5296 ad
2943 5240 3322 5297 Catanensium
3354 5237 3625 5292 civitatem

2058 5345 2268 5407 pergat,
2292 5336 2378 5392 vel
2411 5337 2467 5391 in
2490 5334 2827 5406 Syracusana
2871 5333 3133 5396 Ecclesia,
3173 5344 3268 5384 eos
3294 5341 3429 5397 quos
3456 5323 3629 5379 credit

2058 5440 2152 5485 aut
2190 5430 2442 5501 intelligit
2480 5428 2606 5499 quia
2641 5428 2709 5483 de
2731 5426 2833 5481 hac
2857 5440 2916 5479 re
2942 5433 3278 5479 murmurare
3314 5424 3621 5487 potuerunt,

2059 5524 2200 5580 facta
2232 5520 2589 5578 collocutione
2618 5520 2828 5583 doceat,
2855 5523 2910 5570 et
2932 5512 3084 5583 quasi
3118 5510 3224 5565 alia
3249 5523 3318 5564 ex
3340 5507 3626 5563 occasione

2057 5632 2151 5673 eos
2180 5617 2443 5670 instruere
2463 5627 2571 5668 non
2597 5610 2838 5666 desistat.
2876 5607 3008 5660 Nam
3040 5605 3105 5660 de
3138 5598 3624 5670 Constantinopoli-

2059 5720 2180 5766 tana
2226 5706 2462 5763 Ecclesia
2514 5703 2656 5775 quod
2699 5701 2902 5766 dicunt,
2942 5695 3062 5765 quis
3101 5708 3217 5750 eam
3256 5691 3464 5750 dubitet
3508 5689 3622 5756 sedi
