3938 6178
345 289 477 345 1211

1372 292 1700 347 AMALARII
1738 292 2168 353 PRESBYTER!
2207 298 2545 359 METENSIS

3467 316 3606 375 rm

341 403 649 474 apostolica:
691 417 808 458 esse
838 404 1131 474 subiectam
1172 404 1325 472 Quod
1354 414 1407 459 et
1439 404 1713 474 piissimus
1747 405 1918 459 domi-
1944 412 1989 466 Α
2019 421 2177 475 posse
2199 424 2321 464 eum
2360 412 2669 481 impetrare,
2697 429 2914 477 maneat
2936 422 2991 476 in
3019 425 3238 494 templo.
3287 424 3516 483 laudans
3546 450 3601 484 .--.

342 509 445 548 nus
492 494 802 561 imperator,
853 502 907 547 et
955 493 1121 547 frater
1166 504 1351 549 noster
1395 496 1634 563 ejusdem
1682 496 1918 549 civitatis

340 583 644 652 episcopus.
660 582 869 635 assidue
890 582 1227 651 proﬁtentur.
1253 583 1454 636 Tamen
1474 583 1517 636 si
1543 584 1669 651 quid
1687 582 1811 637 boni
1834 584 1916 637 vel

339 674 479 742 ipsa,
508 673 591 727 vel
620 673 789 727 altera
814 673 1053 727 Ecclesia
1081 674 1262 738 habet,
1288 689 1388 741 ego
1410 682 1462 728 et
1486 676 1723 729 minores
1746 691 1912 738 meos,

339 779 476 833 quos
503 764 569 817 ab
616 762 819 817 illicitis
864 764 1142 832 prohibeo,
1197 764 1248 817 in
1295 764 1436 817 bono
1465 764 1666 817 imitari
1697 773 1918 833 paratus

338 872 480 910 sum.
521 854 733 910 Stultus
773 862 857 909 est
898 856 1041 908 enim
1070 855 1159 923 qui
1205 855 1258 908 in
1287 869 1352 908 eo
1388 870 1444 908 se
1472 855 1704 922 primum
1734 854 1920 907 existi-

336 956 470 1011 mat,
511 956 569 1000 ut
609 946 747 1000 bona
795 962 914 1014 qua:
952 946 1166 1009 viderit,
1216 947 1423 1000 discere
1466 954 1794 999 contemnat.
1838 947 1914 1000 Ex

278 1038 283 1043 ’
338 1037 591 1105 [ινίηεοηιί
634 1036 859 1105 epistola
904 1036 1182 1100 docemur,
1223 1035 1481 1104 quidquid
1525 1034 1649 1088 boni
1681 1037 1750 1088 ab
1796 1035 1917 1090 aliis

336 1125 594 1179 Ecclesiis
622 1125 831 1180 discere
870 1140 1179 1194 possumus,
1224 1141 1330 1178 non
1382 1139 1443 1178 ea
1483 1135 1911 1180 contemnamus.

335 1215 616 1285 Simulque
638 1226 690 1271 et
712 1216 969 1271 docemur
992 1217 1134 1286 quod
1170 1218 1351 1286 aliquo
1396 1227 1634 1287 tempore
1663 1220 1919 1273 cantaba-

336 1317 428 1360 tur
450 1307 613 1361 missa
642 1308 696 1360 in
718 1306 958 1360 Romana
1001 1307 1238 1361 Ecclesia
1268 1308 1472 1378 absque
1492 1308 1741 1362 Alleluia.
1771 1310 1827 1363 Si
1851 1326 1915 1364 eo

335 1405 575 1465 tempore
617 1397 975 1450 cantabantur
1017 1404 1222 1450 tractus
1256 1412 1351 1465 per
1394 1413 1583 1452 omnes
1607 1399 1915 1454 Dominicos

332 1487 471 1549 dies,
495 1493 551 1539 et
583 1494 704 1555 post
746 1483 974 1538 Alleluia
1011 1495 1341 1555 assumptum
1375 1486 1426 1539 in
1456 1486 1585 1540 solis
1621 1486 1915 1541 Dominicis

332 1576 523 1629 diebus
543 1575 609 1627 de
633 1573 1036 1644 Septuagesima
1063 1584 1488 1639 reservarentur,
1509 1576 1711 1630 nescio.
1737 1577 1913 1632 Unum

333 1663 509 1718 habeo
556 1675 764 1727 notum,
791 1677 857 1716 ex
886 1677 950 1715 co
989 1662 1129 1730 quod
1175 1662 1401 1717 Alleluia
1444 1663 1775 1733 divulgatum
1819 1666 1909 1730 sit,

2021 499 2342 555 benedicens
2384 501 2569 559 Deum.
2613 506 2725 563 Hoc
2761 520 2864 578 est,
2918 524 3235 584 exspectare
3274 532 3379 586 per
3412 519 3601 574 decem

2019 588 2137 642 dies
2174 592 2496 659 promissum
2528 594 2743 664 Patris,
2775 601 3086 660 desiderare
3126 607 3330 673 jugiter
3375 610 3606 679 integris

2019 686 2184 733 tatem
2211 696 2322 736 suae
2351 687 2662 753 creationis,
2704 699 2760 744 et
2797 695 3062 750 creatoris
3102 699 3185 751 sui
3207 701 3599 768 cognitionem.

2020 767 2173 860 Hunc
2230 773 2514 860 denarium
2566 791 2923 851 perceperunt
2969 788 3197 855 apostoli
3255 767 3491 860 amplius
3545 805 3605 848 et

2016 856 2306 926 perfectius
2343 877 2503 930 quam
2533 868 2682 934 prius
2725 871 2986 928 haberent
3029 876 3083 929 in
3110 879 3197 932 die
3223 856 3597 938 Pentecostes.

2018 949 2218 1004 Eodem
2256 964 2524 1025 praecepto
2549 959 2855 1015 admonitus
2894 971 2978 1016 est
3009 978 3229 1022 sanctus
3261 970 3600 1040 Augustinus

2017 1055 2046 1093 a
2076 1039 2276 1109 Spiritu
2307 1056 2494 1099 sancto
2520 1055 2809 1117 antequam
2840 1053 3092 1108 transiret
3136 1057 3203 1111 de
3223 1074 3470 1128 corpore,
3499 1064 3596 1128 qui

2016 1131 2305 1197 postulavit
2348 1142 2405 1186 ut
2449 1136 2679 1203 spatium
2724 1138 2773 1191 ei
2820 1139 3041 1195 daretur
3092 1159 3190 1213 per
3242 1148 3428 1203 decem
3472 1152 3600 1206 dies

2021 1221 2311 1273 meditandi
2337 1235 2395 1275 se
2423 1229 2479 1274 et
2524 1238 2639 1277 sua.
2672 1225 2749 1278 ita
2774 1228 3034 1297 scriptum
3066 1241 3148 1286 est
3186 1236 3239 1288 in
3275 1236 3393 1305 ejus
3424 1239 3548 1293 Vita
3574 1257 3592 1293 :

2019 1307 2154 1362 Nam
2210 1312 2313 1365 sibi
2363 1311 2602 1379 jusserat
2649 1315 2887 1384 psalmos
2939 1320 3256 1389 Davidicos,
3311 1329 3400 1395 qui
3461 1341 3603 1383 sunt

2015 1401 2349 1469 paucissimi,
2377 1404 2443 1457 de
2481 1405 2801 1472 poenitentia
2828 1410 3012 1473 scribi,
3037 1411 3181 1481 ipsos
3206 1419 3603 1485 quaterniones

2016 1490 2199 1559 iacens
2244 1493 2468 1548 in.lecto
2495 1505 2682 1549 contra
2713 1498 2971 1565 parietem
3000 1505 3223 1571 positos,
3263 1509 3450 1565 diebus
3475 1528 3599 1569 suae

2016 1582 2347 1637 infirmitatis
2370 1584 2681 1639 intuebatur
2703 1593 2757 1638 et
2787 1586 3016 1657 legebat,
3063 1601 3119 1646 et
3147 1596 3375 1651 ubertim
3418 1615 3483 1654 ac
3502 1600 3601 1667 juq

2016 1673 2155 1732 gitcr
2191 1674 2369 1730 ﬂebat.
2406 1677 2474 1730 Et
2518 1693 2587 1732 ne
2624 1677 2854 1733 intentio
2879 1683 2999 1752 ejus
3023 1699 3055 1736 a
3097 1702 3367 1757 quoquam
3417 1692 3601 1763 impe-

331 1761 607 1807 cantatum
632 1767 753 1805 esse
785 1752 926 1820 apud
959 1750 1016 1805 S.
1050 1752 1429 1821 Augustinum,
1458 1760 1512 1808 et
1548 1755 1688 1823 apud
1719 1754 1908 1809 Roma-
1936 1745 1983 1802 Β
2010 1763 2238 1830 diretur,
2271 1776 2398 1821 ante
2435 1769 2552 1824 dies
2579 1770 2748 1828 ferme
2770 1745 2957 1829 decem
2990 1745 3150 1846 quam
3179 1745 3355 1834 exiiret

328 1857 455 1896 nam
498 1841 792 1897 Ecclesium
821 1850 983 1909 atque
1023 1842 1673 1913 Constantinopolitanam
1715 1845 1908 1914 priscis

329 1932 678 2002 temporibus,
724 1948 824 2002 per
867 1932 983 1987 dies
1036 1932 1384 1988 Pentecostcs
1435 1935 1629 1989 debere
1681 1934 1906 1988 Alleluia

326 2024 625 2087 decantari,
654 2024 722 2078 ad
764 2023 1156 2077 recordandum
1186 2024 1249 2077 de
1279 2023 1464 2077 la3titia
1492 2024 1908 2078 resurrectionis

325 2123 657 2169 sanctorum.
690 2114 876 2168 Restat
898 2115 1073 2168 adhuc
1095 2114 1234 2182 quod
1262 2115 1441 2183 pulsat
1467 2116 1817 2169 intentionem
1839 2115 1907 2169 ad

325 2204 729 2272 requirendum,
760 2203 861 2256 hoc
886 2212 986 2266 est,
1011 2211 1067 2256 ut
1093 2203 1232 2257 sicut
1257 2219 1351 2272 per
1382 2203 1689 2257 Dominicos
1713 2204 1828 2258 dies
1853 2211 1907 2256 et

324 2291 493 2351 festos
519 2301 767 2346 cantatur
783 2291 1006 2346 Alleluia
1029 2292 1095 2346 ad
1118 2293 1360 2356 missam,
1387 2294 1458 2346 ita
1483 2293 1677 2347 debeat
1699 2294 1905 2347 cantari

323 2401 421 2455 per
441 2399 752 2438 communes
771 2384 906 2447 dies,
927 2399 993 2436 an
1015 2399 1141 2438 non.
1163 2382 1272 2437 Nisi
1294 2382 1431 2437 forte
1452 2383 1614 2437 imbui
1640 2383 1907 2452 possimus

324 2491 389 2529 ex
429 2475 679 2545 praesenti
727 2474 991 2542 scriptura
1022 2472 1078 2527 S.
1111 2472 1376 2543 Gregorii,
1405 2488 1527 2526 nam
1549 2488 1614 2526 ex
1642 2487 1706 2526 eo
1730 2473 1815 2526 ubi
1846 2471 1902 2525 S.

326 2562 621 2633 Gregorius
649 2561 800 2622 dicit,
836 2580 854 2611 ι
897 2562 1001 2614 alia
1031 2576 1149 2631 quze
1176 2562 1279 2615 dici
1306 2561 1479 2615 solent
1505 2562 1555 2613 in
1583 2561 1907 2629 quotidianis

324 2655 502 2709 missis
527 2663 783 2718 tacemus,
810 2654 1177 2708 tantummodo
1209 2653 1370 2724 Kyrie
1397 2653 1588 2709 elcison
1622 2666 1675 2709 et
1705 2653 1907 2709 Christe

316 2744 513 2799 eleison
536 2745 782 2809 dicimus,
805 2763 825 2796 ι
853 2759 1135 2814 possumus
1160 2744 1457 2814 intelligere
1483 2744 1622 2813 quod
1647 2760 1750 2797 non
1774 2744 1910 2797 Alle-

320 2836 431 2889 luia
462 2837 780 2890 cantabatur
809 2838 947 2907 apud
986 2837 1136 2891 illum
1167 2853 1263 2906 per
1314 2838 1653 2906 quotidianus
1693 2835 1806 2889 dies
1852 2836 1907 2888 in

318 2928 503 2982 ofﬁcio
552 2930 748 2983 misszc.

887 2997 1113 3053 CAPUT
1143 2996 1353 3051 XXVII.

578 3066 656 3119 De
688 3066 1025 3136 completione
1050 3067 1252 3119 dierum
1292 3066 1640 3121 Pentecostes.

397 3150 653 3223 Przeeepit
678 3154 937 3208 Dominus
962 3153 1237 3223 discipulis
1274 3156 1386 3210 suis
1410 3155 1624 3225 quando
1658 3153 1902 3209 ascendit

320 3244 373 3298 in
425 3241 618 3297 cmlum
648 3283 662 3306 ,
707 3256 776 3296 ne
829 3243 897 3297 ab
951 3241 1339 3313 Hierosolymis
1393 3243 1750 3305 discederent,
1804 3242 1901 3296 sel

322 3338 673 3401 expectarent
726 3332 1138 3401 promissionem
1186 3327 1364 3386 Patris
1413 3347 1573 3402 quam
1614 3330 1903 3385 audierunt

317 3438 416 3494 per
443 3440 504 3478 os
532 3424 681 3494 ejus:
715 3425 852 3492 Quia
893 3424 1125 3481 Joannes
1175 3427 1383 3497 quidem
1432 3426 1710 3497 baptizavit
1738 3444 1897 3499 aqua,

320 3533 406 3570 ros
458 3526 629 3570 autent
691 3516 1084 3581 baptizabimini
1130 3517 1333 3588 Spiritu
1380 3530 1580 3581 sancto,
1628 3535 1731 3572 non
1784 3527 1900 3589 post

320 3595 512 3650 multos
560 3598 654 3650 hos
699 3598 831 3661 dies,
876 3599 927 3652 id
970 3608 1073 3661 est,
1123 3612 1245 3669 post
1296 3601 1479 3654 decem
1528 3600 1660 3654 dies.
1708 3600 1899 3656 Merito

310 3684 635 3743 exspectant
655 3677 841 3731 decem
870 3678 1008 3742 dies,
1041 3679 1166 3746 quia
1193 3678 1431 3733 futurum
1470 3687 1589 3732 erat
1616 3688 1676 3733 ut
1701 3688 1900 3749 myste-

319 3764 458 3818 rium
509 3765 712 3819 denarii
756 3767 992 3833 numeri,
1034 3775 1156 3836 post
1199 3768 1383 3822 decem
1434 3769 1546 3822 dies
1584 3768 1894 3838 perfectius,

320 3853 524 3922 Spiritu
551 3863 738 3909 sancto
763 3857 1031 3920 veniente,
1072 3858 1431 3925 perceperint,
1463 3858 1540 3911 lta
1570 3859 1746 3912 Lucas
1774 3875 1898 3913 nar-

320 3951 407 3996 rat
431 3959 447 3996 :
491 3940 591 3996 Vos
617 3953 790 3996 autem
827 3942 998 3997 sedete
1030 3946 1114 3997 hic
1141 3945 1193 3998 in
1218 3947 1425 4000 civitate
1445 3947 1786 4017 quoadusque
1807 3949 1893 4002 in-

316 4032 558 4085 duamini
582 4032 767 4086 rirtute
795 4048 859 4086 ea:
881 4030 1010 4086 alto.
1039 4032 1235 4085 Eduxit
1260 4043 1544 4089 autcntieos
1570 4035 1714 4104 foras
1734 4054 1895 4108 usque

315 4125 372 4177 in
390 4122 722 4189 Betltaniam,
754 4133 804 4178 et
830 4124 1038 4179 elevatis
1079 4125 1321 4179 manibus
1342 4127 1474 4191 suis,
1506 4127 1765 4182 benedixit
1794 4130 1889 4185 eis.

315 4211 384 4265 Et
409 4211 605 4280 factum
640 4222 735 4277 est,
768 4213 892 4267 dum
917 4211 1232 4267 benediceret
1259 4213 1385 4279 illis,
1419 4216 1625 4269 recessit
1641 4216 1706 4270 ab
1726 4217 1821 4283 eis,
1844 4228 1892 4272 et

316 4302 579 4371 ferebatur
602 4304 657 4356 in
704 4303 905 4365 coelum,
953 4312 1001 4358 et
1039 4305 1140 4374 ipsi
1175 4304 1455 4361 adorantes
1494 4323 1636 4373 eum,
1673 4309 1893 4379 regressi

313 4393 511 4447 suntin
535 4390 868 4449 Hierusalem
880 4411 1008 4447 cum
1044 4394 1236 4465 gaudio
1263 4412 1469 4466 magno,
1499 4407 1546 4450 et
1573 4408 1723 4452 erant
1761 4415 1894 4454 sem-

313 4501 406 4554 per
426 4486 483 4539 in
507 4485 698 4555 templo
721 4485 996 4542 laudantes
1037 4485 1225 4551 Deum,
1254 4498 1301 4540 et
1330 4487 1683 4543 benedicentes
1707 4490 1894 4545 Domi-

315 4593 459 4631 num.
503 4576 560 4630 In
590 4576 811 4633 civitate
851 4577 1060 4642 sedere,
1098 4586 1182 4632 est
1221 4578 1399 4648 aliqua
1442 4580 1602 4635 tacita
1635 4590 1815 4635 mente
1838 4590 1896 4636 et

314 4666 495 4734 quieta
520 4668 761 4736 cogitare
799 4668 865 4721 de
893 4667 1173 4737 promissis
1200 4670 1434 4735 Domini,
1464 4679 1518 4725 et
1555 4686 1586 4724 a
1609 4679 1750 4726 statu
1774 4685 1896 4739 per-

312 4762 488 4824 petua:
519 4755 667 4822 pacis
692 4772 797 4811 non
834 4757 1124 4822 recedere;
1164 4758 1383 4813 firmare
1408 4775 1600 4815 sensus
1626 4762 1890 4828 corporis,

314 4857 383 4895 ne
417 4855 563 4894 mors
584 4858 677 4911 per
706 4858 800 4898 eos
822 4845 1077 4911 introeat,
1106 4853 1163 4899 et
1190 4845 1429 4915 cogitare
1465 4847 1605 4915 quod
1628 4862 1686 4902 se
1717 4849 1891 4917 ipsum

313 4932 507 4986 debeat
549 4939 719 4987 totum
769 4935 1035 5004 integrum
1065 4938 1291 4992 reddere
1338 4937 1464 4992 Deo.
1513 4938 1629 4993 Hoc
1665 4949 1768 5003 cst,
1796 4941 1895 4995 ha-

311 5024 439 5079 bere
465 5022 673 5091 integra
698 5032 932 5093 quatuor
956 5025 1223 5082 elementa
1255 5027 1308 5081 in
1338 5043 1397 5082 se
1425 5028 1604 5097 qualia
1649 5031 1723 5088 illi
1748 5032 1892 5088 Deus

310 5128 374 5167 ea
422 5113 693 5183 praestitit,
732 5122 901 5169 totum
945 5131 1005 5173 se
1051 5133 1267 5173 versum
1294 5134 1415 5174 esse
1447 5121 1501 5174 in
1545 5122 1889 5180 dilectionem

316 5204 408 5260 Dei
433 5219 496 5259 ex
528 5213 640 5259 toto
667 5204 832 5261 corde
851 5215 905 5261 et
921 5221 983 5261 ex
1016 5216 1125 5262 tota
1146 5208 1349 5273 anima,
1376 5218 1431 5264 et
1451 5226 1516 5265 ex
1549 5221 1659 5268 tota
1687 5224 1890 5281 mente,

309 5303 365 5351 et
387 5297 527 5352 scire
567 5296 854 5367 imaginem
881 5305 1082 5353 sanctae
1104 5297 1386 5359 Trinitatis
1413 5289 1675 5371 signatam
1718 5305 1771 5359 in
1800 5322 1878 5361 se.

312 5384 369 5441 Si
396 5386 518 5456 quis
543 5386 705 5444 istum
749 5389 1029 5445 denarium
1060 5390 1332 5445 desiderat
1377 5392 1429 5446 in
1474 5410 1533 5449 se
1579 5395 1795 5463 habere,
1827 5408 1881 5455 (ι

307 5477 583 5544 cognoscit
604 5478 784 5533 minus
808 5478 1011 5549 aliquid
1040 5478 1238 5535 habere
1260 5480 1328 5536 ab
1356 5496 1443 5546 eo,
1467 5483 1627 5539 debet
1651 5485 1880 5542 adorare

311 5563 615 5633 Dominum,
643 5575 701 5624 et
731 5570 943 5639 precari
984 5580 1044 5626 ut
1085 5571 1185 5627 sibi
1235 5572 1496 5628 concedat
1540 5575 1709 5631 illum.
1738 5577 1804 5632 Et
1832 5578 1877 5633 si

311 5656 537 5711 senserit
576 5673 673 5729 per
697 5660 1038 5727 cbaritatem,
1079 5678 1197 5733 quae
1226 5660 1368 5717 foras
1408 5664 1874 5736 mittittimorem,

1926 3079 1971 3141 C

1914 4442 1969 4502 D

2007 1869 2158 1922 pore,
2209 1872 2239 1911 a
2288 1859 2445 1914 nobis
2491 1863 2784 1929 postulavit
2824 1866 3198 1934 praesentibus,
3236 1884 3316 1924 ne-
3352 1873 3478 1940 quis
3524 1875 3599 1928 ad

2007 1959 2131 1998 eum
2161 1946 2552 2015 ingrederetur,
2593 1952 2696 2007 nisi
2728 1953 2812 2008 bis
2842 1962 3051 2009 tantum
3089 1957 3238 2012 boris
3263 1961 3463 2028 quibus
3482 1978 3599 2018 me

2006 2037 2112 2091 dici
2137 2038 2205 2092 ad
2250 2039 2641 2110 inSpiciendum
2688 2044 2985 2111 intrabant,
3016 2062 3099 2102 vet
3128 2065 3252 2104 cum
3280 2051 3330 2104 ei
3359 2052 3598 2109 refectio

2008 2128 2316 2183 inferretur.
2364 2131 2545 2201 Usque
2591 2134 2697 2189 huc
2739 2135 2806 2190 de
2848 2136 2968 2191 V'ita
3008 2140 3177 2194 sancti
3217 2140 3505 2212 Augustini
3527 2146 3593 2214 -j-.

2005 2215 2194 2270 Aliter.
2227 2216 2429 2273 Scribit
2454 2219 2597 2275 idem
2621 2234 2842 2279 sanctus
2880 2224 3211 2297 Augustinus
3234 2230 3298 2284 in
3334 2246 3599 2287 sermone

2007 2309 2235 2377 septimo
2250 2310 2462 2365 decimo
2472 2327 2635 2381 super
2655 2312 2951 2370 Joannem:
2978 2316 3248 2385 Jejunium
3273 2331 3454 2375 autem
3478 2339 3599 2377 ma-

2006 2412 2167 2467 gnum
2182 2405 2236 2452 et
2256 2401 2505 2469 generale
2516 2411 2599 2455 est
2609 2402 2879 2459 abstinere
2895 2406 2962 2461 ab
2978 2406 3349 2475 iniquitatibus
3360 2418 3415 2464 et
3436 2411 3600 2467 illici-

2008 2491 2078 2544 tis
2101 2490 2459 2560 voluptatibus
2481 2494 2681 2559 saeculi,
2710 2497 2852 2564 quod
2877 2507 2961 2552 est
2984 2498 3281 2566 perfectum
3298 2501 3601 2571 jejunium.

2005 2590 2066 2634 ut
2086 2581 2411 2652 abnegantcs
2423 2584 2722 2653 impietatcs
2736 2593 2792 2640 et
2802 2587 3085 2642 saeculares
3103 2591 3441 2659 cupiditates,
3459 2601 3599 2647 tem-

2007 2681 2261 2741 peranter
2283 2680 2338 2727 et
2348 2672 2494 2740 juste
2519 2675 2759 2731 vivamus
2780 2678 2833 2730 in
2866 2677 2968 2732 hoc
2992 2680 3205 2735 saeuum.
3229 2681 3363 2737 Huic
3378 2682 3593 2753 jejunio

2007 2776 2169 2832 quam
2196 2764 2501 2818 mercedem
2539 2764 2687 2819 addit
2710 2766 3016 2837 Apostolus,
3056 2772 3302 2839 sequitur
3318 2781 3373 2826 et
3409 2775 3586 2830 dicit:

2000 2851 2383 2920 Exspectantes
2420 2853 2566 2908 illam
2605 2855 2806 2909 beatam
2828 2875 2971 2928 spem
3016 2870 3063 2913 et
3108 2864 3588 2932 manifestationcm

2007 2937 2189 3008 gloria:
2227 2939 2363 2993 beati
2383 2940 2481 2994 Dei
2526 2954 2575 2996 et
2621 2941 2910 2999 Saluatoris
2949 2949 3113 3001 nostri
3135 2949 3265 3004 Jesu
3288 2949 3502 3008 Christi.
3528 2956 3590 3012 In

2010 3029 2111 3084 hoc
2135 3044 2264 3099 ergo
2304 3033 2501 3087 sarculo
2538 3035 2690 3103 quasi
2729 3037 3198 3107 quadragesimam
3244 3044 3589 3103 abstinentiae.

2000 3122 2355 3187 celebramus,
2380 3139 2503 3178 cum
2517 3126 2654 3181 bene
2675 3127 2924 3194 vivimus,
2960 3145 3084 3184 cum
3112 3133 3183 3186 ab
3207 3131 3592 3203 iniquitatibus

2000 3221 2053 3268 et
2076 3213 2280 3269 illicitis
2299 3215 2666 3286 voluptatibus
2682 3218 3032 3275 abstinemus.
3049 3219 3156 3275 Sed
3178 3223 3302 3292 quia
3322 3224 3439 3278 haec
3452 3226 3584 3281 abs-

2001 3305 2227 3360 tinentia
2266 3305 2384 3361 sine
2415 3306 2663 3361 mercede
2692 3322 2799 3361 non
2824 3308 2944 3370 erit,
2961 3318 3342 3378 exspectamus
3364 3313 3583 3371 beatam

1999 3395 2145 3450 illam
2159 3411 2328 3465 spem,
2346 3403 2401 3451 et
2424 3396 2805 3453 revelationem
2834 3397 3020 3468 gloria:
3044 3402 3223 3471 magni
3252 3401 3348 3458 Dei
3369 3413 3424 3457 et
3454 3403 3582 3458 Sal-

1999 3488 2203 3541 vatoris
2229 3488 2398 3543 nostri
2430 3486 2556 3544 Jesu
2580 3488 2801 3543 Christi.
2828 3489 2886 3543 In
2915 3490 3006 3545 illa
3036 3506 3131 3561 spe
3162 3509 3287 3548 cum
3320 3494 3482 3549 fuerit
3505 3497 3577 3551 de

1999 3575 2252 3647 spefacta
2282 3593 2389 3643 res,
2425 3579 2695 3647 accepturi
2727 3595 2913 3635 sumus
2937 3583 3237 3637 mercedem
3272 3585 3578 3641 denarium.

1997 3667 2067 3720 Et
2086 3667 2246 3737 paulo
2260 3675 2381 3737 post
2404 3684 2417 3721 :
2442 3668 2704 3722 Denarius
2725 3683 2854 3740 ergo
2873 3670 2965 3739 qui
2989 3671 3193 3740 accepit
3215 3689 3413 3729 nomen
3430 3690 3462 3727 a
3480 3691 3582 3729 nn-

1998 3775 2150 3815 mero
2186 3762 2370 3816 decem
2390 3801 2404 3826 ,
2434 3761 2679 3817 redditur
2710 3777 2723 3816 :
2759 3771 2815 3818 et
2846 3764 3166 3834 conjunctus
3204 3770 3582 3837 quadragens-

1998 3853 2078 3907 rio
2126 3852 2187 3906 ﬁt
2241 3854 2754 3922 quinquagenarius.
2815 3857 2968 3913 Unde
3014 3874 3136 3914 cum
3191 3860 3381 3916 labore
3433 3863 3597 3919 celos.

1995 3943 2220 3999 bramus
2271 3944 2743 4016 Quadragesimam
2779 3958 2906 4006 ante.
2936 3948 3173 4016 Pascha,
3223 3967 3347 4006 cum
3384 3953 3578 4008 laetitia

1996 4047 2125 4089 vero
2170 4043 2425 4104 tanquam
2473 4044 2751 4107 acceptam
2812 4040 3133 4105 mercedem,
3188 4042 3578 4114 quinquagesi-

1994 4138 2138 4178 mam
2172 4132 2296 4195 post
2341 4125 2570 4180 Pascha.
2598 4125 2731 4181 Nam
2760 4128 2886 4184 huic
2931 4137 3188 4199 tanquam
3224 4131 3452 4186 salutari
3488 4132 3576 4187 la-

1994 4213 2111 4267 bori
2143 4214 2270 4269 boni
2312 4215 2524 4283 operis,
2555 4218 2647 4287 qui
2683 4219 2917 4288 pertinet
2959 4219 3027 4273 ad
3074 4219 3591 4290 quadragenarium

1994 4321 2297 4370 nunerum,
2337 4307 2553 4361 additur
2580 4308 2778 4377 quietis
2803 4318 2858 4363 et
2895 4306 3168 4364 felicitatis
3193 4310 3470 4375 denarius,
3510 4320 3585 4373 ut

1992 4397 2483 4469 quinquagenarius
2532 4398 2627 4452 ﬁat
2652 4417 2667 4453 :
2696 4398 3014 4469 signiﬁcavit
3041 4400 3143 4455 hoc
3169 4400 3285 4470 ipse
3310 4400 3572 4457 Dominus

1991 4486 2147 4542 Jesus
2191 4487 2360 4542 multo
2387 4489 2646 4559 apertius,
2693 4489 2907 4559 quando
2951 4497 3073 4560 post
3114 4494 3575 4557 resurrectionem

1992 4583 2348 4653 quadraginta
2413 4585 2604 4640 diebus
2649 4595 2999 4642 conversatus
3052 4597 3137 4643 est
3174 4591 3227 4643 in
3262 4601 3404 4646 terra
3444 4610 3569 4647 cum

1994 4673 2274 4743 discipulis
2300 4674 2414 4729 suis
2439 4688 2454 4727 :
2483 4676 2892 4751 quadragesima
2915 4685 3094 4732 autem
3123 4680 3209 4733 die
3229 4696 3350 4735 cum
3380 4698 3568 4738 ascen-

1994 4766 2163 4820 disset
2195 4766 2248 4820 in
2274 4766 2502 4832 etelum,
2532 4768 2768 4837 peractis
2796 4769 2980 4825 decem
3008 4769 3218 4834 diebus,
3250 4773 3397 4827 misit
3426 4789 3574 4828 mer-

1994 4857 2179 4911 cedem
2216 4857 2451 4926 Spiritus
2497 4857 2669 4913 sancti
2692 4859 2752 4930 1-.
2784 4859 2919 4914 Nam
2964 4861 3018 4914 in
3063 4861 3272 4916 decima
3306 4863 3396 4918 die
3445 4872 3571 4933 post

1992 4943 2379 5001 Ascensionem
2417 4947 2650 5013 Domini,
2698 4950 2803 5004 hoc
2842 4959 2944 5015 est,
2978 4951 3032 5004 in
3073 4952 3271 5021 vigiliis
3308 4953 3573 5010 Penteco—

1990 5040 2120 5097 stes,
2146 5033 2385 5089 celebrat
2426 5045 2613 5091 sancta
2654 5038 2891 5094 Ecclesia
2918 5039 3311 5109 baptisterium,
3347 5051 3401 5096 et
3444 5043 3571 5099 lita-

1990 5125 2135 5178 niam
2177 5134 2397 5181 exercet
2439 5137 2565 5183 ante
2602 5128 2845 5184 solennia
2896 5132 3203 5187 missarum.
3256 5131 3388 5189 Orat
3419 5138 3565 5192 enim

1987 5212 2102 5265 sive
2127 5220 2186 5266 ut
2211 5212 2326 5283 ipsa
2351 5225 2626 5271 mereatur
2666 5216 2769 5272 frui
2800 5219 3034 5276 adventu
3078 5220 3315 5292 Spiritus
3364 5229 3559 5289 sancti,

1986 5301 2127 5355 sicut
2156 5304 2382 5377 apostoli
2407 5303 2555 5359 fruiti
2584 5314 2728 5372 sunt,
2753 5309 2846 5378 qui
2878 5310 3136 5380 baptizati
3168 5323 3294 5371 sunt
3321 5316 3392 5370 ab
3412 5331 3481 5373 eo
3510 5319 3563 5373 in

1985 5392 2319 5461 Pentecoste,
2345 5410 2439 5450 seu
2469 5405 2529 5450 ut
2564 5400 2821 5471 neophyti
2866 5414 3212 5472 perseverent
3260 5408 3313 5463 in
3352 5410 3565 5465 unitate

1983 5485 2257 5543 Ecclesia}.
2282 5488 2478 5545 Cantat
2511 5501 2699 5561 postea
2736 5504 3031 5551 memorata
3070 5496 3332 5565 Ecclesia,
3373 5497 3558 5556 ϐίοι-ἰαί

1984 5578 2038 5630 in
2060 5579 2277 5634 excelsis
2327 5580 2458 5648 Deo,
2514 5597 2667 5639 more
2697 5584 3062 5654 apostolorum
3107 5590 3199 5661 qui
3238 5590 3559 5663 priusquam

1985 5672 2287 5742 acciperem.
2308 5672 2566 5744 Spiritum
2589 5682 2855 5744 sanctum,
2878 5675 2935 5732 in
2972 5680 3168 5750 templo
3200 5690 3378 5749 erant,
3406 5697 3555 5747 selli-
