3938 6178
342 250 482 307 1Ξῖ3

1096 250 1184 306 DE
1222 249 1774 307 ECCLESIASTICIS
1810 249 2098 308 OFFICIIS
2135 252 2315 311 LIBRI
2354 257 2442 313 IV.
2483 289 2537 299 -
2590 258 2716 315 LIB.
2759 263 2846 317 IV.

3465 272 3595 326 ﬁli

342 382 437 436 per
457 365 738 421 laudantes
758 364 1383 421 Deumetbenedicentes
1396 364 1920 432 Dominum.Quam-
1948 372 1996 429 Α
2025 382 2196 421 meum
2228 386 2247 423 :
2277 370 2368 425 hic
2405 371 2536 426 dicit
2566 390 2578 425 :
2638 370 2907 443 Conﬁrma
2947 378 3044 430 Itoc
3084 378 3221 433 Deus
3248 386 3388 449 quod
3416 400 3596 454 aperu-

338 463 424 518 vis
448 460 673 516 dimisso
695 459 951 515 Ecclesiae
972 458 1166 524 cilicio,
1197 474 1303 515 non
1330 472 1686 529 proponerem
1715 459 1919 528 aliquid

339 552 523 606 dicere
546 550 602 604 in
628 549 749 604 istis
783 549 999 611 litteris,
1052 557 1232 605 tamen
1260 549 1387 618 quia
1434 550 1672 604 occurrit
1717 550 1773 603 in
1817 551 1919 603 hac

335 641 632 698 festivitate
652 640 723 695 de
768 641 1039 710 baptismo
1081 642 1339 705 scribere,
1375 640 1678 696 desideravi
1728 641 1919 695 volun-

337 732 535 786 larium
557 745 644 785 me
672 731 1046 785 demonstrare
1073 732 1141 785 de
1172 731 1257 787 his
1282 745 1404 800 qua
1429 732 1575 784 circa
1600 731 1916 801 baptisteria

333 828 589 890 aguntur,
621 819 765 873 scire
815 818 1037 887 aliquid.
1066 819 1233 886 Nunc.
1261 827 1479 873 transeo
1518 820 1585 873 ad
1623 827 1734 873 tres
1775 820 1917 889 psal-

333 924 472 973 mos,
512 910 603 979 qui
647 916 940 963 eantantur
980 910 1033 962 in
1076 917 1233 964 nocte
1273 907 1313 961 P
1349 916 1639 964 ntccostes.
1668 910 1738 965 Ut
1782 911 1913 964 mihi

333 1001 567 1064 videtur,
602 1001 706 1054 hoc
728 997 908 1054 differt
944 1000 1088 1055 inter
1128 1000 1262 1055 istos
1303 1008 1415 1055 tres
1449 1001 1706 1070 psalmos,
1738 1001 1831 1070 qui
1860 1001 1915 1054 in

326 1094 653 1147 Pentecoste
699 1099 1009 1155 cantantur,
1037 1100 1094 1146 ct
1129 1093 1272 1146 inter
1302 1102 1413 1148 tres
1461 1093 1551 1161 qui
1608 1094 1662 1146 in
1705 1092 1910 1148 Pascha

332 1181 572 1244 Domini,
594 1182 739 1251 quod
758 1189 844 1237 est
864 1183 1005 1237 inter
1023 1182 1370 1253 baptismum,
1395 1199 1556 1253 quem
1587 1192 1912 1253 acceperunt

330 1276 561 1345 apostoli
602 1292 699 1346 per
728 1291 946 1346 aquam,
1000 1287 1057 1332 et
1100 1279 1443 1347 baptismum,
1502 1294 1661 1347 quem
1697 1294 1912 1349 actepe-

333 1375 460 1420 ratnt
485 1382 583 1436 per
609 1366 868 1437 Spiritum
921 1378 1163 1423 sanctum
1210 1372 1262 1423 in
1313 1370 1399 1424 die
1428 1369 1813 1432 Pentecostcs,
1845 1371 1911 1425 de

331 1469 445 1523 quo
464 1456 545 1509 eis
571 1455 707 1510 dixit
737 1456 1015 1521 Dominus,
1055 1455 1157 1511 Vos
1181 1467 1353 1511 autem
1384 1458 1772 1528 baptizabimini
1790 1457 1909 1529 Spi-

329 1550 432 1601 ritu
460 1560 660 1603 sancto.
690 1548 809 1604 Jam
846 1551 1099 1622 baptizati
1134 1561 1290 1607 erant
1333 1569 1491 1622 aqua,
1515 1553 1629 1623 jam
1680 1570 1905 1626 accepe-

329 1647 453 1695 rant
508 1639 769 1711 Spiritum
815 1652 1059 1697 sanctum
1092 1661 1106 1696 :
1143 1651 1316 1697 tamen
1358 1646 1556 1699 dicitur
1584 1646 1665 1700 eis
1693 1656 1897 1716 postea,

2021 467 2107 512 tus
2125 476 2178 513 es
2206 460 2260 513 in
2294 461 2459 523 nobis,
2482 480 2515 517 a
2540 464 2731 534 templo
2774 476 2957 520 sancto
2983 477 3074 522 tuo
3107 472 3245 540 quod
3271 482 3347 526 est
3380 475 3433 528 iu
3467 474 3593 530 llic»

2021 551 2270 616 rusalcm,
2298 552 2549 619 Alleluia,
2594 555 2841 610 Alleluia.
2877 558 3050 613 Simili
3080 562 3239 616 modo
3269 566 3432 619 distat
3454 566 3595 623 inter

2019 656 2113 695 eos
2141 644 2232 711 qui
2260 644 2316 697 in
2339 644 2656 700 inmeditate
2690 647 2901 702 Domini
2931 649 3284 717 deputantur,
3316 655 3440 721 quia
3465 657 3593 711 ﬁde-

2017 730 2097 785 les
2123 741 2267 796 snnt,
2299 743 2353 787 et
2386 743 2565 789 tamen
2612 735 2664 789 in
2716 738 2911 792 actuali
2959 741 3088 804 vita,
3116 750 3170 794 et
3207 743 3349 796 inter
3378 760 3471 799 eos
3500 750 3591 814 qui

2016 822 2195 875 omnia
2224 831 2437 879 terrena
2492 836 2835 894 respuerant,
2890 834 2944 881 et
2990 841 3280 898 precantur
3310 834 3495 896 Deum,
3532 848 3590 888 ut

2016 912 2082 964 ad
2110 913 2223 967 hate
2250 930 2355 967 non
2394 924 2751 979 revertantur,
2780 920 2872 972 sed
2902 921 3186 975 conlirmct
3210 922 3407 976 donum
3433 940 3589 978 suum

2016 1002 2068 1055 in
2100 1002 2200 1063 eis,
2228 1011 2287 1056 ut
2309 1005 2514 1071 possint
2547 1006 2656 1061 Deo
2696 1023 2911 1076 semper
2935 1024 2963 1062 a
3001 1011 3196 1079 templo
3243 1014 3384 1081 quod
3417 1026 3499 1069 est
3534 1015 3588 1068 in
3682 1008 3687 1015 ’

2013 1091 2369 1159 Hierusalem,
2415 1094 2641 1150 Alleluia
2678 1109 2916 1153 cantare.
2969 1101 3045 1154 lbi
3086 1103 3216 1156 dicit
3259 1106 3412 1159 tertia
3446 1107 3589 1159 anti-

2012 1184 2211 1251 pbona,
2234 1181 2347 1261 Ego
2383 1186 2605 1240 dormivi
2642 1198 2687 1241 et
2725 1204 2964 1242 somnum
3015 1194 3145 1261 cepi,
3195 1204 3242 1247 et
3279 1200 3537 1250 resurrea'i
3566 1211 3585 1249 :

2012 1272 2101 1327 hic
2122 1273 2252 1327 dicit
2277 1274 2453 1337 tertia,
2493 1275 2686 1329 Emitte
2707 1279 2947 1343 spiritum
2977 1291 3146 1345 tuum,
3179 1293 3225 1335 et
3247 1285 3583 1351 crcabuutur,

2010 1371 2056 1413 et
2097 1363 2366 1416 renovabis
2395 1364 2581 1431 faciem
2608 1376 2781 1432 terra',
2813 1366 3065 1423 Christus
3098 1371 3241 1424 enim
3288 1376 3587 1429 resurrexit

2011 1466 2039 1503 a
2078 1459 2271 1515 morte,
2302 1458 2355 1506 et
2386 1468 2484 1507 nos
2517 1454 2759 1520 quotidie
2802 1469 3090 1523 possumus
3144 1475 3425 1531 resurgere
3448 1480 3477 1516 a
3509 1464 3586 1516 vi—

2011 1540 2118 1603 tiis,
2141 1550 2195 1595 et
2224 1550 2400 1609 potest
2422 1542 2577 1597 nobis
2608 1544 2871 1599 veraciter
2897 1546 3025 1609 diei,
3059 1548 3231 1604 Nolite
3259 1553 3587 1608 contristare

2007 1631 2258 1699 spiritum
2311 1630 2426 1684 Dei.
2481 1631 2608 1686 Ilarc
2662 1634 2987 1702 antipbona,
3026 1652 3144 1705 quae
3190 1640 3341 1705 dicit,
3387 1641 3583 1698 Emitte

337 1729 438 1784 Vos
460 1709 635 1784 autem
662 1730 1055 1801 baptizabimini
1083 1731 1286 1802 Spiritu
1304 1744 1504 1787 sancto.
1539 1734 1614 1788 De
1635 1709 1895 1805 baptismo

2006 1721 2247 1790 spiritum
2274 1730 2439 1787 tuum,
2474 1732 2521 1776 et
2554 1724 2890 1788 creabantur,
2920 1726 3168 1796 spiritum
3195 1730 3289 1783 Dei
3328 1742 3582 1799 precatur

323 1835 478 1890 aquze
503 1821 633 1877 dicit
655 1821 985 1891 Augustinus
1030 1821 1083 1876 in
1131 1823 1356 1892 epistola
1393 1826 1460 1878 ad
1503 1824 1899 1881 Seleucianum.

327 1910 477 1966 Tunc
504 1926 634 1982 ergo
653 1912 867 1982 quando
892 1909 1278 1983 Hierosolymis
1306 1915 1440 1969 exiit
1480 1931 1601 1969 cum
1626 1915 1902 1985 discipulis

321 2001 435 2056 suis
455 2001 511 2055 in
537 1999 797 2065 Judzeam,
826 2009 881 2055 et
924 2001 1032 2056 illic
1061 2003 1377 2058 morabatur
1418 2019 1541 2058 cum
1592 2004 1690 2070 eis,
1722 2006 1899 2076 bapti-

321 2092 478 2145 zabat
524 2106 630 2146 non
665 2106 761 2161 per
805 2107 864 2147 se
924 2092 1119 2162 ipsum,
1163 2096 1256 2149 sed
1299 2110 1395 2165 per
1428 2096 1719 2165 discipulos
1749 2113 1895 2153 suos.

321 2180 469 2247 Quos
490 2181 837 2251 intelligimus
851 2180 965 2249 jam
984 2181 1149 2238 fuisse
1171 2184 1473 2254 baptizatos
1500 2188 1613 2242 sive
1631 2189 1899 2258 baptismo

318 2272 563 2336 Joannis,
604 2272 745 2326 sicut
781 2273 1022 2327 nonnulli
1064 2274 1420 2340 arbitrantur,
1447 2278 1582 2343 sive,
1612 2280 1754 2348 quod
1784 2295 1898 2333 ma-

319 2366 402 2436 gis
430 2364 684 2420 credibile
712 2375 814 2427 est,
859 2367 1126 2435 baptismo
1153 2366 1375 2423 Christi.
1414 2369 1598 2439 Neque
1632 2371 1776 2426 enim
1798 2372 1897 2425 mi—

318 2455 598 2509 nisterium
635 2453 942 2524 baptizandi
977 2456 1269 2526 defugeret,
1315 2467 1374 2513 nt
1401 2459 1624 2515 haberet
1656 2462 1896 2531 baptiza-

320 2553 404 2599 tos
425 2560 624 2603 servos.
654 2560 752 2614 per
777 2560 914 2615 quos
938 2556 1166 2603 caeteros
1188 2549 1512 2618 baptizarct,
1543 2552 1634 2621 qui
1666 2567 1771 2606 non
1801 2552 1895 2607 de-

316 2634 456 2706 fugit
509 2634 877 2691 memorabilis
932 2636 1076 2693 illius
1135 2639 1454 2695 humilitatis
1506 2642 1901 2709 ministerium,

318 2726 536 2795 quando
559 2727 640 2781 eis
667 2726 796 2781 lavit
826 2728 1008 2796 pedes.
1037 2728 1191 2797 Quod
1232 2742 1358 2786 ante
1378 2732 1518 2787 diem
1548 2733 1893 2790 Pentecostes

317 2816 626 2885 acceperint
669 2816 930 2886 Spiritum
974 2828 1245 2885 sanctmn,
1277 2819 1513 2878 Ioannes
1556 2824 1887 2891 manifestat,

315 2906 502 2962 dicens
527 2925 540 2959 :
573 2905 703 2961 Cum
728 2924 848 2978 ergo
874 2918 1004 2962 esset
1027 2926 1144 2963 sero
1169 2910 1254 2963 die
1282 2910 1375 2964 illa
1403 2928 1508 2965 una
1530 2914 1890 2981 sabbatorum,

314 3006 366 3052 et
390 2997 528 3067 fores
548 3008 716 3052 essent
741 2998 955 3054 clausa.
980 3000 1048 3054 Et
1074 3009 1199 3069 post
1224 3017 1412 3071 pauca,
1439 3002 1554 3057 Hoc
1579 3021 1695 3059 cum
1724 3007 1891 3062 dixis-

313 3097 411 3153 set,
435 3089 733 3160 insufﬂauit,
760 3098 809 3142 et
832 3089 956 3143 dicit
979 3091 1074 3154 eis,
1097 3090 1326 3161 Accipite
1340 3093 1597 3162 Spiritum
1610 3106 1848 3150 sanctum
1871 3112 1889 3151 :

316 3178 555 3243 Quorum
582 3180 881 3232 remiseritis
923 3190 1157 3248 peccata,
1188 3184 1523 3236 remittuntur
1543 3185 1638 3249 eis,
1664 3195 1719 3239 et
1766 3189 1895 3243 reli-

312 3281 439 3337 qua.
464 3265 583 3320 Jam
612 3276 934 3335 acceperunt
959 3266 1219 3337 Spiritum
1256 3279 1505 3326 sanctum
1532 3272 1587 3327 in
1620 3275 1896 3329 remissio-

311 3376 436 3415 nem
465 3369 807 3430 peccatorum
851 3379 864 3413 :
907 3364 1001 3416 sed
1027 3362 1205 3416 adhuc
1251 3364 1469 3418 restaba
1521 3366 1717 3421 donum
1749 3371 1890 3437 quol

310 3454 552 3508 nondum
585 3459 921 3519 acceperant,
960 3454 1053 3508 sed
1079 3456 1352 3524 accepturi
1379 3464 1532 3510 erant
1559 3458 1612 3511 in
1641 3458 1728 3513 die
1757 3458 1892 3513 Pen-

309 3549 566 3608 tecostes,
611 3543 664 3599 id
713 3554 817 3609 est,
849 3553 909 3598 ut
957 3546 1397 3614 praedicationem
1427 3562 1578 3603 suam
1610 3549 1890 3606 firmarent

311 3638 482 3709 signis
506 3639 915 3704 miraculorum,
941 3648 996 3693 et
1018 3647 1080 3693 ut
1102 3654 1209 3693 non
1239 3641 1492 3695 timerent
1539 3642 1737 3696 rabiem
1768 3660 1889 3713 prr-

311 3729 674 3798 sequentium,
702 3744 878 3798 neque
919 3729 1124 3784 irretiri
1169 3741 1391 3799 possent
1428 3732 1643 3787 vinculo
1689 3736 1886 3790 terreni

311 3820 585 3885 desiderii,
618 3834 793 3890 neque.
822 3819 1137 3875 labefactari
1160 3835 1349 3876 errore
1379 3822 1578 3891 aliquo.
1605 3823 1888 3901 Credimus

310 3910 533 3964 Petrum
556 3910 666 3978 jam
713 3911 1044 3980 baptizatum
1092 3909 1281 3975 fuisse,
1318 3915 1534 3981 quando
1579 3920 1795 3986 negavit
1822 3921 1888 3973 azl

310 4017 495 4058 vocem
515 4002 740 4057 ancillm.
759 4002 931 4056 Simili
956 4002 1115 4057 modo
1134 4010 1186 4055 et
1214 4000 1499 4067 Thomam,
1515 4007 1603 4075 qui
1628 4008 1889 4063 dubitavit

309 4094 379 4147 de
404 4094 612 4147 Domini
660 4093 1070 4149 resurrectione.
1109 4093 1262 4149 Sicut
1282 4102 1410 4150 tunc
1438 4096 1543 4153 duo
1571 4094 1886 4168 baptisteria

311 4188 562 4255 leguntur
592 4184 644 4239 in
671 4185 953 4254 apostolis,
989 4200 1156 4239 unum
1185 4201 1283 4256 per
1310 4202 1523 4257 aquam,
1556 4196 1610 4243 et
1656 4189 1886 4244 alterum

311 4288 408 4342 per
428 4274 755 4342 baptismum
804 4273 1040 4344 Spiritus
1075 4277 1247 4330 sancti
1299 4294 1313 4329 :
1365 4278 1438 4332 ita
1476 4287 1601 4333 sunt
1645 4279 1802 4334 hodie
1833 4279 1885 4333 in

2003 1811 2201 1867 obnixe
2227 1813 2501 1879 advenire,
2534 1823 2592 1868 ut
2636 1829 2810 1885 neque
2841 1817 2895 1869 in
2941 1818 3370 1888 cogitationibus,
3406 1839 3581 1891 neque

2002 1905 2056 1959 in
2092 1906 2275 1961 verbis
2301 1914 2487 1976 regnet
2520 1906 2743 1976 spiritus
2772 1910 3036 1979 superbia:
3062 1951 3075 1975 ,
3117 1912 3211 1966 sed
3240 1914 3460 1983 spiritus
3483 1916 3576 1971 Dei

1999 1997 2216 2064 utrique
2242 1997 2476 2052 deducat
2496 2013 2593 2068 per
2629 2014 2783 2053 suam
2821 2000 3170 2065 creationem,
3218 2011 3276 2056 ut
3316 2006 3574 2074 scriptum

1999 2094 2081 2139 est
2106 2087 2159 2140 in
2190 2087 2504 2158 Evangelio,
2529 2086 2661 2142 Cum
2710 2105 2809 2144 vos
2845 2092 3105 2159 ceperint,
3130 2100 3184 2147 et
3230 2095 3572 2162 adduxerim,

1998 2177 2159 2231 nolite
2178 2180 2408 2248 cogitare
2425 2180 2684 2249 quomodo
2704 2191 2795 2234 aut
2816 2181 2941 2251 quid
2963 2180 3250 2251 loquamini
3272 2201 3291 2238 :
3315 2202 3417 2239 non
3436 2188 3571 2241 enim

1997 2283 2083 2321 vos
2109 2269 2228 2321 estis
2254 2271 2343 2338 qui
2388 2268 2680 2338 loquimini,
2720 2271 2811 2323 sed
2845 2271 3060 2341 spiritus
3097 2270 3276 2328 Putris
3306 2277 3458 2330 rastri
3483 2277 3573 2348 qui
3661 2265 3669 2271 ’

1995 2358 2228 2427 loquitur
2252 2359 2308 2411 in
2334 2359 2491 2412 vobis.
2521 2358 2782 2415 Precatur
2811 2362 3059 2416 renovari
3084 2362 3275 2418 faciem
3306 2374 3481 2430 terrae,
3515 2376 3574 2422 ut

1995 2466 2165 2504 novus
2194 2450 2355 2504 homo
2401 2451 2467 2506 sit
2505 2452 2767 2506 conlitcns
2820 2468 2877 2508 se
2920 2455 3272 2525 jnstitieatum
3300 2474 3405 2512 non
3437 2474 3466 2511 a
3488 2475 3572 2522 se,

1995 2542 2087 2596 sed
2125 2547 2300 2612 gratia
2325 2543 2440 2597 Dei.
2471 2542 2623 2597 Sicut
2652 2545 2704 2598 in
2742 2544 2951 2600 Pascha
2980 2545 3188 2602 Domini
3225 2559 3336 2605 tres
3377 2550 3571 2619 psalmi

1994 2634 2427 2704 recoluutOpera
2461 2636 2661 2691 Christi
2701 2638 2862 2692 trium
2906 2640 3137 2706 dierum,
3181 2643 3261 2698 sic
3303 2652 3356 2697 et
3384 2644 3436 2697 iu
3477 2645 3573 2697 ad-

1992 2732 2156 2779 ventu
2187 2726 2417 2795 Spiritus
2442 2729 2614 2782 sancti
2642 2729 2830 2783 eadem
2856 2744 3041 2798 opera.
3076 2733 3144 2787 Ut
3170 2735 3572 2788 demonstretur

1992 2834 2159 2872 unum
2182 2834 2315 2887 opus
2349 2833 2470 2872 esse
2495 2819 2545 2872 iu
2567 2819 2806 2889 potentia
2836 2821 3217 2875 miraculorum
3253 2825 3417 2878 totius
3446 2840 3569 2878 san-

1991 2917 2095 2963 cta:
2117 2908 2418 2973 Trinitatis,
2455 2926 2595 2964 unus
2640 2911 2773 2965 ordo
2817 2912 3146 2981 psalmorum
3179 2914 3490 2969 continetur
3518 2924 3572 2970 et

1996 3003 2047 3056 in
2076 3004 2471 3058 resurrectione
2499 3004 2730 3067 Domini.
2758 3013 2815 3059 et
2842 3005 2893 3058 in
2921 3005 3154 3060 adventu
3193 3004 3426 3074 Spiritus
3446 3023 3570 3063 san—

1994 3096 2086 3149 cti.
2116 3095 2221 3150 Sed
2262 3096 2314 3149 in
2342 3095 2610 3165 aliquibus
2647 3097 2828 3151 minus
2861 3108 3118 3167 operatur
3142 3098 3411 3162 Christus,
3439 3109 3489 3153 ct
3519 3101 3573 3153 in

1991 3188 2259 3256 aliquibus
2287 3188 2423 3257 plus.
2464 3189 2628 3242 Stella
2672 3191 2814 3244 enim
2859 3208 2889 3244 a
2938 3191 3093 3245 stella
3124 3194 3301 3246 dil‘t‘ert
3331 3194 3383 3246 in
3408 3194 3573 3247 clari-

1994 3283 2121 3328 tate.
2148 3275 2301 3340 Quod
2346 3276 2398 3329 in
2452 3275 2659 3329 Pascha
2707 3278 2943 3332 diximus
2983 3280 3047 3333 de
3096 3282 3443 3349 sequentibus
3478 3284 3571 3337 ba-

1991 3365 2332 3433 ptismalibus
2360 3366 2628 3429 noctibus,
2658 3367 2759 3420 hoc
2802 3376 2857 3422 et
2906 3369 2992 3422 hic
3042 3370 3291 3434 dicimus,
3344 3381 3405 3424 ut
3461 3380 3573 3427 tres

1990 3454 2188 3509 l’salmi
2238 3455 2478 3510 recolant
2521 3458 2851 3525 sepulturam
2918 3458 3128 3523 Domini
3168 3462 3471 3516 triduanam
3513 3464 3567 3517 in

1992 3547 2077 3601 bis
2116 3548 2401 3616 prmcipue,
2455 3548 2546 3616 qui
2591 3563 2761 3618 nuper
2806 3549 3104 3618 consepulti
3160 3560 3284 3605 sunt
3321 3550 3567 3607 Domino.

1993 3638 2104 3693 llos
2137 3640 2317 3709 agitur
2368 3654 2466 3707 per
2506 3648 2711 3708 septem
2746 3639 2863 3693 dies
2912 3648 3132 3709 propter
3170 3651 3569 3699 sacramentum

1989 3731 2272 3801 praesentis
2320 3730 2463 3795 vine,
2501 3740 2557 3785 et
2612 3740 2829 3800 propter
2869 3732 3155 3802 septimam
3210 3734 3374 3798 diem,
3404 3750 3567 3805 quam

1991 3822 2185 3875 anima?
2217 3828 2527 3875 sanctorum
2564 3821 2832 3891 rccipiunt
2856 3831 3032 3876 exuta:
3059 3839 3087 3877 a
3112 3823 3450 3894 corporibus,
3485 3824 3573 3879 vel

1989 3911 2360 3980 septiformem
2383 3911 2644 3981 Spiritum
2666 3922 2934 3978 sanctum,
2967 3914 3057 3983 qui
3084 3930 3183 3984 per
3211 3926 3569 3984 unumquem-

1989 4019 2092 4073 que
2117 4005 2258 4057 diem
2305 4005 2522 4058 diverso
2556 4005 2679 4059 cibo
2724 4005 2821 4059 alit
2871 4020 3017 4059 suos.
3066 4005 3300 4059 Possunt
3356 4015 3411 4059 et
3458 4014 3571 4061 tres

1988 4097 2176 4166 psalmi
2208 4096 2446 4152 recolere
2472 4106 2579 4150 tres
2602 4097 2850 4160 virtutes,
2884 4097 2935 4149 id
2966 4103 3066 4159 est,
3104 4096 3286 4160 ﬁdem,
3319 4111 3488 4166 spem,
3513 4106 3570 4153 et

1987 4188 2330 4249 cbaritatem,
2367 4186 2486 4240 sine
2522 4186 2718 4253 quibus
2745 4201 2905 4239 nemo
2955 4193 3133 4254 potest
3174 4186 3388 4255 placere
3432 4188 3563 4243 Deo.

1987 4277 2340 4330 Annectimus
2371 4276 2534 4329 etiam
2574 4275 2903 4339 convivium,
2950 4275 3091 4345 quod
3126 4291 3289 4329 unmn
3317 4277 3570 4345 quodque

312 4373 492 4420 nostra
526 4364 763 4420 Ecclesia
786 4366 894 4420 duo
922 4378 1118 4435 genera
1158 4366 1475 4433 electorum,
1502 4369 1594 4438 qui
1625 4370 1884 4439 baptizati
1911 4403 1963 4462 Β
1990 4365 2185 4419 donum
2212 4366 2365 4434 quasi
2396 4367 2768 4436 unusquisque
2791 4366 2960 4421 frater
2979 4376 3134 4437 parat
3172 4369 3285 4422 suis
3323 4370 3565 4423 convivis

311 4466 454 4511 sunt.
487 4456 661 4512 Unum
689 4473 858 4528 genus
886 4466 968 4512 est
988 4458 1040 4512 in
1063 4458 1237 4511 activa
1266 4459 1394 4523 vita,
1425 4460 1651 4514 alterum
1676 4462 1729 4514 in
1756 4476 1883 4515 con-

311 4546 643 4617 templativa,
673 4560 794 4616 qua:
817 4547 923 4601 duo
945 4560 1140 4615 genera
1182 4546 1388 4601 Martha
1435 4556 1491 4602 et
1536 4548 1703 4604 Maria
1730 4565 1886 4605 soror

311 4638 426 4707 ejus
452 4637 845 4708 signiﬁcabant.
871 4637 1083 4706 Optima
1110 4651 1237 4706 pars
1268 4637 1449 4691 Maria:
1480 4638 1732 4706 deputem
1752 4649 1835 4696 est
1855 4656 1886 4695 a

314 4728 557 4792 Domino,
581 4729 674 4782 sed
705 4726 928 4782 Marthm
951 4742 1057 4782 non
1085 4734 1169 4782 est
1212 4728 1558 4797 reprehensa,
1592 4729 1718 4798 quia
1744 4729 1885 4784 bona

310 4828 413 4873 cst.
443 4820 569 4875 ﬂare
611 4819 889 4874 distinctio
929 4826 1107 4889 potest
1161 4818 1391 4874 inveniri
1442 4819 1497 4872 in
1554 4819 1882 4888 antiphonis,

310 4925 431 4978 qum
453 4911 707 4965 dicuntur
728 4911 780 4963 in
812 4911 1015 4965 Pascha
1041 4910 1272 4975 Domini,
1299 4919 1353 4966 et
1377 4910 1429 4965 in
1460 4911 1796 4967 Pentecoste.
1828 4911 1885 4965 In

311 5001 519 5057 Pascha
556 5001 768 5055 Domini
811 5001 943 5055 dicit
987 5001 1157 5071 prima
1204 5003 1494 5070 antiphona
1537 5017 1552 5055 :
1597 5002 1885 5057 Consilium

311 5107 483 5146 meum
508 5106 611 5146 non
634 5101 707 5145 est
743 5106 862 5144 cum
892 5091 1064 5159 impiis
1098 5105 1116 5142 :
1158 5091 1326 5159 prima
1359 5091 1425 5146 de
1452 5091 1769 5147 Pentecoste
1798 5091 1885 5147 di-

311 5184 388 5239 cit
420 5203 435 5238 :
471 5182 670 5237 Factus
691 5193 763 5237 est
789 5191 994 5251 repente
1016 5181 1080 5234 de
1104 5180 1229 5234 caelo
1257 5197 1417 5235 sonus
1441 5191 1691 5252 tanquam
1725 5184 1885 5237 adae-

312 5274 501 5327 m'entis
555 5271 782 5344 Spiritus
834 5270 1164 5335 vehementis,
1195 5270 1417 5339 spiritus
1450 5273 1742 5327 vehemens
1764 5274 1885 5341 pul-

312 5376 494 5418 verem
521 5370 680 5418 terrae
706 5362 842 5417 solet
887 5359 1214 5430 dispergere.
1247 5361 1420 5415 Distat
1467 5363 1691 5416 multum
1743 5363 1885 5418 inter

313 5457 514 5511 donum
544 5455 657 5519 Dei,
684 5455 825 5525 quod
853 5459 1073 5524 separat
1115 5452 1301 5508 fideles
1325 5453 1394 5508 ab
1445 5453 1644 5523 impiis,
1672 5463 1728 5510 et
1755 5456 1883 5510 illud

312 5546 537 5609 donum,
555 5547 695 5612 quod
721 5552 965 5601 terrenas
990 5545 1344 5613 cogitationes
1387 5554 1652 5617 expurgat
1675 5548 1738 5603 de
1761 5564 1884 5617 pec-

319 5645 454 5700 tore.
481 5637 555 5691 lhi
578 5636 706 5691 dicit
756 5638 988 5695 secunda
1028 5635 1343 5707 antiphona,
1373 5634 1643 5692 Postulari
1680 5649 1881 5709 putrem

1992 4473 2087 4529 per
2110 4457 2226 4511 dies
2256 4465 2483 4526 septem,
2515 4466 2572 4510 et
2609 4467 2721 4512 tres
2751 4459 2999 4524 virtutes,
3027 4459 3181 4528 quasi
3213 4468 3325 4515 tres
3350 4473 3567 4515 sorores

1992 4549 2359 4612 cunvivantes,
2388 4564 2451 4603 ex
2490 4547 2622 4601 libro
2653 4548 2824 4603 sancti
2866 4547 3110 4620 Gregorii
3148 4550 3326 4619 primo
3365 4550 3430 4604 de
3459 4550 3570 4605 Mo-

1993 4640 2198 4695 ralibus
2230 4658 2241 4693 :
2275 4639 2344 4695 Ut
2378 4639 2545 4701 enim,
2596 4638 2787 4706 inquit,
2840 4639 2956 4694 hmc
2995 4641 3109 4710 ipsa
3154 4641 3290 4695 dona
3328 4641 3569 4695 breviter

1992 4728 2322 4798 septiformis
2344 4728 2566 4796 spiritus
2594 4727 2871 4795 replicem,
2895 4727 3057 4781 alium
3096 4728 3236 4783 diem
3286 4728 3449 4782 habet
3479 4744 3569 4783 sa-

1990 4820 2211 4891 pientia,
2268 4820 2431 4873 alium
2482 4819 2804 4884 intellectus,
2850 4818 3010 4873 alium
3052 4820 3360 4885 consilium,
3398 4820 3564 4875 alium

1989 4908 2267 4970 fortitudo,
2298 4910 2462 4963 alium
2491 4910 2740 4970 scientia,
2761 4909 2924 4963 alium
2960 4911 3153 4979 pietas,
3180 4911 3343 4967 alium
3380 4913 3562 4965 timor.

1988 4998 2173 5068 Neque
2194 5000 2338 5053 enim
2378 5000 2479 5053 hoc
2522 5008 2604 5053 cst
2649 5015 2859 5070 sapere,
2904 5002 3048 5071 quod
3093 5002 3407 5073 intelligere,
3438 5003 3564 5072 quia

1988 5090 2143 5144 multi
2180 5098 2380 5143 aeterna
2418 5091 2636 5157 quidem
2688 5092 2927 5160 sapiunt,
2954 5094 3049 5148 sed
3099 5093 3217 5149 hmo
3264 5094 3566 5163 intelligere

1986 5194 2326 5248 nequaquam
2357 5188 2598 5247 possunt.
2630 5181 2905 5250 Sapientia
2934 5199 3063 5253 ergo
3108 5185 3160 5238 in
3189 5185 3275 5239 die
3302 5199 3400 5237 suo
3427 5197 3562 5236 con-

1988 5268 2190 5321 vivium
2214 5267 2361 5332 facit,
2392 5268 2517 5337 quia
2550 5279 2785 5324 montem
2813 5271 2882 5325 ab
2901 5281 3223 5328 internarum
3252 5286 3345 5340 spe
3365 5280 3418 5324 et
3444 5285 3568 5325 cer-

1990 5356 2218 5412 tutudine
2282 5358 2482 5420 reficit;
2544 5359 2845 5414 intellcetus
2899 5362 2951 5414 in
2991 5362 3076 5415 die
3118 5376 3214 5415 suo
3255 5361 3561 5416 convivium

1989 5457 2163 5518 parat,
2188 5450 2312 5517 quia
2343 5449 2397 5503 in
2438 5465 2524 5513 co,
2556 5450 2699 5520 quod
2754 5452 2934 5505 audita
2977 5461 3241 5521 penetrat,
3271 5452 3563 5509 reficiendo

1989 5556 2105 5605 cor,
2131 5541 2385 5595 tenebras
2424 5539 2541 5609 ejus
2568 5541 2803 5596 illustrat
2845 5558 2858 5592 :
2900 5541 3182 5596 consilium
3237 5543 3288 5595 in
3329 5542 3417 5598 die
3461 5560 3566 5601 suo

1989 5640 2291 5697 convivium
2330 5642 2566 5707 exhibet,
2601 5641 2721 5713 quia
2763 5639 2886 5692 dum
2922 5653 3038 5693 essc
3067 5639 3403 5710 prmeipitem
3432 5655 3562 5712 ρων
