3938 6178
359 327 494 385 iﬁlli

1393 313 1728 370 AMALARII
1765 307 2203 366 PRESBYTERI
2244 305 2580 361 METENSIS

3477 306 3624 362 ISIG

357 444 528 506 hibet,
562 439 767 493 ratione
811 435 1048 488 animum
1091 431 1294 501 replet;
1327 429 1585 483 fortitudo
1631 427 1686 481 in
1721 425 1808 480 die
1831 439 1930 480 suo
1956 428 2007 488 Α
2033 422 2179 491 gavit
2201 421 2394 475 Petrus
2418 417 2727 473 Cornelium
2751 457 2766 484 ,
2800 427 2860 472 ut
2888 418 2941 472 in
2975 416 3202 473 Actibus
3241 420 3620 488 apostolorum

359 530 666 584 convivium
695 525 846 588 facit,
871 523 995 592 quia
1021 521 1148 575 dum
1187 521 1412 574 adversa
1446 532 1554 572 non
1575 515 1791 578 metuit,
1815 522 1930 567 tre-

357 620 564 692 pidanti
594 617 759 671 menti
786 615 934 668 cibos
961 611 1299 666 conﬁdentia:
1323 609 1578 681 apponit;
1619 605 1844 662 scientia
1875 604 1930 658 in

359 713 446 764 die
465 724 562 764 suo
584 706 888 762 convivium
913 712 1086 773 parat,
1104 703 1227 771 quia
1255 702 1309 755 in
1333 708 1522 755 ventre
1539 699 1753 762 mentis,
1781 699 1931 768 igno-

358 802 548 855 rautim
564 798 825 868 jejunium
855 802 1095 864 superat,
1115 795 1288 862 pietas
1309 793 1362 847 in
1387 791 1472 848 die
1498 807 1595 846 suo
1623 790 1929 846 convivium

357 892 600 955 exhibet,
631 890 755 958 quia
795 887 973 942 cordis
998 885 1206 940 viscera
1252 883 1640 938 misericordia:
1675 882 1932 951 Operibus

358 985 556 1052 replet;
590 983 749 1035 timor
773 981 825 1033 in
864 980 948 1033 die
973 993 1071 1032 suo
1116 976 1422 1032 convivium
1454 973 1598 1036 facit,
1630 974 1755 1042 quia
1801 972 1929 1025 dum

356 1073 555 1142 premit
576 1079 828 1133 mentem,
861 1085 928 1123 ne
957 1069 1020 1122 de
1041 1067 1394 1138 praesentibus
1437 1063 1731 1134 superbiat,
1761 1063 1827 1116 de
1849 1061 1932 1115 fu-

358 1163 497 1216 turis
519 1162 663 1215 illam
695 1161 807 1229 spei
839 1160 960 1214 cibo
989 1156 1278 1212 confortat.
1305 1155 1412 1210 Sed
1459 1155 1514 1208 in
1554 1156 1657 1209 hoc
1698 1153 1929 1206 ﬁliorum

355 1254 604 1309 convivio
655 1253 783 1306 illud
827 1251 1279 1320 perscrutandum
1324 1246 1512 1310 video,
1555 1244 1694 1314 quod
1740 1252 1932 1299 semet-

357 1345 504 1414 ipsos
537 1343 764 1396 invicem
788 1348 1034 1410 pascunt.
1064 1337 1230 1392 Valde
1257 1335 1401 1390 enim
1435 1333 1643 1403 singula
1680 1332 1932 1402 quarlibet

357 1433 690 1495 destituitur,
713 1432 759 1485 si
791 1445 896 1484 non
921 1445 1025 1483 una
1056 1428 1146 1481 alii
1178 1428 1350 1480 virtus
1369 1425 1554 1478 virtuti
1584 1423 1925 1492 suffragetur.

358 1523 532 1577 Minor
557 1522 753 1590 quippe
787 1529 871 1574 est
905 1517 1193 1588 sapientia,
1218 1516 1262 1570 si
1297 1514 1568 1568 intellectu
1616 1520 1800 1567 careat
1833 1529 1845 1564 :
1875 1520 1932 1566 et

355 1613 512 1666 valde
543 1613 747 1665 inutilis
775 1617 878 1673 est,
899 1607 1205 1662 intellectus
1226 1607 1269 1660 si
1291 1619 1356 1658 ex
1385 1603 1644 1674 sapientia
1669 1617 1774 1657 non
1798 1603 1927 1656 sub-

356 1703 530 1755 sistat.
555 1700 688 1766 Quia
711 1715 831 1753 cum
859 1698 1046 1751 altiora
1067 1697 1184 1752 sine
1213 1695 1488 1765 sapientiae
1507 1694 1744 1764 pondere
1768 1708 1930 1762 pene-

2032 513 2293 582 scriptum
2320 519 2402 565 est
2433 528 2450 565 :
2478 509 2759 580 Interrogo
2797 524 2950 578 ergo,
2979 511 3049 564 ob
3073 525 3236 579 quam
3265 527 3490 568 causam
3532 530 3629 570 ae-

2031 599 2242 654 cersisti
2268 615 2356 654 me
2388 617 2400 651 :
2432 599 2500 652 Et
2521 597 2804 654 Cornelius
2827 599 2940 652 ait:
2963 598 3008 651 A
3031 601 3501 670 nudiusquartana
3524 603 3619 658 die

2030 703 2203 759 usque
2237 689 2304 743 ad
2352 689 2495 744 hanc
2539 689 2750 753 horam,
2789 703 2955 744 orans
2983 705 3134 745 eram
3180 691 3313 745 hora
3359 708 3508 763 nona
3559 695 3624 748 in

2031 781 2192 836 domo
2218 797 2356 846 mea,
2386 791 2441 837 et
2458 782 2682 852 reliqua.
2713 784 2884 850 Quem
2907 785 3168 839 Continuo
3201 785 3394 838 imbuit
3419 785 3624 843 Petrus

2032 874 2277 944 symbolo
2300 874 2447 938 ﬁdei,
2480 882 2540 928 ut
2569 875 2622 928 in
2664 876 2980 930 memoratis
3023 875 3249 930 Actibus
3277 877 3617 939 continetur,

2032 977 2266 1032 moxque
2310 964 2506 1018 cecidit
2542 963 2780 1034 Spiritus
2814 975 3035 1020 sanctus
3082 981 3245 1036 super
3295 981 3487 1021 omnes
3521 967 3620 1036 qui

2033 1055 2318 1109 audiebant
2345 1056 2590 1110 verbum.
2624 1056 2744 1123 Quo
2777 1065 3021 1126 peracto,
3051 1058 3328 1127 respondit
3365 1057 3565 1112 Petrus
3601 1078 3615 1110 :

2032 1142 2284 1214 Nunquid
2309 1160 2505 1214 aquam
2527 1147 2649 1216 quis
2673 1148 2963 1216 prohibere
2983 1155 3180 1218 potest,
3215 1157 3275 1202 ut
3304 1164 3414 1204 non
3437 1150 3624 1218 bapti-

2033 1239 2226 1285 zentur
2251 1232 2305 1286 hi
2323 1233 2415 1302 qui
2446 1232 2708 1303 Spiritum
2744 1243 2994 1291 sanctum
3027 1246 3355 1306 acceperunt
3395 1238 3540 1292 sicut
3560 1247 3624 1293 et.

2032 1323 2168 1377 nos?
2200 1323 2266 1377 Et
2279 1323 2446 1392 jussit
2465 1338 2559 1380 eos
2605 1326 2659 1380 in
2688 1328 2908 1381 nomine
2933 1327 3062 1382 Jesu
3089 1326 3292 1382 Christi
3317 1327 3616 1396 baptizari.

2031 1413 2200 1484 Igitur
2233 1430 2298 1470 eo
2344 1416 2399 1470 in
2449 1424 2692 1486 tempore
2738 1418 2885 1472 circa
2927 1419 3258 1488 primitivum
3307 1418 3618 1473 Ecclesium

2033 1504 2164 1559 hora
2196 1521 2338 1559 nona
2385 1507 2686 1576 baptismus
2737 1507 3043 1563 celebratus
3077 1518 3185 1572 est,
3213 1517 3272 1562 ut
3300 1516 3354 1563 et
3382 1509 3521 1578 ipsa,
3559 1520 3620 1565 et

2032 1596 2293 1651 imitatrix
2323 1597 2460 1666 ejus,
2507 1614 2626 1668 quze
2657 1599 2921 1654 hodierna
2965 1601 3052 1654 die
3091 1609 3197 1666 est,
3243 1603 3509 1656 retineret
3558 1605 3616 1657 in

2033 1694 2242 1751 mente,
2275 1688 2419 1757 quod
2458 1689 2512 1742 in
2547 1700 2718 1744 morte
2753 1689 2978 1755 Christi,
3011 1691 3103 1760 qui
3146 1693 3276 1746 hora
3305 1707 3450 1746 nona
3479 1696 3622 1750 emi-

357 1801 484 1855 trat,
512 1807 604 1845 sua
638 1791 783 1844 illum
821 1790 1010 1843 levitas
1049 1787 1268 1859 gravius
1313 1786 1584 1840 ruiturum
1623 1785 1784 1840 levat.
1815 1785 1931 1840 Vile
1958 1791 2004 1849 B
2033 1776 2107 1830 Sil
2130 1778 2404 1846 Spiritum.
2435 1787 2684 1848 oporteat
2713 1794 2834 1834 eam
2881 1781 3180 1851 baptizare.
3213 1781 3369 1835 llunc
3403 1798 3616 1839 morem

355 1891 438 1936 est
459 1881 762 1944 consilium,
785 1881 873 1934 cui
895 1880 1062 1933 robur
1084 1877 1418 1932 fortitudinis
1441 1877 1609 1940 deest,
1638 1876 1762 1945 quia
1785 1873 1928 1944 quod

356 1975 638 2029 tractando
666 1973 889 2037 invenit,
913 1986 1104 2025 carens
1127 1969 1335 2024 viribus
1357 1983 1524 2036 usque
1553 1968 1619 2021 ad
1646 1967 1932 2037 perfectio-

355 2083 479 2120 nem
503 2067 683 2136 Operis
706 2082 810 2120 non
837 2063 1109 2134 perducit;
1145 2070 1200 2116 et
1226 2061 1380 2116 valde
1406 2060 1664 2114 fortitudo
1693 2061 1927 2115 destrui-

355 2165 464 2219 tur,
495 2156 598 2209 nisi
635 2171 730 2223 per
767 2153 1055 2207 consilium
1096 2150 1354 2205 fulciatur
1382 2167 1395 2203 :
1429 2149 1553 2218 quia
1579 2164 1685 2218 quo
1715 2149 1837 2218 plus
1873 2163 1932 2204 se

354 2261 514 2315 posse
545 2246 829 2315 conspicit,
853 2259 917 2298 eo
950 2244 1125 2297 virtus
1155 2243 1273 2296 sine
1307 2243 1532 2296 rationis
1564 2242 1930 2297 moderamine

355 2337 594 2390 deterius
625 2336 676 2388 in
702 2348 940 2403 prmceps
970 2333 1098 2386 ruit.
1141 2331 1295 2386 Nulla
1321 2341 1405 2386 est
1434 2331 1682 2395 scientia,
1713 2331 1757 2385 si
1788 2331 1933 2384 utili-

358 2433 522 2478 tatem
559 2424 776 2494 pictatis
817 2437 925 2476 non
975 2422 1138 2476 habet
1171 2439 1182 2474 :
1217 2421 1342 2489 quia
1379 2420 1506 2474 dum
1542 2421 1679 2475 bona
1716 2419 1930 2490 cognita

355 2517 576 2585 exsequi
604 2514 983 2586 ncgligit,sese
1003 2513 1068 2567 ad
1089 2511 1350 2580 judicium
1379 2511 1583 2566 arctius
1607 2511 1850 2580 stringit;
1879 2518 1933 2564 et

353 2605 508 2661 valde
525 2606 730 2660 inutilis
743 2615 827 2660 est
853 2604 1046 2674 pietas,
1074 2603 1116 2657 si
1135 2603 1374 2657 scientim
1395 2601 1718 2656 discretione
1738 2609 1887 2656 caret
1914 2618 1926 2654 :

354 2699 481 2770 quia
535 2698 662 2752 dum
691 2696 838 2751 nulla
885 2695 1027 2750 hanc
1074 2693 1298 2748 scientia
1336 2692 1636 2756 illuminat,
1663 2690 1932 2760 quomodo

358 2789 701 2851 misereatur,
736 2787 968 2856 ignorat.
999 2782 1185 2837 Timor
1205 2797 1418 2852 quoque
1456 2782 1572 2852 ipse
1615 2781 1659 2836 si
1701 2796 1804 2835 non
1834 2782 1933 2835 has

358 2877 523 2929 etiam
570 2875 802 2928 virtutes
849 2871 1139 2935 habuerit,
1182 2872 1251 2926 ad
1299 2871 1501 2925 nullum
1555 2885 1691 2940 opus
1747 2870 1932 2940 procul

358 2969 522 3023 dubio
546 2969 704 3022 bonae
727 2965 956 3021 actionis
980 2964 1190 3034 surgit:
1218 2963 1344 3032 quia
1368 2964 1494 3018 dum
1518 2962 1583 3016 ad
1609 2969 1800 3017 cuncta
1823 2969 1934 3016 tre-

354 3061 525 3130 pidat,
557 3059 672 3128 ipsa
693 3071 791 3111 sua
819 3054 1130 3110 fortitudine
1166 3069 1197 3108 a
1233 3054 1392 3108 bonis
1421 3053 1672 3108 omnibus
1707 3060 1926 3120 torpens

2035 1874 2180 1920 tenet
2217 1883 2359 1921 nunc
2387 1877 2575 1922 nostra
2623 1867 2860 1923 Ecclesia
2898 1868 2952 1923 in
2997 1869 3236 1940 vigiliam
3260 1868 3620 1927 Pentecostes

2031 1971 2192 2025 quem
2222 1957 2569 2027 prresiguavit
2615 1959 2916 2026 Cornelius,
2962 1961 3054 2030 qui
3093 1970 3153 2014 ut
3181 1970 3492 2016 mereretur
3524 1979 3618 2018 ac-

2032 2047 2213 2116 cipere
2235 2048 2582 2116 baptismum,
2615 2049 2749 2105 hora
2770 2065 2913 2105 noua
2941 2060 3061 2106 erat
3083 2065 3248 2107 orans
3278 2061 3335 2107 et
3353 2051 3619 2122 jejunans

2031 2139 2086 2193 in
2117 2139 2278 2196 domo
2302 2156 2416 2196 sua.

2585 2235 2812 2291 CAPUT
2850 2236 3038 2292 XXIX.

2483 2325 2561 2378 De
2582 2326 2776 2380 octavis
2802 2325 3146 2382 Pentecostes.

2103 2415 2506 2488 Quinquaginta
2540 2417 2659 2473 dies
2691 2427 2816 2488 post
2855 2418 3065 2475 Pascha
3102 2421 3339 2486 Domini,
3369 2421 3478 2476 hoc
3505 2433 3615 2487 est,

2031 2512 2206 2559 totum
2247 2515 2456 2578 tempus
2501 2507 2870 2575 Pentecostes,
2899 2510 3136 2579 ﬁgurant
3170 2511 3317 2566 illam
3341 2513 3613 2577 Iustitiam,

2031 2609 2150 2662 qua:
2175 2595 2280 2650 erit
2307 2596 2358 2650 in
2383 2597 2485 2650 alia
2517 2597 2630 2651 vita
2659 2615 2672 2652 :
2700 2599 2815 2653 sive
2839 2600 2965 2669 quia
3007 2600 3480 2673 quadragenarius
3516 2621 3616 2658 nu-

2031 2700 2213 2740 merus
2242 2687 2486 2756 partibus
2529 2689 2644 2744 suis
2671 2689 3080 2760 multiplicatus,
3113 2693 3510 2764 quinquaginta
3537 2694 3618 2749 fa-

2030 2776 2127 2841 cit,
2158 2792 2252 2832 seu
2285 2779 2428 2847 quod
2453 2779 2809 2850 quadraginta
2829 2781 3034 2836 habent
3058 2781 3112 2836 in
3147 2798 3207 2837 se
3224 2782 3616 2852 perfectionem

2029 2881 2253 2938 operum
2281 2868 2546 2925 bonorum
2574 2872 2698 2926 :cui
2725 2887 2952 2926 numero
2982 2873 3030 2928 si
3061 2874 3292 2929 addatur
3331 2875 3614 2941 denarius,

2031 2959 2124 3028 qui
2156 2967 2304 3016 tenet
2332 2961 2825 3017 remunerationem
2846 2977 3073 3031 operum
3111 2963 3508 3035 quinquaginta
3533 2965 3617 3020 fa-

2033 3049 2147 3106 cit:
2182 3063 2276 3106 seu
2303 3066 2635 3122 quzecunque
2658 3052 2766 3107 alia
2797 3053 2936 3108 ratio
2965 3054 3055 3120 sit,
3094 3055 3199 3110 hoc
3226 3055 3416 3126 procul
3447 3056 3618 3112 dubio

356 3126 532 3208 vacat.
565 3126 702 3218 Quia
731 3163 863 3220 ergo
902 3146 1174 3202 alternata
1210 3145 1512 3200 ministerio
1553 3145 1725 3199 virtus
1761 3159 1791 3198 a
1819 3144 1929 3198 vir-
1957 3126 2002 3190 C
2036 3149 2272 3207 tenetur,
2295 3143 2439 3211 quod
2464 3152 2764 3213 praesentes
2803 3145 3196 3216 quinquaginta
3229 3145 3348 3202 dies
3369 3147 3616 3203 futuram

355 3251 472 3298 tute
492 3241 762 3306 reﬁcitur,
796 3246 944 3294 recte
991 3239 1210 3304 dicitur,
1233 3238 1377 3308 quod
1407 3238 1548 3307 apud
1589 3251 1648 3294 se
1685 3237 1926 3294 vicissim

355 3335 452 3390 ﬁlii
487 3334 863 3389 wnvivantur.
899 3330 1141 3400 Cumque
1189 3345 1352 3385 uuam
1393 3330 1501 3384 alia
1541 3329 1930 3386 sublevandam

358 3426 624 3489 sublevat,
651 3424 804 3496 quasi
831 3439 930 3494 per
960 3424 1075 3478 dies
1102 3438 1230 3478 suos
1271 3437 1558 3478 numerosa
1587 3423 1798 3478 soboles
1836 3437 1932 3492 pa-

355 3515 552 3570 scentia
583 3515 892 3570 convivium
915 3514 1110 3584 parati.
1147 3511 1436 3582 Sequitur:
1470 3513 1536 3568 Et
1565 3514 1849 3568 mittebant
1876 3519 1932 3569 et

353 3604 620 3658 vocabant
649 3611 761 3658 tres
789 3618 1006 3658 sorores
1025 3618 1174 3668 suas,
1213 3611 1272 3656 ut
1298 3605 1644 3658 comederent
1685 3611 1741 3659 et
1779 3605 1932 3660 bibe-

356 3700 478 3746 rent
506 3708 629 3746 cum
676 3693 774 3746 eis.
816 3691 948 3746 Cum
983 3693 1212 3746 virtutes
1259 3700 1458 3745 nostra:
1501 3692 1555 3746 in
1597 3691 1764 3758 omni,
1788 3692 1931 3762 quod

353 3791 540 3853 agunt,
573 3797 740 3851 spem,
772 3782 952 3848 ﬁdem,
979 3792 1034 3839 et
1063 3783 1380 3839 charitatem
1404 3784 1602 3850 sciunt,
1629 3784 1784 3853 quasi
1805 3798 1932 3852 ope-

2033 3233 2271 3304 quietem
2299 3243 2354 3290 et
2403 3236 2750 3292 securitatem
2793 3245 2959 3308 atque
3001 3237 3246 3294 lzetitiam
3275 3238 3612 3310 signiﬁcant.

2034 3323 2253 3393 Septem
2275 3324 2392 3380 dies
2413 3325 2504 3394 qui
2536 3335 2860 3396 sequuntur,
2897 3329 3146 3384 recolunt
3169 3329 3460 3386 adventum
3482 3346 3611 3401 sep-

2031 3411 2264 3468 tiformis
2317 3413 2542 3484 Spiritus
2567 3453 2582 3478 ,
2634 3415 2748 3470 sive
2799 3425 3043 3472 nostram
3093 3417 3360 3485 ltetitiam,
3413 3419 3468 3474 in
3501 3435 3610 3489 qua

2031 3502 2470 3574 congratulantur
2488 3519 2662 3575 nuper
2689 3505 2997 3576 baptizatis,
3025 3507 3116 3578 qui
3142 3509 3406 3564 nimirum
3436 3509 3609 3565 infor-

2030 3602 2250 3649 mantur
2270 3595 2324 3648 in
2352 3610 2580 3664 corpore
2604 3595 2826 3651 Christi.
2860 3596 3132 3654 Habemus
3156 3599 3212 3654 in
3232 3600 3440 3656 nostris
3459 3600 3613 3655 libris

2030 3682 2344 3740 oflicialibus
2381 3685 2666 3756 scriptum,
2696 3684 2825 3740 Post
2853 3697 3062 3743 octavas
3091 3686 3466 3754 Pentecostea;
3491 3691 3612 3744 ideo

2029 3771 2096 3826 de
2121 3772 2309 3827 eodem
2347 3774 2548 3843 scripto
2589 3782 2824 3829 tractare
2853 3775 3129 3832 debemus.
3168 3776 3318 3833 Satis
3369 3777 3606 3833 manife-

356 3880 568 3926 ratores
615 3872 710 3926 ﬁlii
753 3881 866 3928 tres
909 3875 975 3928 ad
1021 3875 1326 3929 convivium
1367 3889 1585 3930 sorores
1630 3882 1844 3937 vocant,
1870 3879 1932 3926 ut
2029 3873 2174 3920 slum
2202 3874 2284 3920 est
2303 3865 2662 3922 Pentecosten
2685 3868 2996 3938 exprimere
3023 3885 3310 3925 numerum
3339 3871 3611 3941 quinqua-

361 3961 516 4026 tides,
553 3977 676 4031 spes
727 3969 782 4016 et
835 3963 1073 4016 charitas
1109 3963 1376 4033 gaudeant
1428 3964 1482 4017 in
1525 3976 1660 4030 upus
1705 3961 1926 4027 bonum,
2027 3957 2289 4027 gesimum
2316 3975 2329 4011 :
2359 3972 2466 4012 non
2487 3957 2630 4012 enim
2669 3973 2788 4013 mea
2817 3959 3133 4030 simplicitas
3153 3961 3326 4027 novit,
3352 3975 3493 4031 quas
3517 3976 3614 4016 oc.

354 4051 497 4121 quod
533 4067 871 4122 unaquaque
893 4053 1065 4106 virtus
1104 4052 1466 4105 administrat.
1497 4049 1627 4117 Quae
1673 4052 1825 4121 quasi
1861 4066 1928 4106 ex

2031 4053 2181 4102 tavas
2198 4046 2393 4102 habeat
2418 4047 2758 4114 Pentecoste,
2781 4050 2876 4105 sed
2896 4050 3152 4120 quoniam
3177 4051 3294 4106 haec
3314 4050 3608 4118 festivitas,

355 4143 479 4198 cibo
500 4144 642 4198 vires
664 4143 953 4214 accipiunt,
993 4142 1118 4196 dum
1154 4141 1311 4196 bonis
1344 4141 1598 4210 operibus
1618 4141 1928 4197 ﬁdentiores
2027 4150 2146 4204 quae
2173 4135 2254 4207 (ut
2287 4137 2542 4208 diximus)
2575 4138 2766 4193 recolit
2812 4139 3104 4195 adventum
3143 4142 3380 4211 Spiritus
3405 4147 3606 4209 sancti.

357 4234 529 4298 ﬁunt;
572 4233 771 4287 etdum
802 4240 924 4302 post
951 4231 1130 4286 cibum
1170 4230 1640 4300 contemplationis
1687 4245 1810 4285 rore
1841 4231 1925 4284 in-
2028 4237 2084 4281 et
2110 4228 2608 4283 remunerationem
2646 4245 2818 4300 nuper
2851 4231 3248 4301 baptizatorum
3273 4251 3474 4291 nomen
3509 4238 3610 4292 ob-

355 4323 505 4378 fundi
543 4331 816 4392 appetunt,
857 4322 1010 4391 quasi
1039 4336 1105 4375 ex
1141 4321 1332 4392 poculo
1367 4321 1665 4375 ebriantur.
1685 4319 1802 4374 Non
1827 4319 1927 4374 ab-
2028 4317 2187 4372 tinuit
2211 4316 2578 4384 Pentecostes,
2617 4320 2747 4389 ipsa:
2780 4328 2988 4378 octava:
3009 4337 3129 4392 qua:
3172 4325 3301 4380 huic
3345 4329 3608 4398 mysterio

356 4415 544 4474 horret
571 4429 600 4467 a
640 4428 785 4476 vero,
812 4414 854 4468 si
885 4413 997 4467 sive
1019 4421 1238 4482 propter
1260 4414 1590 4482 sepulturam
1617 4412 1927 4478 Domini,ut
1956 4471 2002 4491 Π
2027 4421 2248 4482 possunt
2280 4427 2599 4484 congruere,
2638 4414 2976 4471 retinuerant
3018 4433 3236 4484 nomen,
3267 4423 3413 4491 quod
3442 4422 3609 4478 habet

355 4501 794 4568 memoravimus,
840 4510 952 4557 tres
998 4502 1190 4572 psalmi
1240 4503 1294 4556 in
1349 4511 1505 4558 nocte
1539 4512 1822 4558 cantentur
1867 4504 1922 4558 in

352 4595 547 4649 diebus
595 4594 1012 4664 neophytorum,
1061 4608 1154 4646 seu
1203 4603 1422 4663 propter
1465 4593 1647 4659 fidem,
1675 4609 1824 4663 spem
1869 4602 1924 4648 et

351 4685 698 4751 charitatem,
727 4702 846 4754 qua:
867 4684 1233 4753 unusquisque
1269 4684 1610 4740 Christianus
1638 4683 1798 4738 debet
1844 4691 1922 4736 te.

355 4789 486 4830 nere
513 4775 580 4830 ab
601 4777 716 4845 ipso
735 4777 890 4830 initio
913 4777 1219 4830 intellectus
1249 4775 1352 4829 sui.

895 4886 1120 4941 CAPUT
1163 4885 1392 4939 XXVIII.

448 4979 528 5035 De
567 4979 696 5032 hora
723 4978 1010 5048 baptisterij
1042 4980 1096 5030 in
1123 4978 1369 5041 sabbato,
1416 4975 1522 5028 sive
1560 4975 1616 5027 in
1659 4973 1834 5044 vigilia

969 5046 1316 5101 Pentecostes.

424 5139 730 5196 Notandum
761 5146 866 5203 est,
894 5138 1037 5206 quod
1069 5153 1133 5193 ea
1172 5139 1302 5192 hora
1345 5135 1452 5190 diei
1496 5151 1638 5190 nunc
1685 5135 1925 5191 celebret

354 5240 541 5290 sancta
577 5230 819 5286 Ecclesia
851 5229 1197 5298 baptismum,
1229 5243 1334 5297 qua
1378 5229 1510 5283 hora
1550 5227 1773 5296 angelus
1822 5228 1925 5282 Do-

353 5325 488 5380 mini
514 5323 661 5378 venit
697 5321 764 5376 ad
798 5318 1126 5383 Cornelium,
1150 5317 1474 5372 annuntians
1520 5317 1570 5371 ei
1610 5318 1752 5386 quod
1797 5333 1920 5372 ora-

354 5416 529 5471 tiones
552 5414 670 5484 ejus
691 5422 746 5467 et
775 5413 1127 5480 eleemosyna:
1147 5409 1500 5463 ascenderant
1526 5407 1918 5463 in'memoriam

353 5505 409 5559 in
433 5513 724 5576 conspectu
752 5503 871 5567 Dei,
896 5509 952 5556 et
971 5509 1030 5554 ut
1054 5501 1292 5556 mitteret
1319 5499 1385 5553 ad
1406 5498 1647 5563 Petrum,
1675 5499 1764 5568 qui
1793 5515 1918 5555 eum

352 5593 672 5663 baptizaret.
724 5595 925 5648 Eadem
969 5592 1101 5646 hora
1137 5589 1285 5644 venit
1331 5590 1562 5660 baptista
1611 5589 1804 5645 Petrus
1851 5590 1918 5645 ad

352 5685 600 5740 eumdem
627 5683 936 5741 Cornelium
981 5679 1378 5752 baptizandum.
1412 5679 1484 5736 Ita
1523 5679 1663 5736 enim
1693 5680 1918 5737 interro-

2028 4505 2198 4574 prima
2249 4505 2369 4560 dies
2421 4505 2578 4574 hujus
2636 4505 2972 4563 festivitatis.
3023 4508 3304 4575 Quomodo
3345 4512 3606 4567 adventui

2031 4594 2267 4663 Spiritus
2291 4596 2464 4650 sancti
2491 4604 2696 4650 octavae
2722 4598 3066 4664 conveniant,
3089 4598 3174 4653 vel
3206 4603 3607 4670 regenerationi

2030 4683 2152 4738 novi
2183 4683 2434 4749 hominis,
2459 4701 2524 4740 ex
2556 4685 2738 4740 verbis
2765 4687 2936 4742 sancti
2961 4686 3244 4758 Augustini
3266 4690 3334 4745 de
3351 4705 3608 4747 sermone

2030 4773 2244 4830 Domini
2268 4776 2321 4830 in
2345 4784 2544 4844 monte,
2576 4777 2814 4847 aliquam
2853 4780 3143 4834 scintillam
3172 4780 3394 4837 luminis
3425 4785 3606 4854 carpi-

2029 4881 2170 4922 mus.
2200 4866 2328 4922 Post
2348 4875 2690 4922 enumeratas
2718 4870 3012 4924 sententias
3033 4879 3154 4925 octo
3179 4871 3600 4937 beatitudinum,

2025 4956 2156 5011 dicit
2177 4958 2318 5012 inter
2343 4966 2561 5022 caetera,
2585 4957 2787 5012 Octava
2836 4967 3093 5028 tanquam
3125 4960 3180 5014 in
3232 4970 3394 5030 caput
3437 4965 3602 5028 redit,

2024 5050 2150 5118 quia
2187 5058 2618 5105 consummatum
2663 5051 3072 5122 perfectumque
3109 5053 3352 5109 ostendit
3387 5064 3447 5110 et
3476 5071 3602 5124 pro-

2021 5139 2134 5192 bat.
2164 5137 2230 5192 Et
2249 5138 2406 5208 paulo
2432 5147 2576 5209 post,
2603 5138 2819 5209 Septem
2841 5150 2966 5196 sunt
2984 5157 3114 5213 ergo
3136 5158 3256 5212 quae
3273 5145 3560 5212 perﬁciunt
3583 5165 3597 5198 :

2021 5243 2148 5282 nam
2173 5237 2365 5283 octava
2403 5228 2686 5294 clariﬁcat,
2745 5236 2803 5283 et
2853 5230 2998 5298 quod
3056 5231 3354 5300 perfectum
3383 5241 3471 5287 est
3509 5235 3600 5289 de-

2021 5327 2308 5384 monstrat,
2332 5327 2393 5373 ut
2433 5334 2530 5389 per
2555 5321 2654 5374 hos
2687 5320 2890 5389 gradus
2915 5321 3298 5390 perﬁciantur,
3329 5330 3385 5377 et
3417 5326 3602 5379 ceteri

2021 5419 2274 5480 tanquam
2321 5427 2352 5464 a
2399 5413 2573 5481 capite
2608 5427 2800 5467 rursus
2853 5413 3162 5468 exordiens.
3203 5413 3428 5468 Videtur
3469 5428 3602 5484 ergo

2021 5501 2155 5556 mihi
2195 5501 2357 5557 etiam
2385 5502 2718 5572 septiformis
2743 5505 2989 5574 operatio
3028 5503 3263 5574 Spiritus
3307 5505 3510 5569 sancti,
3532 5505 3601 5559 de

2021 5604 2129 5658 quo
2157 5590 2320 5645 Isaias
2344 5590 2601 5660 loquitur,
2629 5594 2714 5648 his
2750 5593 3006 5664 gradibus
3043 5594 3437 5664 sententiisque
3475 5612 3596 5651 ctut-

2022 5695 2232 5751 grucre.
2259 5680 2326 5735 Et
2353 5681 2546 5738 iterum
2594 5701 2606 5736 :
2645 5681 2768 5738 Ilaec
2801 5692 2992 5740 octava
3038 5682 3331 5748 sententia,
3363 5701 3483 5754 qua:
3523 5685 3594 5738 ad
