3938 6178
293 257 428 314 ΗΠ

1038 259 1124 314 DE
1165 257 1716 314 ECCLESIASTICIS
1755 258 2044 315 OFFICIIS
2087 259 2264 314 LIBRI
2304 261 2392 314 IV.
2432 290 2502 300 —
2537 261 2662 314 LIB.
2706 259 2792 313 IV.

3417 263 3548 320 IrZIS

289 381 452 444 caput
475 371 614 426 redit
641 368 1047 439 perfectumque
1071 372 1344 426 hominem
1373 371 1633 436 declarat,
1666 370 1872 440 signifi-
1900 378 1947 435 Α
1978 370 2211 439 Spiritus
2243 378 2462 426 sanctus
2491 387 2586 441 per
2611 371 2788 442 ignem
2811 371 2876 425 ad
2905 386 3014 433 eos,
3053 372 3178 442 quia
3205 387 3304 427 ruo
3327 389 3395 444 go
3423 392 3548 444 pec-

289 474 380 522 cat
419 464 646 518 fortasse
675 470 730 517 et
751 461 1220 516 circumeisioncm
1257 473 1448 519 octava
1478 465 1564 518 die
1595 465 1646 519 in
1685 463 1860 517 Veteri

289 553 664 615 Testamento,
692 561 746 605 et
772 551 986 606 Domini
1029 555 1482 608 resurrectionem
1523 563 1645 624 post
1674 555 1868 609 sabba-

293 650 430 706 tum,
466 639 667 709 quiest
694 639 882 708 utique
919 648 1143 695 octavus
1186 641 1326 696 idem
1369 643 1458 711 qui
1487 645 1694 712 primus
1724 643 1862 705 dies,

290 741 345 787 et
369 731 785 787 celebrationem
813 739 1132 786 octavarum
1168 735 1444 797 feriarum,
1472 751 1605 804 quas
1632 736 1683 788 in
1713 751 1868 805 rege-

294 822 571 877 neratione
601 821 726 874 novi
779 821 1016 877 hominis
1058 824 1415 880 celebramus.
1449 825 1738 894 Hucusque
1757 827 1868 880 Au-

293 911 515 981 gustini.
541 910 780 966 Octavus
818 911 934 968 dies
963 921 1067 978 est,
1098 916 1191 984 qui
1233 924 1288 970 et
1323 917 1532 986 primus
1573 919 1866 972 secundum

293 1001 523 1056 formam
550 1010 674 1056 octo
723 1004 1136 1059 beatitudinum.
1169 1006 1350 1060 Prima
1393 1008 1670 1062 beatitudo
1713 1008 1864 1071 dicit,

294 1091 444 1161 Beati
473 1109 726 1162 pauperes
753 1094 970 1164 spiritu,
999 1097 1249 1164 quoniam
1290 1099 1521 1167 ipsorum
1550 1107 1622 1152 est
1653 1114 1866 1166 regnum

293 1183 562 1238 caelorum.
596 1183 820 1250 Octava,
854 1186 1006 1241 Beati
1038 1189 1128 1258 qui
1164 1191 1569 1257 persecutionem
1591 1191 1869 1260 patiuntur

293 1281 506 1341 propter
533 1271 818 1340 iustitiam,
856 1278 1104 1346 quoniam
1150 1278 1381 1347 ipsorum
1413 1288 1487 1333 est
1519 1296 1731 1349 regnum
1764 1297 1869 1333 ro:-

295 1364 485 1418 lorum.
517 1363 620 1418 Ad-
652 1373 1002 1434 regeneratos
1043 1368 1320 1435 pertinent
1365 1369 1447 1422 ha:
1476 1369 1778 1433 sementi-te,
1813 1376 1871 1422 ut

297 1455 387 1526 qui
416 1469 682 1524 pauperes
713 1462 858 1519 sunt,
893 1455 945 1508 in
974 1456 1077 1510 hac
1109 1457 1218 1510 vita
1249 1465 1472 1527 prOpter
1500 1474 1724 1528 regnum
1755 1474 1870 1513 c03-

297 1546 472 1599 lorum
509 1559 680 1614 usque
721 1545 789 1599 ad
817 1544 979 1599 ﬁnem
1029 1547 1154 1602 vita:
1201 1556 1609 1618 perseverantes
1660 1549 1790 1614 sint,
1817 1557 1872 1604 et

298 1637 566 1706 accipiant
591 1650 816 1705 regnum
848 1650 945 1705 pro
983 1652 1090 1704 quo
1126 1637 1508 1692 laboraverunt
1552 1638 1656 1692 hic.
1693 1638 1872 1707 Bapti-

1969 463 2075 515 cati
2095 478 2158 515 ex
2185 478 2373 516 eorum
2410 463 2697 532 fragilitate
2724 465 2896 531 potuit
2919 463 2994 517 eis
3020 464 3300 528 inlucrcre,
3321 474 3372 519 et
3407 467 3546 522 hanc

1967 554 2237 609 voluitvis
2263 554 2498 625 Spiritus
2534 555 2704 608 sancti
2743 556 2795 608 in
2840 565 3156 624 perpetuum
3198 573 3538 614 consumere.

2039 645 2132 699 Vis
2159 645 2301 698 enim
2333 645 2472 714 ignis
2500 661 2658 698 unam
2693 646 2975 698 materiam
3001 648 3288 707 consumit,
3321 658 3372 702 ct
3412 649 3551 703 alte-

1968 752 2085 790 ram
2109 736 2284 788 reiicit
2329 744 2383 788 et
2415 735 2558 788 fovet
2588 753 2600 786 :
2639 736 2781 804 ligna
2813 737 3119 802 consumit;
3165 747 3218 790 et
3267 742 3550 794 materiam

1968 827 2138 880 nostri
2167 827 2413 895 corporis
2458 826 2650 880 reﬁcit.
2709 826 2784 880 Ita
2833 838 2888 881 et
2930 828 3068 896 ignis
3099 826 3333 896 Spiritus
3373 832 3550 884 sancti

1969 918 2274 987 rubiginem
2323 928 2668 985 peccatorum
2722 919 3012 981 consumit,
3062 926 3116 970 et
3168 919 3402 972 animam
3450 937 3547 974 no-

1969 1017 2137 1061 stram
2170 1005 2419 1061 calefacit
2463 1007 2529 1060 ad
2558 1022 2798 1060 amorem
2828 1007 2920 1060 Dei
2958 1015 3012 1059 et
3040 1008 3288 1076 proximi.
3320 1008 3409 1061 Isti
3447 1009 3550 1061 duo

1969 1096 2192 1152 effectus
2218 1104 2342 1150 sunt
2388 1096 2495 1150 duo
2533 1097 2763 1162 denarii,
2813 1113 2948 1165 quos
2979 1097 3238 1152 Dominus
3267 1098 3413 1152 dedit
3443 1111 3549 1153 sta-

1969 1187 2178 1242 bulario
2225 1185 2380 1254 juxta
2435 1187 2637 1240 Lucam
2685 1188 3085 1256 Evangelistam
3132 1189 3298 1244 altera
3341 1192 3448 1254 die,
3497 1193 3549 1244 il

1969 1285 2071 1338 est,
2112 1275 2344 1330 secunda
2375 1276 2478 1336 die,
2521 1284 2807 1345 postquam
2863 1277 3104 1346 alligavit
3140 1279 3360 1333 vulnera
3391 1284 3552 1335 semi-

1969 1366 2078 1419 vivi
2109 1367 2260 1434 quasi
2292 1367 2529 1420 secundo
2579 1368 2665 1420 die
2693 1377 2815 1437 post
2866 1368 3214 1435 baptismum.
3267 1372 3408 1424 Bene
3447 1373 3553 1425 duo

1971 1464 2118 1518 sunt,
2146 1455 2234 1524 qui
2267 1455 2573 1525 significant
2593 1457 2837 1510 ordinem
2879 1457 3204 1521 dilectionis,
3234 1460 3359 1529 quia
3387 1461 3553 1515 Deum

1972 1560 2077 1599 non
2103 1552 2281 1613 potest
2324 1545 2566 1612 diligere,
2601 1546 2692 1614 qui
2741 1561 2848 1598 non
2879 1547 3050 1616 diligit
3078 1549 3420 1617 proximum:
3463 1567 3554 1603 nc—

1974 1648 2078 1703 que
2129 1642 2274 1687 recte
2305 1633 2476 1702 diligit
2509 1635 2848 1702 proximum:
2899 1637 2990 1704 qui
3024 1653 3126 1690 non
3165 1654 3286 1692 eum
3335 1651 3555 1710 propter

297 1739 448 1778 smus
493 1723 895 1794 Neophytorum
935 1726 1182 1794 quamvis
1231 1727 1288 1780 in
1326 1727 1550 1781 sabbato
1573 1728 1772 1798 agitur,
1807 1724 1950 1782 adB
1978 1725 2144 1779 Deum
2200 1724 2393 1795 diligit.
2467 1723 2619 1779 Sicut
2672 1727 2724 1779 in
2775 1726 3101 1794 baptismate
3153 1729 3552 1784 conformantur

298 1814 449 1868 illum
474 1814 801 1883 baptismum
841 1817 1095 1883 pertinet,
1111 1833 1270 1886 quem
1295 1819 1522 1889 apostoli
1552 1830 1874 1888 acceperunt

299 1907 354 1961 in
379 1909 465 1962 die
494 1907 861 1973 Pentecostcs,
890 1909 1042 1978 cujus
1077 1921 1302 1966 octavus
1350 1912 1486 1973 dies.
1518 1922 1601 1967 est
1627 1913 1741 1966 dies
1768 1912 1874 1967 Do-

299 1997 501 2051 minica
551 2012 803 2068 sequens,
847 2014 1008 2068 quam
1050 2001 1286 2056 solemus
1336 2003 1605 2072 appellare
1651 2011 1873 2059 octavas

297 2086 672 2142 Pentecostes.
696 2088 817 2143 Istae
845 2099 971 2144 sunt
994 2090 1143 2146 ferire
1168 2109 1303 2163 quas
1332 2095 1521 2150 beatus
1541 2095 1875 2166 Augustinus

299 2185 567 2232 memorat
617 2179 862 2247 superius
909 2188 1220 2237 octavarum
1269 2181 1524 2239 feriarum
1573 2186 1875 2256 regenerati

298 2269 553 2324 hominis.
587 2269 700 2324 Hoc
721 2279 803 2326 est
829 2272 970 2326 inter
994 2281 1238 2328 nostrum
1265 2275 1554 2345 baptisma,
1585 2286 1638 2331 et
1660 2287 1876 2348 aposto-

298 2355 496 2423 lorum,
524 2360 667 2429 quod
707 2359 782 2413 illi
826 2361 999 2430 primo
1031 2377 1170 2433 aqua
1219 2364 1475 2434 baptizati
1503 2375 1648 2431 sunt,
1681 2369 1875 2424 deinde

298 2458 622 2518 acceperunt
675 2451 840 2506 semel
871 2467 968 2521 per
1005 2453 1416 2508 insulllationem
1463 2455 1664 2511 Christi
1698 2456 1868 2526 Spiri-

298 2547 413 2591 tum
440 2547 684 2594 sanctum
713 2541 890 2594 adhuc
909 2541 962 2594 in
991 2549 1136 2596 terra
1154 2542 1369 2598 Christo
1391 2544 1630 2608 sistente,
1658 2555 1874 2615 postre-

297 2643 389 2682 mo
415 2629 480 2682 de
517 2629 652 2683 coelo
681 2630 734 2684 in
784 2631 871 2685 die
915 2631 1278 2688 Pentecostes.
1311 2633 1420 2689 Nos
1445 2651 1574 2690 vero
1609 2645 1876 2705 przesente

299 2719 551 2788 episcopo
594 2719 753 2775 simul
800 2721 1169 2790 baptizamur,
1218 2730 1272 2776 et
1327 2740 1425 2794 per
1477 2725 1874 2795 impositionem

299 2822 489 2860 manus
536 2807 768 2878 episcopi
812 2807 1068 2878 Spiritum
1109 2821 1356 2867 sanctum
1407 2816 1722 2886 accipimus.
1750 2815 1878 2870 Imi-

303 2898 465 2952 tando
494 2896 693 2952 Christi
719 2908 946 2954 mortem
977 2909 1030 2956 ct
1059 2901 1176 2970 ejus
1208 2907 1686 2971 resurrectionem,
1712 2908 1874 2962 debe-

301 3003 422 3040 mus
446 2990 961 3044 consummationem
1000 2993 1170 3047 nostri
1195 2995 1538 3064 baptismatis
1563 2997 1615 3050 in
1655 2997 1741 3052 die
1773 2998 1876 3052 Do-

303 3077 499 3130 minica
557 3079 813 3148 cogitare,
850 3094 916 3134 ne
956 3083 1264 3148 prmcedant
1309 3086 1552 3140 membra
1602 3097 1780 3156 caput.
1809 3088 1876 3142 Et
1903 3067 1946 3128 C

302 3167 596 3220 secundum
638 3169 854 3222 modum
911 3169 1196 3237 primitivte
1246 3173 1496 3228 Ecclesia:
1531 3175 1876 3232 donationem

303 3256 537 3324 Spiritus
558 3259 731 3312 sancti
777 3259 828 3312 in
888 3261 1077 3314 eadem
1131 3255 1217 3315 die
1251 3262 1381 3316 hora
1411 3265 1588 3318 tertia.
1623 3264 1879 3330 Quamvis

303 3363 408 3401 non
433 3348 636 3403 eisdem
661 3349 848 3404 diebus
873 3350 956 3403 vel
984 3351 1134 3406 horis
1159 3362 1380 3422 propter
1414 3355 1622 3426 aliquas
1640 3359 1880 3413 occasio-

303 3455 402 3493 nes
454 3439 764 3493 ﬂuctuantis
799 3444 985 3496 mundi
1033 3443 1339 3500 celebretur
1375 3448 1665 3517 aliquando
1705 3451 1880 3521 bapti-

303 3545 454 3582 sruus
475 3530 558 3584 vel
583 3531 856 3599 impositio
883 3548 1092 3598 manus,
1113 3543 1294 3590 tamen
1319 3551 1540 3608 propter
1569 3555 1877 3594 sacramen-

305 3629 414 3673 tum
443 3620 585 3689 quod
613 3621 664 3673 in
693 3637 752 3676 se
781 3622 1040 3690 continet,
1073 3626 1275 3680 eisdem
1309 3627 1500 3684 diebus
1531 3638 1586 3683 et
1618 3629 1767 3684 horis
1788 3630 1880 3684 de-

303 3719 574 3778 putantur.
633 3711 689 3765 Si
741 3712 886 3767 enim
935 3723 1220 3784 propterea
1273 3728 1597 3788 acceperunt
1651 3721 1879 3791 apostoli

304 3801 563 3869 Spiritum
607 3810 849 3856 sanctum
890 3803 1022 3858 hora
1077 3807 1254 3870 tertia,
1308 3809 1432 3877 quia
1474 3808 1632 3864 fidem
1675 3819 1879 3866 sancta:

304 3889 585 3944 Trinitatis
630 3892 972 3960 prazdicaturi
1028 3903 1206 3961 erant,
1245 3896 1524 3954 volvamus
1571 3909 1626 3955 et
1676 3915 1774 3956 nos
1825 3902 1878 3956 in

305 3988 484 4032 mente
511 3981 700 4034 eadem
732 3981 862 4035 hora
899 3984 1205 4054 percepisse
1226 3987 1474 4041 eumdem
1508 3987 1795 4058 Spiritum,
1823 3991 1876 4044 in

305 4088 411 4140 quo
427 4073 706 4142 copulatur
729 4073 966 4129 Trinitas
989 4092 1110 4146 quze
1131 4087 1398 4133 monstrat
1421 4081 1670 4136 eamdem
1700 4082 1880 4137 Trini-

306 4170 492 4216 tatem.
541 4163 767 4232 Propius
816 4166 1052 4234 pertinet
1099 4176 1345 4223 nostrum
1381 4170 1646 4240 baptisma
1698 4172 1878 4242 aliquo

305 4255 464 4310 modo
515 4255 580 4309 ad
618 4254 942 4326 baptismum
978 4259 1366 4327 apostolorum,
1397 4277 1558 4330 quam
1591 4263 1656 4317 ad
1702 4262 1877 4333 bapti-

304 4361 477 4400 smum
509 4344 726 4400 Christi.
779 4346 895 4402 Non
945 4356 1166 4418 pr0pter
1196 4365 1292 4406 sua
1345 4351 1608 4407 abluenda
1655 4363 1875 4422 peccata

302 4436 608 4506 baptizatus
633 4446 716 4492 est
760 4436 1026 4502 Christus,
1066 4440 1159 4494 sed
1198 4450 1418 4509 prepter
1451 4442 1679 4496 formam
1709 4460 1874 4498 mem-

303 4529 523 4583 brorum
553 4544 796 4595 suorum,
827 4530 950 4599 quia
981 4545 1101 4584 esse
1125 4530 1179 4584 in
1209 4530 1389 4586 futuro
1409 4541 1662 4601 poterant
1685 4535 1870 4602 aliqui,

301 4620 394 4690 qui
433 4621 533 4674 sibi
565 4621 839 4690 placerent
862 4620 928 4675 de
975 4636 1070 4675 sua
1121 4621 1448 4688 innocentia,
1481 4632 1536 4676 et
1576 4625 1875 4694 cogitarent

301 4725 409 4766 non
433 4711 532 4766 sibi
564 4728 684 4768 esse
728 4713 1092 4768 necessarium
1141 4713 1408 4783 baptisma
1445 4735 1455 4769 :
1496 4732 1559 4771 ac
1591 4717 1708 4770 ideo
1737 4733 1872 4786 pne-

299 4801 465 4856 eessit
493 4799 692 4856 Christi
731 4802 1052 4872 baptismus,
1084 4803 1175 4873 qui
1231 4804 1346 4858 sine
1392 4815 1613 4874 peccato
1661 4805 1780 4870 fuit,
1815 4817 1872 4860 ut

299 4907 460 4947 nemo
488 4893 744 4964 deceptus
769 4910 867 4965 per
893 4894 1110 4949 stultam
1139 4897 1502 4960 securitatem,
1525 4897 1722 4965 periret
1753 4897 1870 4952 sine

299 4981 586 5050 baptismo.
612 4978 1040 5054 Non‘propterea
1067 4986 1283 5041 advenit
1310 4986 1544 5058 Spiritus
1571 4996 1790 5043 sanctus
1816 4989 1868 5042 in

295 5080 557 5136 columba:
590 5082 766 5151 specie
795 5099 958 5154 super
1001 5084 1198 5140 Christi
1250 5087 1591 5155 baptismum,
1627 5100 1688 5144 ut
1719 5092 1874 5146 daret

299 5179 428 5226 tunc
467 5173 515 5227 ei
547 5172 768 5236 donum,
794 5175 938 5244 quod
967 5190 1072 5230 non
1104 5175 1362 5243 habebat;
1394 5178 1486 5232 sed
1512 5189 1568 5232 ut
1599 5180 1753 5235 nobis
1777 5198 1872 5237 no-

298 5271 416 5319 stro
469 5263 522 5320 in
567 5267 894 5336 baptismate
947 5283 1099 5323 suam
1150 5270 1492 5339 praesentiam
1545 5282 1873 5328 monstraret

299 5354 508 5419 adesse,
541 5363 597 5409 et
623 5372 722 5426 per
744 5357 1006 5413 columba:
1059 5358 1459 5428 simplicitatem
1483 5361 1877 5418 demonstraret

299 5442 495 5498 Christi
552 5445 951 5516 simplicitatem
1002 5455 1056 5500 et
1107 5447 1420 5516 puritatem.
1476 5450 1717 5519 Apostoli
1750 5468 1876 5521 pro-

297 5542 480 5601 pterea
511 5538 768 5605 baptizati
804 5548 946 5600 sunt,
977 5546 1038 5590 ut
1078 5545 1295 5606 peccata
1337 5553 1525 5592 eorum
1569 5539 1875 5595 delerentur

298 5622 354 5674 iu
381 5622 672 5692 baptismo,
706 5626 845 5680 sicut
871 5636 923 5681 et
945 5634 1130 5682 nostra
1161 5626 1443 5692 delentur;
1490 5637 1542 5683 et
1581 5631 1699 5686 ideo
1729 5633 1873 5687 venit

1903 4410 1954 4468 D

1975 1817 2174 1873 Christi
2203 1817 2363 1872 morti
2387 1826 2440 1871 et
2463 1818 2772 1887 sepulturze,
2799 1819 2873 1872 ita
2905 1819 2958 1872 in
2983 1820 3299 1888 acceptione
3318 1819 3554 1890 Spiritus

1974 1909 2147 1964 sancti
2179 1909 2391 1978 spiritui
2421 1909 2712 1963 vivificanti
2737 1951 2750 1974 ,
2797 1911 2889 1978 qui
2923 1919 3183 1980 operatur
3209 1909 3261 1962 in
3289 1909 3442 1964 nobis
3473 1927 3555 1965 re-

1974 2009 2116 2056 ctum
2144 2001 2392 2055 ordinem
2425 2001 2750 2056 dilectionis.
2803 2000 3032 2072 Propter
3074 2009 3301 2056 mortem
3329 2000 3550 2062 Christi.

1975 2106 2094 2160 qua:
2126 2097 2461 2144 memoratur
2488 2089 2624 2143 hora
2650 2104 2791 2144 nona
2821 2105 2941 2144 esse
2969 2099 3208 2159 peracta,
3253 2089 3384 2143 hora
3414 2106 3555 2145 nona

1973 2182 2336 2252 baptizantur,
2376 2181 2468 2250 qui
2501 2181 2555 2236 in
2590 2181 2790 2236 Christi
2837 2190 3011 2236 morte
3059 2181 3405 2252 haptizantur
3431 2197 3556 2250 pro-

1974 2284 2202 2344 pterque
2250 2275 2568 2343 mysterium
2616 2273 3012 2343 eonsepultura:
3036 2272 3262 2338 Christi,
3317 2291 3436 2344 quae
3472 2291 3555 2329 re-

1975 2367 2172 2421 colitur
2197 2367 2249 2420 in
2275 2368 2500 2420 sabbato
2527 2367 2832 2435 baptizatur
2876 2366 3079 2422 Christi
3129 2383 3326 2438 corpus
3355 2369 3409 2422 in
3439 2368 3557 2422 sab-

1975 2460 2119 2524 bato,
2155 2468 2215 2514 ut
2245 2469 2366 2530 post
2393 2461 2535 2517 hanc
2581 2462 2913 2531 sepulturam
2955 2463 3011 2517 in
3043 2463 3132 2519 die
3161 2464 3440 2520 Dominica
3472 2480 3558 2518 re-

1976 2557 2180 2620 surgat.
2211 2549 2425 2604 lnitium
2465 2553 2610 2606 enim
2661 2554 3073 2608 resurrectionis
3102 2570 3133 2610 a
3164 2555 3440 2614 Dominica
3468 2556 3556 2610 die

1977 2643 2232 2697 debemus
2263 2644 2555 2702 celebrare.
2594 2645 2679 2700 Sit
2723 2647 2812 2701 illa
2849 2648 3134 2705 Dominica
3183 2650 3300 2706 dies
3342 2651 3554 2706 initium

1977 2733 2100 2786 novi
2141 2732 2398 2799 hominis,
2439 2733 2529 2802 qui
2560 2736 2856 2792 resurrexit
2899 2753 2930 2792 a
2960 2738 3232 2794 mortuis:
3281 2747 3336 2793 et
3362 2740 3554 2794 iterum

1977 2821 2252 2891 sepultura
2303 2821 2441 2891 ejus,
2483 2825 2698 2893 quando
2748 2827 2929 2882 anima
2973 2830 3168 2885 transit
3219 2831 3272 2884 in
3317 2832 3556 2900 requiem

1978 2913 2092 2968 sine
2121 2930 2344 2985 corpore
2373 2915 2424 2970 in
2453 2917 2679 2972 sabbato
2707 2917 2814 2982 die,
2855 2919 3069 2988 quando
3100 2921 3417 2976 vestimenta
3443 2939 3560 2978 inu—

1979 3012 2162 3058 tantur
2212 3004 2605 3075 baptizatorum
2633 3023 2646 3058 :
2705 3015 2760 3061 et
2789 3009 3030 3078 receptio
3055 3024 3242 3064 eorum
3271 3025 3556 3079 corporum

1979 3095 2284 3151 celebratur
2313 3097 2364 3150 in
2395 3097 2600 3151 octavis
2633 3096 2998 3153 Pentecostes.
3051 3097 3147 3153 Vel
3177 3100 3296 3155 ideo
3325 3101 3561 3155 celebre-

1980 3197 2069 3242 tur
2114 3198 2305 3243 oetava
2351 3189 2721 3256 Pentecostes,
2781 3190 2907 3260 quia
2957 3190 3286 3260 septiformis
3339 3191 3561 3260 spiritus

1978 3295 2112 3348 opus
2155 3289 2282 3334 tunc
2327 3280 2630 3349 perficitur.
2688 3283 2901 3350 quando
2955 3281 3253 3350 perfectum
3285 3283 3558 3337 hominem

1981 3378 2268 3432 monstrat,
2299 3370 2365 3422 de
2387 3383 2495 3436 quo
2525 3370 2738 3424 dicebat
2778 3369 3067 3438 Apostolus
3099 3388 3112 3422 :
3148 3368 3203 3424 Si
3230 3371 3350 3438 quis
3376 3380 3558 3426 autem

1981 3459 2037 3512 in
2063 3459 2228 3512 verbo
2255 3473 2360 3512 non
2408 3459 2653 3524 offendit,
2706 3461 2795 3516 hic
2832 3461 3101 3530 perfectus
3127 3471 3212 3518 est
3251 3463 3352 3516 vir.
3404 3463 3552 3518 Cele-

1979 3550 2167 3604 bretur
2192 3565 2290 3619 per
2318 3559 2522 3620 septem
2560 3553 2674 3607 dies
2701 3567 2836 3622 cpus
2865 3552 3193 3622 septiformis
3229 3554 3472 3624 Spiritus,
3509 3565 3563 3610 et

1982 3643 2035 3697 in
2065 3651 2252 3698 octava
2284 3643 2370 3698 die
2399 3644 2817 3709 consummatio,
2847 3652 2904 3698 et
2927 3643 3238 3708 declaratio,
3265 3653 3424 3714 atque
3447 3644 3563 3715 glo-

1981 3731 2210 3788 rificatio
2265 3732 2505 3802 ejusdem
2543 3733 2742 3802 operis.
2803 3733 2954 3801 Quod
3003 3733 3049 3787 si
3082 3734 3154 3788 ita
3209 3743 3313 3797 est,
3366 3735 3562 3787 merito

1980 3825 2224 3879 eamdem
2267 3824 2712 3894 gloriﬁcationem
2764 3825 2816 3879 in
2870 3825 3072 3880 nostris
3125 3823 3324 3880 officiis
3370 3826 3562 3880 recolit

1979 3923 2168 3970 octava
2200 3915 2333 3976 dies,
2390 3929 2509 3982 qua:
2561 3913 2700 3968 redit
2743 3915 2810 3969 ad
2865 3922 3046 3984 caput,
3106 3930 3267 3983 quam
3307 3916 3559 3983 etprima

1981 4005 2115 4059 dies.
2144 4005 2329 4074 Itaque
2360 4005 2500 4060 sicut
2531 4004 2925 4059 celebravimus
2957 4002 3293 4072 majestatem
3327 4003 3561 4072 Spiritus

1981 4097 2154 4151 sancti
2193 4097 2246 4149 in
2282 4096 2626 4160 Pentecoste,
2659 4095 2997 4150 celebramus
3022 4104 3077 4148 et
3104 4095 3157 4150 in
3187 4095 3396 4149 octavis
3423 4095 3562 4163 ejus-

1981 4186 2102 4241 dem
2143 4187 2451 4241 festivitatis
2496 4194 2762 4254 quatenus
2789 4183 3082 4252 szepissime
3133 4182 3418 4237 recolendo
3445 4181 3562 4249 ejus

1981 4278 2141 4342 dona,
2179 4279 2432 4348 dignclur
2460 4278 2577 4346 ejus
2602 4275 2840 4330 charitas
2881 4290 2939 4329 se
2958 4272 3231 4344 profusius
3276 4273 3560 4326 infundere

1981 4370 2233 4423 cordibus
2289 4367 2510 4430 nostris,
2561 4381 2730 4434 usque
2757 4365 2906 4429 dum,
2959 4364 3250 4420 secundum
3279 4363 3560 4433 Evangeli-

1979 4473 2101 4510 cum
2137 4471 2352 4510 sensum
2383 4455 2484 4508 tria
2512 4462 2626 4509 sata
2658 4453 2847 4509 farina:
2869 4453 3262 4508 fermeutentur
3286 4453 3337 4506 in
3368 4468 3556 4513 unum,

1977 4554 2032 4600 et
2062 4555 2229 4600 totum
2257 4545 2398 4615 quod
2428 4546 2750 4614 cogitamus,
2780 4553 2875 4598 aut
2901 4543 3269 4614 intelligimus,
3296 4549 3391 4595 aut
3424 4541 3558 4594 vivi—

1977 4652 2096 4692 mus
2124 4637 2190 4690 ad
2218 4635 2334 4704 ejus
2366 4635 2710 4691 dilectionem
2741 4634 3024 4689 referatur.
3074 4633 3131 4687 In
3165 4648 3558 4689 commemora-

1977 4729 2121 4784 tione
2143 4729 2335 4782 harum
2365 4727 2528 4782 trium
2543 4741 2921 4782 mensurarum
2952 4724 3161 4791 farinte,
3188 4733 3474 4780 cantamus
3503 4724 3555 4777 in

1975 4819 2162 4873 eadem
2187 4829 2344 4873 nocte
2375 4826 2486 4873 tres
2506 4817 2742 4887 psalmos
2771 4819 2825 4872 in
2868 4816 3173 4883 nocturnis,
3205 4825 3262 4872 et
3285 4831 3454 4885 usque
3488 4817 3556 4870 ad

1979 4906 2141 4961 finem
2171 4907 2276 4962 diei
2323 4909 2604 4978 praesentis
2653 4909 2917 4964 Dozniuici
2966 4908 3194 4963 Alleluia
3247 4916 3552 4963 cantamus.

1979 4997 2069 5054 Sic
2095 4999 2238 5053 enim
2263 5000 2569 5055 celebratur
2597 5001 2919 5056 auctoritate
2946 5001 3141 5056 divinae
3171 4999 3308 5071 legis
3346 4999 3553 5054 festivi—

1979 5097 2063 5142 tas
2091 5104 2119 5141 a
2145 5104 2365 5158 vespera
2393 5105 2564 5160 usque
2610 5094 2676 5147 ad
2715 5107 3018 5162 vesperam,
3059 5091 3112 5146 id
3137 5100 3222 5146 est
3250 5105 3280 5145 a
3308 5089 3439 5146 solis
3463 5104 3558 5145 occ

1978 5178 2162 5232 cubitu
2191 5193 2361 5248 usque
2393 5180 2460 5233 ad
2499 5180 2627 5235 solis
2656 5183 2987 5237 accubitum.

2540 5291 2767 5348 CAPUT
2811 5293 2980 5347 XXX.

2458 5362 2534 5414 De
2569 5363 2794 5416 adventu
2822 5364 3056 5418 Domini.

2049 5449 2376 5519 Scripsimus
2406 5452 2459 5506 in
2487 5453 2855 5522 superioribus
2883 5454 3097 5516 libellis,
3129 5454 3180 5506 in
3205 5453 3390 5520 quinta
3420 5453 3549 5506 hei;-

1976 5542 2202 5596 dumada
2233 5557 2294 5598 ac
2313 5552 2502 5612 quarta
2529 5551 2654 5597 ante
2682 5545 3014 5596 nativitatem
3044 5543 3278 5607 Domini,
3313 5545 3548 5597 inchoati

1975 5616 2418 5704 pratparationcm
2454 5635 2716 5691 adventus
2749 5634 2956 5688 Domini
2992 5652 3002 5686 :
3052 5634 3102 5687 in
3136 5637 3322 5704 quinta
3354 5635 3527 5688 lietnLo
