3938 6178
388 268 522 325 περς)

1414 247 1745 305 ΑΜΑΙΑῐὶΠ
1781 245 2211 302 PRESBYTERI
2251 244 2591 302 METENSIS

3495 239 3634 297 Β.Ἔῦ

379 385 536 441 mada
562 385 779 450 propter
803 376 1039 445 quinque
1064 377 1252 425 :ctates
1279 367 1488 431 mundi,
1536 366 1587 419 in
1617 363 1810 432 quibus
1839 361 1954 414 fne-
1982 367 2027 422 Α
2057 376 2210 427 grum
2239 360 2572 450 renuntiant,
2603 365 2652 411 et
2682 365 2914 450 quatuor
2939 352 3271 450 suntmillia,
3427 364 3640 450 septem

380 485 508 531 runt
536 473 674 528 tales
701 467 886 530 electi,
926 464 1019 533 qui
1072 460 1440 522 crediderunt,
1472 465 1527 509 et
1573 461 1949 523 speraverant,

378 579 435 625 et
461 569 764 622 dilexerunt
794 561 1081 614 adventum
1112 553 1321 608 Domini
1351 568 1366 617 ;
1419 551 1471 604 in
1500 558 1692 619 quarta
1738 554 1956 617 propter

379 667 611 728 quatuor
639 653 855 708 ordines
882 649 1140 703 librorum
1171 644 1377 699 scilicet
1412 642 1560 710 legis.
1604 639 1951 710 psalmorum,

378 751 786 820 prophetarum,
837 749 893 796 et
918 740 1132 794 initium
1183 733 1479 805 Evangelii.
1533 730 1788 798 Quamvis
1818 728 1956 781 liber

380 841 578 913 Moysis
609 842 790 891 narret
811 833 1011 888 electos
1034 829 1181 883 viros
1206 828 1479 881 exstit‘sse
1514 824 1566 878 in
1596 823 1767 892 prima
1795 827 1851 872 et
1870 834 1955 872 se-

378 909 551 988 cunzla
583 939 635 985 ct
658 928 817 982 tertia
848 932 1004 979 :etate
1034 919 1237 982 mundi,
1265 928 1439 971 tamen
1469 931 1534 969 eo
1560 922 1799 982 tempore
1825 909 1956 963 seri-

380 1026 485 1095 psit
515 1022 660 1076 illum
691 1019 899 1090 Moyses
918 1024 1112 1077 totum,
1146 1013 1199 1066 in
1225 1027 1330 1080 quo
1360 1011 1644 1078 deputatur
1670 1004 1949 1095 legislatio.

378 1114 693 1170 Azldidimus
721 1110 882 1164 etiam
912 1107 1139 1161 alterum
1186 1117 1401 1157 sensum
1442 1113 1598 1168 posse
1623 1095 1827 1150 initiari
1855 1094 1949 1147 ad-

379 1213 594 1259 ventum
627 1200 837 1256 Domini
889 1198 942 1252 in
992 1196 1179 1265 quinta
1228 1207 1319 1245 seu
1360 1200 1548 1259 quarta
1597 1185 1950 1247 bebdotuada,

379 1294 651 1363 sequendo
703 1301 952 1345 auctores
991 1283 1312 1340 Lectionarii
1343 1290 1398 1335 et
1426 1276 1838 1348 Antiphonarii,
1889 1289 1953 1329 ac

382 1385 632 1446 .‘ilissalis,
663 1382 816 1452 cujus
846 1385 1121 1433 auctorem
1162 1375 1430 1428 credimus
1460 1386 1579 1425 esse
1614 1369 1826 1422 beatum
1853 1381 1952 1435 pa-

380 1489 500 1543 pam
528 1472 867 1541 Gregorium.
898 1467 1027 1533 Qua:
1052 1474 1278 1531 utraque
1312 1470 1551 1530 tempora
1582 1458 1836 1513 intimaut
1863 1472 1957 1510 no-

379 1565 464 1619 bis
512 1560 887 1617 rationabilem
949 1554 1391 1628 prceparationem
1448 1560 1668 1622 prepter
1718 1550 1956 1618 quinque

380 1668 568 1707 sensus
599 1650 853 1715 hominis,
899 1647 989 1716 qui
1018 1647 1201 1699 insunt
1244 1646 1455 1713 corpori
1492 1652 1696 1705 nostro,
1747 1652 1956 1709 etqua-

384 1756 504 1801 tunr
545 1736 810 1794 rl-menla
841 1739 1037 1809 quibus
1072 1744 1284 1792 constat
1330 1750 1527 1804 corpus
1574 1742 1850 1787 nostrum:
1901 1739 1955 1784 at

382 1850 523 1889 nunc
559 1834 776 1890 tertium
830 1830 1157 1885 intellectum
1207 1827 1474 1888 addimus,
1525 1826 1615 1895 qui
1646 1841 1748 1878 non
1783 1825 1959 1877 minus

380 1923 633 1976 convenit
682 1917 1057 1988 prteparationi
1108 1918 1371 1970 adventus
1428 1914 1659 1968 Domini.
1718 1914 1956 1967 Dicimus

381 2014 517 2067 duos
545 2011 763 2065 ordines
810 2024 928 2063 esse
952 2006 1221 2074 justorum
1254 2007 1305 2059 in
1337 2004 1572 2058 Ecclesia
1609 2011 1814 2067 nostra,
1865 2000 1955 2071 qui

380 2103 596 2157 student
618 2116 676 2154 se
704 2115 1007 2169 prteparare
1037 2099 1103 2152 ad
1134 2097 1498 2165 recipiendum
1527 2095 1804 2149 Dominum
1835 2110 1959 2147 ven-

384 2202 580 2245 turum.
616 2189 765 2244 Unus
796 2176 926 2242 ordo
949 2189 1000 2241 in
1028 2185 1272 2241 saeculari
1322 2185 1732 2238 conversatione
1756 2183 1953 2246 studet,

380 2284 520 2337 alter
547 2283 600 2336 in
637 2281 886 2352 spiritali.
938 2281 1015 2334 De
1063 2280 1249 2334 ordine
1302 2276 1638 2332 smcularium
1673 2291 1957 2344 possumus

382 2373 701 2442 inzelligere,
755 2372 896 2441 quod
943 2371 1101 2424 lectio
1143 2370 1272 2424 dicit
1302 2369 1353 2422 in
1398 2368 1584 2437 quinta
1625 2367 1954 2422 hebdomada

382 2471 506 2516 ante
538 2464 872 2516 nativitatem
900 2456 1129 2514 Domini.
1178 2459 1403 2527 Pmpter
1438 2460 1539 2512 hoc
1572 2458 1686 2510 dies
1713 2458 1953 2522 veniunt,

380 2556 513 2607 dicit
544 2554 801 2607 Dominus
855 2561 1043 2606 etnon
1094 2551 1273 2604 dicent
1323 2548 1486 2612 ultra,
1539 2548 1670 2601 vivit
1697 2547 1956 2601 Dominus

380 2644 471 2712 qui
498 2638 681 2697 eduxit
711 2641 848 2696 ﬁlios
888 2641 1050 2695 Israel
1079 2640 1144 2695 de
1171 2648 1315 2694 terra
1354 2637 1609 2708 IEgypZi:
1644 2638 1759 2701 serl,
1823 2635 1955 2689 Viri:

382 2734 660 2797 Dominus,
691 2734 778 2798 qui
801 2731 976 2784 eduxit
999 2739 1047 2783 et
1092 2727 1313 2781 adduxit
1340 2742 1512 2780 semen
1562 2725 1747 2778 domus
1788 2723 1957 2777 Israel

381 2825 446 2876 de
472 2832 609 2876 terra
648 2821 939 2892 Aquilonis.
982 2824 1021 2889 τ
1047 2818 1281 2872 Adduxit
1309 2816 1568 2871 Dominus
1616 2814 1754 2867 ﬁlios
1794 2812 1957 2867 Israel

383 2913 448 2964 de
502 2919 645 2963 terra
696 2907 996 2977 Aquilonis,
1054 2906 1270 2974 quando
1301 2905 1367 2958 de
1409 2901 1700 2974 Babylonia
1754 2902 1956 2955 reversi

2055 451 2282 519 panibus
2308 449 2515 508 refecti,
2544 451 2645 503 hoc
2678 457 2761 502 est
2781 489 2794 512 ,
2829 448 3148 519 Evangeliea
3184 445 3479 501 refectione
3512 447 3634 499 sub-

2055 541 2225 603 limes,
2266 552 2317 595 et
2347 540 2577 610 spiritali
2622 548 2747 594 sunt
2788 541 2960 610 gratia
3001 539 3184 593 docti:
3222 536 3376 606 cujus
3420 537 3638 607 signiﬁ-

2053 633 2240 685 canda:
2262 632 2527 685 distantia:
2555 646 2714 685 causa
2758 630 2982 701 mystice
3008 645 3132 685 reor
3170 629 3224 683 in
3253 629 3479 682 introitu
3511 628 3642 697 qui-

2054 722 2177 774 dem
2206 720 2531 774 tabernaculi
2577 720 2815 789 quinque
2846 719 3436 774 eolumnasdeauratas
3462 758 3477 781 ,
3509 724 3643 771 ante

2053 813 2325 867 oraculum
2366 828 2510 878 vero.
2565 813 2617 866 id
2644 819 2751 876 est,
2805 820 2993 866 saneta
3024 817 3356 871 sanctorum.
3396 818 3645 879 quatuor

2053 904 2170 959 ﬁeri
2191 901 2371 971 jussus
2396 924 2408 957 :
2446 905 2571 974 quia
2602 903 2851 959 videlicet
2878 903 3199 972 incipientes
3224 917 3321 970 per
3343 900 3520 971 legem
3547 914 3644 953 ca-

2054 995 2337 1064 stigantur,
2364 1010 2432 1048 ne
2457 1001 2679 1063 peccent
2705 1010 2718 1057 ;
2771 992 2993 1062 perfecti
3025 1002 3205 1045 autem
3228 1031 3241 1055 ,
3274 1006 3371 1060 per
3398 992 3641 1060 gratia-2i

2052 1094 2113 1140 ut
2153 1087 2398 1140 devotius
2434 1085 2543 1140 Deo
2596 1086 2796 1149 vivant,
2847 1084 3225 1138 admonentur.
3280 1082 3485 1153 Typice
3541 1096 3646 1152 per

2052 1185 2268 1231 cantum
2308 1177 2399 1246 qui
2450 1184 2742 1230 renovatur
2797 1175 2848 1229 in
2893 1182 3086 1244 quarta
3126 1173 3459 1228 hebdomada
3506 1183 3644 1227 ante

2053 1266 2393 1320 nativitatem
2431 1266 2640 1320 Domini
2671 1266 2923 1336 gaudium
2968 1264 3230 1318 mentium
3267 1263 3641 1333 perfectorunt

2053 1356 2432 1427 intelligimus.’
2474 1355 2530 1410 Si
2568 1372 2665 1426 per
2694 1356 2932 1426 quinque
2964 1356 3328 1410 hebdomadas
3362 1355 3438 1408 illi
3475 1356 3646 1409 intel-

2054 1445 2313 1516 liguntur,
2368 1446 2459 1514 qui
2491 1447 2666 1499 adimo
2714 1461 2810 1515 per
2835 1446 3207 1515 paenitentiam
3239 1446 3523 1515 deplorant
3555 1462 3647 1499 re-

2053 1536 2228 1589 centia
2256 1543 2500 1606 peccata,
2543 1536 2735 1590 merito
2762 1552 2858 1606 per
2883 1542 3115 1605 quatuor
3142 1536 3507 1590 hebdomadas
3540 1552 3643 1589 eos

2057 1625 2403 1697 intelligimus
2426 1628 2517 1697 qui
2544 1628 2738 1699 gaudio
2779 1627 3006 1697 spiritali
3032 1626 3320 1696 proﬁciunt
3341 1627 3405 1680 de
3436 1626 3647 1679 virtute

2059 1715 2112 1769 in
2150 1719 2423 1783 virtutem,
2454 1718 2505 1771 in
2537 1734 2640 1787 qtta
2680 1716 2951 1770 videbitur
2979 1716 3119 1770 Deus
3146 1716 3366 1769 deorum
3400 1715 3453 1768 in
3477 1715 3642 1769 Sioa.

2057 1812 2147 1867 Isti
2197 1812 2302 1865 duo
2355 1809 2572 1864 ordines
2620 1808 2840 1862 fuerunt
2892 1809 2945 1862 in
3013 1807 3192 1863 Veteri
3260 1807 3645 1866 Testamento.

2058 1903 2146 1956 isti
2200 1909 2327 1954 sunt
2376 1899 2551 1953 modo.
2610 1899 2908 1954 Renovatio
2959 1907 3151 1953 cantus
3203 1898 3475 1969 signiﬁcat
3508 1916 3650 1969 εει-ει

2056 1993 2203 2047 dium
2255 1992 2587 2056 electorum,
2638 1992 2728 2060 qui
2779 1990 3071 2060 plurimum
3104 2024 3107 2029 ν
3139 1990 3373 2061 gaudent
3428 1992 3483 2045 in
3544 1994 3648 2044 ad-

2057 2094 2218 2140 ventu
2251 2084 2435 2139 dilecti
2468 2084 2700 2139 Domini.
2736 2083 2817 2137 Ad
2854 2098 2947 2138 eos
2976 2083 3108 2137 dicit
3132 2098 3336 2146 versus,
3362 2085 3454 2152 qui
3488 2086 3650 2138 cani~

2057 2185 2145 2230 tur
2193 2177 2246 2229 in
2297 2175 2640 2244 vespertinali
2671 2174 2847 2229 ofﬁcio
2877 2192 2890 2227 :
2920 2172 3132 2237 Rorate,
3164 2171 3297 2237 cadi,
3338 2174 3567 2244 desuper
3596 2188 3649 2227 ος

2056 2269 2218 2321 nubes
2247 2267 2428 2337 pluunt
2450 2268 2656 2336 justum
2687 2281 2705 2318 :
2742 2268 3022 2336 aperiatur
3064 2275 3229 2329 terra,
3279 2276 3335 2322 et
3373 2269 3654 2335 germinet

2056 2357 2401 2411 salvatorem.
2443 2357 2547 2427 Ipsi
2579 2357 2804 2427 perfecti
2833 2366 2962 2411 sunt
2990 2356 3135 2421 emli,
3167 2357 3266 2427 ipsi
3293 2369 3420 2412 sunt
3445 2359 3648 2414 nubes.

2056 2447 2156 2516 ipsi
2190 2447 2408 2501 subtilia
2437 2448 2762 2501 anmmtiant
2803 2448 2975 2501 instar
3002 2444 3142 2501 roris
3175 2447 3241 2502 de
3267 2446 3652 2501 Incarnatione

2056 2537 2286 2601 Domini,
2315 2537 2530 2606 quando
2579 2544 2871 2607 exponunt,
2916 2533 3137 2590 Verbum
3161 2553 3283 2590 caro
3312 2537 3512 2606 factum
3544 2549 3650 2597 est.

2056 2640 2103 2683 et
2140 2628 2391 2682 habitarit
2436 2629 2491 2681 in
2522 2628 2688 2682 nobis.
2734 2627 2835 2699 Ipsi
2860 2627 3052 2699 pluunt
3093 2614 3384 2698 grossiora',
3426 2633 3653 2700 quando

2056 2730 2299 2784 narrant,
2351 2718 2621 2789 quomolo
2668 2718 2864 2788 Joseph
2920 2719 3268 2787 desponsavit
3312 2719 3540 2774 Mariam
3594 2732 3656 2775 et

2057 2812 2302 2866 Christus
2347 2819 2503 2865 natus
2533 2822 2615 2866 est
2665 2813 2717 2866 in
2752 2812 3023 2867 Bethleem
3077 2822 3133 2868 et
3177 2813 3430 2869 inventus
3458 2825 3544 2869 est
3594 2815 3651 2868 in

2056 2904 2336 2972 prinsepio,
2369 2914 2497 2970 ete.,
2547 2905 2693 2960 talia.
2734 2906 2930 2975 Aperta
2960 2917 3045 2961 est
3075 2916 3238 2973 terra,
3286 2916 3475 2962 uterus
3499 2907 3656 2963 scili-

383 3008 507 3053 sunl
537 3000 589 3052 in
616 2997 853 3052 Jadzeam
879 3013 890 3048 :
930 2994 1035 3049 Sed
1063 2994 1254 3048 melius
1301 2992 1516 3047 adducit
1547 2999 1761 3045 nostros
1789 2991 1956 3043 honos
1984 3038 2027 3099 Ο
2060 3005 2145 3052 (τοι
2173 3007 2373 3053 sanum
2405 2996 2584 3051 Marim
2613 2998 2837 3068 virginis
2886 2998 3003 3053 sine
3031 2998 3228 3052 damno
3268 2998 3608 3068 virginitatis
3636 3018 3650 3051 ;

384 3090 672 3145 saeculares
716 3087 973 3142 Dominus
1022 3085 1088 3139 ad
1133 3083 1392 3147 Judaeum,
1445 3083 1501 3136 id
1541 3092 1643 3147 est,
1677 3081 1745 3135 ad
1773 3095 1955 3135 veram

385 3182 778 3237 confessionem
808 3179 872 3233 de
900 3176 1218 3232 confusione
1248 3174 1551 3244 Babyloniae
1570 3214 1583 3237 ,
1616 3173 1831 3242 quando
1864 3188 1958 3226 eos

384 3277 579 3331 liberat
604 3274 670 3328 de
701 3277 966 3343 potestate
991 3266 1190 3323 diaboli
1223 3275 1277 3321 et
1306 3267 1371 3320 de
1400 3280 1628 3335 corpore
1656 3265 1794 3335 ejus.
1848 3263 1962 3318 lloc

385 3368 445 3421 ﬁt
471 3380 566 3436 per
586 3364 931 3433 baptismum,
964 3373 1122 3429 quem
1159 3356 1358 3411 habent
1385 3355 1670 3410 saeculares
1699 3353 1882 3407 ﬁdeles
1909 3360 1963 3406 et

385 3454 651 3527 spiritales
670 3464 1028 3508 communem.
1063 3448 1165 3516 Qui
1196 3448 1249 3502 in
1276 3447 1457 3501 animo
1485 3444 1762 3514 patiuntur
1789 3442 1960 3513 Aqui-

384 3549 524 3603 lonis
552 3546 897 3617 rigiditatem,
951 3540 1189 3596 membra
1216 3537 1412 3594 diaboli
1440 3544 1586 3591 sunt.
1634 3534 1847 3602 Quanto
1875 3548 1966 3603 pe-

382 3640 469 3711 jor
493 3649 578 3694 est
608 3637 848 3694 diabolus
877 3644 1021 3689 totus
1074 3647 1196 3687 cum
1252 3632 1429 3702 capite
1478 3630 1531 3684 in
1568 3645 1668 3684 suo
1714 3643 1962 3698 corpore,

385 3746 545 3802 quam
572 3742 737 3783 unum
770 3726 1072 3780 membrum
1109 3721 1245 3790 ejus,
1280 3731 1433 3776 tanto
1476 3720 1669 3774 melius
1694 3735 1792 3773 nos
1828 3719 1963 3773 Iibe-

388 3827 489 3881 rati
518 3838 704 3879 sumus
749 3836 780 3874 a
811 3820 1009 3875 diaboli
1037 3825 1323 3886 potestate,
1372 3830 1537 3885 quam
1560 3823 1742 3868 essent
1770 3813 1863 3866 ﬁlii
1893 3813 1987 3867 ls-‘

388 3915 503 3971 rael
542 3929 572 3966 a
604 3911 818 3981 regibus
871 3907 1264 3962 Chaldreorum.
1323 3905 1397 3958 De
1440 3904 1574 3973 ipsis
1617 3903 1966 3957 sa'cularibus

389 4009 658 4061 memorat
701 3996 1071 4067 Evangelium,
1127 3995 1270 4063 quod
1319 3993 1371 4046 in
1427 3993 1615 4061 quinta
1668 4001 1965 4047 memorata

391 4092 723 4152 bebdomada
754 4090 970 4161 legitur.
1010 4086 1205 4139 Narrat
1236 4084 1380 4139 enim
1408 4083 1646 4153 quinque
1675 4084 1839 4136 millia
1871 4085 1968 4137 ho-

390 4189 593 4243 minum
615 4182 898 4238 Dominum
929 4177 1144 4249 pavisse
1172 4190 1237 4229 es
1267 4174 1504 4247 quinque
1533 4174 1780 4243 panibus.
1813 4171 1967 4238 Quod

389 4281 463 4334 ita
495 4276 639 4331 Beda
661 4272 880 4344 exponit
904 4271 956 4325 in
1000 4265 1290 4338 Evangelia
1316 4280 1479 4336 super
1506 4263 1705 4319 Lucam
1738 4283 1749 4318 ε
1802 4265 1970 4318 Erant

391 4375 572 4423 autem
604 4364 715 4419 fere
742 4362 842 4416 viri
888 4360 1126 4429 quinque
1170 4356 1356 4420 millia,
1395 4356 1521 4425 quia
1576 4356 1812 4425 quinque
1840 4363 1967 4409 sunt
1991 4382 2043 4442 υ

391 4455 675 4513 exterioris
710 4449 942 4506 hominis
972 4462 1184 4503 sensus.
1238 4445 1486 4512 Quinque
1526 4444 1695 4498 millia
1725 4445 1828 4498 viri
1860 4444 1965 4498 Do-

394 4548 599 4603 minum
629 4542 800 4599 secuti
828 4539 1114 4610 designant
1144 4551 1260 4599 eos,
1291 4535 1383 4605 qui
1410 4532 1653 4589 smculari
1680 4534 1856 4587 adhuc
1877 4533 1967 4585 ha-

394 4639 505 4692 bit‘u
528 4633 707 4704 positi,
735 4630 1096 4687 exterioribus
1123 4642 1245 4697 qurc
1269 4625 1577 4696 possident,
1609 4623 1743 4678 bene
1773 4625 1849 4676 uti
1879 4639 1970 4678 no-

394 4738 606 4783 xerunt.
662 4726 764 4793 Qui
817 4730 964 4779 recte
991 4722 1228 4790 quinque
1275 4718 1503 4788 panibus
1552 4716 1790 4778 aluntur,
1840 4715 1966 4783 quia

395 4819 532 4874 tales
553 4829 771 4870 necesse
803 4823 886 4868 est
912 4810 1171 4881 legalibus
1201 4809 1377 4863 adhuc
1402 4805 1688 4877 praeceptis
1715 4803 1965 4858 instituti.

393 4912 433 4981 -ξ-
461 4907 644 4964 Ollicia
672 4915 952 4960 cantorum
982 4913 1036 4956 et
1064 4901 1507 4972 Presbyterorum
1546 4912 1667 4966 qua:
1693 4898 1969 4953 celebran-

397 5011 485 5055 tur
516 4999 567 5051 in
597 4993 1019 5051 sacratncntario
1047 5033 1061 5057 ,
1115 5000 1173 5046 et
1212 4991 1412 5045 habent
1439 4988 1649 5042 initium
1680 4988 1733 5041 in
1777 4998 1971 5057 quarta

399 5088 884 5146 behdomadaante
918 5085 1251 5138 nativitatem
1291 5082 1499 5136 Domini
1554 5082 1823 5151 spiritales
1874 5097 1973 5151 per

397 5194 628 5256 quatuor
658 5177 942 5248 Evangelia
985 5178 1050 5229 ad
1087 5177 1350 5246 potiorem
1400 5172 1787 5244 perfectionem
1822 5176 1971 5229 exci-

401 5285 536 5331 tant.
592 5272 741 5329 Unde
785 5268 916 5323 dicit
954 5266 1211 5336 Epistola,
1262 5281 1382 5335 qua:
1409 5266 1598 5319 eodem
1647 5265 1968 5336 dielcgitur.

401 5370 646 5425 Scientes
674 5364 801 5437 quia
833 5363 965 5418 hora
1009 5365 1093 5414 est
1119 5356 1232 5427 jam
1260 5374 1360 5413 nos
1402 5359 1468 5415 de
1493 5374 1683 5414 somno
1710 5376 1930 5431 surgat»c
1957 5379 1969 5413 ε

395 5461 557 5517 Νυηο
603 5467 783 5515 autem
832 5455 1052 5527 propior
1079 5460 1161 5508 est
1204 5459 1388 5506 nostra
1430 5451 1605 5517 salus,
1645 5468 1804 5522 quam
1852 5469 1973 5509 cum

402 5552 747 5608 credidimus.
790 5550 864 5605 De
898 5547 1099 5603 eisdem
1127 5541 1458 5616 spiritalibus
1490 5542 1620 5597 dicit
1644 5555 1973 5599 memoratus

402 5642 544 5699 Beda
587 5642 640 5697 in
687 5649 984 5697 memorato
1027 5639 1182 5695 libro.
1234 5633 1367 5690 Nam
1397 5635 1486 5706 qui
1514 5636 1712 5691 mundo
1741 5637 1808 5693 ad
1839 5637 1976 5692 intc-

2060 3096 2113 3143 et
2151 3089 2371 3159 protulit
2402 3104 2619 3158 germen
2674 3088 2838 3142 totius
2886 3088 3068 3142 mundi
3095 3087 3311 3149 odoris,
3349 3088 3441 3158 qui
3472 3089 3656 3143 bonus

2060 3178 2194 3232 odor
2222 3177 2423 3233 redolet
2449 3194 2544 3248 per
2565 3179 2873 3233 universum
2901 3180 3180 3232 mundum.
3211 3178 3282 3233 At
3305 3195 3447 3233 nunc
3476 3181 3654 3233 multa

2061 3271 2224 3324 coria
2263 3269 2497 3324 fidelium
2528 3271 2594 3325 ad
2624 3285 2809 3324 vocem
2840 3270 3259 3339 pmdicatorum
3285 3271 3561 3337 caleﬁnnt,
3597 3281 3659 3326 et

2062 3361 2369 3432 germinant
2415 3359 2574 3414 ﬁdem
2605 3369 2804 3414 rectam
2834 3361 2887 3414 iu
2939 3358 3154 3415 Christo
3186 3361 3471 3430 proferunt
3517 3380 3659 3433 gau-

2063 3452 2228 3513 dium,
2262 3464 2472 3519 pacem,
2531 3451 3010 3519 longanimitatem,
3061 3460 3115 3506 et
3141 3461 3337 3508 etetera
3381 3455 3655 3524 germina,

2062 3553 2183 3608 quae
2211 3536 2465 3592 fecundat
2498 3538 2730 3608 Spiritus
2756 3549 2993 3595 sanctus.
3051 3539 3201 3596 Alter
3228 3557 3418 3597 versus
3450 3544 3503 3597 in
3535 3561 3657 3597 ma-

2064 3629 2274 3684 tutinali
2308 3630 2489 3685 ofﬁcio
2515 3632 2680 3685 dicit:
2738 3629 2847 3685 I’ox
2887 3632 3163 3687 clamantis
3189 3634 3242 3687 in
3284 3634 3515 3698 deserto,
3557 3654 3657 3706 pu-

2065 3731 2176 3776 r.:!e
2203 3723 2338 3776 riam
2368 3722 2615 3787 Domino,
2665 3734 2829 3778 rectas
2868 3723 3027 3794 facile
3071 3725 3281 3779 semitas
3308 3727 3468 3795 ejus;
3508 3730 3656 3797 quod

2064 3820 2147 3865 est
2184 3810 2361 3865 dicere
2401 3826 2415 3864 :
2458 3811 2523 3865 Et
2548 3813 2683 3866 bona
2714 3828 2879 3882 opera
2912 3814 3162 3884 satagite,
3210 3824 3266 3869 et
3295 3816 3661 3894 cogitationes

2064 3901 2202 3971 pias.
2258 3899 2370 3955 Hoc
2397 3902 2778 3968 ministerium,
2829 3904 2972 3973 quod
3025 3904 3411 3974 praedicatores
3456 3907 3661 3962 debent

2066 4000 2312 4061 satagere
2354 3993 2407 4044 in
2437 3990 2628 4045 diebus
2658 3993 2922 4047 adventus
2954 3994 3186 4060 Domini,
3218 3998 3504 4051 memorati
3533 4015 3660 4053 ver-

2067 4097 2159 4138 sus
2206 4083 2472 4137 recolunt.
2525 4083 2780 4151 Quamvis
2807 4094 2930 4139 cum
2967 4087 3162 4157 gaudio
3192 4087 3319 4143 boui
3358 4092 3502 4144 servi
3536 4108 3658 4161 spe-

2066 4182 2214 4228 ctent
2251 4176 2538 4228 adventum
2568 4175 2775 4229 Domini
2818 4176 2899 4230 sui
2931 4193 2946 4240 ;
2983 4186 3158 4232 tamen
3192 4179 3487 4234 maximum
3521 4198 3659 4253 gau-

2067 4266 2215 4319 dium
2242 4266 2485 4320 recolunt
2524 4266 2574 4320 in
2618 4268 2904 4336 pnescntia
2938 4267 3074 4336 ejus.
3113 4269 3319 4324 Idcirco
3354 4270 3536 4339 aliqua
3588 4273 3658 4326 de

2069 4364 2253 4411 nostro
2274 4355 2453 4411 ofﬁcio
2476 4372 2817 4412 reservamus
2846 4373 3015 4426 usque
3038 4360 3104 4412 ad
3132 4361 3478 4429 praesentiam
3507 4364 3657 4416 nati-

2067 4447 2250 4502 vitatis
2280 4448 2513 4513 Domini,
2566 4449 2667 4503 hoc
2696 4457 2777 4503 est
2825 4448 3009 4503 Gloria
3058 4451 3112 4504 in
3142 4451 3361 4506 errekis
3414 4451 3542 4517 Deo,
3600 4464 3660 4507 et

2064 4538 2276 4592 clarum
2325 4539 2706 4593 vestimentum
2751 4539 3172 4597 Dalmaticarum
3201 4560 3214 4573 ·
3248 4543 3293 4598 si
3321 4543 3461 4598 forte
3509 4561 3661 4601 nunc

2069 4628 2143 4682 ita
2173 4628 2369 4698 agitur,
2411 4638 2469 4682 ut
2496 4628 2602 4682 vidi
2635 4630 2845 4683 actitari
2901 4629 2951 4683 in
3004 4630 3275 4700 aliquibus
3309 4632 3464 4688 locis.
3505 4632 3657 4691 Prm-

2071 4720 2404 4788 paratiouem
2437 4720 2592 4775 nobis
2628 4721 2989 4774 necessariam
3024 4721 3259 4777 insinuat
3302 4722 3504 4781 Paulus
3528 4742 3665 4798 apo-

2070 4814 2241 4870 stolus
2296 4813 2348 4868 in
2396 4810 2694 4868 memorata
2741 4815 3000 4883 epistola,
3051 4831 3171 4883 qua:
3218 4813 3415 4887 legitur
3463 4832 3663 4888 quarta

2073 4905 2407 4960 bebdomada
2428 4912 2552 4958 ante
2582 4904 2918 4959 nativitatem
2952 4905 3183 4959 Domini.
3217 4904 3355 4972 Nox,
3384 4907 3657 4978 inquiens.

2072 4994 2369 5065 prmcessit,
2420 4993 2538 5049 dies
2586 5004 2766 5048 autem
2797 4994 3264 5065 appropinquavit.
3322 4995 3662 5065 Abjictaiuas

2073 5100 2202 5154 ergo
2230 5101 2392 5154 opera
2447 5086 2811 5149 tenebrarum,
2863 5093 2918 5139 et
2964 5086 3252 5140 induamur
3302 5102 3455 5141 arma
3502 5088 3662 5151 lucis,

2075 5177 2214 5231 sicut
2239 5177 2292 5230 in
2323 5175 2410 5231 die
2438 5177 2662 5230 honeste
2691 5174 3026 5229 ambulemus
3046 5216 3060 5237 ,
3108 5190 3213 5230 non
3246 5175 3299 5229 in
3328 5190 3664 5231 commessa-

2081 5267 2352 5329 tiouibus;
2387 5276 2437 5320 ct
2469 5265 2853 5331 ebrietatibus,
2881 5279 2988 5318 non
3018 5265 3072 5319 in
3102 5264 3366 5321 cubilibus
3395 5275 3449 5321 et
3480 5267 3662 5339 impu-

2082 5359 2300 5423 dicitiis,
2333 5374 2437 5412 non
2470 5360 2522 5412 in
2569 5357 2917 5412 contentione
2938 5365 2994 5409 et
3019 5356 3399 5412 aemulatione:
3448 5356 3546 5413 sed
3580 5359 3664 5412 in-

2081 5447 2305 5506 duimini
2336 5449 2620 5503 Dominum
2649 5445 2832 5502 Jesutn
2858 5444 3133 5503 Christum
3155 5447 3181 5501 ?
3231 5447 3387 5503 Sicut
3414 5464 3517 5520 per
3546 5449 3661 5519 pla-

2083 5560 2169 5599 res
2205 5552 2259 5598 et
2297 5540 2689 5612 frequentiores
2712 5537 2929 5593 nuntios
2975 5548 3225 5594 movetur
3252 5540 3428 5612 magis
3448 5555 3515 5595 ac
3551 5557 3652 5595 ma-

2081 5636 2164 5706 gis
2212 5634 2425 5690 animus
2478 5629 2678 5687 subditi
2740 5627 2806 5683 ad
2861 5627 3278 5687 solﬁeitudiuem
3332 5630 3659 5705 suscipiendi
