3938 6178
290 269 415 323 ιιτξι
464 278 471 287 ’

1034 266 1121 320 DE
1159 264 1713 320 ECCLESIASTICIS
1753 262 2043 318 OI’FICIIS
2082 262 2261 318 LIBRI
2302 262 2391 317 IV.
2434 290 2495 301 -ν
2540 263 2668 316 LIB.
2714 265 2797 320 IV.

3412 269 3429 320 l
3448 266 3546 321 2'21

282 378 561 450 pnelatum
591 396 603 430 :
654 378 725 431 ita
751 377 1097 431 renovatione
1146 386 1339 431 cautus
1375 391 1653 429 movemur
1688 374 1858 444 magis
1888 382 1932 440 Α
1966 387 2069 450 tur.
2101 377 2151 429 ill
2182 387 2283 438 est,
2315 386 2557 450 utmeus
2581 378 2908 450 circumcisa
2949 386 3096 432 esset
3124 378 3191 433 ab
3221 378 3368 450 omni
3402 382 3547 447 cogi-

282 485 343 524 οις
378 469 548 537 magis
578 468 643 521 ad
692 482 875 522 curam
910 478 1108 520 nostra:
1135 466 1543 535 pra‘parationis
1591 467 1644 519 in
1674 481 1858 519 susce-

289 561 524 629 ptionem
552 556 785 611 Domini.
845 555 968 609 Ideo
1016 564 1142 610 octo
1192 556 1309 610 dies
1358 564 1482 609 ante
1514 555 1859 610 Nativitatem

282 646 498 701 Domini
546 653 876 701 renovantur
927 645 1097 699 ferme
1125 655 1235 699 tota
1276 657 1401 700 note
1432 646 1758 714 responsorii
1811 654 1866 699 et

282 736 612 805 antiphontc,
667 743 719 788 ut
751 749 850 803 per
873 735 976 789 hoc
1027 734 1362 803 frequentius
1416 750 1516 788 nos
1562 734 1865 789 excitemur

283 828 349 881 ad
376 826 683 897 purgandus
709 842 901 881 omnes
945 828 1266 896 quisquilias
1305 828 1539 896 turpium
1584 830 1868 899 cogitatio-

283 934 413 974 num
454 932 522 972 ac
573 931 913 982 errenarum,
959 925 1016 971 et
1046 918 1264 987 dignum
1296 918 1678 982 habitaculum,
1706 934 1867 972 orna-

285 1016 397 1062 tum
442 1006 694 1063 videlicet
733 1008 840 1077 piis
867 1010 1318 1078 cogitationibus,
1365 1024 1612 1078 paremus
1639 1010 1749 1079 regi
1777 1025 1866 1064 re—

283 1116 412 1172 gum
444 1108 500 1153 et
527 1099 759 1154 Domino
788 1100 1201 1155 dominantium.

851 1212 1079 1271 CAPUT
1103 1216 1298 1271 XXXI.

752 1306 831 1361 De
861 1309 973 1360 nati
980 1308 1129 1360 ritate
1157 1306 1390 1361 Domini.

361 1421 448 1475 ιιιιὶ
483 1420 622 1475 filius
661 1435 782 1474 cum
826 1428 970 1473 esset
1016 1420 1323 1489 unigenitus
1373 1420 1514 1473 ﬁlius
1550 1420 1717 1476 voluit
1767 1422 1869 1476 sibi

287 1510 483 1566 fratres
535 1511 846 1582 adjungcre.
902 1512 1192 1568 Descendit
1247 1514 1312 1567 ad
1358 1515 1646 1568 humanum
1680 1531 1868 1584 genus,

283 1610 339 1656 et
365 1603 653 1672 assumpsit
685 1603 976 1669 hominem,
1023 1614 1080 1658 ιιι
1110 1603 1311 1658 faceret
1340 1607 1439 1658 sibi
1491 1606 1703 1671 fratres,
1757 1608 1872 1660 uul-

286 1692 397 1745 Ium
453 1693 753 1762 despiciens
805 1694 857 1747 in
910 1692 1150 1749 fraterno
1192 1695 1310 1749 loco
1361 1698 1659 1767 suscipere,
1713 1713 1871 1766 quem
1902 1727 1947 1785 Β
1976 1724 2331 1793 “lpossimﬁs
2379 1692 2627 1791 pcémre’

288 1790 538 1861 cognovit
564 1790 904 1844 obedientem
948 1792 998 1844 in
1032 1792 1300 1845 mandatis
1329 1800 1716 1861 prmccptorum
1748 1807 1874 1845 suo-

289 1897 426 1934 rum.
482 1880 547 1937 Ul
584 1898 723 1952 smpe
747 1883 944 1937 dictum
977 1891 1080 1946 est,
1112 1893 1322 1951 tempus
1363 1886 1647 1952 prmseutis
1690 1884 1871 1938 saaculi

288 1971 460 2026 tribus
509 1974 840 2041 temporibus
896 1974 1264 2044 distinguitur,
1306 1973 1557 2028 videlicet
1608 1976 1873 2029 naturalis

288 2061 419 2131 legis
447 2103 461 2126 ,
508 2071 563 2115 et
613 2062 745 2132 legis
792 2061 1017 2126 litterae,
1069 2071 1124 2116 et
1170 2061 1305 2116 Novi
1334 2062 1697 2127 Testamenti,
1733 2064 1874 2117 Prai-

287 2152 429 2220 cipui
478 2152 578 2205 viri
612 2151 840 2205 naturali
890 2152 1005 2221 lege
1054 2151 1381 2205 exstiterunt
1410 2161 1542 2214 tres,
1578 2152 1868 2213 Abraham,

290 2244 436 2297 Isaac
478 2252 533 2298 et
559 2242 741 2298 Jacob.
781 2243 1096 2314 Quanquam
1131 2245 1283 2298 multi
1312 2244 1487 2298 forent
1514 2246 1717 2301 similes
1745 2246 1870 2311 illis,

290 2346 468 2389 tamen
498 2350 682 2389 eorum
715 2352 770 2389 se
799 2350 919 2389 esse
956 2336 1123 2388 Deum
1178 2335 1485 2406 specialiter
1539 2337 1678 2389 Deus
1729 2337 1871 2390 idem

288 2425 590 2496 turpissime
652 2433 919 2479 memorat
967 2440 1063 2494 per
1107 2424 1465 2494 Scriptorum,
1496 2426 1719 2480 (licens:
1759 2425 1873 2494 Ego

287 2532 401 2568 sum
426 2514 566 2569 Deus
607 2514 903 2580 Abi-aliam,
956 2525 1005 2567 et
1033 2514 1174 2568 Deus
1218 2513 1398 2577 Isaac,
1432 2525 1477 2568 et
1506 2514 1646 2568 Deus
1683 2512 1869 2569 Iacob.

290 2605 413 2658 lstts
441 2605 611 2659 tribus
652 2612 762 2658 tres
801 2605 1036 2674 psalmos
1065 2606 1253 2674 primm
1290 2605 1555 2675 periocha:
1583 2614 1872 2660 nocturna-

290 2695 356 2749 lis
385 2694 542 2750 ollicii
592 2696 948 2764 deputamus:
994 2697 1262 2766 praecipue
1308 2712 1428 2750 cum
1464 2697 1517 2751 hi
1569 2704 1680 2751 tres
1713 2698 1873 2767 primi

291 2796 558 2854 ponantur
590 2786 642 2839 in
692 2785 1001 2857 genealogia
1052 2785 1271 2851 Christi,
1311 2796 1365 2842 et
1413 2804 1510 2856 per
1536 2789 1637 2843 hos
1664 2789 1730 2843 ad
1756 2803 1872 2843 me-

292 2878 519 2930 moriam
561 2877 865 2931 reducimus
890 2892 1082 2933 omnes
1117 2879 1316 2932 electos
1339 2889 1544 2948 patres,
1583 2881 1676 2948 qui
1700 2882 1754 2934 in
1782 2895 1876 2933 na-

292 2967 448 3020 turali
486 2967 599 3037 lege
626 2966 862 3033 luerunt,
909 2976 963 3021 et
991 2983 1087 3036 per
1108 2967 1308 3022 Christi
1349 2970 1639 3023 adventum
1684 2969 1872 3025 sociati

290 3067 419 3113 sunt
461 3060 626 3113 choro
670 3069 978 3113 sanctorum
1017 3058 1368 3129 Angelornm,
1413 3068 1473 3113 ut
1515 3060 1654 3115 sicut
1695 3060 1871 3132 angeli
1900 3075 1943 3135 (ς

288 3158 491 3203 sanctae
518 3150 765 3203 Trinitati
797 3149 1156 3218 congaudent,
1189 3149 1262 3203 ita
1293 3160 1348 3204 et
1380 3149 1449 3203 illi
1476 3150 1867 3221 congaudeant.

290 3237 537 3293 Secunda
569 3240 821 3308 periocha
853 3239 1037 3294 recolit
1059 3254 1172 3304 eos,
1201 3255 1337 3308 quos
1366 3241 1467 3294 sibi
1498 3241 1744 3296 Christus
1764 3242 1874 3295 fra-

290 3340 405 3383 tres
441 3328 565 3383 fecit
587 3345 653 3383 ex
683 3329 798 3399 lege
830 3328 1060 3383 Mosaica
1087 3369 1100 3393 ,
1136 3331 1227 3399 qui
1253 3328 1645 3383 exercebantur
1678 3346 1773 3399 per
1800 3331 1876 3385 le-

288 3434 407 3489 gem
436 3428 489 3474 et
511 3418 748 3488 psalmos
772 3427 826 3472 et
866 3419 1176 3488 prophetas.
1235 3418 1342 3472 Eos
1382 3418 1731 3473 nihilominus
1754 3437 1875 3491 per-

288 3509 446 3561 duxit
504 3508 568 3560 ad
619 3508 931 3562 societatem
985 3516 1295 3562 sanctorum
1333 3508 1674 3579 angelorum,
1734 3518 1791 3563 ut
1823 3519 1876 3564 et

289 3599 368 3654 illi
427 3596 798 3666 congaudeant
864 3606 1067 3653 sancta:
1124 3597 1396 3651 Trinitati.
1465 3598 1707 3653 Adscivit
1771 3600 1873 3655 sibi

290 3691 456 3744 etiam
516 3688 712 3743 fratres
784 3692 837 3742 in
900 3687 1049 3743 Novo
1102 3687 1448 3743 Testamento
1495 3705 1592 3758 per
1646 3691 1878 3760 primiti-

290 3797 416 3834 vam
453 3779 771 3844 Ecclesium,
822 3788 877 3833 et
932 3796 1029 3850 per
1064 3779 1379 3850 gentilitatis
1410 3781 1794 3847 obedientiam,
1824 3790 1880 3836 et

206 3882 233 3895 ί
291 3869 571 3924 Iudaicam
606 3869 1049 3939 recognitionem.
1102 3868 1368 3937 Quoniam
1400 3872 1533 3927 istos
1560 3871 1679 3942 plus
1709 3873 1879 3927 hono-

295 3961 434 4016 ravit
468 3977 596 4016 suus
625 3960 904 4025 adventus,
955 3979 1113 4033 quam
1145 3965 1512 4035 praecedentes
1540 3964 1750 4030 Patres,
1802 3965 1878 4019 ita

293 4063 355 4107 ut
384 4053 427 4107 si
457 4053 599 4124 digni
631 4053 956 4120 habeantur,
1009 4055 1225 4124 quando
1252 4063 1535 4110 transeunt
1564 4055 1631 4112 dc
1656 4058 1873 4120 mundo,

295 4145 439 4200 illico
467 4144 863 4199 transferantur
885 4147 939 4199 in
967 4145 1186 4211 cmlum,
1218 4155 1272 4200 et
1298 4145 1882 4218 conjungantursocie-

295 4241 397 4291 tati
424 4244 733 4290 sanctorum
764 4235 1096 4305 angelorum,
1148 4237 1289 4308 quod
1326 4236 1483 4307 longo
1513 4248 1752 4308 tempore
1780 4255 1878 4295 ex-

297 4335 677 4398 spectaverunt
700 4336 885 4398 patres
914 4338 1315 4385 murmurantes
1360 4329 1499 4385 infra
1534 4331 1769 4387 claustra
1800 4334 1880 4387 in-

298 4419 462 4482 ferni,
492 4418 610 4472 ideo
640 4419 691 4473 in
721 4419 826 4473 illis
847 4419 1176 4489 antiphonis,
1225 4436 1344 4491 qua:
1372 4437 1464 4477 eos
1494 4424 1756 4488 recolunt,
1787 4423 1880 4477 ΑΙ-
1904 4413 1957 4469 D

296 4509 459 4565 lelnia
489 4511 811 4576 celebratur,
846 4511 1003 4565 sicuti
1052 4519 1136 4564 est
1167 4528 1178 4564 :
1216 4510 1335 4580 Ipse
1369 4514 1621 4567 inroravit
1651 4531 1755 4577 nte,
1788 4513 1882 4573 ΑΙ-

298 4599 457 4653 leluia
482 4618 500 4654 :
522 4609 577 4655 ct
623 4601 842 4666 iterum,
880 4598 1079 4655 Notum
1113 4599 1233 4669 fecit
1273 4599 1526 4655 Dominus
1557 4605 1605 4668 ‘,
1635 4602 1878 4657 Alleluia.

859 4711 1086 4767 CAPUT
1123 4710 1333 4765 XXXII.

616 4802 693 4857 De
720 4804 910 4857 octavis
943 4803 997 4856 in
1024 4803 1314 4858 Nativitate
1343 4802 1576 4856 Domini.

369 4910 587 4966 Octava!
616 4911 739 4965 ideo
766 4910 1127 4975 celebrantur,
1160 4911 1286 4980 quia
1315 4912 1506 4981 primis
1531 4912 1723 4966 diebus
1751 4928 1884 4966 cou-

298 5012 545 5061 curruut,
576 5001 718 5055 sicut
746 5016 885 5056 unus
913 5001 1223 5057 Dominicus
1253 5003 1367 5057 dies
1414 5002 1481 5057 ad
1511 5003 1760 5068 alterum,
1790 5004 1884 5073 qui

301 5095 490 5147 eodem
543 5093 648 5147 ritu
705 5093 1072 5147 celebrantur.
1128 5094 1354 5160 Quando
1408 5098 1689 5163 sequentia
1748 5098 1884 5150 bona

301 5200 465 5251 opera
521 5184 589 5237 ad
629 5183 807 5252 prima
856 5192 1161 5245 recurrent,
1208 5184 1390 5252 aliquo
1444 5188 1603 5239 ιιιοῖυ
1662 5197 1887 5239 octavas

301 5292 639 5332 rscrcemus.
690 5276 860 5331 Tanta
909 5277 1125 5331 miseria
1159 5276 1259 5330 fuit
1297 5278 1351 5331 in
1402 5279 1709 5331 hominibus
1761 5288 1886 5331 ante

304 5369 507 5423 Christi
535 5370 846 5432 adventum,
886 5376 945 5422 ut
965 5382 1123 5423 nemo
1152 5368 1219 5421 ad
1247 5368 1491 5422 eamdem
1521 5367 1885 5422 innocentiam

304 5461 637 5534 perveniret,
688 5474 849 5530 quam
903 5459 1091 5514 habuit
1131 5459 1339 5527 primus
1384 5459 1545 5512 homo
1598 5471 1889 5526 antequam

308 5562 578 5621 peccaret.
631 5548 767 5603 Nam
816 5558 871 5605 ct
902 5548 1262 5611 circumcisio,
1295 5563 1414 5618 qum
1438 5559 1628 5602 octava
1665 5547 1754 5602 die
1802 5564 1892 5604 ce-

310 5642 377 5698 lei
401 5651 577 5710 ratur,
609 5640 662 5696 in
708 5640 1081 5696 recordatione
1132 5639 1319 5710 prince
1350 5638 1668 5695 innocentia
1693 5639 1890 5711 ageba-

1964 446 2167 501 tatione
2198 448 2423 511 carnali,
2453 449 2702 517 quamvis
2733 448 2802 502 sit
2823 458 2877 501 et
2901 449 3014 517 ipsa
3040 449 3209 518 figura
3243 446 3546 503 fututorum

1961 539 2220 593 virorum.
2252 538 2500 593 Christus
2529 555 2625 609 per
2653 539 2977 607 baptismum
3001 540 3237 594 restituit
3266 541 3319 594 in
3351 557 3548 612 genere

1962 629 2198 683 humano
2248 629 2493 683 eamdem
2532 631 2918 695 innocentiam,
2973 630 3205 700 ideoque
3231 642 3423 687 octava
3462 635 3551 688 die

1963 719 2017 777 id
2044 728 2145 786 est,
2186 719 2461 775 Dominica
2501 736 2566 774 ex
2604 722 2870 789 baptismo
2913 723 3241 779 resurrectio
3272 724 3548 783 recolitur.

1964 812 2077 867 IIoc
2102 821 2185 868 est
2215 814 2356 869 inter
2390 822 2541 878 istos,
2577 815 2667 883 qui
2703 815 2861 882 primi
2907 814 3270 869 innocentiam
3310 817 3548 872 hominis

1964 903 2265 968 imitantur,
2294 912 2347 957 et
2378 903 2496 958 illos
2539 905 2630 972 qui
2667 904 2720 957 in
2754 904 2934 959 Veteri
2965 904 3315 960 Testamento
3364 916 3544 969 erant,

1967 994 2110 1062 quod
2135 993 2384 1062 quamvis
2436 994 2512 1048 illi
2557 993 2688 1060 justi
2740 1002 2922 1048 essent
2949 1004 3128 1049 tamen
3170 994 3553 1050 detinebantur

1968 1085 2107 1139 infra
2137 1085 2374 1140 claustra
2405 1084 2601 1139 inferni
2653 1095 2779 1141 ante
2825 1085 3025 1139 Christi
3075 1087 3402 1140 adventum:
3462 1087 3551 1141 isti

1968 1186 2254 1247 penetrant
2288 1192 2451 1247 regna
2472 1175 2752 1231 caelorum.
2797 1176 2862 1229 Et
2885 1178 3138 1242 quoniam
3177 1178 3244 1230 ad
3274 1177 3549 1231 meliorem

1970 1275 2170 1322 statum
2201 1266 2333 1332 vult,
2365 1281 2463 1320 nos
2493 1265 2819 1333 Redemptor
2841 1272 3022 1320 noster
3046 1266 3364 1335 perducere,
3387 1282 3548 1335 quant

1972 1358 2195 1412 haberet
2246 1358 2453 1426 primus
2501 1356 2712 1418 Adam,
2768 1355 2942 1409 adhuc
2989 1365 3334 1424 exspectatur
3364 1366 3555 1410 octava

1972 1448 2116 1515 dies,
2148 1464 2267 1517 qua:
2288 1447 2394 1502 erit
2428 1447 2482 1500 in
2533 1446 2930 1500 resurrectione
2976 1462 3282 1516 corporum.
3344 1446 3557 1502 Primus

1972 1541 2144 1594 Adam
2169 1541 2242 1593 ita
2267 1547 2385 1593 erat
2415 1541 2704 1601 innocens,
2732 1548 2787 1592 ut
2816 1546 2998 1607 posset
3020 1555 3264 1608 peccare,
3292 1541 3335 1595 si
3365 1540 3516 1594 vellet
3541 1579 3554 1594 .

1975 1638 2042 1691 Et
2082 1653 2181 1691 nos
2235 1637 2309 1690 ita
2334 1635 2631 1703 atcipimus
2664 1635 3027 1689 innocentiam
3079 1650 3176 1704 per
3210 1636 3556 1704 baptismum,

2687 1730 2741 1776 et
2784 1723 3056 1791 possimus
3091 1723 3245 1789 velle,
3292 1726 3384 1779 sed
3437 1734 3555 1794 post

1976 1814 2339 1881 receptionem
2395 1828 2682 1881 corporum
2733 1827 2892 1867 nemo
2935 1814 3171 1879 poterit,
3229 1830 3387 1869 nemo
3417 1816 3558 1871 volet

1973 1918 2218 1973 peccare.
2268 1903 2438 1971 Igitur
2468 1902 2591 1971 quia
2640 1900 2707 1955 ad
2741 1902 2843 1955 hoc
2875 1901 3136 1957 instituta:
3175 1914 3302 1957 sunt
3330 1914 3553 1965 octavae,

1973 2004 2034 2047 ut
2062 1993 2369 2047 redeantad
2400 1993 2651 2060 primum,
2695 2001 2910 2061 oportet
2955 1994 3299 2067 considerare
3326 1995 3452 2064 quid
3504 1995 3556 2050 in

1973 2086 2181 2140 octavis
2212 2085 2421 2140 Domini
2463 2085 2644 2139 redeat
2675 2085 2743 2138 ad
2778 2084 3012 2153 primunt
3066 2085 3209 2139 diem
3236 2087 3555 2140 nativitatis.

1974 2175 2157 2235 Primo
2185 2174 2270 2229 die
2297 2174 2594 2227 nativitatis
2631 2171 2800 2227 exivit
2824 2174 2889 2227 de
2926 2182 3082 2227 utero
3111 2175 3356 2245 virginis,
3401 2185 3456 2231 et
3481 2177 3561 2230 in-

1974 2274 2164 2320 ventus
2195 2271 2278 2317 est
2326 2262 2379 2315 in
2427 2262 2690 2331 praesepio
2733 2261 2927 2331 pannis
2957 2261 3228 2317 involutus
3263 2281 3273 2315 :
3306 2264 3560 2332 Nunquid

1974 2366 2164 2410 octava
2200 2355 2287 2409 die
2311 2354 2477 2408 exivit
2506 2354 2700 2408 iterum
2748 2354 2816 2410 de
2840 2361 2996 2408 utero
3041 2355 3266 2425 virginis
3290 2366 3345 2410 ει
3378 2358 3562 2410 inven-

1977 2457 2064 2501 tus
2097 2456 2181 2502 est
2211 2447 2262 2503 in
2289 2447 2550 2516 przcsepio
2585 2454 2640 2500 et
2673 2445 2939 2501 celebrata
2968 2455 3091 2501 sunt
3116 2462 3177 2502 ea
3209 2463 3329 2516 quae
3375 2452 3440 2502 (te
3466 2464 3562 2501 an-

1975 2539 2237 2609 gelorum,
2268 2539 2416 2592 all'ati
2446 2538 2697 2608 leguntur
2729 2538 2901 2607 prima
2934 2539 3019 2592 die
3050 2539 3214 2593 acta?
3265 2538 3560 2594 Possumus

1978 2639 2155 2683 tamen
2208 2630 2483 2693 invenire,
2540 2629 2594 2683 in
2643 2644 2751 2697 quo
2797 2639 3163 2698 congruenter
3206 2640 3394 2685 octava
3447 2632 3564 2686 dics

1975 2732 2238 2792 congruat
2262 2726 2466 2791 primm.
2501 2720 2645 2775 Duas
2670 2736 2862 2775 causas
2887 2722 3234 2793 intelligimus
3267 2723 3320 2776 in
3356 2722 3558 2777 Christi

1976 2815 2256 2869 uativitatc
2287 2830 2300 2865 :
2353 2813 2560 2867 scilicet
2588 2813 2841 2882 primam,
2871 2813 3145 2867 Christum
3185 2813 3466 2867 advenisse
3490 2812 3557 2866 ad

1977 2904 2225 2958 homines
2250 2921 2260 2955 :
2296 2901 2586 2957 secundam
2608 2942 2621 2965 ,
2654 2901 2900 2957 homines
2927 2901 3137 2956 venisse
3163 2899 3230 2955 ad
3259 2901 3557 2956 Christum.

1976 2997 2052 3050 De
2080 3009 2184 3064 qua
2215 3007 2272 3048 re
2321 2994 2452 3047 dicit
2502 2992 2837 3063 Augustinus
2884 2991 2939 3045 iu
2994 2991 3132 3047 libro
3158 2994 3333 3062 primo
3368 2993 3434 3047 tle
3464 2994 3562 3047 do-

1976 3087 2148 3141 ctrina
2182 3084 2533 3140 Christiana:
2588 3083 2704 3138 Non
2733 3083 2879 3137 enim
2934 3082 3002 3137 ad
3047 3098 3193 3147 eum,
3231 3084 3321 3152 qui
3368 3083 3565 3151 ubique

1975 3194 2216 3251 praesens
2248 3188 2355 3242 est,
2396 3177 2527 3231 locis
2558 3185 2829 3242 movetur,
2878 3176 2973 3231 sed
2997 3175 3141 3230 bono
3180 3177 3360 3230 studio
3383 3177 3569 3232 bonis—

1976 3287 2080 3340 que
2109 3270 2368 3324 moribus.
2418 3267 2573 3333 Quod
2603 3282 2709 3323 non
2734 3279 3041 3336 possumus,
3081 3266 3182 3321 nisi
3211 3268 3324 3337 ipsa
3354 3270 3569 3337 sapien—

1979 3361 2053 3413 tia
2087 3368 2248 3412 tanta:
2289 3358 2451 3412 etiam
2488 3366 2688 3411 nostra:
2724 3356 3025 3410 infirmitati
3049 3370 3351 3426 congruere
3379 3359 3566 3426 digna-

1979 3458 2148 3513 retur,
2195 3457 2255 3502 ut
2292 3448 2505 3502 vivendi
2541 3448 2698 3501 nobis
2748 3446 3012 3516 praeberet
3067 3447 3393 3516 exemplum.
3450 3448 3566 3503 Non

1977 3541 2122 3594 enim
2146 3539 2323 3604 aliter,
2354 3554 2515 3609 quam
2548 3538 2603 3592 in
2631 3538 2868 3602 homine,
2897 3540 3152 3607 quoniam
3183 3548 3238 3593 et
3259 3555 3359 3595 nos
3396 3543 3568 3595 homio

1979 3647 2077 3685 nes
2104 3645 2309 3685 sumus.
2343 3628 2448 3683 Sed
2476 3629 2604 3699 quia
2638 3644 2737 3684 nos
2758 3644 2881 3683 cum
2908 3629 2974 3683 ad
3007 3628 3153 3683 illam
3182 3630 3449 3695 venimus,
3480 3647 3568 3686 sa-

1978 3727 2189 3795 pienter
2217 3722 2480 3787 facimus,
2518 3723 2633 3793 ipsa
2657 3737 2778 3777 cum
2803 3721 2871 3776 ad
2912 3737 3010 3777 nos
3036 3723 3205 3788 venit,
3237 3722 3307 3778 ab
3339 3724 3566 3777 homini-

1979 3816 2360 3885 bus-superbis
2409 3815 2565 3884 quasi
2595 3814 2758 3869 stulte
2780 3814 2973 3870 fecisse
2998 3823 3184 3886 putata
3214 3826 3317 3871 est.
3347 3816 3415 3871 Et
3435 3833 3566 3886 quo.

1981 3910 2126 3964 niam
2176 3924 2277 3963 nos
2319 3924 2444 3963 cum
2468 3909 2536 3962 arl
2585 3907 2733 3961 illam
2788 3907 3056 3974 venimus,
3111 3910 3563 3967 convalescimus.

1980 4002 2097 4071 ipsa
2127 4016 2249 4054 cum
2281 3999 2347 4053 ad
2377 4014 2475 4053 ros
2502 3997 2667 4062 venit,
2704 3997 2859 4067 quasi
2882 3998 3094 4053 inlirma
3124 3999 3435 4054 existimata
3463 4011 3566 4055 est.

1982 4093 2087 4148 Sed
2118 4093 2261 4163 quod
2282 4090 2506 4146 stultum
2531 4099 2616 4144 est
2641 4088 2759 4152 Dei,
2793 4089 3090 4158 sapientius
3112 4098 3197 4144 est
3218 4090 3525 4146 hominibus
3553 4112 3565 4146 :

1981 4194 2037 4240 et
2062 4184 2205 4255 quod
2238 4183 2511 4238 infirmum
2544 4189 2628 4236 est
2662 4181 2778 4246 Dei,
2813 4180 3009 4235 fortius
3054 4188 3159 4246 est,
3206 4197 3369 4251 quam
3396 4182 3570 4236 horni-

1980 4278 2085 4333 uis.
2124 4278 2259 4331 Cum
2288 4290 2417 4349 ergo
2444 4274 2558 4343 ipsa
2595 4272 2666 4325 sit
2708 4270 2907 4340 patria,
2958 4270 3103 4325 viam
3130 4284 3188 4325 se
3222 4286 3441 4341 quoque
3475 4289 3570 4326 nos

1982 4371 2066 4425 bis
2099 4369 2225 4422 fecit
2273 4367 2339 4419 ad
2367 4364 2620 4434 patriam.
2677 4361 2892 4416 Etcum
2929 4377 3062 4416 sano
3082 4370 3136 4416 et
3162 4378 3301 4432 puro
3324 4362 3567 4418 interiori

1985 4458 2141 4513 oculo
2173 4455 2371 4522 ubique
2404 4452 2473 4505 sit
2511 4465 2770 4521 praesens,
2793 4465 2982 4504 eorum
3032 4451 3125 4519 qui
3151 4452 3365 4506 oculum
3419 4452 3567 4506 illum

1988 4548 2259 4603 inﬁrmum
2287 4542 2732 4611 immundumque
2780 4541 3004 4606 habent,
3045 4541 3216 4597 oculis
3245 4542 3409 4596 etiam
3447 4557 3572 4595 car-

1991 4637 2108 4689 neis
2133 4644 2392 4703 apparere
2435 4633 2649 4703 dignata
2676 4641 2779 4685 est.
2835 4632 2971 4698 Quia
3001 4632 3146 4686 enim
3201 4631 3256 4685 in
3305 4632 3568 4701 sapientia

1992 4725 2082 4779 Dei
2116 4740 2219 4779 non
2248 4730 2458 4793 poterat
2503 4723 2732 4776 mundus
2761 4736 2858 4791 per
2898 4721 3216 4791 sapientiam
3243 4736 3491 4791 cognosc.
3515 4736 3572 4774 ro

1994 4817 2182 4880 Deum,
2212 4814 2420 4884 placuit
2443 4813 2552 4866 Deo
2597 4827 2696 4881 per
2718 4812 3004 4866 stultitiam
3034 4811 3438 4881 priedicationis
3465 4812 3569 4865 sal-

1990 4922 2084 4960 vos
2124 4906 2301 4960 facere
2327 4905 2627 4959 credentes.
2678 4902 2793 4957 Non
2826 4903 2988 4973 igitur
3039 4916 3139 4972 per
3165 4901 3407 4957 locorum
3450 4916 3574 4970 spa-

1988 5002 2062 5053 tia
2095 4999 2379 5063 veniendo,
2426 4998 2522 5052 sed
2557 4998 2612 5051 in
2665 5012 2829 5053 carne
2860 4997 3074 5052 mortali
3130 4996 3452 5053 mortalibus
3481 5012 3591 5065 apv

1987 5089 2247 5158 parendo,
2297 5088 2511 5141 venisse
2560 5088 2626 5140 a:l
2656 5103 2752 5142 nos
2798 5089 3019 5143 dicitur.
3062 5087 3194 5143 Illuc
3246 5100 3377 5159 ergo
3427 5088 3577 5141 venit

1988 5182 2079 5235 ubi
2133 5188 2252 5234 erat
2294 5198 2306 5232 :
2361 5179 2487 5249 quia
2554 5179 2610 5231 in
2667 5179 2763 5231 hoc
2817 5179 3014 5233 arundo
3072 5189 3187 5233 erat
3246 5188 3296 5232 et
3347 5177 3573 5231 mundus

1989 5287 2081 5340 per
2131 5286 2249 5322 eum
2287 5268 2459 5337 factus
2487 5278 2582 5331 est,
2632 5267 2833 5321 Christi
2869 5269 3162 5324 adventum
3210 5268 3279 5322 ad
3330 5265 3575 5319 homines

1990 5361 2220 5415 colimus
2281 5360 2335 5413 in
2396 5359 2482 5412 die
2533 5359 2832 5415 nativitatis
2892 5359 3010 5428 ejus
3063 5377 3076 5413 :
3138 5358 3415 5413 hominum
3474 5352 3542 5406 ad

1991 5460 2212 5508 ventum
2259 5450 2327 5505 ad
2375 5450 2689 5516 Christum,
2750 5450 2981 5505 colimus
3053 5449 3109 5502 in
3160 5446 3371 5502 octavis
3433 5441 3570 5512 ejtts-

1995 5545 2149 5613 Quocl
2178 5542 2338 5598 facile
2359 5543 2700 5610 dignoscitur
2740 5557 2806 5596 ex
2836 5539 3155 5610 antiphonis
3198 5552 3318 5606 qua‘
3349 5546 3575 5591 cantau-

1998 5647 2086 5693 tur
2116 5637 2167 5693 in
2200 5634 2504 5692 ntatatinali
2536 5632 2729 5690 officio.
2758 5631 2939 5687 Prima
2967 5628 3264 5698 antiphona
3293 5644 3347 5684 in
3387 5626 3583 5685 nativi-
