3938 6178
329 286 346 339 I
363 281 460 336 2:23

1356 259 1686 316 ASIALARII
1728 252 2163 312 PBESBYTERI
2205 247 2544 306 M-ETENSIS

3440 243 3579 298 B25

329 405 442 452 tate
471 389 713 452 Domini,
743 384 931 440 Genuit
957 394 1210 451 puerpera
1237 391 1425 444 regem,
1453 373 1520 426 de
1547 385 1680 440 pura
1712 367 1903 422 nativi-
1931 376 1977 434 Α
2008 380 2093 417 me
2121 363 2332 416 abunde
2368 362 2498 415 facit
2535 371 2783 413 securum
2819 355 3119 411 lucubratio
3149 362 3466 411 sanctorum
3500 356 3589 411 in-

323 500 434 544 tate
469 483 680 541 Domini
707 485 891 532 narrat
915 491 929 536 ;
953 473 1126 542 prima
1158 469 1211 522 in
1255 464 1460 520 octavis
1482 460 1718 523 Domini,
1747 458 1895 516 dicit,

334 584 377 637 0
417 570 724 631 admirabile
766 562 1153 620 commercium.
1183 555 1409 623 Quando
1449 552 1597 613 dicit,
1653 563 1900 602 commer-

337 671 508 729 cium,
559 658 792 716 ostendit
830 653 974 708 aliud
1012 649 1151 711 dari,
1200 656 1254 701 et
1302 643 1447 699 aliud
1501 641 1695 709 accipi.
1743 639 1904 691 Dedit

338 757 585 812 Christus
631 764 783 804 suam
810 746 1085 802 deitatem,
1127 748 1180 794 et
1217 737 1424 806 accepit
1447 741 1691 787 nostram
1715 731 1907 784 huma-

338 847 582 900 nitatem.
623 838 774 906 Quod
826 837 971 891 dedit
1017 833 1243 886 colimus
1311 829 1363 882 in
1414 826 1694 880 nativitate
1749 821 1905 889 ejus;

337 945 388 991 et
419 933 560 1003 quod
593 930 822 999 accepit,
875 927 927 981 in
955 923 1180 1005 octavis.
1225 919 1462 973 Membra
1505 914 1694 984 juncta
1741 911 1906 1005 capiti

334 1002 780 1095 congratulantur
821 1019 874 1071 in
907 1002 1159 1086 praesenti
1193 1010 1504 1064 festivitate.
1534 1006 1611 1058 De
1638 1002 1910 1072 sequenti-

334 1094 458 1172 bus,
490 1111 798 1182 antiphonis
837 1109 881 1161 si
921 1106 1040 1174 quis
1073 1101 1419 1157 considerare
1454 1094 1704 1157 voluerit,
1734 1098 1913 1182 potest

337 1217 666 1278 cognoscere
712 1200 850 1268 quod
906 1196 1216 1264 antiphonae
1267 1191 1332 1243 de
1381 1187 1662 1242 nativitate
1699 1181 1910 1237 Domini

339 1272 492 1350 suam
535 1291 874 1344 nativitatem
926 1281 1231 1352 Specialitcr
1263 1283 1588 1337 monstrant,
1638 1281 1693 1326 ct
1724 1272 1789 1325 de
1817 1284 1913 1324 oc-

340 1387 478 1442 tavis
529 1381 766 1442 Domini,
818 1378 1184 1431 membrorum
1237 1383 1461 1425 suorum
1496 1365 1912 1436 copulationem.

339 1477 395 1530 In
443 1475 757 1542 antiphona,
803 1466 1026 1532 Quando
1075 1474 1229 1517 natus
1255 1478 1328 1525 es,
1367 1475 1432 1514 ex
1481 1471 1713 1528 persona
1738 1453 1917 1508 homi-

344 1571 426 1622 nis
479 1565 736 1619 Dominus
765 1558 1102 1628 appellatur;
1145 1561 1199 1607 ct
1247 1552 1297 1604 in
1329 1549 1622 1602 novissimo
1647 1546 1808 1600 homo
1841 1543 1922 1596 lo-

342 1656 526 1723 quitur
554 1651 618 1704 ad
662 1650 852 1708 Deum,
900 1645 969 1697 Te
992 1642 1264 1695 laudemus
1305 1638 1442 1690 Deus
1484 1644 1677 1689 uoster.
1708 1632 1916 1694 Tertia,

2004 460 2318 522 terpretum.

2533 537 2761 592 CAPUT
2799 535 3033 589 XXXIII.

2388 629 2462 682 De
2509 627 2646 680 Theo
2657 626 2849 694 pliania
2875 635 2921 677 et
2951 625 3190 684 ’Υπαντήο

2081 721 2255 775 Unum
2279 720 2582 774 omittimus
2612 717 2663 770 in
2695 715 3040 785 Theophania
3065 731 3129 769 ex
3160 717 3244 770 his
3281 731 3402 785 qua:
3440 716 3587 773 ceIev

2008 812 2229 865 bramus
2260 810 2313 863 in
2360 808 2642 862 nativitate
2677 805 2914 869 Domini,
2942 806 2993 858 id
3041 814 3148 869 est,
3185 806 3584 862 invitatoriam.

2012 899 2166 968 Saepe
2201 899 2402 952 dictum
2443 904 2527 950 est
2555 895 2698 965 quod
2734 895 3009 948 institutor
3035 893 3212 956 cilicii,
3244 896 3298 949 in
3320 906 3586 964 quantum

2011 989 2208 1059 potuit,
2231 989 2495 1042 actionem
2526 999 2742 1040 omnem
2774 983 2915 1038 illius
2953 984 3211 1054 temporis
3240 987 3459 1055 quando
3493 988 3586 1042 illa

2015 1079 2315 1151 agebantur
2359 1093 2479 1147 qua:
2518 1076 2808 1130 recolimus
2843 1076 2896 1130 in
2923 1076 3121 1130 usitato
3166 1078 3362 1143 oilieio,
3415 1079 3590 1133 voluit

2016 1172 2081 1224 ad
2104 1169 2421 1224 memoriam
2453 1167 2608 1220 nobis
2634 1165 2910 1221 reducere.
2955 1167 3124 1237 Igitur
3151 1169 3279 1236 quia
3333 1170 3505 1223 voluit
3533 1173 3587 1224 in

2017 1261 2122 1315 isto
2159 1261 2488 1328 distinguere
2530 1268 2770 1314 nostram
2814 1259 3010 1314 bonam
3044 1260 3434 1324 invitationem,
3481 1280 3591 1332 qua

1974 1404 1976 1406 ,
2017 1351 2315 1406 invitantur
2343 1357 2398 1403 et
2424 1350 2728 1404 excitantur
2763 1349 2948 1404 fideles
2975 1350 3042 1403 ad
3074 1349 3243 1406 Deum
3294 1351 3595 1422 deprecan-

2019 1442 2166 1504 dum,
2198 1440 2266 1494 ab
2301 1440 2613 1494 invitatione
2644 1438 2889 1502 Ilerodis,
2919 1439 3010 1508 qui
3048 1447 3333 1508 propterea
3370 1457 3599 1510 congre-

2020 1530 2166 1599 gavit
2211 1529 2417 1583 scribas
2446 1539 2497 1582 et
2525 1528 2798 1597 principes
2839 1527 3167 1591 Judteorum,
3207 1539 3266 1584 ut
3301 1530 3463 1584 sciret
3499 1531 3595 1586 ubi

2023 1621 2268 1676 Christus
2295 1629 2628 1685 nasceretur,
2659 1635 2819 1690 quem
2844 1621 3116 1690 cogitabat
3144 1622 3471 1683 interficere,
3507 1623 3598 1676 in-

346 1709 549 1796 ἡιώωη
601 1755 746 1810 quem
781 1735 974 1789 viderat
1007 1731 1233 1800 Moyses,
1275 1729 1356 1784 sic
1393 1726 1631 1794 loquitur
1677 1737 1744 1777 ex
1797 1737 1920 1791 per-
1949 1717 1995 1775 B
2023 1712 2331 1810 vitatorium
2358 1709 2516 1764 ollicii
2539 1709 2822 1810 praesentis
2847 1710 3046 1810 omisit.
3079 1709 3328 1810 Praesens
3355 1710 3599 1810 officium

344 1849 474 1887 sana
504 1831 870 1883 membrorum
899 1824 965 1878 ad
1007 1821 1102 1875 Dei
1153 1819 1490 1890 genitricem,
1533 1813 1792 1868 intercede
1825 1828 1918 1880 pro

345 1922 513 1976 nobis.
559 1919 762 1985 Quarta
794 1916 956 1969 habet
986 1915 1180 1966 iterum
1223 1909 1276 1963 in
1319 1908 1444 1972 fine,
1497 1905 1567 1958 Te
1615 1903 1916 1966 laudamus,

347 2012 488 2065 Deus
532 2019 724 2062 noster.
779 2006 979 2071 Quinta
1029 2009 1177 2054 tenet
1221 1999 1386 2053 verba
1421 1994 1644 2050 Joannis
1669 1993 1922 2062 Baptista:

345 2101 541 2170 quibus
573 2095 962 2152 demonstravit
997 2091 1289 2146 utilitatem
1319 2096 1585 2150 nostram,
1629 2101 1750 2154 qua:
1793 2083 1922 2137 data

345 2199 430 2243 est
463 2189 618 2242 nobis
657 2201 724 2240 ex
753 2185 986 2238 adventu
1011 2179 1236 2243 Christi,
1268 2177 1496 2234 dicentis
1530 2195 1543 2230 ε
1578 2175 1709 2229 Ecce
1746 2175 1923 2244 Agnus

347 2280 467 2342 Dei,
515 2294 630 2331 erce
671 2276 760 2346 qui
805 2273 938 2326 tollit
965 2279 1178 2340 peccata
1218 2268 1421 2324 mundi.
1455 2265 1768 2334 Antiphona
1805 2278 1926 2332 qua:

348 2372 400 2424 iu
430 2368 715 2438 Evangelio
754 2365 970 2426 dicitur,
1012 2370 1067 2416 et
1102 2359 1316 2414 Domini
1358 2357 1704 2428 praesentiam
1730 2355 1796 2407 ad
1824 2355 1924 2407 ho-

351 2460 526 2513 mines
553 2463 838 2520 monstrat,
869 2462 924 2507 et
947 2451 1184 2507 hominis
1223 2448 1646 2518 assumptionem
1677 2446 1745 2500 ad
1781 2459 1924 2498 cum.

353 2553 444 2606 Sic
475 2551 618 2606 enim
665 2548 798 2602 dicit
829 2565 841 2600 :
883 2543 1128 2598 Mirabile
1158 2542 1459 2612 mysterium
1485 2537 1807 2600 declaratur,
1836 2537 1930 2589 lio-

350 2643 436 2694 die
480 2642 798 2692 iunovantur
851 2645 1078 2690 naturas.
1135 2631 1415 2698 Quomodo
1462 2630 1790 2682 innovantur
1842 2641 1931 2679 na-

351 2739 484 2784 turae
511 2726 803 2796 Gregorius
830 2725 1204 2778 Nazianzenus
1258 2718 1572 2776 manifestat
1599 2719 1651 2771 in
1695 2717 1834 2771 libro
1864 2716 1930 2768 de

351 2818 603 2874 secundis
639 2815 973 2886 Epiphaniis,
1005 2814 1228 2868 dicens:
1257 2809 1397 2878 Quid
1428 2809 1494 2864 de
1534 2808 1689 2862 nobis
1729 2807 1928 2876 agitur,

353 2908 435 2962 vel
465 2921 562 2976 pro
589 2905 789 2959 nobis?
837 2903 986 2957 Nova
1023 2901 1270 2972 quasdam
1317 2906 1372 2954 et
1407 2897 1648 2953 inaudita
1703 2894 1933 2950 efficitur

356 2996 685 3067 permutatio
715 3002 1054 3056 naturarum,
1085 2999 1140 3046 et
1180 2990 1322 3044 Deus
1355 2990 1520 3042 homo
1558 2986 1635 3039 fit.
1669 2986 1737 3039 Et
1773 2984 1932 3053 paulo

2020 1801 2338 1856 nocturnale
2385 1809 2559 1856 certat
2597 1801 2852 1854 intimare
2883 1801 2984 1854 tria
3032 1800 3258 1870 insignia
3298 1802 3454 1856 nobis
3485 1817 3604 1854 ma-

2019 1893 2272 1946 nifestata
2318 1907 2416 1961 per
2461 1891 2750 1945 adventum
2787 1888 3007 1953 Christi,
3053 1891 3106 1945 id
3146 1899 3256 1955 est,
3303 1892 3601 1945 adventum

2021 1983 2316 2053 Magorum,
2361 1991 2417 2038 et
2444 1982 2768 2051 baptismum
2812 1981 3032 2046 Christi,
3089 1990 3143 2036 et
3173 1981 3501 2037 miraculum
3533 1997 3603 2035 ex

2022 2093 2161 2146 aqua
2211 2075 2412 2130 factum
2451 2090 2480 2130 a
2513 2073 2750 2128 Christo.
2800 2075 2873 2128 De
2899 2073 3138 2129 secundo
3169 2081 3227 2128 et
3252 2073 3416 2129 tertio
3442 2089 3602 2128 sum-

2022 2166 2208 2220 matim
2241 2175 2571 2219 memoratur
2595 2164 2648 2218 in
2679 2164 2835 2219 tertia
2867 2171 3152 2228 nocturna,
3183 2171 3237 2217 et
3258 2162 3312 2216 in
3346 2162 3607 2232 antiphoo

2025 2271 2116 2320 na,
2150 2254 2322 2309 Hodie
2350 2255 2540 2310 ccclein
2582 2272 2772 2325 sponso
2791 2256 2981 2326 juncta
3001 2264 3075 2309 est
3102 2253 3359 2309 Ecclesia.
3396 2254 3606 2315 Aperte

2026 2362 2153 2402 vero
2175 2355 2231 2400 et
2265 2346 2421 2416 plene
2459 2346 2523 2400 de
2557 2347 2791 2400 adventu
2823 2346 3098 2416 Magorum
3128 2346 3274 2400 canit
3304 2347 3359 2400 in
3384 2345 3604 2400 duabus

2027 2434 2398 2504 superioribus
2446 2435 2744 2489 nocturnis.
2786 2433 2919 2488 Nam
2950 2443 3004 2488 et
3039 2434 3143 2489 hoc
3181 2435 3397 2490 videtur
3424 2436 3608 2490 ordini

2026 2523 2366 2594 potissimum
2407 2539 2708 2595 congruere
2750 2533 3069 2580 ceterorum
3119 2524 3444 2580 ofﬁciorum.
3499 2527 3608 2579 Ve-

2029 2631 2151 2670 rum
2180 2615 2410 2670 cilicium
2450 2617 2595 2686 quod
2624 2616 2681 2671 in
2709 2624 2869 2672 nocte
2899 2617 3200 2671 nativitatis
3226 2615 3342 2685 ejus
3368 2618 3610 2682 canitur,

2031 2708 2097 2762 de
2129 2705 2356 2761 infantia
2393 2706 2510 2776 ejus
2563 2718 2802 2763 resonat.
2855 2708 3110 2764 Memoria
3146 2725 3266 2780 qua:
3297 2710 3491 2764 recolit
3515 2725 3617 2779 per

2030 2797 2203 2853 officia
2231 2808 2513 2853 cantorum
2539 2799 2604 2854 de
2627 2798 2835 2854 octavis
2865 2800 3076 2854 Domini
3099 2807 3154 2855 et
3189 2801 3616 2856 circumcisione

2032 2885 2164 2954 ejus,
2197 2894 2251 2940 et
2281 2885 2542 2940 scintillas
2573 2887 2742 2941 mittit
2771 2887 2837 2942 de
2861 2887 3112 2952 infantia,
3145 2888 3421 2958 similique
3450 2889 3618 2942 modo

2036 2978 2177 3049 quod
2207 2979 2384 3049 agitur
2412 2979 2462 3032 in
2499 2985 2741 3040 Ὑπαντή.
2774 2979 2983 3035 Idcirco
3023 2981 3356 3052 congruebat
3381 2989 3441 3034 ut
3478 2996 3621 3050 pra:-

359 3059 480 3156 post
527 3104 540 3139 :
587 3086 679 3138 Dei
734 3083 902 3138 Filius
953 3082 1122 3152 coepit
1167 3095 1288 3135 esse
1331 3078 1475 3133 filius
1518 3077 1774 3139 hominis,
1823 3091 1928 3129 non
1957 3059 2002 3120 C
2035 3087 2159 3127 sens
2196 3071 2428 3126 otllcium
2460 3071 2750 3141 plurimum
2798 3073 2886 3127 illa
2918 3082 3166 3144 tangeret
3195 3089 3315 3143 qua:
3351 3074 3502 3128 circa
3535 3075 3622 3128 in-

360 3192 656 3231 conversus
681 3190 748 3229 ex
774 3189 839 3228 eo
871 3173 1015 3242 quod
1043 3180 1184 3236 erat,
1211 3169 1306 3226 sed
1336 3182 1620 3223 assumens
1653 3166 1795 3235 quod
1828 3181 1933 3218 non

353 3276 493 3330 erat,
531 3277 588 3320 ut
633 3265 750 3334 capi
789 3264 959 3334 possit
991 3262 1083 3332 qui
1136 3261 1255 3330 capi
1307 3275 1414 3314 non
1456 3265 1686 3327 poterat,
1728 3265 1784 3311 et
1837 3270 1936 3325 per

356 3359 678 3412 mediantem
716 3371 937 3410 carnem
982 3355 1122 3408 sicut
1162 3353 1433 3406 velamine
1486 3351 1720 3420 quodam
1760 3349 1928 3402 inter-

359 3451 553 3520 posito,
600 3448 795 3516 alloqui
835 3462 933 3500 nos
970 3446 1162 3516 possit.
1214 3444 1479 3510 Quoniam
1529 3442 1746 3512 quidem
1794 3439 1937 3494 ferre

357 3540 624 3593 sinceram
662 3536 960 3590 divinitatis
1009 3533 1126 3601 ejus
1151 3541 1400 3587 naturam
1442 3546 1548 3586 non
1587 3537 1707 3583 erat
1749 3542 1936 3582 corru-

351 3631 558 3700 ptibilis
585 3628 742 3696 hujus
765 3636 959 3681 nostra:
983 3625 1297 3695 fragilisque
1325 3630 1553 3685 naturce,
1579 3620 1784 3674 idcirco
1805 3633 1937 3686 ergo

359 3721 706 3775 incommixta
741 3719 1060 3781 miscentur,
1105 3726 1161 3770 et
1192 3731 1298 3769 non
1325 3714 1498 3769 solum
1537 3712 1804 3766 nativitati
1836 3727 1936 3763 no-

358 3823 484 3865 strse
515 3812 654 3864 Deus
683 3811 766 3864 vel
808 3809 957 3864 carni
996 3823 1230 3877 superna
1285 3821 1462 3869 mens,
1493 3805 1579 3858 vel
1611 3803 1840 3872 tempori
1877 3803 1940 3855 il—

361 3905 447 3957 lud
475 3903 615 3971 quod
646 3913 772 3956 ante
802 3917 962 3956 omne
993 3910 1206 3970 tempus
1227 3907 1330 3963 est,
1357 3912 1545 3952 verum
1579 3897 1742 3951 etiam
1774 3896 1939 3965 virgi-

361 3993 512 4046 nitati
554 4001 740 4062 partus
779 3993 1096 4061 imponitur,
1131 4000 1187 4045 et
1217 3989 1538 4058 impassibili
1584 3988 1765 4057 passio
1813 4003 1938 4041 con-

355 4085 575 4136 ciliatur
615 4093 668 4138 et
702 4082 994 4137 immortali
1047 4081 1239 4134 mortis
1289 4079 1544 4149 poculum
1597 4079 1935 4147 propinatur.

360 4176 620 4244 Sequitur
646 4177 697 4229 in
729 4175 1025 4244 antiphona
1058 4191 1069 4225 :
1098 4172 1152 4225 id
1177 4171 1315 4243 quod
1339 4171 1462 4240 fuit,
1485 4168 1805 4239 permansit;
1834 4167 1939 4220 hoc

359 4276 463 4328 est,
499 4267 720 4318 verbum
762 4264 903 4333 quod
947 4279 1004 4318 se
1045 4263 1202 4317 nobis
1235 4261 1402 4316 voluit
1433 4259 1808 4313 demonstrare
1845 4271 1940 4325 per

364 4358 648 4410 materiam
703 4357 907 4418 carnis,
961 4363 1020 4408 ut
1058 4353 1155 4408 fuit
1199 4351 1637 4408 incommutabile
1668 4350 1848 4404 lumen
1887 4356 1943 4402 et

366 4449 505 4502 D..-us
547 4455 800 4507 internus.
833 4447 912 4500 sic
940 4443 1255 4514 permansit,
1295 4457 1401 4496 non
1443 4449 1706 4494 mutatum
1744 4439 1798 4493 in
1845 4437 1944 4491 ali-

361 4554 522 4607 quam
568 4546 898 4593 creaturam.
929 4535 1207 4604 Sequitur.
1241 4535 1310 4588 Et
1355 4533 1496 4602 quod
1541 4549 1645 4586 non
1689 4541 1822 4593 erat,
1856 4547 1943 4584 as-

360 4631 604 4698 sumpsit.
645 4629 739 4684 His
767 4627 950 4682 verbis
981 4635 1318 4681 monstratur
1343 4625 1644 4692 assumptio
1667 4622 1938 4676 hominis:

363 4719 615 4787 quoniam
644 4719 895 4774 Christus
936 4717 1210 4772 hominem
1264 4717 1516 4785 dignatus
1549 4722 1632 4770 est
1661 4727 1943 4767 assumere

366 4812 420 4864 in
453 4825 611 4862 unam
635 4809 992 4878 eamdemque
1021 4823 1308 4878 personam
1333 4807 1449 4869 Dei,
1479 4807 1672 4859 merito
1700 4803 1942 4858 membra

363 4899 561 4970 capitis
583 4900 836 4953 dicuntur
861 4900 1122 4954 transisse
1146 4898 1200 4952 in
1231 4897 1420 4952 Deum.
1452 4895 1604 4951 Unde
1617 4895 1949 4964 Augustinus

367 4991 421 5045 iu
450 5003 700 5044 sermone
743 4988 1004 5044 vicesimo
1041 4997 1195 5044 sexto
1236 5003 1400 5058 super
1451 4987 1716 5042 Joannem
1762 5006 1773 5040 :
1809 4987 1946 5053 Quid

363 5086 450 5133 est
493 5091 624 5146 ergo
662 5077 882 5131 credere
921 5077 975 5130 in
1020 5079 1187 5132 eum?
1243 5077 1528 5132 Credendo
1587 5091 1792 5140 amare,
1831 5091 1948 5131 creo

363 5168 543 5223 dendo
578 5167 823 5237 diligere,
873 5169 1145 5223 crc.lendo
1195 5169 1248 5222 in
1289 5183 1412 5222 eum
1440 5167 1520 5221 ire
1553 5177 1606 5221 et
1634 5169 1751 5236 ejus
1780 5183 1949 5222 mem-

363 5258 479 5312 bris
505 5257 860 5327 incorporari.
885 5255 1144 5326 Sequitur
1172 5276 1184 5310 :
1216 5256 1330 5312 Non
1360 5258 1800 5312 eommixtioaem
1829 5272 1948 5327 pas-

364 5361 479 5411 sus,
515 5361 686 5415 neque
706 5345 1062 5410 divisionem;
1095 5346 1307 5400 scilicet
1337 5361 1442 5399 non
1469 5356 1550 5400 est
1577 5361 1772 5415 passus
1800 5346 1946 5400 illam

365 5439 809 5493 commixtionem
841 5453 1003 5506 quam
1048 5438 1178 5492 dicit
1228 5437 1499 5492 Saliellius
1543 5439 1596 5492 iu
1632 5454 1793 5492 unam
1821 5454 1948 5508 per-

367 5544 554 5580 sonam
621 5528 797 5583 Patris
848 5537 903 5583 et
960 5527 1106 5593 Filii,
1171 5543 1347 5596 neque
1411 5527 1556 5580 illam
1623 5528 1946 5582 divisionem

373 5629 531 5682 quam
566 5617 796 5675 blaterat
854 5618 1036 5676 Arius.
1102 5619 1179 5677 Do
1237 5619 1658 5675 circumcisione
1730 5619 1946 5675 Domini

2038 3161 2260 3216 fantium
2293 3163 2409 3232 ejus
2434 3172 2581 3232 gesta
2609 3171 2753 3218 sunt.
2802 3162 2911 3219 Nec
2941 3180 3046 3217 non
3092 3173 3146 3218 et
3193 3165 3474 3235 apostolici
3519 3164 3625 3220 vin'

2037 3255 2351 3326 satagebant
2381 3255 2704 3325 baptismum
2733 3256 3039 3327 generalem
3069 3257 3364 3312 transferre
3394 3261 3461 3313 de
3483 3275 3627 3327 pra":-

2038 3349 2176 3402 senti
2205 3346 2499 3402 festivitate
2539 3347 2590 3401 in
2642 3347 2988 3404 festivitatem
3031 3348 3251 3404 Pascha:
3282 3359 3337 3404 et
3359 3349 3626 3406 Penteco-

2039 3447 2187 3501 stes;
2231 3453 2389 3507 quem
2431 3448 2718 3508 propterea
2763 3441 2916 3494 multi
2961 3441 3245 3496 certabant
3273 3441 3626 3512 frequentare

2041 3528 2094 3580 in
2143 3527 2244 3581 ista
2286 3529 2598 3594 festivitate,
2654 3530 2779 3598 quia
2812 3530 2865 3584 in
2912 3531 3028 3600 ipsa
3081 3548 3110 3586 a
3148 3533 3334 3587 multis
3379 3535 3628 3593 creditur

2040 3619 2302 3675 Dominus
2341 3621 2646 3689 baptizatus
2673 3637 2793 3676 esse
2823 3637 2852 3675 a
2885 3620 3113 3678 Joanne.
3145 3623 3297 3679 Unde
3337 3635 3522 3695 potest
3547 3629 3625 3679 vi-

2041 3711 2157 3765 deri
2195 3713 2260 3765 ab
2288 3711 2465 3765 ollicio
2511 3712 2794 3781 pnesentis
2827 3713 3142 3767 summatim
3169 3715 3372 3768 dictum
3403 3730 3527 3769 esse
3558 3715 3626 3769 de

2041 3801 2312 3870 baptismo
2341 3801 2476 3870 ejus,
2526 3808 2581 3856 ct
2624 3801 2781 3870 plene
2817 3801 2884 3857 de
2930 3804 3162 3857 adventu
3206 3803 3510 3874 Magorum.
3557 3803 3630 3859 L't

2041 3890 2252 3960 plenius
2314 3891 2431 3946 haec
2480 3891 2799 3956 clarescant,
2855 3893 3038 3946 insero
3079 3893 3222 3962 quod
3257 3893 3316 3948 S.
3349 3894 3460 3948 Leo
3485 3911 3629 3965 papa

2042 3982 2260 4052 scripsit
2300 3982 2366 4036 de
2393 3983 2706 4038 memoratis
2746 3981 3154 4049 festivitatibus,
3178 3983 3366 4038 dicens
3400 3986 3455 4038 in
3480 3987 3634 4054 capi-

2047 4076 2156 4129 tulo
2200 4085 2393 4130 octavo
2443 4075 2800 4131 Decretalium
2833 4095 2844 4130 :
2874 4077 3020 4132 Ordo
3069 4095 3250 4133 rerum
3301 4095 3401 4150 per
3441 4079 3630 4136 Jesum

2045 4165 2322 4221 Christum
2351 4167 2637 4222 Dominum
2671 4175 2915 4222 nostrum
2956 4169 3325 4240 temporaliter
3361 4173 3632 4241 gerenda-

2046 4272 2165 4310 rum
2197 4257 2250 4310 in
2283 4257 2654 4311 incarnatione
2681 4257 2844 4312 Verbi
2874 4260 3105 4328 sumpsit
3131 4261 3434 4314 exordium.
3474 4261 3634 4318 Unc'e

2045 4345 2192 4400 aliud
2247 4354 2457 4416 tempus
2507 4355 2608 4412 est,
2644 4361 2770 4416 quo,
2818 4347 3176 4402 annuntiantc
3225 4347 3436 4418 angelo,
3468 4349 3630 4403 beata

2046 4437 2200 4507 virgo
2238 4435 2403 4490 Maria
2453 4436 2846 4492 fecundandam
2874 4453 2930 4492 se
2959 4453 3058 4507 per
3085 4437 3346 4508 Spiritum
3378 4449 3630 4493 sanctum

2046 4526 2275 4580 credidit
2319 4533 2373 4581 et
2425 4527 2703 4597 concepit;
2753 4527 2896 4581 aliud
2945 4543 3074 4596 quo,
3115 4529 3263 4583 salva
3314 4531 3630 4600 integritaIe

2046 4619 2307 4688 virginea,
2340 4633 2474 4688 puer
2498 4619 2696 4683 editus,
2746 4619 3055 4674 exsultante
3094 4621 3290 4691 gaudio
3314 4623 3626 4676 antestium

2046 4711 2441 4775 ministrorum,
2494 4713 2804 4782 pastoribus
2855 4713 3156 4778 indicatur;
3193 4714 3358 4778 aliud,
3411 4731 3521 4784 quo
3551 4717 3635 4769 in-

2049 4800 2171 4857 fans
2197 4803 2640 4867 circumciditur;
2668 4803 2835 4868 aliud,
2858 4819 2966 4874 quo
2998 4804 3176 4860 hostia
3207 4819 3308 4874 pro
3343 4821 3412 4860 eo
3441 4807 3633 4877 legalis

2050 4895 2306 4959 offertur;
2358 4896 2524 4963 aliud,
2562 4912 2686 4951 cum
2709 4905 2821 4951 tres
2852 4897 3013 4967 Magi,
3042 4897 3293 4952 claritate
3324 4899 3453 4954 novi
3477 4899 3626 4953 side-

2050 4986 2126 5040 ris
2154 4987 2381 5046 incitati.
2412 4987 2466 5039 in
2490 4987 2803 5043 Bethlebem
2841 4989 2911 5043 ab
2935 4988 3158 5044 Oriente
3194 4991 3544 5059 perveniunt,
3575 4998 3630 5042 et

2051 5077 2280 5132 adorant
2307 5077 2608 5147 parvulum,
2651 5080 2880 5150 mystica
2913 5093 3201 5134 munerum
3225 5079 3503 5135 oblatione
3539 5095 3634 5133 ve-

2051 5175 2331 5220 nerantur.
2381 5165 2490 5221 Nec
2534 5167 2697 5222 iidem
2744 5177 2871 5222 sunt
2922 5169 3041 5223 dies
3080 5169 3277 5238 quibus
3321 5170 3489 5238 impio
3527 5167 3626 5222 He-

2051 5255 2190 5319 rodi,
2231 5257 2480 5311 ordinata
2510 5258 2770 5313 divinitus
2818 5259 2873 5312 in
2905 5257 3203 5329 Egyptum
3247 5259 3631 5318 translatione.

2049 5348 2361 5402 subtractus
2404 5357 2508 5412 est,
2539 5349 2626 5404 vel
2651 5351 2850 5419 quibus
2881 5351 2947 5405 ab
2988 5350 3222 5420 (Egypto
3244 5351 3296 5402 in
3327 5348 3633 5403 Galilaeam.

2050 5447 2264 5493 mortuo
2294 5450 2637 5508 persecutore
2682 5449 2908 5496 vocatus
2958 5450 3064 5495 est.
3111 5442 3256 5494 Inter
3319 5441 3423 5495 has
3450 5448 3634 5494 autem

2051 5529 2512 5595 dispensationum
2558 5530 2852 5584 varietates
2881 5531 3147 5585 accedunt
3173 5541 3466 5596 augmenta
3503 5544 3635 5582 cor-

2052 5633 2234 5688 porea.
2270 5619 2480 5673 Crescit
2509 5619 2786 5688 Dominus,
2833 5620 2974 5674 sicut
3001 5620 3332 5692 evangelista
3375 5629 3626 5676 testatur.
