  <div class='ocr_page' id='page_1' title='image "/cluster/home/n/w/nwhite01/storage/ocr_20150623/105/hvd.32044054759709/620.png"; bbox 0 0 3938 6178; ppageno 0'>
   <div class='ocr_carea' id='block_1_1' title="bbox 303 333 442 392">
    <p class='ocr_par' dir='ltr' id='par_1_1' title="bbox 303 333 442 392">
     <span class='ocr_line' id='line_1_1' title="bbox 303 333 442 392; baseline 0.014 -2"><span class='ocrx_word' id='word_1_1' title='bbox 303 333 442 392; x_wconf 59' lang='lat'><strong>1915</strong></span> 
     </span>
    </p>
   </div>
   <div class='ocr_carea' id='block_1_2' title="bbox 1052 308 2774 392">
    <p class='ocr_par' dir='ltr' id='par_1_2' title="bbox 1052 308 2774 392">
     <span class='ocr_line' id='line_1_2' title="bbox 1052 308 2774 392; baseline -0.003 -1"><span class='ocrx_word' id='word_1_2' title='bbox 1052 336 1140 391; x_wconf 84' lang='lat' dir='ltr'><strong>DE</strong></span> <span class='ocrx_word' id='word_1_3' title='bbox 1179 331 1733 392; x_wconf 66' lang='lat' dir='ltr'><strong>sccmsmsrtms</strong></span> <span class='ocrx_word' id='word_1_4' title='bbox 1773 326 2059 388; x_wconf 75' lang='lat' dir='ltr'><strong>ornans</strong></span> <span class='ocrx_word' id='word_1_5' title='bbox 2093 308 2399 386; x_wconf 62' lang='lat' dir='ltr'><strong>usuin:</strong></span> <span class='ocrx_word' id='word_1_6' title='bbox 2436 362 2506 372; x_wconf 88' lang='lat'>—</span> <span class='ocrx_word' id='word_1_7' title='bbox 2549 330 2672 386; x_wconf 81' lang='lat' dir='ltr'><strong>us.</strong></span> <span class='ocrx_word' id='word_1_8' title='bbox 2714 332 2774 386; x_wconf 74' lang='lat' dir='ltr'><strong>lt</strong></span> 
     </span>
    </p>
   </div>
   <div class='ocr_carea' id='block_1_3' title="bbox 3390 288 3546 386">
    <p class='ocr_par' dir='ltr' id='par_1_3' title="bbox 3390 288 3546 386">
     <span class='ocr_line' id='line_1_3' title="bbox 3390 288 3546 386; baseline 0 0"><span class='ocrx_word' id='word_1_9' title='bbox 3390 288 3546 386; x_wconf 20' lang='lat' dir='ltr'><strong>imo</strong></span> 
     </span>
    </p>
   </div>
   <div class='ocr_carea' id='block_1_4' title="bbox 270 440 3550 522">
    <p class='ocr_par' dir='ltr' id='par_1_4' title="bbox 270 440 3550 522">
     <span class='ocr_line' id='line_1_4' title="bbox 270 440 3550 522; baseline -0.002 -18"><span class='ocrx_word' id='word_1_10' title='bbox 270 447 633 522; x_wconf 73' lang='lat' dir='ltr'><strong>profectibus</strong></span> <span class='ocrx_word' id='word_1_11' title='bbox 661 453 716 502; x_wconf 89' lang='lat' dir='ltr'><strong>et</strong></span> <span class='ocrx_word' id='word_1_12' title='bbox 759 447 937 502; x_wconf 64' lang='lat' dir='ltr'><strong>aetatis</strong></span> <span class='ocrx_word' id='word_1_13' title='bbox 961 447 1172 518; x_wconf 71' lang='lat' dir='ltr'><strong>gratim.</strong></span> <span class='ocrx_word' id='word_1_14' title='bbox 1223 446 1408 503; x_wconf 85' lang='lat' dir='ltr'><strong>Tertia</strong></span> <span class='ocrx_word' id='word_1_15' title='bbox 1435 455 1700 503; x_wconf 87' lang='lat' dir='ltr'><strong>nocturna</strong></span> <span class='ocrx_word' id='word_1_16' title='bbox 1732 461 1872 517; x_wconf 72' lang='lat' dir='ltr'><strong>prae-</strong></span> <span class='ocrx_word' id='word_1_17' title='bbox 1900 450 1948 506; x_wconf 85' lang='grc' dir='ltr'>Α</span> <span class='ocrx_word' id='word_1_18' title='bbox 1975 441 2104 497; x_wconf 89' lang='lat' dir='ltr'><strong>stris</strong></span> <span class='ocrx_word' id='word_1_19' title='bbox 2150 440 2369 507; x_wconf 75' lang='lat' dir='ltr'><strong>inferni,</strong></span> <span class='ocrx_word' id='word_1_20' title='bbox 2403 452 2458 498; x_wconf 88' lang='lat' dir='ltr'><strong>et</strong></span> <span class='ocrx_word' id='word_1_21' title='bbox 2489 441 2790 512; x_wconf 84' lang='lat' dir='ltr'><strong>perducunt</strong></span> <span class='ocrx_word' id='word_1_22' title='bbox 2828 455 2998 511; x_wconf 87' lang='lat' dir='ltr'><strong>usque</strong></span> <span class='ocrx_word' id='word_1_23' title='bbox 3026 443 3094 498; x_wconf 85' lang='lat' dir='ltr'><strong>ad</strong></span> <span class='ocrx_word' id='word_1_24' title='bbox 3120 441 3384 500; x_wconf 74' lang='lat' dir='ltr'><strong>visionem</strong></span> <span class='ocrx_word' id='word_1_25' title='bbox 3407 458 3550 498; x_wconf 83' lang='lat' dir='ltr'><strong>sem-</strong></span> 
     </span>
    </p>
   </div>
   <div class='ocr_carea' id='block_1_5' title="bbox 276 537 1868 604">
    <p class='ocr_par' dir='ltr' id='par_1_5' title="bbox 276 537 1868 604">
     <span class='ocr_line' id='line_1_5' title="bbox 276 537 1868 604; baseline -0.005 -6"><span class='ocrx_word' id='word_1_26' title='bbox 276 542 473 598; x_wconf 83' lang='lat' dir='ltr'><strong>-sentis</strong></span> <span class='ocrx_word' id='word_1_27' title='bbox 510 538 819 595; x_wconf 74' lang='lat' dir='ltr'><strong>festivitatis</strong></span> <span class='ocrx_word' id='word_1_28' title='bbox 848 539 1039 594; x_wconf 80' lang='lat' dir='ltr'><strong>recolit</strong></span> <span class='ocrx_word' id='word_1_29' title='bbox 1076 546 1190 595; x_wconf 92' lang='lat' dir='ltr'><strong>tres</strong></span> <span class='ocrx_word' id='word_1_30' title='bbox 1218 540 1480 596; x_wconf 85' lang='lat' dir='ltr'><strong>terminos</strong></span> <span class='ocrx_word' id='word_1_31' title='bbox 1506 537 1868 604; x_wconf 84' lang='lat' dir='ltr'><strong>credentium,</strong></span> 
     </span>
    </p>
   </div>
   <div class='ocr_carea' id='block_1_6' title="bbox 301 630 1867 706">
    <p class='ocr_par' dir='ltr' id='par_1_6' title="bbox 301 630 1867 706">
     <span class='ocr_line' id='line_1_6' title="bbox 301 630 1867 706; baseline -0.001 -19"><span class='ocrx_word' id='word_1_32' title='bbox 301 632 355 687; x_wconf 92' lang='lat' dir='ltr'><strong>id</strong></span> <span class='ocrx_word' id='word_1_33' title='bbox 382 641 490 697; x_wconf 89' lang='lat' dir='ltr'><strong>est,</strong></span> <span class='ocrx_word' id='word_1_34' title='bbox 536 632 716 704; x_wconf 85' lang='lat' dir='ltr'><strong>populi</strong></span> <span class='ocrx_word' id='word_1_35' title='bbox 747 632 958 690; x_wconf 89' lang='lat' dir='ltr'><strong>Iudaici</strong></span> <span class='ocrx_word' id='word_1_36' title='bbox 984 630 1114 691; x_wconf 84' lang='lat' dir='ltr'><strong>’ante</strong></span> <span class='ocrx_word' id='word_1_37' title='bbox 1158 636 1526 706; x_wconf 90' lang='lat' dir='ltr'><strong>receptionem</strong></span> <span class='ocrx_word' id='word_1_38' title='bbox 1552 631 1867 705; x_wconf 78' lang='lat' dir='ltr'><strong>gentilium;</strong></span> 
     </span>
    </p>
   </div>
   <div class='ocr_carea' id='block_1_7' title="bbox 294 723 1868 799">
    <p class='ocr_par' dir='ltr' id='par_1_7' title="bbox 294 723 1868 799">
     <span class='ocr_line' id='line_1_7' title="bbox 294 723 1868 799; baseline -0.001 -19"><span class='ocrx_word' id='word_1_39' title='bbox 294 725 515 797; x_wconf 76' lang='lat' dir='ltr'><strong>gentilis</strong></span> <span class='ocrx_word' id='word_1_40' title='bbox 556 726 739 796; x_wconf 86' lang='lat' dir='ltr'><strong>populi</strong></span> <span class='ocrx_word' id='word_1_41' title='bbox 783 735 904 799; x_wconf 90' lang='lat' dir='ltr'><strong>post</strong></span> <span class='ocrx_word' id='word_1_42' title='bbox 965 727 1327 798; x_wconf 86' lang='lat' dir='ltr'><strong>repulsionem</strong></span> <span class='ocrx_word' id='word_1_43' title='bbox 1380 723 1620 781; x_wconf 68' lang='lat' dir='ltr'><strong>Iudaica:</strong></span> <span class='ocrx_word' id='word_1_44' title='bbox 1669 724 1868 794; x_wconf 85' lang='lat' dir='ltr'><strong>plebis,</strong></span> 
     </span>
    </p>
   </div>
   <div class='ocr_carea' id='block_1_8' title="bbox 293 815 1870 886">
    <p class='ocr_par' dir='ltr' id='par_1_8' title="bbox 293 815 1870 886">
     <span class='ocr_line' id='line_1_8' title="bbox 293 815 1870 886; baseline -0.001 -17"><span class='ocrx_word' id='word_1_45' title='bbox 293 815 489 870; x_wconf 80' lang='lat' dir='ltr'><strong>iterum</strong></span> <span class='ocrx_word' id='word_1_46' title='bbox 536 816 721 886; x_wconf 78' lang='lat' dir='ltr'><strong>papuli</strong></span> <span class='ocrx_word' id='word_1_47' title='bbox 758 815 971 871; x_wconf 88' lang='lat' dir='ltr'><strong>Iudaici</strong></span> <span class='ocrx_word' id='word_1_48' title='bbox 1027 817 1081 870; x_wconf 91' lang='lat' dir='ltr'><strong>in</strong></span> <span class='ocrx_word' id='word_1_49' title='bbox 1127 816 1289 871; x_wconf 82' lang='lat' dir='ltr'><strong>linem</strong></span> <span class='ocrx_word' id='word_1_50' title='bbox 1330 815 1536 870; x_wconf 87' lang='lat' dir='ltr'><strong>mundi.</strong></span> <span class='ocrx_word' id='word_1_51' title='bbox 1590 815 1648 870; x_wconf 90' lang='lat' dir='ltr'><strong>ln</strong></span> <span class='ocrx_word' id='word_1_52' title='bbox 1694 815 1870 884; x_wconf 92' lang='lat' dir='ltr'><strong>prima</strong></span> 
     </span>
    </p>
   </div>
   <div class='ocr_carea' id='block_1_9' title="bbox 260 907 1874 979">
    <p class='ocr_par' dir='ltr' id='par_1_9' title="bbox 260 907 1874 979">
     <span class='ocr_line' id='line_1_9' title="bbox 260 907 1874 979; baseline -0.002 -16"><span class='ocrx_word' id='word_1_53' title='bbox 260 916 556 963; x_wconf 79' lang='lat' dir='ltr'><strong>.nocturna</strong></span> <span class='ocrx_word' id='word_1_54' title='bbox 591 907 848 962; x_wconf 87' lang='lat' dir='ltr'><strong>recolitur</strong></span> <span class='ocrx_word' id='word_1_55' title='bbox 885 908 1191 964; x_wconf 88' lang='lat' dir='ltr'><strong>intellectus</strong></span> <span class='ocrx_word' id='word_1_56' title='bbox 1239 907 1537 979; x_wconf 77' lang='lat' dir='ltr'><strong>Magorum,</strong></span> <span class='ocrx_word' id='word_1_57' title='bbox 1591 908 1685 977; x_wconf 90' lang='lat' dir='ltr'><strong>qui</strong></span> <span class='ocrx_word' id='word_1_58' title='bbox 1715 907 1874 963; x_wconf 80' lang='lat' dir='ltr'><strong>Chri-</strong></span> 
     </span>
    </p>
   </div>
   <div class='ocr_carea' id='block_1_10' title="bbox 288 997 1871 1055">
    <p class='ocr_par' dir='ltr' id='par_1_10' title="bbox 288 997 1871 1055">
     <span class='ocr_line' id='line_1_10' title="bbox 288 997 1871 1055; baseline -0.002 -1"><span class='ocrx_word' id='word_1_59' title='bbox 288 1006 434 1054; x_wconf 84' lang='lat' dir='ltr'><strong>stum</strong></span> <span class='ocrx_word' id='word_1_60' title='bbox 466 998 850 1053; x_wconf 82' lang='lat' dir='ltr'><strong>intellexerunt</strong></span> <span class='ocrx_word' id='word_1_61' title='bbox 881 998 1050 1054; x_wconf 84' lang='lat' dir='ltr'><strong>Deum</strong></span> <span class='ocrx_word' id='word_1_62' title='bbox 1080 1014 1230 1055; x_wconf 89' lang='lat' dir='ltr'><strong>esse.</strong></span> <span class='ocrx_word' id='word_1_63' title='bbox 1264 998 1322 1053; x_wconf 81' lang='lat' dir='ltr'><strong>In</strong></span> <span class='ocrx_word' id='word_1_64' title='bbox 1344 997 1580 1054; x_wconf 84' lang='lat' dir='ltr'><strong>secunda</strong></span> <span class='ocrx_word' id='word_1_65' title='bbox 1603 1006 1871 1053; x_wconf 88' lang='lat' dir='ltr'><strong>nocturna</strong></span> 
     </span>
    </p>
   </div>
   <div class='ocr_carea' id='block_1_11' title="bbox 290 1092 1867 1165">
    <p class='ocr_par' dir='ltr' id='par_1_11' title="bbox 290 1092 1867 1165">
     <span class='ocr_line' id='line_1_11' title="bbox 290 1092 1867 1165; baseline -0.001 -15"><span class='ocrx_word' id='word_1_66' title='bbox 290 1094 435 1151; x_wconf 88' lang='lat' dir='ltr'><strong>idem</strong></span> <span class='ocrx_word' id='word_1_67' title='bbox 458 1092 787 1156; x_wconf 87' lang='lat' dir='ltr'><strong>intellectus,</strong></span> <span class='ocrx_word' id='word_1_68' title='bbox 811 1094 901 1162; x_wconf 87' lang='lat' dir='ltr'><strong>qui</strong></span> <span class='ocrx_word' id='word_1_69' title='bbox 920 1094 1188 1165; x_wconf 89' lang='lat' dir='ltr'><strong>conspicit</strong></span> <span class='ocrx_word' id='word_1_70' title='bbox 1207 1092 1488 1149; x_wconf 85' lang='lat' dir='ltr'><strong>Christum</strong></span> <span class='ocrx_word' id='word_1_71' title='bbox 1512 1109 1694 1165; x_wconf 81' lang='lat' dir='ltr'><strong>regem</strong></span> <span class='ocrx_word' id='word_1_72' title='bbox 1716 1108 1867 1160; x_wconf 87' lang='lat' dir='ltr'><strong>esse;</strong></span> 
     </span>
    </p>
   </div>
   <div class='ocr_carea' id='block_1_12' title="bbox 288 1183 1868 1255">
    <p class='ocr_par' dir='ltr' id='par_1_12' title="bbox 288 1183 1868 1255">
     <span class='ocr_line' id='line_1_12' title="bbox 288 1183 1868 1255; baseline -0.001 -15"><span class='ocrx_word' id='word_1_73' title='bbox 288 1185 349 1240; x_wconf 83' lang='lat' dir='ltr'><strong>in</strong></span> <span class='ocrx_word' id='word_1_74' title='bbox 392 1185 596 1247; x_wconf 55' lang='lat' dir='ltr'><strong>tertia,</strong></span> <span class='ocrx_word' id='word_1_75' title='bbox 621 1184 715 1253; x_wconf 90' lang='lat' dir='ltr'><strong>qui</strong></span> <span class='ocrx_word' id='word_1_76' title='bbox 755 1184 1023 1255; x_wconf 88' lang='lat' dir='ltr'><strong>conspicit</strong></span> <span class='ocrx_word' id='word_1_77' title='bbox 1064 1184 1341 1240; x_wconf 84' lang='lat' dir='ltr'><strong>Christum</strong></span> <span class='ocrx_word' id='word_1_78' title='bbox 1392 1186 1463 1239; x_wconf 90' lang='lat' dir='ltr'><strong>ad</strong></span> <span class='ocrx_word' id='word_1_79' title='bbox 1498 1186 1603 1240; x_wconf 87' lang='lat' dir='ltr'><strong>hoc</strong></span> <span class='ocrx_word' id='word_1_80' title='bbox 1629 1183 1868 1249; x_wconf 77' lang='lat' dir='ltr'><strong>venisse,</strong></span> 
     </span>
    </p>
   </div>
   <div class='ocr_carea' id='block_1_13' title="bbox 285 1273 1872 1345">
    <p class='ocr_par' dir='ltr' id='par_1_13' title="bbox 285 1273 1872 1345">
     <span class='ocr_line' id='line_1_13' title="bbox 285 1273 1872 1345; baseline 0.001 -16"><span class='ocrx_word' id='word_1_81' title='bbox 285 1281 351 1328; x_wconf 80' lang='lat' dir='ltr'><strong>ut</strong></span> <span class='ocrx_word' id='word_1_82' title='bbox 376 1273 598 1329; x_wconf 85' lang='lat' dir='ltr'><strong>doceret</strong></span> <span class='ocrx_word' id='word_1_83' title='bbox 625 1274 875 1329; x_wconf 83' lang='lat' dir='ltr'><strong>homines</strong></span> <span class='ocrx_word' id='word_1_84' title='bbox 918 1289 1018 1330; x_wconf 89' lang='lat' dir='ltr'><strong>suo</strong></span> <span class='ocrx_word' id='word_1_85' title='bbox 1050 1275 1319 1345; x_wconf 87' lang='lat' dir='ltr'><strong>baptismo</strong></span> <span class='ocrx_word' id='word_1_86' title='bbox 1368 1275 1739 1330; x_wconf 86' lang='lat' dir='ltr'><strong>necessarium</strong></span> <span class='ocrx_word' id='word_1_87' title='bbox 1790 1275 1872 1330; x_wconf 89' lang='lat' dir='ltr'><strong>eis</strong></span> 
     </span>
    </p>
   </div>
   <div class='ocr_carea' id='block_1_14' title="bbox 282 1364 1872 1435">
    <p class='ocr_par' dir='ltr' id='par_1_14' title="bbox 282 1364 1872 1435">
     <span class='ocr_line' id='line_1_14' title="bbox 282 1364 1872 1435; baseline 0.001 -16"><span class='ocrx_word' id='word_1_88' title='bbox 282 1378 414 1425; x_wconf 85' lang='lat' dir='ltr'><strong>esse</strong></span> <span class='ocrx_word' id='word_1_89' title='bbox 442 1364 729 1434; x_wconf 80' lang='lat' dir='ltr'><strong>baptizari,</strong></span> <span class='ocrx_word' id='word_1_90' title='bbox 757 1374 813 1420; x_wconf 90' lang='lat' dir='ltr'><strong>et</strong></span> <span class='ocrx_word' id='word_1_91' title='bbox 840 1380 939 1434; x_wconf 89' lang='lat' dir='ltr'><strong>per</strong></span> <span class='ocrx_word' id='word_1_92' title='bbox 961 1364 1288 1435; x_wconf 88' lang='lat' dir='ltr'><strong>baptismum</strong></span> <span class='ocrx_word' id='word_1_93' title='bbox 1320 1366 1457 1420; x_wconf 90' lang='lat' dir='ltr'><strong>mori</strong></span> <span class='ocrx_word' id='word_1_94' title='bbox 1484 1367 1626 1435; x_wconf 90' lang='lat' dir='ltr'><strong>patri</strong></span> <span class='ocrx_word' id='word_1_95' title='bbox 1654 1366 1872 1422; x_wconf 80' lang='lat' dir='ltr'><strong>diabolo</strong></span> 
     </span>
    </p>
   </div>
   <div class='ocr_carea' id='block_1_15' title="bbox 289 1456 1875 1529">
    <p class='ocr_par' dir='ltr' id='par_1_15' title="bbox 289 1456 1875 1529">
     <span class='ocr_line' id='line_1_15' title="bbox 289 1456 1875 1529; baseline 0 -17"><span class='ocrx_word' id='word_1_96' title='bbox 289 1466 345 1512; x_wconf 88' lang='lat' dir='ltr'><strong>et</strong></span> <span class='ocrx_word' id='word_1_97' title='bbox 371 1458 629 1527; x_wconf 86' lang='lat' dir='ltr'><strong>operibus</strong></span> <span class='ocrx_word' id='word_1_98' title='bbox 669 1458 808 1529; x_wconf 90' lang='lat' dir='ltr'><strong>ejus,</strong></span> <span class='ocrx_word' id='word_1_99' title='bbox 835 1466 891 1512; x_wconf 90' lang='lat' dir='ltr'><strong>et</strong></span> <span class='ocrx_word' id='word_1_100' title='bbox 914 1458 1129 1528; x_wconf 84' lang='lat' dir='ltr'><strong>pompis</strong></span> <span class='ocrx_word' id='word_1_101' title='bbox 1152 1456 1270 1527; x_wconf 87' lang='lat' dir='ltr'><strong>ejus</strong></span> <span class='ocrx_word' id='word_1_102' title='bbox 1301 1476 1316 1512; x_wconf 92' lang='lat'><strong>:</strong></span> <span class='ocrx_word' id='word_1_103' title='bbox 1346 1459 1402 1513; x_wconf 83' lang='lat' dir='ltr'><strong>in</strong></span> <span class='ocrx_word' id='word_1_104' title='bbox 1425 1457 1693 1528; x_wconf 87' lang='lat' dir='ltr'><strong>baptismo</strong></span> <span class='ocrx_word' id='word_1_105' title='bbox 1715 1457 1875 1513; x_wconf 83' lang='lat' dir='ltr'><strong>Chri-</strong></span> 
     </span>
    </p>
   </div>
   <div class='ocr_carea' id='block_1_16' title="bbox 289 1549 1868 1621">
    <p class='ocr_par' dir='ltr' id='par_1_16' title="bbox 289 1549 1868 1621">
     <span class='ocr_line' id='line_1_16' title="bbox 289 1549 1868 1621; baseline -0.001 -16"><span class='ocrx_word' id='word_1_106' title='bbox 289 1552 359 1605; x_wconf 87' lang='lat' dir='ltr'><strong>sti</strong></span> <span class='ocrx_word' id='word_1_107' title='bbox 388 1566 535 1605; x_wconf 89' lang='lat' dir='ltr'><strong>mors</strong></span> <span class='ocrx_word' id='word_1_108' title='bbox 559 1559 615 1605; x_wconf 88' lang='lat' dir='ltr'><strong>et</strong></span> <span class='ocrx_word' id='word_1_109' title='bbox 653 1551 928 1621; x_wconf 84' lang='lat' dir='ltr'><strong>sepultura</strong></span> <span class='ocrx_word' id='word_1_110' title='bbox 968 1549 1086 1620; x_wconf 89' lang='lat' dir='ltr'><strong>ejus</strong></span> <span class='ocrx_word' id='word_1_111' title='bbox 1127 1551 1409 1606; x_wconf 88' lang='lat' dir='ltr'><strong>recolitur.</strong></span> <span class='ocrx_word' id='word_1_112' title='bbox 1448 1550 1605 1605; x_wconf 79' lang='lat' dir='ltr'><strong>Hanc</strong></span> <span class='ocrx_word' id='word_1_113' title='bbox 1643 1551 1868 1605; x_wconf 90' lang='lat' dir='ltr'><strong>tertiam</strong></span> 
     </span>
    </p>
   </div>
   <div class='ocr_carea' id='block_1_17' title="bbox 284 1641 1872 1712">
    <p class='ocr_par' dir='ltr' id='par_1_17' title="bbox 284 1641 1872 1712">
     <span class='ocr_line' id='line_1_17' title="bbox 284 1641 1872 1712; baseline -0.003 -13"><span class='ocrx_word' id='word_1_114' title='bbox 284 1643 603 1712; x_wconf 86' lang='lat' dir='ltr'><strong>periocbam</strong></span> <span class='ocrx_word' id='word_1_115' title='bbox 633 1642 924 1698; x_wconf 85' lang='lat' dir='ltr'><strong>recolimus</strong></span> <span class='ocrx_word' id='word_1_116' title='bbox 948 1657 1048 1697; x_wconf 86' lang='lat' dir='ltr'><strong>uer</strong></span> <span class='ocrx_word' id='word_1_117' title='bbox 1076 1644 1335 1698; x_wconf 85' lang='lat' dir='ltr'><strong>introitus</strong></span> <span class='ocrx_word' id='word_1_118' title='bbox 1362 1641 1545 1697; x_wconf 74' lang='lat' dir='ltr'><strong>missa:</strong></span> <span class='ocrx_word' id='word_1_119' title='bbox 1570 1641 1639 1696; x_wconf 87' lang='lat' dir='ltr'><strong>ab</strong></span> <span class='ocrx_word' id='word_1_120' title='bbox 1658 1641 1872 1697; x_wconf 76' lang='lat' dir='ltr'><strong>octavis</strong></span> 
     </span>
    </p>
   </div>
   <div class='ocr_carea' id='block_1_18' title="bbox 287 1731 1869 1802">
    <p class='ocr_par' dir='ltr' id='par_1_18' title="bbox 287 1731 1869 1802">
     <span class='ocr_line' id='line_1_18' title="bbox 287 1731 1869 1802; baseline -0.003 -14"><span class='ocrx_word' id='word_1_121' title='bbox 287 1733 649 1802; x_wconf 82' lang='lat' dir='ltr'><strong>Theophaniae</strong></span> <span class='ocrx_word' id='word_1_122' title='bbox 676 1747 846 1802; x_wconf 82' lang='lat' dir='ltr'><strong>usque</strong></span> <span class='ocrx_word' id='word_1_123' title='bbox 878 1732 933 1788; x_wconf 92' lang='lat' dir='ltr'><strong>in</strong></span> <span class='ocrx_word' id='word_1_124' title='bbox 973 1732 1457 1789; x_wconf 72' lang='lat' dir='ltr'><strong>Praesentationem</strong></span> <span class='ocrx_word' id='word_1_125' title='bbox 1494 1732 1730 1795; x_wconf 88' lang='lat' dir='ltr'><strong>Domini,</strong></span> <span class='ocrx_word' id='word_1_126' title='bbox 1762 1731 1869 1786; x_wconf 84' lang='lat' dir='ltr'><strong>nisi</strong></span> 
     </span>
    </p>
   </div>
   <div class='ocr_carea' id='block_1_19' title="bbox 1975 533 3553 605">
    <p class='ocr_par' dir='ltr' id='par_1_19' title="bbox 1975 533 3553 605">
     <span class='ocr_line' id='line_1_19' title="bbox 1975 533 3553 605; baseline 0.001 -17"><span class='ocrx_word' id='word_1_127' title='bbox 1975 535 2201 604; x_wconf 66' lang='lat' dir='ltr'><strong>piterna!</strong></span> <span class='ocrx_word' id='word_1_128' title='bbox 2226 535 2429 605; x_wconf 77' lang='lat' dir='ltr'><strong>gloriae.</strong></span> <span class='ocrx_word' id='word_1_129' title='bbox 2473 533 2626 590; x_wconf 84' lang='lat' dir='ltr'><strong>Unde</strong></span> <span class='ocrx_word' id='word_1_130' title='bbox 2650 548 2841 589; x_wconf 87' lang='lat' dir='ltr'><strong>versus</strong></span> <span class='ocrx_word' id='word_1_131' title='bbox 2884 534 3213 604; x_wconf 89' lang='lat' dir='ltr'><strong>rcsponsorii</strong></span> <span class='ocrx_word' id='word_1_132' title='bbox 3242 535 3334 605; x_wconf 86' lang='lat' dir='ltr'><strong>qui</strong></span> <span class='ocrx_word' id='word_1_133' title='bbox 3364 543 3553 590; x_wconf 87' lang='lat' dir='ltr'><strong>canta-</strong></span> 
     </span>
    </p>
   </div>
   <div class='ocr_carea' id='block_1_20' title="bbox 1979 613 3554 697">
    <p class='ocr_par' dir='ltr' id='par_1_20' title="bbox 1979 613 3554 697">
     <span class='ocr_line' id='line_1_20' title="bbox 1979 613 3554 697; baseline 0.001 -17"><span class='ocrx_word' id='word_1_134' title='bbox 1979 634 2066 680; x_wconf 86' lang='lat' dir='ltr'><strong>tur</strong></span> <span class='ocrx_word' id='word_1_135' title='bbox 2089 626 2143 680; x_wconf 90' lang='lat' dir='ltr'><strong>iu</strong></span> <span class='ocrx_word' id='word_1_136' title='bbox 2166 626 2503 681; x_wconf 87' lang='lat' dir='ltr'><strong>hebdomada</strong></span> <span class='ocrx_word' id='word_1_137' title='bbox 2546 613 2773 686; x_wconf 70' lang='lat' dir='ltr'><strong>&#39;i‘nmrri</strong></span> <span class='ocrx_word' id='word_1_138' title='bbox 2801 626 2934 681; x_wconf 84' lang='lat' dir='ltr'><strong>dicit</strong></span> <span class='ocrx_word' id='word_1_139' title='bbox 2963 643 2977 679; x_wconf 87' lang='lat'><strong>:</strong></span> <span class='ocrx_word' id='word_1_140' title='bbox 3012 624 3275 692; x_wconf 80' lang='lat' dir='ltr'><strong>Quoniam</strong></span> <span class='ocrx_word' id='word_1_141' title='bbox 3315 626 3554 697; x_wconf 65' lang='lat' dir='ltr'><strong>(adiﬁca-</strong></span> 
     </span>
    </p>
   </div>
   <div class='ocr_carea' id='block_1_21' title="bbox 1973 715 3553 787">
    <p class='ocr_par' dir='ltr' id='par_1_21' title="bbox 1973 715 3553 787">
     <span class='ocr_line' id='line_1_21' title="bbox 1973 715 3553 787; baseline 0.001 -16"><span class='ocrx_word' id='word_1_142' title='bbox 1973 718 2045 772; x_wconf 79' lang='lat' dir='ltr'><strong>vit</strong></span> <span class='ocrx_word' id='word_1_143' title='bbox 2086 717 2343 772; x_wconf 76' lang='lat' dir='ltr'><strong>Dominus</strong></span> <span class='ocrx_word' id='word_1_144' title='bbox 2387 718 2541 784; x_wconf 88' lang='lat' dir='ltr'><strong>Sion,</strong></span> <span class='ocrx_word' id='word_1_145' title='bbox 2606 726 2655 771; x_wconf 81' lang='lat' dir='ltr'><strong>et</strong></span> <span class='ocrx_word' id='word_1_146' title='bbox 2695 716 2952 773; x_wconf 74' lang='lat' dir='ltr'><strong>videbitur</strong></span> <span class='ocrx_word' id='word_1_147' title='bbox 2987 717 3044 770; x_wconf 86' lang='lat' dir='ltr'><strong>in</strong></span> <span class='ocrx_word' id='word_1_148' title='bbox 3087 715 3257 787; x_wconf 82' lang='lat' dir='ltr'><strong>gloria</strong></span> <span class='ocrx_word' id='word_1_149' title='bbox 3297 732 3416 773; x_wconf 82' lang='lat' dir='ltr'><strong>sua.</strong></span> <span class='ocrx_word' id='word_1_150' title='bbox 3474 716 3553 773; x_wconf 90' lang='lat' dir='ltr'><strong>De</strong></span> 
     </span>
    </p>
   </div>
   <div class='ocr_carea' id='block_1_22' title="bbox 1974 807 3553 879">
    <p class='ocr_par' dir='ltr' id='par_1_22' title="bbox 1974 807 3553 879">
     <span class='ocr_line' id='line_1_22' title="bbox 1974 807 3553 879; baseline 0.001 -16"><span class='ocrx_word' id='word_1_151' title='bbox 1974 824 2081 878; x_wconf 88' lang='lat' dir='ltr'><strong>quo</strong></span> <span class='ocrx_word' id='word_1_152' title='bbox 2108 809 2182 864; x_wconf 89' lang='lat' dir='ltr'><strong>ita</strong></span> <span class='ocrx_word' id='word_1_153' title='bbox 2208 811 2543 879; x_wconf 83' lang='lat' dir='ltr'><strong>Augustinus</strong></span> <span class='ocrx_word' id='word_1_154' title='bbox 2572 811 2629 865; x_wconf 90' lang='lat' dir='ltr'><strong>in</strong></span> <span class='ocrx_word' id='word_1_155' title='bbox 2660 817 2894 864; x_wconf 89' lang='lat' dir='ltr'><strong>tractatu</strong></span> <span class='ocrx_word' id='word_1_156' title='bbox 2933 807 3271 863; x_wconf 89' lang='lat' dir='ltr'><strong>Psalmorum</strong></span> <span class='ocrx_word' id='word_1_157' title='bbox 3296 825 3310 861; x_wconf 89' lang='lat'><strong>:</strong></span> <span class='ocrx_word' id='word_1_158' title='bbox 3339 815 3397 862; x_wconf 91' lang='lat' dir='ltr'><strong>at</strong></span> <span class='ocrx_word' id='word_1_159' title='bbox 3420 822 3553 864; x_wconf 88' lang='lat' dir='ltr'><strong>vero</strong></span> 
     </span>
    </p>
   </div>
   <div class='ocr_carea' id='block_1_23' title="bbox 1974 900 3552 973">
    <p class='ocr_par' dir='ltr' id='par_1_23' title="bbox 1974 900 3552 973">
     <span class='ocr_line' id='line_1_23' title="bbox 1974 900 3552 973; baseline 0.001 -18"><span class='ocrx_word' id='word_1_160' title='bbox 1974 915 2100 955; x_wconf 89' lang='lat' dir='ltr'><strong>cum</strong></span> <span class='ocrx_word' id='word_1_161' title='bbox 2135 902 2345 957; x_wconf 78' lang='lat' dir='ltr'><strong>venerit</strong></span> <span class='ocrx_word' id='word_1_162' title='bbox 2365 901 2612 971; x_wconf 75' lang='lat' dir='ltr'><strong>judicare</strong></span> <span class='ocrx_word' id='word_1_163' title='bbox 2644 918 2764 958; x_wconf 89' lang='lat' dir='ltr'><strong>cum</strong></span> <span class='ocrx_word' id='word_1_164' title='bbox 2790 901 2995 973; x_wconf 82' lang='lat' dir='ltr'><strong>angelis</strong></span> <span class='ocrx_word' id='word_1_165' title='bbox 3022 900 3159 965; x_wconf 89' lang='lat' dir='ltr'><strong>suis,</strong></span> <span class='ocrx_word' id='word_1_166' title='bbox 3186 901 3399 970; x_wconf 86' lang='lat' dir='ltr'><strong>quando</strong></span> <span class='ocrx_word' id='word_1_167' title='bbox 3423 916 3552 956; x_wconf 88' lang='lat' dir='ltr'><strong>con-</strong></span> 
     </span>
    </p>
   </div>
   <div class='ocr_carea' id='block_1_24' title="bbox 1973 991 3549 1064">
    <p class='ocr_par' dir='ltr' id='par_1_24' title="bbox 1973 991 3549 1064">
     <span class='ocr_line' id='line_1_24' title="bbox 1973 991 3549 1064; baseline 0 -17"><span class='ocrx_word' id='word_1_168' title='bbox 1973 993 2342 1061; x_wconf 73' lang='lat' dir='ltr'><strong>gregabuntur</strong></span> <span class='ocrx_word' id='word_1_169' title='bbox 2363 1002 2487 1048; x_wconf 89' lang='lat' dir='ltr'><strong>ante</strong></span> <span class='ocrx_word' id='word_1_170' title='bbox 2512 1010 2634 1050; x_wconf 81' lang='lat' dir='ltr'><strong>eum</strong></span> <span class='ocrx_word' id='word_1_171' title='bbox 2663 1009 2851 1049; x_wconf 86' lang='lat' dir='ltr'><strong>omnes</strong></span> <span class='ocrx_word' id='word_1_172' title='bbox 2872 1000 3077 1064; x_wconf 81' lang='lat' dir='ltr'><strong>gentes.</strong></span> <span class='ocrx_word' id='word_1_173' title='bbox 3109 991 3177 1046; x_wconf 88' lang='lat' dir='ltr'><strong>Et</strong></span> <span class='ocrx_word' id='word_1_174' title='bbox 3194 1001 3318 1062; x_wconf 86' lang='lat' dir='ltr'><strong>post</strong></span> <span class='ocrx_word' id='word_1_175' title='bbox 3345 1008 3549 1063; x_wconf 89' lang='lat' dir='ltr'><strong>pauca:</strong></span> 
     </span>
    </p>
   </div>
   <div class='ocr_carea' id='block_1_25' title="bbox 1946 1082 3546 1154">
    <p class='ocr_par' dir='ltr' id='par_1_25' title="bbox 1946 1082 3546 1154">
     <span class='ocr_line' id='line_1_25' title="bbox 1946 1082 3546 1154; baseline -0.001 -16"><span class='ocrx_word' id='word_1_176' title='bbox 1946 1125 1951 1131; x_wconf 84' lang='lat'><strong>.</strong></span> <span class='ocrx_word' id='word_1_177' title='bbox 1976 1082 2287 1139; x_wconf 61' lang='lat' dir='ltr'><strong>Edilicavit</strong></span> <span class='ocrx_word' id='word_1_178' title='bbox 2324 1085 2589 1139; x_wconf 88' lang='lat' dir='ltr'><strong>Dominus</strong></span> <span class='ocrx_word' id='word_1_179' title='bbox 2614 1085 2744 1141; x_wconf 88' lang='lat' dir='ltr'><strong>Sion</strong></span> <span class='ocrx_word' id='word_1_180' title='bbox 2770 1093 2825 1139; x_wconf 88' lang='lat' dir='ltr'><strong>et</strong></span> <span class='ocrx_word' id='word_1_181' title='bbox 2850 1084 3121 1140; x_wconf 84' lang='lat' dir='ltr'><strong>videbitur</strong></span> <span class='ocrx_word' id='word_1_182' title='bbox 3143 1084 3196 1139; x_wconf 90' lang='lat' dir='ltr'><strong>in</strong></span> <span class='ocrx_word' id='word_1_183' title='bbox 3228 1083 3398 1154; x_wconf 81' lang='lat' dir='ltr'><strong>gloria</strong></span> <span class='ocrx_word' id='word_1_184' title='bbox 3429 1099 3546 1147; x_wconf 89' lang='lat' dir='ltr'><strong>sua,</strong></span> 
     </span>
    </p>
   </div>
   <div class='ocr_carea' id='block_1_26' title="bbox 1976 1168 3554 1251">
    <p class='ocr_par' dir='ltr' id='par_1_26' title="bbox 1976 1168 3554 1251">
     <span class='ocr_line' id='line_1_26' title="bbox 1976 1168 3554 1251; baseline -0.001 -17"><span class='ocrx_word' id='word_1_185' title='bbox 1976 1180 2143 1249; x_wconf 86' lang='lat' dir='ltr'><strong>quiin</strong></span> <span class='ocrx_word' id='word_1_186' title='bbox 2169 1180 2258 1234; x_wconf 86' lang='lat' dir='ltr'><strong>illa</strong></span> <span class='ocrx_word' id='word_1_187' title='bbox 2290 1182 2466 1251; x_wconf 91' lang='lat' dir='ltr'><strong>primo</strong></span> <span class='ocrx_word' id='word_1_188' title='bbox 2494 1181 2643 1235; x_wconf 86' lang='lat' dir='ltr'><strong>visus</strong></span> <span class='ocrx_word' id='word_1_189' title='bbox 2663 1189 2746 1235; x_wconf 91' lang='lat' dir='ltr'><strong>est</strong></span> <span class='ocrx_word' id='word_1_190' title='bbox 2766 1180 2819 1234; x_wconf 89' lang='lat' dir='ltr'><strong>in</strong></span> <span class='ocrx_word' id='word_1_191' title='bbox 2845 1168 3161 1234; x_wconf 78' lang='lat' dir='ltr'><strong>inﬁrmitate</strong></span> <span class='ocrx_word' id='word_1_192' title='bbox 3187 1194 3304 1233; x_wconf 89' lang='lat' dir='ltr'><strong>sua.</strong></span> <span class='ocrx_word' id='word_1_193' title='bbox 3344 1178 3423 1232; x_wconf 77' lang='lat' dir='ltr'><strong>Ex</strong></span> <span class='ocrx_word' id='word_1_194' title='bbox 3451 1178 3554 1233; x_wconf 85' lang='lat' dir='ltr'><strong>hoc</strong></span> 
     </span>
    </p>
   </div>
   <div class='ocr_carea' id='block_1_27' title="bbox 1973 1265 3552 1339">
    <p class='ocr_par' dir='ltr' id='par_1_27' title="bbox 1973 1265 3552 1339">
     <span class='ocr_line' id='line_1_27' title="bbox 1973 1265 3552 1339; baseline 0 -17"><span class='ocrx_word' id='word_1_195' title='bbox 1973 1283 2135 1323; x_wconf 88' lang='lat' dir='ltr'><strong>versu</strong></span> <span class='ocrx_word' id='word_1_196' title='bbox 2187 1284 2477 1339; x_wconf 80' lang='lat' dir='ltr'><strong>possumus</strong></span> <span class='ocrx_word' id='word_1_197' title='bbox 2519 1268 2789 1339; x_wconf 84' lang='lat' dir='ltr'><strong>conjicere</strong></span> <span class='ocrx_word' id='word_1_198' title='bbox 2838 1265 3203 1323; x_wconf 84' lang='lat' dir='ltr'><strong>institutorem</strong></span> <span class='ocrx_word' id='word_1_199' title='bbox 3255 1265 3552 1323; x_wconf 80' lang='lat' dir='ltr'><strong>ciliciorum</strong></span> 
     </span>
    </p>
   </div>
   <div class='ocr_carea' id='block_1_28' title="bbox 1973 1357 3553 1430">
    <p class='ocr_par' dir='ltr' id='par_1_28' title="bbox 1973 1357 3553 1430">
     <span class='ocr_line' id='line_1_28' title="bbox 1973 1357 3553 1430; baseline 0 -18"><span class='ocrx_word' id='word_1_200' title='bbox 1973 1359 2248 1413; x_wconf 87' lang='lat' dir='ltr'><strong>insinuare</strong></span> <span class='ocrx_word' id='word_1_201' title='bbox 2272 1359 2506 1414; x_wconf 85' lang='lat' dir='ltr'><strong>voluisse</strong></span> <span class='ocrx_word' id='word_1_202' title='bbox 2530 1359 3005 1430; x_wconf 69' lang='lat' dir='ltr'><strong>prwsentationem</strong></span> <span class='ocrx_word' id='word_1_203' title='bbox 3034 1358 3245 1413; x_wconf 89' lang='lat' dir='ltr'><strong>Domini</strong></span> <span class='ocrx_word' id='word_1_204' title='bbox 3270 1359 3323 1413; x_wconf 92' lang='lat' dir='ltr'><strong>in</strong></span> <span class='ocrx_word' id='word_1_205' title='bbox 3353 1357 3553 1428; x_wconf 90' lang='lat' dir='ltr'><strong>templo</strong></span> 
     </span>
    </p>
   </div>
   <div class='ocr_carea' id='block_1_29' title="bbox 1972 1453 3552 1525">
    <p class='ocr_par' dir='ltr' id='par_1_29' title="bbox 1972 1453 3552 1525">
     <span class='ocr_line' id='line_1_29' title="bbox 1972 1453 3552 1525; baseline 0.002 -20"><span class='ocrx_word' id='word_1_206' title='bbox 1972 1453 2216 1508; x_wconf 80' lang='lat' dir='ltr'><strong>excitare</strong></span> <span class='ocrx_word' id='word_1_207' title='bbox 2240 1469 2340 1509; x_wconf 91' lang='lat' dir='ltr'><strong>nos</strong></span> <span class='ocrx_word' id='word_1_208' title='bbox 2375 1454 2441 1508; x_wconf 90' lang='lat' dir='ltr'><strong>ad</strong></span> <span class='ocrx_word' id='word_1_209' title='bbox 2470 1455 2946 1525; x_wconf 64' lang='lat' dir='ltr'><strong>pricsentationem</strong></span> <span class='ocrx_word' id='word_1_210' title='bbox 2976 1454 3077 1509; x_wconf 87' lang='lat' dir='ltr'><strong>sibi</strong></span> <span class='ocrx_word' id='word_1_211' title='bbox 3112 1462 3168 1509; x_wconf 91' lang='lat' dir='ltr'><strong>et</strong></span> <span class='ocrx_word' id='word_1_212' title='bbox 3194 1454 3363 1508; x_wconf 87' lang='lat' dir='ltr'><strong>Patri.</strong></span> <span class='ocrx_word' id='word_1_213' title='bbox 3406 1453 3552 1522; x_wconf 87' lang='lat' dir='ltr'><strong>Qua-</strong></span> 
     </span>
    </p>
   </div>
   <div class='ocr_carea' id='block_1_30' title="bbox 1971 1543 3555 1618">
    <p class='ocr_par' dir='ltr' id='par_1_30' title="bbox 1971 1543 3555 1618">
     <span class='ocr_line' id='line_1_30' title="bbox 1971 1543 3555 1618; baseline 0.004 -21"><span class='ocrx_word' id='word_1_214' title='bbox 1971 1543 2221 1616; x_wconf 84' lang='lat' dir='ltr'><strong>draginta</strong></span> <span class='ocrx_word' id='word_1_215' title='bbox 2265 1547 2398 1611; x_wconf 90' lang='lat' dir='ltr'><strong>dies,</strong></span> <span class='ocrx_word' id='word_1_216' title='bbox 2448 1547 2500 1601; x_wconf 89' lang='lat' dir='ltr'><strong>in</strong></span> <span class='ocrx_word' id='word_1_217' title='bbox 2530 1548 2726 1616; x_wconf 83' lang='lat' dir='ltr'><strong>quibus</strong></span> <span class='ocrx_word' id='word_1_218' title='bbox 2776 1555 3126 1618; x_wconf 73' lang='lat' dir='ltr'><strong>exspectatur</strong></span> <span class='ocrx_word' id='word_1_219' title='bbox 3165 1547 3378 1602; x_wconf 88' lang='lat' dir='ltr'><strong>Domini</strong></span> <span class='ocrx_word' id='word_1_220' title='bbox 3416 1562 3555 1618; x_wconf 67' lang='lat' dir='ltr'><strong>prae-</strong></span> 
     </span>
    </p>
   </div>
   <div class='ocr_carea' id='block_1_31' title="bbox 1972 1637 3551 1697">
    <p class='ocr_par' dir='ltr' id='par_1_31' title="bbox 1972 1637 3551 1697">
     <span class='ocr_line' id='line_1_31' title="bbox 1972 1637 3551 1697; baseline 0.004 -7"><span class='ocrx_word' id='word_1_221' title='bbox 1972 1637 2231 1695; x_wconf 86' lang='lat' dir='ltr'><strong>sentatio.</strong></span> <span class='ocrx_word' id='word_1_222' title='bbox 2278 1653 2495 1692; x_wconf 86' lang='lat' dir='ltr'><strong>omnem</strong></span> <span class='ocrx_word' id='word_1_223' title='bbox 2544 1647 2743 1693; x_wconf 87' lang='lat' dir='ltr'><strong>statum</strong></span> <span class='ocrx_word' id='word_1_224' title='bbox 2786 1647 2988 1693; x_wconf 74' lang='lat' dir='ltr'><strong>sancta:</strong></span> <span class='ocrx_word' id='word_1_225' title='bbox 3031 1639 3288 1695; x_wconf 82' lang='lat' dir='ltr'><strong>Ecclesiae</strong></span> <span class='ocrx_word' id='word_1_226' title='bbox 3326 1639 3551 1697; x_wconf 85' lang='lat' dir='ltr'><strong>demon-</strong></span> 
     </span>
    </p>
   </div>
   <div class='ocr_carea' id='block_1_32' title="bbox 1974 1728 3560 1800">
    <p class='ocr_par' dir='ltr' id='par_1_32' title="bbox 1974 1728 3560 1800">
     <span class='ocr_line' id='line_1_32' title="bbox 1974 1728 3560 1800; baseline 0.002 -17"><span class='ocrx_word' id='word_1_227' title='bbox 1974 1735 2151 1783; x_wconf 88' lang='lat' dir='ltr'><strong>strant</strong></span> <span class='ocrx_word' id='word_1_228' title='bbox 2180 1728 2269 1784; x_wconf 83' lang='lat' dir='ltr'><strong>hic</strong></span> <span class='ocrx_word' id='word_1_229' title='bbox 2296 1728 2350 1784; x_wconf 91' lang='lat' dir='ltr'><strong>in</strong></span> <span class='ocrx_word' id='word_1_230' title='bbox 2382 1730 2635 1799; x_wconf 74' lang='lat' dir='ltr'><strong>przeseuti</strong></span> <span class='ocrx_word' id='word_1_231' title='bbox 2677 1728 2896 1795; x_wconf 60' lang='lat' dir='ltr'><strong>saeculo,</strong></span> <span class='ocrx_word' id='word_1_232' title='bbox 2943 1729 3181 1800; x_wconf 88' lang='lat' dir='ltr'><strong>quandiu</strong></span> <span class='ocrx_word' id='word_1_233' title='bbox 3216 1744 3439 1785; x_wconf 90' lang='lat' dir='ltr'><strong>necesse</strong></span> <span class='ocrx_word' id='word_1_234' title='bbox 3473 1741 3560 1786; x_wconf 89' lang='lat' dir='ltr'><strong>est</strong></span> 
     </span>
    </p>
   </div>
   <div class='ocr_carea' id='block_1_33' title="bbox 280 1793 3558 1895">
    <p class='ocr_par' dir='ltr' id='par_1_33' title="bbox 280 1793 3558 1895">
     <span class='ocr_line' id='line_1_33' title="bbox 280 1793 3558 1895; baseline 0 -17"><span class='ocrx_word' id='word_1_235' title='bbox 280 1793 728 1894; x_wconf 48' lang='lat' dir='ltr'><strong>forte-anticipet</strong></span> <span class='ocrx_word' id='word_1_236' title='bbox 761 1793 875 1879; x_wconf 46' lang='lat' dir='ltr'><strong>.nos</strong></span> <span class='ocrx_word' id='word_1_237' title='bbox 908 1832 1123 1895; x_wconf 85' lang='lat' dir='ltr'><strong>tempus</strong></span> <span class='ocrx_word' id='word_1_238' title='bbox 1165 1822 1611 1894; x_wconf 68' lang='lat' dir='ltr'><strong>Septuagesimaz.</strong></span> <span class='ocrx_word' id='word_1_239' title='bbox 1654 1793 1868 1878; x_wconf 87' lang='lat' dir='ltr'><strong>Primus</strong></span> <span class='ocrx_word' id='word_1_240' title='bbox 1896 1793 1944 1853; x_wconf 79' lang='grc' dir='ltr'><strong>Β</strong></span> <span class='ocrx_word' id='word_1_241' title='bbox 1971 1820 2018 1874; x_wconf 90' lang='lat' dir='ltr'><strong>ei</strong></span> <span class='ocrx_word' id='word_1_242' title='bbox 2046 1835 2145 1890; x_wconf 89' lang='lat' dir='ltr'><strong>per</strong></span> <span class='ocrx_word' id='word_1_243' title='bbox 2173 1793 2408 1891; x_wconf 78' lang='lat' dir='ltr'><strong>quatuor</strong></span> <span class='ocrx_word' id='word_1_244' title='bbox 2427 1831 2613 1892; x_wconf 88' lang='lat' dir='ltr'><strong>partes</strong></span> <span class='ocrx_word' id='word_1_245' title='bbox 2641 1822 2823 1876; x_wconf 87' lang='lat' dir='ltr'><strong>mundi</strong></span> <span class='ocrx_word' id='word_1_246' title='bbox 2846 1793 3113 1893; x_wconf 71' lang='lat' dir='ltr'><strong>satagere,</strong></span> <span class='ocrx_word' id='word_1_247' title='bbox 3137 1830 3199 1877; x_wconf 94' lang='lat' dir='ltr'><strong>ut</strong></span> <span class='ocrx_word' id='word_1_248' title='bbox 3224 1823 3448 1893; x_wconf 90' lang='lat' dir='ltr'><strong>impleat</strong></span> <span class='ocrx_word' id='word_1_249' title='bbox 3465 1824 3558 1879; x_wconf 86' lang='lat' dir='ltr'><strong>de-</strong></span> 
     </span>
    </p>
   </div>
   <div class='ocr_carea' id='block_1_34' title="bbox 280 1914 1867 1986">
    <p class='ocr_par' dir='ltr' id='par_1_34' title="bbox 280 1914 1867 1986">
     <span class='ocr_line' id='line_1_34' title="bbox 280 1914 1867 1986; baseline -0.002 -14"><span class='ocrx_word' id='word_1_250' title='bbox 280 1916 543 1972; x_wconf 85' lang='lat' dir='ltr'><strong>introitus</strong></span> <span class='ocrx_word' id='word_1_251' title='bbox 571 1925 656 1973; x_wconf 85' lang='lat' dir='ltr'><strong>est</strong></span> <span class='ocrx_word' id='word_1_252' title='bbox 696 1924 819 1986; x_wconf 89' lang='lat' dir='ltr'><strong>post</strong></span> <span class='ocrx_word' id='word_1_253' title='bbox 843 1926 1066 1972; x_wconf 87' lang='lat' dir='ltr'><strong>octavas</strong></span> <span class='ocrx_word' id='word_1_254' title='bbox 1095 1916 1485 1986; x_wconf 80' lang='lat' dir='ltr'><strong>Theophaniac,</strong></span> <span class='ocrx_word' id='word_1_255' title='bbox 1523 1914 1680 1984; x_wconf 82' lang='lat' dir='ltr'><strong>juxta</strong></span> <span class='ocrx_word' id='word_1_256' title='bbox 1719 1916 1867 1971; x_wconf 81' lang='lat' dir='ltr'><strong>ordi-</strong></span> 
     </span>
    </p>
   </div>
   <div class='ocr_carea' id='block_1_35' title="bbox 278 2008 1870 2078">
    <p class='ocr_par' dir='ltr' id='par_1_35' title="bbox 278 2008 1870 2078">
     <span class='ocr_line' id='line_1_35' title="bbox 278 2008 1870 2078; baseline -0.002 -13"><span class='ocrx_word' id='word_1_257' title='bbox 278 2023 411 2065; x_wconf 85' lang='lat' dir='ltr'><strong>nem</strong></span> <span class='ocrx_word' id='word_1_258' title='bbox 444 2009 825 2078; x_wconf 86' lang='lat' dir='ltr'><strong>Antiphouarii</strong></span> <span class='ocrx_word' id='word_1_259' title='bbox 864 2010 1040 2065; x_wconf 87' lang='lat' dir='ltr'><strong>nostri</strong></span> <span class='ocrx_word' id='word_1_260' title='bbox 1066 2028 1081 2063; x_wconf 88' lang='lat'><strong>:</strong></span> <span class='ocrx_word' id='word_1_261' title='bbox 1112 2008 1182 2065; x_wconf 85' lang='lat' dir='ltr'><strong>In</strong></span> <span class='ocrx_word' id='word_1_262' title='bbox 1209 2010 1410 2065; x_wconf 71' lang='lat' dir='ltr'><strong>excelso</strong></span> <span class='ocrx_word' id='word_1_263' title='bbox 1449 2010 1638 2065; x_wconf 80' lang='lat' dir='ltr'><strong>throno</strong></span> <span class='ocrx_word' id='word_1_264' title='bbox 1659 2009 1768 2064; x_wconf 77' lang='lat' dir='ltr'><strong>vidi</strong></span> <span class='ocrx_word' id='word_1_265' title='bbox 1790 2025 1870 2062; x_wconf 85' lang='lat' dir='ltr'><strong>se-</strong></span> 
     </span>
    </p>
   </div>
   <div class='ocr_carea' id='block_1_36' title="bbox 286 2100 1871 2172">
    <p class='ocr_par' dir='ltr' id='par_1_36' title="bbox 286 2100 1871 2172">
     <span class='ocr_line' id='line_1_36' title="bbox 286 2100 1871 2172; baseline 0.001 -19"><span class='ocrx_word' id='word_1_266' title='bbox 286 2101 411 2155; x_wconf 78' lang='lat' dir='ltr'><strong>dere</strong></span> <span class='ocrx_word' id='word_1_267' title='bbox 438 2101 625 2161; x_wconf 77' lang='lat' dir='ltr'><strong>virum,</strong></span> <span class='ocrx_word' id='word_1_268' title='bbox 667 2117 821 2171; x_wconf 80' lang='lat' dir='ltr'><strong>quem</strong></span> <span class='ocrx_word' id='word_1_269' title='bbox 848 2101 1041 2156; x_wconf 85' lang='lat' dir='ltr'><strong>adorat</strong></span> <span class='ocrx_word' id='word_1_270' title='bbox 1070 2100 1354 2155; x_wconf 78' lang='lat' dir='ltr'><strong>multitudo</strong></span> <span class='ocrx_word' id='word_1_271' title='bbox 1376 2100 1705 2172; x_wconf 82' lang='lat' dir='ltr'><strong>angelorum.</strong></span> <span class='ocrx_word' id='word_1_272' title='bbox 1729 2101 1871 2170; x_wconf 84' lang='lat' dir='ltr'><strong>Apo-</strong></span> 
     </span>
    </p>
   </div>
   <div class='ocr_carea' id='block_1_37' title="bbox 287 2191 1867 2261">
    <p class='ocr_par' dir='ltr' id='par_1_37' title="bbox 287 2191 1867 2261">
     <span class='ocr_line' id='line_1_37' title="bbox 287 2191 1867 2261; baseline 0.001 -16"><span class='ocrx_word' id='word_1_273' title='bbox 287 2191 554 2247; x_wconf 89' lang='lat' dir='ltr'><strong>stolorum</strong></span> <span class='ocrx_word' id='word_1_274' title='bbox 601 2200 659 2247; x_wconf 93' lang='lat' dir='ltr'><strong>et</strong></span> <span class='ocrx_word' id='word_1_275' title='bbox 697 2192 1119 2261; x_wconf 71' lang='lat' dir='ltr'><strong>apostolicorum</strong></span> <span class='ocrx_word' id='word_1_276' title='bbox 1165 2194 1408 2247; x_wconf 87' lang='lat' dir='ltr'><strong>virorum</strong></span> <span class='ocrx_word' id='word_1_277' title='bbox 1436 2203 1519 2248; x_wconf 88' lang='lat' dir='ltr'><strong>est</strong></span> <span class='ocrx_word' id='word_1_278' title='bbox 1562 2193 1666 2248; x_wconf 89' lang='lat' dir='ltr'><strong>ista</strong></span> <span class='ocrx_word' id='word_1_279' title='bbox 1706 2192 1867 2256; x_wconf 84' lang='lat' dir='ltr'><strong>visio,</strong></span> 
     </span>
    </p>
   </div>
   <div class='ocr_carea' id='block_1_38' title="bbox 285 2281 1867 2352">
    <p class='ocr_par' dir='ltr' id='par_1_38' title="bbox 285 2281 1867 2352">
     <span class='ocr_line' id='line_1_38' title="bbox 285 2281 1867 2352; baseline 0.001 -17"><span class='ocrx_word' id='word_1_280' title='bbox 285 2281 398 2335; x_wconf 88' lang='lat' dir='ltr'><strong>hoc</strong></span> <span class='ocrx_word' id='word_1_281' title='bbox 431 2289 534 2346; x_wconf 88' lang='lat' dir='ltr'><strong>est,</strong></span> <span class='ocrx_word' id='word_1_282' title='bbox 582 2289 642 2335; x_wconf 92' lang='lat' dir='ltr'><strong>ut</strong></span> <span class='ocrx_word' id='word_1_283' title='bbox 692 2289 874 2337; x_wconf 89' lang='lat' dir='ltr'><strong>mente</strong></span> <span class='ocrx_word' id='word_1_284' title='bbox 914 2282 1220 2352; x_wconf 81' lang='lat' dir='ltr'><strong>intelligant</strong></span> <span class='ocrx_word' id='word_1_285' title='bbox 1263 2282 1516 2338; x_wconf 85' lang='lat' dir='ltr'><strong>eumdem</strong></span> <span class='ocrx_word' id='word_1_286' title='bbox 1550 2282 1867 2346; x_wconf 85' lang='lat' dir='ltr'><strong>Dominum,</strong></span> 
     </span>
    </p>
   </div>
   <div class='ocr_carea' id='block_1_39' title="bbox 287 2372 1871 2445">
    <p class='ocr_par' dir='ltr' id='par_1_39' title="bbox 287 2372 1871 2445">
     <span class='ocr_line' id='line_1_39' title="bbox 287 2372 1871 2445; baseline 0.002 -20"><span class='ocrx_word' id='word_1_287' title='bbox 287 2373 380 2442; x_wconf 86' lang='lat' dir='ltr'><strong>qui</strong></span> <span class='ocrx_word' id='word_1_288' title='bbox 410 2389 441 2426; x_wconf 94' lang='lat' dir='ltr'><strong>a</strong></span> <span class='ocrx_word' id='word_1_289' title='bbox 469 2372 640 2444; x_wconf 80' lang='lat' dir='ltr'><strong>Magis</strong></span> <span class='ocrx_word' id='word_1_290' title='bbox 666 2373 922 2429; x_wconf 85' lang='lat' dir='ltr'><strong>adoratus</strong></span> <span class='ocrx_word' id='word_1_291' title='bbox 949 2383 1034 2429; x_wconf 90' lang='lat' dir='ltr'><strong>est</strong></span> <span class='ocrx_word' id='word_1_292' title='bbox 1058 2374 1214 2444; x_wconf 88' lang='lat' dir='ltr'><strong>quasi</strong></span> <span class='ocrx_word' id='word_1_293' title='bbox 1243 2373 1444 2439; x_wconf 77' lang='lat' dir='ltr'><strong>infans,</strong></span> <span class='ocrx_word' id='word_1_294' title='bbox 1477 2385 1533 2429; x_wconf 90' lang='lat' dir='ltr'><strong>et</strong></span> <span class='ocrx_word' id='word_1_295' title='bbox 1548 2373 1705 2444; x_wconf 86' lang='lat' dir='ltr'><strong>cujus</strong></span> <span class='ocrx_word' id='word_1_296' title='bbox 1733 2390 1871 2445; x_wconf 62' lang='lat' dir='ltr'><strong>pra:-</strong></span> 
     </span>
    </p>
   </div>
   <div class='ocr_carea' id='block_1_40' title="bbox 286 2462 1869 2535">
    <p class='ocr_par' dir='ltr' id='par_1_40' title="bbox 286 2462 1869 2535">
     <span class='ocr_line' id='line_1_40' title="bbox 286 2462 1869 2535; baseline 0.001 -18"><span class='ocrx_word' id='word_1_297' title='bbox 286 2462 528 2518; x_wconf 85' lang='lat' dir='ltr'><strong>sentatio</strong></span> <span class='ocrx_word' id='word_1_298' title='bbox 558 2463 663 2517; x_wconf 88' lang='lat' dir='ltr'><strong>isto</strong></span> <span class='ocrx_word' id='word_1_299' title='bbox 689 2463 743 2517; x_wconf 91' lang='lat' dir='ltr'><strong>in</strong></span> <span class='ocrx_word' id='word_1_300' title='bbox 777 2470 1022 2533; x_wconf 82' lang='lat' dir='ltr'><strong>tempore</strong></span> <span class='ocrx_word' id='word_1_301' title='bbox 1072 2472 1421 2534; x_wconf 84' lang='lat' dir='ltr'><strong>exspectatur</strong></span> <span class='ocrx_word' id='word_1_302' title='bbox 1448 2479 1618 2535; x_wconf 88' lang='lat' dir='ltr'><strong>usque</strong></span> <span class='ocrx_word' id='word_1_303' title='bbox 1642 2465 1710 2518; x_wconf 90' lang='lat' dir='ltr'><strong>ad</strong></span> <span class='ocrx_word' id='word_1_304' title='bbox 1731 2480 1869 2533; x_wconf 90' lang='lat' dir='ltr'><strong>qua-</strong></span> 
     </span>
    </p>
   </div>
   <div class='ocr_carea' id='block_1_41' title="bbox 292 2554 1871 2625">
    <p class='ocr_par' dir='ltr' id='par_1_41' title="bbox 292 2554 1871 2625">
     <span class='ocr_line' id='line_1_41' title="bbox 292 2554 1871 2625; baseline 0 -16"><span class='ocrx_word' id='word_1_305' title='bbox 292 2554 659 2625; x_wconf 81' lang='lat' dir='ltr'><strong>dragesimam</strong></span> <span class='ocrx_word' id='word_1_306' title='bbox 717 2554 860 2609; x_wconf 89' lang='lat' dir='ltr'><strong>diem</strong></span> <span class='ocrx_word' id='word_1_307' title='bbox 912 2555 1211 2610; x_wconf 77' lang='lat' dir='ltr'><strong>nativitatis</strong></span> <span class='ocrx_word' id='word_1_308' title='bbox 1270 2554 1572 2625; x_wconf 88' lang='lat' dir='ltr'><strong>gubernare</strong></span> <span class='ocrx_word' id='word_1_309' title='bbox 1642 2556 1871 2609; x_wconf 86' lang='lat' dir='ltr'><strong>virtutes</strong></span> 
     </span>
    </p>
   </div>
   <div class='ocr_carea' id='block_1_42' title="bbox 286 2644 1870 2710">
    <p class='ocr_par' dir='ltr' id='par_1_42' title="bbox 286 2644 1870 2710">
     <span class='ocr_line' id='line_1_42' title="bbox 286 2644 1870 2710; baseline 0 -10"><span class='ocrx_word' id='word_1_310' title='bbox 286 2645 578 2710; x_wconf 62' lang='lat' dir='ltr'><strong>calorum,</strong></span> <span class='ocrx_word' id='word_1_311' title='bbox 622 2653 679 2700; x_wconf 90' lang='lat' dir='ltr'><strong>et</strong></span> <span class='ocrx_word' id='word_1_312' title='bbox 719 2644 787 2699; x_wconf 89' lang='lat' dir='ltr'><strong>ab</strong></span> <span class='ocrx_word' id='word_1_313' title='bbox 817 2646 903 2700; x_wconf 88' lang='lat' dir='ltr'><strong>his</strong></span> <span class='ocrx_word' id='word_1_314' title='bbox 921 2645 1167 2700; x_wconf 77' lang='lat' dir='ltr'><strong>adorari.</strong></span> <span class='ocrx_word' id='word_1_315' title='bbox 1221 2645 1502 2701; x_wconf 86' lang='lat' dir='ltr'><strong>Secundus</strong></span> <span class='ocrx_word' id='word_1_316' title='bbox 1535 2654 1641 2707; x_wconf 88' lang='lat' dir='ltr'><strong>est,</strong></span> <span class='ocrx_word' id='word_1_317' title='bbox 1685 2644 1870 2700; x_wconf 86' lang='lat' dir='ltr'><strong>Omnis</strong></span> 
     </span>
    </p>
   </div>
   <div class='ocr_carea' id='block_1_43' title="bbox 280 2735 1870 2808">
    <p class='ocr_par' dir='ltr' id='par_1_43' title="bbox 280 2735 1870 2808">
     <span class='ocr_line' id='line_1_43' title="bbox 280 2735 1870 2808; baseline -0.001 -16"><span class='ocrx_word' id='word_1_318' title='bbox 280 2747 432 2792; x_wconf 71' lang='lat' dir='ltr'><strong>terra</strong></span> <span class='ocrx_word' id='word_1_319' title='bbox 475 2735 655 2791; x_wconf 70' lang='lat' dir='ltr'><strong>adora</strong></span> <span class='ocrx_word' id='word_1_320' title='bbox 687 2746 757 2802; x_wconf 88' lang='lat' dir='ltr'><strong>te,</strong></span> <span class='ocrx_word' id='word_1_321' title='bbox 787 2736 951 2803; x_wconf 78' lang='lat' dir='ltr'><strong>Deus,</strong></span> <span class='ocrx_word' id='word_1_322' title='bbox 981 2737 1073 2807; x_wconf 84' lang='lat' dir='ltr'><strong>qui</strong></span> <span class='ocrx_word' id='word_1_323' title='bbox 1102 2737 1339 2808; x_wconf 87' lang='lat' dir='ltr'><strong>pertinet</strong></span> <span class='ocrx_word' id='word_1_324' title='bbox 1372 2738 1441 2792; x_wconf 90' lang='lat' dir='ltr'><strong>ad</strong></span> <span class='ocrx_word' id='word_1_325' title='bbox 1471 2736 1870 2793; x_wconf 84' lang='lat' dir='ltr'><strong>multitudinem</strong></span> 
     </span>
    </p>
   </div>
   <div class='ocr_carea' id='block_1_44' title="bbox 284 2828 1867 2902">
    <p class='ocr_par' dir='ltr' id='par_1_44' title="bbox 284 2828 1867 2902">
     <span class='ocr_line' id='line_1_44' title="bbox 284 2828 1867 2902; baseline -0.001 -17"><span class='ocrx_word' id='word_1_326' title='bbox 284 2829 652 2895; x_wconf 85' lang='lat' dir='ltr'><strong>credentium,</strong></span> <span class='ocrx_word' id='word_1_327' title='bbox 679 2838 737 2884; x_wconf 86' lang='lat' dir='ltr'><strong>ut</strong></span> <span class='ocrx_word' id='word_1_328' title='bbox 775 2845 938 2900; x_wconf 83' lang='lat' dir='ltr'><strong>quem</strong></span> <span class='ocrx_word' id='word_1_329' title='bbox 962 2830 1148 2902; x_wconf 79' lang='lat' dir='ltr'><strong>primo</strong></span> <span class='ocrx_word' id='word_1_330' title='bbox 1170 2831 1534 2886; x_wconf 85' lang='lat' dir='ltr'><strong>adoraverunt</strong></span> <span class='ocrx_word' id='word_1_331' title='bbox 1562 2839 1673 2885; x_wconf 88' lang='lat' dir='ltr'><strong>tres</strong></span> <span class='ocrx_word' id='word_1_332' title='bbox 1708 2828 1867 2902; x_wconf 80' lang='lat' dir='ltr'><strong>Magi,</strong></span> 
     </span>
    </p>
   </div>
   <div class='ocr_carea' id='block_1_45' title="bbox 291 2921 1866 2991">
    <p class='ocr_par' dir='ltr' id='par_1_45' title="bbox 291 2921 1866 2991">
     <span class='ocr_line' id='line_1_45' title="bbox 291 2921 1866 2991; baseline 0.002 -15"><span class='ocrx_word' id='word_1_333' title='bbox 291 2929 482 2991; x_wconf 86' lang='lat' dir='ltr'><strong>postea</strong></span> <span class='ocrx_word' id='word_1_334' title='bbox 525 2921 752 2978; x_wconf 83' lang='lat' dir='ltr'><strong>adorent</strong></span> <span class='ocrx_word' id='word_1_335' title='bbox 777 2938 969 2978; x_wconf 89' lang='lat' dir='ltr'><strong>omnes</strong></span> <span class='ocrx_word' id='word_1_336' title='bbox 998 2924 1285 2980; x_wconf 72' lang='lat' dir='ltr'><strong>caedentes</strong></span> <span class='ocrx_word' id='word_1_337' title='bbox 1313 2938 1380 2979; x_wconf 78' lang='lat' dir='ltr'><strong>ex</strong></span> <span class='ocrx_word' id='word_1_338' title='bbox 1408 2922 1562 2991; x_wconf 83' lang='lat' dir='ltr'><strong>Asia,</strong></span> <span class='ocrx_word' id='word_1_339' title='bbox 1586 2932 1643 2978; x_wconf 90' lang='lat' dir='ltr'><strong>et</strong></span> <span class='ocrx_word' id='word_1_340' title='bbox 1663 2921 1866 2986; x_wconf 80' lang='lat' dir='ltr'><strong>Africa,</strong></span> 
     </span>
    </p>
   </div>
   <div class='ocr_carea' id='block_1_46' title="bbox 287 3009 1874 3084">
    <p class='ocr_par' dir='ltr' id='par_1_46' title="bbox 287 3009 1874 3084">
     <span class='ocr_line' id='line_1_46' title="bbox 287 3009 1874 3084; baseline 0.001 -18"><span class='ocrx_word' id='word_1_341' title='bbox 287 3019 348 3066; x_wconf 87' lang='lat' dir='ltr'><strong>et</strong></span> <span class='ocrx_word' id='word_1_342' title='bbox 368 3010 599 3082; x_wconf 87' lang='lat' dir='ltr'><strong>Europa.</strong></span> <span class='ocrx_word' id='word_1_343' title='bbox 626 3009 748 3067; x_wconf 87' lang='lat' dir='ltr'><strong>Iam</strong></span> <span class='ocrx_word' id='word_1_344' title='bbox 771 3013 919 3068; x_wconf 82' lang='lat' dir='ltr'><strong>circa</strong></span> <span class='ocrx_word' id='word_1_345' title='bbox 934 3012 1327 3068; x_wconf 75' lang='lat' dir='ltr'><strong>hebdomadam</strong></span> <span class='ocrx_word' id='word_1_346' title='bbox 1354 3014 1408 3068; x_wconf 93' lang='lat' dir='ltr'><strong>in</strong></span> <span class='ocrx_word' id='word_1_347' title='bbox 1439 3029 1545 3084; x_wconf 85' lang='lat' dir='ltr'><strong>qua</strong></span> <span class='ocrx_word' id='word_1_348' title='bbox 1569 3012 1874 3070; x_wconf 82' lang='lat' dir='ltr'><strong>celebratur</strong></span> 
     </span>
    </p>
   </div>
   <div class='ocr_carea' id='block_1_47' title="bbox 286 3100 1869 3173">
    <p class='ocr_par' dir='ltr' id='par_1_47' title="bbox 286 3100 1869 3173">
     <span class='ocr_line' id='line_1_47' title="bbox 286 3100 1869 3173; baseline 0.004 -17"><span class='ocrx_word' id='word_1_349' title='bbox 286 3100 642 3160; x_wconf 63' lang='lat' dir='ltr'><strong>Praesentatio</strong></span> <span class='ocrx_word' id='word_1_350' title='bbox 678 3101 915 3167; x_wconf 89' lang='lat' dir='ltr'><strong>Domini,</strong></span> <span class='ocrx_word' id='word_1_351' title='bbox 944 3112 1219 3168; x_wconf 80' lang='lat' dir='ltr'><strong>cantatur,</strong></span> <span class='ocrx_word' id='word_1_352' title='bbox 1251 3104 1482 3158; x_wconf 76' lang='lat' dir='ltr'><strong>Moratc</strong></span> <span class='ocrx_word' id='word_1_353' title='bbox 1503 3120 1646 3173; x_wconf 84' lang='lat' dir='ltr'><strong>eum,</strong></span> <span class='ocrx_word' id='word_1_354' title='bbox 1688 3122 1869 3163; x_wconf 76' lang='lat' dir='ltr'><strong>omnes</strong></span> 
     </span>
    </p>
   </div>
   <div class='ocr_carea' id='block_1_48' title="bbox 283 3193 1941 3265">
    <p class='ocr_par' dir='ltr' id='par_1_48' title="bbox 283 3193 1941 3265">
     <span class='ocr_line' id='line_1_48' title="bbox 283 3193 1941 3265; baseline 0.005 -19"><span class='ocrx_word' id='word_1_355' title='bbox 283 3194 462 3263; x_wconf 84' lang='lat' dir='ltr'><strong>angeli</strong></span> <span class='ocrx_word' id='word_1_356' title='bbox 484 3193 621 3263; x_wconf 82' lang='lat' dir='ltr'><strong>ejus.</strong></span> <span class='ocrx_word' id='word_1_357' title='bbox 655 3193 809 3249; x_wconf 88' lang='lat' dir='ltr'><strong>Unde</strong></span> <span class='ocrx_word' id='word_1_358' title='bbox 847 3194 979 3249; x_wconf 86' lang='lat' dir='ltr'><strong>dicit</strong></span> <span class='ocrx_word' id='word_1_359' title='bbox 1006 3194 1315 3265; x_wconf 80' lang='lat' dir='ltr'><strong>Apostolus,</strong></span> <span class='ocrx_word' id='word_1_360' title='bbox 1348 3206 1405 3250; x_wconf 86' lang='lat' dir='ltr'><strong>ut</strong></span> <span class='ocrx_word' id='word_1_361' title='bbox 1433 3197 1487 3250; x_wconf 89' lang='lat' dir='ltr'><strong>in</strong></span> <span class='ocrx_word' id='word_1_362' title='bbox 1509 3199 1716 3252; x_wconf 83' lang='lat' dir='ltr'><strong>nomine</strong></span> <span class='ocrx_word' id='word_1_363' title='bbox 1738 3199 1868 3254; x_wconf 78' lang='lat' dir='ltr'><strong>Iesu</strong></span> <span class='ocrx_word' id='word_1_364' title='bbox 1897 3193 1941 3216; x_wconf 85' lang='grc'><strong>“⁴</strong></span> 
     </span>
    </p>
   </div>
   <div class='ocr_carea' id='block_1_49' title="bbox 285 3276 1872 3354">
    <p class='ocr_par' dir='ltr' id='par_1_49' title="bbox 285 3276 1872 3354">
     <span class='ocr_line' id='line_1_49' title="bbox 285 3276 1872 3354; baseline 0.004 -18"><span class='ocrx_word' id='word_1_365' title='bbox 285 3297 439 3337; x_wconf 85' lang='lat' dir='ltr'><strong>omne</strong></span> <span class='ocrx_word' id='word_1_366' title='bbox 467 3276 601 3354; x_wconf 81' lang='lat' dir='ltr'><strong>genu</strong></span> <span class='ocrx_word' id='word_1_367' title='bbox 644 3284 908 3353; x_wconf 76' lang='lat' dir='ltr'><strong>ﬂectatur,</strong></span> <span class='ocrx_word' id='word_1_368' title='bbox 956 3284 1262 3350; x_wconf 65' lang='lat' dir='ltr'><strong>caelestium,</strong></span> <span class='ocrx_word' id='word_1_369' title='bbox 1311 3288 1655 3349; x_wconf 81' lang='lat' dir='ltr'><strong>terrestrium,</strong></span> <span class='ocrx_word' id='word_1_370' title='bbox 1704 3297 1752 3341; x_wconf 86' lang='lat' dir='ltr'><strong>et</strong></span> <span class='ocrx_word' id='word_1_371' title='bbox 1788 3291 1872 3342; x_wconf 85' lang='lat' dir='ltr'><strong>in-</strong></span> 
     </span>
    </p>
   </div>
   <div class='ocr_carea' id='block_1_50' title="bbox 284 3373 1867 3447">
    <p class='ocr_par' dir='ltr' id='par_1_50' title="bbox 284 3373 1867 3447">
     <span class='ocr_line' id='line_1_50' title="bbox 284 3373 1867 3447; baseline 0.003 -20"><span class='ocrx_word' id='word_1_372' title='bbox 284 3373 578 3443; x_wconf 57' lang='lat' dir='ltr'><strong>fernarum.</strong></span> <span class='ocrx_word' id='word_1_373' title='bbox 621 3374 776 3440; x_wconf 81' lang='lat' dir='ltr'><strong>Quod</strong></span> <span class='ocrx_word' id='word_1_374' title='bbox 822 3375 896 3429; x_wconf 88' lang='lat' dir='ltr'><strong>ita</strong></span> <span class='ocrx_word' id='word_1_375' title='bbox 934 3375 1159 3444; x_wconf 74' lang='lat' dir='ltr'><strong>exponit</strong></span> <span class='ocrx_word' id='word_1_376' title='bbox 1184 3374 1508 3430; x_wconf 88' lang='lat' dir='ltr'><strong>Ambrosius</strong></span> <span class='ocrx_word' id='word_1_377' title='bbox 1542 3377 1596 3431; x_wconf 89' lang='lat' dir='ltr'><strong>in</strong></span> <span class='ocrx_word' id='word_1_378' title='bbox 1627 3377 1867 3447; x_wconf 79' lang='lat' dir='ltr'><strong>Epistula</strong></span> 
     </span>
    </p>
   </div>
   <div class='ocr_carea' id='block_1_51' title="bbox 281 3464 1868 3535">
    <p class='ocr_par' dir='ltr' id='par_1_51' title="bbox 281 3464 1868 3535">
     <span class='ocr_line' id='line_1_51' title="bbox 281 3464 1868 3535; baseline 0.005 -17"><span class='ocrx_word' id='word_1_379' title='bbox 281 3465 352 3519; x_wconf 86' lang='lat' dir='ltr'><strong>ad</strong></span> <span class='ocrx_word' id='word_1_380' title='bbox 389 3464 782 3535; x_wconf 83' lang='lat' dir='ltr'><strong>Philippenses.</strong></span> <span class='ocrx_word' id='word_1_381' title='bbox 828 3464 943 3521; x_wconf 83' lang='lat' dir='ltr'><strong>Hoc</strong></span> <span class='ocrx_word' id='word_1_382' title='bbox 979 3467 1126 3521; x_wconf 87' lang='lat' dir='ltr'><strong>enim</strong></span> <span class='ocrx_word' id='word_1_383' title='bbox 1167 3467 1244 3521; x_wconf 87' lang='lat' dir='ltr'><strong>illi</strong></span> <span class='ocrx_word' id='word_1_384' title='bbox 1282 3469 1535 3533; x_wconf 81' lang='lat' dir='ltr'><strong>donatur,</strong></span> <span class='ocrx_word' id='word_1_385' title='bbox 1587 3481 1649 3524; x_wconf 89' lang='lat' dir='ltr'><strong>ut</strong></span> <span class='ocrx_word' id='word_1_386' title='bbox 1677 3486 1868 3526; x_wconf 86' lang='lat' dir='ltr'><strong>omnes</strong></span> 
     </span>
    </p>
   </div>
   <div class='ocr_carea' id='block_1_52' title="bbox 287 3552 1872 3620">
    <p class='ocr_par' dir='ltr' id='par_1_52' title="bbox 287 3552 1872 3620">
     <span class='ocr_line' id='line_1_52' title="bbox 287 3552 1872 3620; baseline 0.004 -10"><span class='ocrx_word' id='word_1_387' title='bbox 287 3552 419 3612; x_wconf 83' lang='lat' dir='ltr'><strong>illud</strong></span> <span class='ocrx_word' id='word_1_388' title='bbox 451 3557 701 3619; x_wconf 86' lang='lat' dir='ltr'><strong>adorent,</strong></span> <span class='ocrx_word' id='word_1_389' title='bbox 757 3566 812 3610; x_wconf 92' lang='lat' dir='ltr'><strong>et</strong></span> <span class='ocrx_word' id='word_1_390' title='bbox 850 3566 910 3611; x_wconf 90' lang='lat' dir='ltr'><strong>ut</strong></span> <span class='ocrx_word' id='word_1_391' title='bbox 947 3573 1137 3614; x_wconf 87' lang='lat' dir='ltr'><strong>omnes</strong></span> <span class='ocrx_word' id='word_1_392' title='bbox 1170 3560 1338 3615; x_wconf 88' lang='lat' dir='ltr'><strong>Deum</strong></span> <span class='ocrx_word' id='word_1_393' title='bbox 1386 3561 1750 3620; x_wconf 77' lang='lat' dir='ltr'><strong>conﬁteantur</strong></span> <span class='ocrx_word' id='word_1_394' title='bbox 1781 3564 1872 3617; x_wconf 89' lang='lat' dir='ltr'><strong>Ie-</strong></span> 
     </span>
    </p>
   </div>
   <div class='ocr_carea' id='block_1_53' title="bbox 284 3634 1871 3719">
    <p class='ocr_par' dir='ltr' id='par_1_53' title="bbox 284 3634 1871 3719">
     <span class='ocr_line' id='line_1_53' title="bbox 284 3634 1871 3719; baseline 0.006 -19"><span class='ocrx_word' id='word_1_395' title='bbox 284 3661 409 3701; x_wconf 87' lang='lat' dir='ltr'><strong>sum</strong></span> <span class='ocrx_word' id='word_1_396' title='bbox 449 3645 728 3701; x_wconf 87' lang='lat' dir='ltr'><strong>Christum</strong></span> <span class='ocrx_word' id='word_1_397' title='bbox 762 3634 832 3701; x_wconf 8' lang='lat' dir='ltr'><strong>lin</strong></span> <span class='ocrx_word' id='word_1_398' title='bbox 878 3648 1050 3719; x_wconf 84' lang='lat' dir='ltr'><strong>gloria</strong></span> <span class='ocrx_word' id='word_1_399' title='bbox 1095 3649 1190 3704; x_wconf 89' lang='lat' dir='ltr'><strong>Dei</strong></span> <span class='ocrx_word' id='word_1_400' title='bbox 1229 3649 1407 3705; x_wconf 78' lang='lat' dir='ltr'><strong>Patris</strong></span> <span class='ocrx_word' id='word_1_401' title='bbox 1450 3652 1721 3719; x_wconf 72' lang='lat' dir='ltr'><strong>elfectum,</strong></span> <span class='ocrx_word' id='word_1_402' title='bbox 1768 3655 1871 3709; x_wconf 88' lang='lat' dir='ltr'><strong>hoc</strong></span> 
     </span>
    </p>
   </div>
   <div class='ocr_carea' id='block_1_54' title="bbox 283 3735 1867 3815">
    <p class='ocr_par' dir='ltr' id='par_1_54' title="bbox 283 3735 1867 3815">
     <span class='ocr_line' id='line_1_54' title="bbox 283 3735 1867 3815; baseline 0.008 -28"><span class='ocrx_word' id='word_1_403' title='bbox 283 3744 391 3799; x_wconf 84' lang='lat' dir='ltr'><strong>est,</strong></span> <span class='ocrx_word' id='word_1_404' title='bbox 424 3735 587 3790; x_wconf 85' lang='lat' dir='ltr'><strong>talem</strong></span> <span class='ocrx_word' id='word_1_405' title='bbox 613 3737 842 3807; x_wconf 85' lang='lat' dir='ltr'><strong>potitum</strong></span> <span class='ocrx_word' id='word_1_406' title='bbox 873 3737 1104 3809; x_wconf 79' lang='lat' dir='ltr'><strong>gloriam</strong></span> <span class='ocrx_word' id='word_1_407' title='bbox 1126 3740 1341 3809; x_wconf 85' lang='lat' dir='ltr'><strong>qualem</strong></span> <span class='ocrx_word' id='word_1_408' title='bbox 1362 3741 1453 3798; x_wconf 74' lang='lat' dir='ltr'><strong>fas</strong></span> <span class='ocrx_word' id='word_1_409' title='bbox 1475 3752 1562 3798; x_wconf 89' lang='lat' dir='ltr'><strong>est</strong></span> <span class='ocrx_word' id='word_1_410' title='bbox 1602 3744 1753 3799; x_wconf 85' lang='lat' dir='ltr'><strong>illum</strong></span> <span class='ocrx_word' id='word_1_411' title='bbox 1776 3746 1867 3815; x_wconf 87' lang='lat' dir='ltr'><strong>qui</strong></span> 
     </span>
    </p>
   </div>
   <div class='ocr_carea' id='block_1_55' title="bbox 289 3827 1871 3904">
    <p class='ocr_par' dir='ltr' id='par_1_55' title="bbox 289 3827 1871 3904">
     <span class='ocr_line' id='line_1_55' title="bbox 289 3827 1871 3904; baseline 0.006 -21"><span class='ocrx_word' id='word_1_412' title='bbox 289 3827 392 3883; x_wconf 84' lang='lat' dir='ltr'><strong>sibi</strong></span> <span class='ocrx_word' id='word_1_413' title='bbox 418 3835 631 3898; x_wconf 88' lang='lat' dir='ltr'><strong>patrem</strong></span> <span class='ocrx_word' id='word_1_414' title='bbox 654 3829 879 3885; x_wconf 83' lang='lat' dir='ltr'><strong>ascribit</strong></span> <span class='ocrx_word' id='word_1_415' title='bbox 909 3830 1102 3894; x_wconf 89' lang='lat' dir='ltr'><strong>Deum,</strong></span> <span class='ocrx_word' id='word_1_416' title='bbox 1130 3832 1320 3902; x_wconf 89' lang='lat' dir='ltr'><strong>potiri,</strong></span> <span class='ocrx_word' id='word_1_417' title='bbox 1342 3844 1571 3904; x_wconf 76' lang='lat' dir='ltr'><strong>propter</strong></span> <span class='ocrx_word' id='word_1_418' title='bbox 1596 3835 1746 3891; x_wconf 62' lang='lat' dir='ltr'><strong>illam</strong></span> <span class='ocrx_word' id='word_1_419' title='bbox 1776 3852 1871 3892; x_wconf 91' lang='lat' dir='ltr'><strong>co-</strong></span> 
     </span>
    </p>
   </div>
   <div class='ocr_carea' id='block_1_56' title="bbox 284 3919 1873 3998">
    <p class='ocr_par' dir='ltr' id='par_1_56' title="bbox 284 3919 1873 3998">
     <span class='ocr_line' id='line_1_56' title="bbox 284 3919 1873 3998; baseline 0.006 -24"><span class='ocrx_word' id='word_1_420' title='bbox 284 3919 622 3990; x_wconf 86' lang='lat' dir='ltr'><strong>pulationem</strong></span> <span class='ocrx_word' id='word_1_421' title='bbox 672 3936 834 3990; x_wconf 86' lang='lat' dir='ltr'><strong>quam</strong></span> <span class='ocrx_word' id='word_1_422' title='bbox 887 3923 1050 3977; x_wconf 86' lang='lat' dir='ltr'><strong>habet</strong></span> <span class='ocrx_word' id='word_1_423' title='bbox 1096 3924 1165 3978; x_wconf 88' lang='lat' dir='ltr'><strong>ad</strong></span> <span class='ocrx_word' id='word_1_424' title='bbox 1219 3924 1587 3995; x_wconf 79' lang='lat' dir='ltr'><strong>Unigenitum.</strong></span> <span class='ocrx_word' id='word_1_425' title='bbox 1640 3927 1711 3981; x_wconf 88' lang='lat' dir='ltr'><strong>Et</strong></span> <span class='ocrx_word' id='word_1_426' title='bbox 1748 3937 1873 3998; x_wconf 90' lang='lat' dir='ltr'><strong>post</strong></span> 
     </span>
    </p>
   </div>
   <div class='ocr_carea' id='block_1_57' title="bbox 288 4010 1867 4080">
    <p class='ocr_par' dir='ltr' id='par_1_57' title="bbox 288 4010 1867 4080">
     <span class='ocr_line' id='line_1_57' title="bbox 288 4010 1867 4080; baseline 0.006 -17"><span class='ocrx_word' id='word_1_427' title='bbox 288 4025 461 4079; x_wconf 87' lang='lat' dir='ltr'><strong>pauca</strong></span> <span class='ocrx_word' id='word_1_428' title='bbox 495 4028 509 4064; x_wconf 73' lang='grc' dir='ltr'>ε</span> <span class='ocrx_word' id='word_1_429' title='bbox 543 4010 623 4065; x_wconf 92' lang='lat' dir='ltr'><strong>Cu</strong></span> <span class='ocrx_word' id='word_1_430' title='bbox 641 4010 861 4065; x_wconf 86' lang='lat' dir='ltr'><strong>lestium</strong></span> <span class='ocrx_word' id='word_1_431' title='bbox 911 4013 1130 4080; x_wconf 86' lang='lat' dir='ltr'><strong>quidem</strong></span> <span class='ocrx_word' id='word_1_432' title='bbox 1174 4012 1528 4069; x_wconf 77' lang='lat' dir='ltr'><strong>invisibilium</strong></span> <span class='ocrx_word' id='word_1_433' title='bbox 1585 4017 1867 4073; x_wconf 69' lang='lat' dir='ltr'><strong>virtutum;</strong></span> 
     </span>
    </p>
   </div>
   <div class='ocr_carea' id='block_1_58' title="bbox 288 4099 1870 4173">
    <p class='ocr_par' dir='ltr' id='par_1_58' title="bbox 288 4099 1870 4173">
     <span class='ocr_line' id='line_1_58' title="bbox 288 4099 1870 4173; baseline 0.005 -19"><span class='ocrx_word' id='word_1_434' title='bbox 288 4099 360 4154; x_wconf 82' lang='lat' dir='ltr'><strong>Et</strong></span> <span class='ocrx_word' id='word_1_435' title='bbox 387 4099 579 4161; x_wconf 85' lang='lat' dir='ltr'><strong>Petrus</strong></span> <span class='ocrx_word' id='word_1_436' title='bbox 623 4101 690 4155; x_wconf 88' lang='lat' dir='ltr'><strong>de</strong></span> <span class='ocrx_word' id='word_1_437' title='bbox 722 4101 910 4167; x_wconf 88' lang='lat' dir='ltr'><strong>eodem</strong></span> <span class='ocrx_word' id='word_1_438' title='bbox 934 4102 1071 4157; x_wconf 83' lang='lat' dir='ltr'><strong>Filio</strong></span> <span class='ocrx_word' id='word_1_439' title='bbox 1099 4101 1197 4157; x_wconf 89' lang='lat' dir='ltr'><strong>Dei</strong></span> <span class='ocrx_word' id='word_1_440' title='bbox 1232 4104 1367 4159; x_wconf 87' lang='lat' dir='ltr'><strong>dicit</strong></span> <span class='ocrx_word' id='word_1_441' title='bbox 1395 4120 1410 4158; x_wconf 87' lang='lat'><strong>:</strong></span> <span class='ocrx_word' id='word_1_442' title='bbox 1443 4104 1748 4173; x_wconf 81' lang='lat' dir='ltr'><strong>Profectus,</strong></span> <span class='ocrx_word' id='word_1_443' title='bbox 1782 4108 1870 4162; x_wconf 90' lang='lat' dir='ltr'><strong>in-</strong></span> 
     </span>
    </p>
   </div>
   <div class='ocr_carea' id='block_1_59' title="bbox 285 4191 1870 4270">
    <p class='ocr_par' dir='ltr' id='par_1_59' title="bbox 285 4191 1870 4270">
     <span class='ocr_line' id='line_1_59' title="bbox 285 4191 1870 4270; baseline 0.006 -24"><span class='ocrx_word' id='word_1_444' title='bbox 285 4191 427 4262; x_wconf 86' lang='lat' dir='ltr'><strong>quit,</strong></span> <span class='ocrx_word' id='word_1_445' title='bbox 472 4192 527 4246; x_wconf 91' lang='lat' dir='ltr'><strong>in</strong></span> <span class='ocrx_word' id='word_1_446' title='bbox 558 4192 756 4247; x_wconf 65' lang='lat' dir='ltr'><strong>caelum</strong></span> <span class='ocrx_word' id='word_1_447' title='bbox 793 4193 1051 4263; x_wconf 87' lang='lat' dir='ltr'><strong>subjectis</strong></span> <span class='ocrx_word' id='word_1_448' title='bbox 1092 4195 1195 4250; x_wconf 86' lang='lat' dir='ltr'><strong>sibi</strong></span> <span class='ocrx_word' id='word_1_449' title='bbox 1225 4197 1454 4267; x_wconf 84' lang='lat' dir='ltr'><strong>angelis,</strong></span> <span class='ocrx_word' id='word_1_450' title='bbox 1490 4206 1546 4253; x_wconf 92' lang='lat' dir='ltr'><strong>et</strong></span> <span class='ocrx_word' id='word_1_451' title='bbox 1588 4201 1870 4270; x_wconf 83' lang='lat' dir='ltr'><strong>potestati-</strong></span> 
     </span>
    </p>
   </div>
   <div class='ocr_carea' id='block_1_60' title="bbox 287 4286 1869 4363">
    <p class='ocr_par' dir='ltr' id='par_1_60' title="bbox 287 4286 1869 4363">
     <span class='ocr_line' id='line_1_60' title="bbox 287 4286 1869 4363; baseline 0.007 -25"><span class='ocrx_word' id='word_1_452' title='bbox 287 4286 409 4349; x_wconf 86' lang='lat' dir='ltr'><strong>bus,</strong></span> <span class='ocrx_word' id='word_1_453' title='bbox 449 4294 505 4340; x_wconf 89' lang='lat' dir='ltr'><strong>ct</strong></span> <span class='ocrx_word' id='word_1_454' title='bbox 531 4286 844 4341; x_wconf 82' lang='lat' dir='ltr'><strong>virtutibus.</strong></span> <span class='ocrx_word' id='word_1_455' title='bbox 886 4286 1041 4343; x_wconf 86' lang='lat' dir='ltr'><strong>Unde</strong></span> <span class='ocrx_word' id='word_1_456' title='bbox 1084 4288 1227 4343; x_wconf 87' lang='lat' dir='ltr'><strong>Beda</strong></span> <span class='ocrx_word' id='word_1_457' title='bbox 1259 4290 1314 4344; x_wconf 90' lang='lat' dir='ltr'><strong>in</strong></span> <span class='ocrx_word' id='word_1_458' title='bbox 1337 4298 1582 4346; x_wconf 82' lang='lat' dir='ltr'><strong>tractatu</strong></span> <span class='ocrx_word' id='word_1_459' title='bbox 1616 4292 1869 4363; x_wconf 63' lang='lat' dir='ltr'><strong>Epistolas</strong></span> 
     </span>
    </p>
   </div>
   <div class='ocr_carea' id='block_1_61' title="bbox 286 4376 1870 4456">
    <p class='ocr_par' dir='ltr' id='par_1_61' title="bbox 286 4376 1870 4456">
     <span class='ocr_line' id='line_1_61' title="bbox 286 4376 1870 4456; baseline 0.005 -25"><span class='ocrx_word' id='word_1_460' title='bbox 286 4376 530 4447; x_wconf 84' lang='lat' dir='ltr'><strong>ejusdem</strong></span> <span class='ocrx_word' id='word_1_461' title='bbox 560 4376 748 4434; x_wconf 87' lang='lat' dir='ltr'><strong>Petri:</strong></span> <span class='ocrx_word' id='word_1_462' title='bbox 776 4377 917 4434; x_wconf 85' lang='lat' dir='ltr'><strong>Nulli</strong></span> <span class='ocrx_word' id='word_1_463' title='bbox 946 4379 1171 4434; x_wconf 80' lang='lat' dir='ltr'><strong>dubium</strong></span> <span class='ocrx_word' id='word_1_464' title='bbox 1194 4382 1325 4451; x_wconf 71' lang='lat' dir='ltr'><strong>quin</strong></span> <span class='ocrx_word' id='word_1_465' title='bbox 1350 4381 1495 4439; x_wconf 87' lang='lat' dir='ltr'><strong>Filio</strong></span> <span class='ocrx_word' id='word_1_466' title='bbox 1517 4384 1614 4440; x_wconf 83' lang='lat' dir='ltr'><strong>Dei</strong></span> <span class='ocrx_word' id='word_1_467' title='bbox 1654 4401 1870 4456; x_wconf 86' lang='lat' dir='ltr'><strong>semper</strong></span> 
     </span>
    </p>
   </div>
   <div class='ocr_carea' id='block_1_62' title="bbox 1968 1913 3551 1986">
    <p class='ocr_par' dir='ltr' id='par_1_62' title="bbox 1968 1913 3551 1986">
     <span class='ocr_line' id='line_1_62' title="bbox 1968 1913 3551 1986; baseline 0.004 -20"><span class='ocrx_word' id='word_1_468' title='bbox 1968 1926 2084 1966; x_wconf 88' lang='lat' dir='ltr'><strong>cem</strong></span> <span class='ocrx_word' id='word_1_469' title='bbox 2109 1922 2375 1984; x_wconf 72' lang='lat' dir='ltr'><strong>praecepta</strong></span> <span class='ocrx_word' id='word_1_470' title='bbox 2408 1913 2563 1985; x_wconf 79' lang='lat' dir='ltr'><strong>legis,</strong></span> <span class='ocrx_word' id='word_1_471' title='bbox 2586 1914 2693 1970; x_wconf 87' lang='lat' dir='ltr'><strong>hoc</strong></span> <span class='ocrx_word' id='word_1_472' title='bbox 2718 1922 2822 1979; x_wconf 91' lang='lat' dir='ltr'><strong>est,</strong></span> <span class='ocrx_word' id='word_1_473' title='bbox 2867 1913 3087 1984; x_wconf 87' lang='lat' dir='ltr'><strong>utjuste</strong></span> <span class='ocrx_word' id='word_1_474' title='bbox 3116 1924 3171 1971; x_wconf 89' lang='lat' dir='ltr'><strong>et</strong></span> <span class='ocrx_word' id='word_1_475' title='bbox 3206 1915 3295 1986; x_wconf 90' lang='lat' dir='ltr'><strong>pie</strong></span> <span class='ocrx_word' id='word_1_476' title='bbox 3324 1916 3473 1972; x_wconf 88' lang='lat' dir='ltr'><strong>vivat</strong></span> <span class='ocrx_word' id='word_1_477' title='bbox 3497 1918 3551 1972; x_wconf 92' lang='lat' dir='ltr'><strong>in</strong></span> 
     </span>
    </p>
   </div>
   <div class='ocr_carea' id='block_1_63' title="bbox 1968 2001 3549 2077">
    <p class='ocr_par' dir='ltr' id='par_1_63' title="bbox 1968 2001 3549 2077">
     <span class='ocr_line' id='line_1_63' title="bbox 1968 2001 3549 2077; baseline 0.005 -22"><span class='ocrx_word' id='word_1_478' title='bbox 1968 2001 2070 2057; x_wconf 88' lang='lat' dir='ltr'><strong>hoc</strong></span> <span class='ocrx_word' id='word_1_479' title='bbox 2092 2002 2290 2059; x_wconf 63' lang='lat' dir='ltr'><strong>saeculo</strong></span> <span class='ocrx_word' id='word_1_480' title='bbox 2318 2014 2642 2075; x_wconf 80' lang='lat' dir='ltr'><strong>exspectans</strong></span> <span class='ocrx_word' id='word_1_481' title='bbox 2666 2006 2883 2061; x_wconf 89' lang='lat' dir='ltr'><strong>beatam</strong></span> <span class='ocrx_word' id='word_1_482' title='bbox 2911 2018 3085 2076; x_wconf 78' lang='lat' dir='ltr'><strong>spem,</strong></span> <span class='ocrx_word' id='word_1_483' title='bbox 3122 2008 3338 2077; x_wconf 89' lang='lat' dir='ltr'><strong>quando</strong></span> <span class='ocrx_word' id='word_1_484' title='bbox 3363 2008 3549 2063; x_wconf 81' lang='lat' dir='ltr'><strong>videat</strong></span> 
     </span>
    </p>
   </div>
   <div class='ocr_carea' id='block_1_64' title="bbox 1968 2093 3555 2171">
    <p class='ocr_par' dir='ltr' id='par_1_64' title="bbox 1968 2093 3555 2171">
     <span class='ocr_line' id='line_1_64' title="bbox 1968 2093 3555 2171; baseline 0.005 -24"><span class='ocrx_word' id='word_1_485' title='bbox 1968 2093 2255 2149; x_wconf 88' lang='lat' dir='ltr'><strong>Dominum</strong></span> <span class='ocrx_word' id='word_1_486' title='bbox 2310 2096 2364 2150; x_wconf 94' lang='lat' dir='ltr'><strong>in</strong></span> <span class='ocrx_word' id='word_1_487' title='bbox 2401 2095 2569 2166; x_wconf 81' lang='lat' dir='ltr'><strong>gloria</strong></span> <span class='ocrx_word' id='word_1_488' title='bbox 2605 2113 2702 2152; x_wconf 91' lang='lat' dir='ltr'><strong>sua</strong></span> <span class='ocrx_word' id='word_1_489' title='bbox 2750 2105 2806 2152; x_wconf 88' lang='lat' dir='ltr'><strong>et</strong></span> <span class='ocrx_word' id='word_1_490' title='bbox 2846 2098 3044 2153; x_wconf 87' lang='lat' dir='ltr'><strong>choros</strong></span> <span class='ocrx_word' id='word_1_491' title='bbox 3093 2099 3407 2171; x_wconf 82' lang='lat' dir='ltr'><strong>angelorum</strong></span> <span class='ocrx_word' id='word_1_492' title='bbox 3456 2100 3555 2155; x_wconf 88' lang='lat' dir='ltr'><strong>ad-</strong></span> 
     </span>
    </p>
   </div>
   <div class='ocr_carea' id='block_1_65' title="bbox 1968 2186 3555 2258">
    <p class='ocr_par' dir='ltr' id='par_1_65' title="bbox 1968 2186 3555 2258">
     <span class='ocr_line' id='line_1_65' title="bbox 1968 2186 3555 2258; baseline 0.003 -20"><span class='ocrx_word' id='word_1_493' title='bbox 1968 2196 2189 2241; x_wconf 86' lang='lat' dir='ltr'><strong>orantes</strong></span> <span class='ocrx_word' id='word_1_494' title='bbox 2214 2186 2406 2242; x_wconf 89' lang='lat' dir='ltr'><strong>Deum.</strong></span> <span class='ocrx_word' id='word_1_495' title='bbox 2422 2187 2681 2242; x_wconf 85' lang='lat' dir='ltr'><strong>Eamdem</strong></span> <span class='ocrx_word' id='word_1_496' title='bbox 2706 2190 3164 2258; x_wconf 86' lang='lat' dir='ltr'><strong>perseverantiam</strong></span> <span class='ocrx_word' id='word_1_497' title='bbox 3194 2190 3246 2245; x_wconf 89' lang='lat' dir='ltr'><strong>in</strong></span> <span class='ocrx_word' id='word_1_498' title='bbox 3277 2190 3418 2245; x_wconf 86' lang='lat' dir='ltr'><strong>bono</strong></span> <span class='ocrx_word' id='word_1_499' title='bbox 3441 2198 3555 2245; x_wconf 88' lang='lat' dir='ltr'><strong>stu-</strong></span> 
     </span>
    </p>
   </div>
   <div class='ocr_carea' id='block_1_66' title="bbox 1970 2275 3556 2351">
    <p class='ocr_par' dir='ltr' id='par_1_66' title="bbox 1970 2275 3556 2351">
     <span class='ocr_line' id='line_1_66' title="bbox 1970 2275 3556 2351; baseline 0.003 -20"><span class='ocrx_word' id='word_1_500' title='bbox 1970 2275 2059 2331; x_wconf 89' lang='lat' dir='ltr'><strong>dio</strong></span> <span class='ocrx_word' id='word_1_501' title='bbox 2086 2276 2282 2347; x_wconf 84' lang='lat' dir='ltr'><strong>ﬁgurat</strong></span> <span class='ocrx_word' id='word_1_502' title='bbox 2315 2278 2497 2334; x_wconf 88' lang='lat' dir='ltr'><strong>tunica</strong></span> <span class='ocrx_word' id='word_1_503' title='bbox 2523 2277 2709 2333; x_wconf 87' lang='lat' dir='ltr'><strong>talaris</strong></span> <span class='ocrx_word' id='word_1_504' title='bbox 2737 2294 2898 2349; x_wconf 90' lang='lat' dir='ltr'><strong>quam</strong></span> <span class='ocrx_word' id='word_1_505' title='bbox 2922 2279 3097 2335; x_wconf 90' lang='lat' dir='ltr'><strong>induit</strong></span> <span class='ocrx_word' id='word_1_506' title='bbox 3116 2278 3315 2351; x_wconf 88' lang='lat' dir='ltr'><strong>Ioseph</strong></span> <span class='ocrx_word' id='word_1_507' title='bbox 3347 2281 3399 2335; x_wconf 91' lang='lat' dir='ltr'><strong>in</strong></span> <span class='ocrx_word' id='word_1_508' title='bbox 3416 2295 3556 2350; x_wconf 67' lang='lat' dir='ltr'><strong>prse-</strong></span> 
     </span>
    </p>
   </div>
   <div class='ocr_carea' id='block_1_67' title="bbox 1968 2367 3552 2443">
    <p class='ocr_par' dir='ltr' id='par_1_67' title="bbox 1968 2367 3552 2443">
     <span class='ocr_line' id='line_1_67' title="bbox 1968 2367 3552 2443; baseline 0.004 -23"><span class='ocrx_word' id='word_1_509' title='bbox 1968 2367 2290 2438; x_wconf 84' lang='lat' dir='ltr'><strong>iiguratione</strong></span> <span class='ocrx_word' id='word_1_510' title='bbox 2321 2369 2565 2440; x_wconf 78' lang='lat' dir='ltr'><strong>corporis</strong></span> <span class='ocrx_word' id='word_1_511' title='bbox 2590 2369 2816 2438; x_wconf 86' lang='lat' dir='ltr'><strong>Christi,</strong></span> <span class='ocrx_word' id='word_1_512' title='bbox 2860 2378 2915 2426; x_wconf 88' lang='lat' dir='ltr'><strong>et</strong></span> <span class='ocrx_word' id='word_1_513' title='bbox 2944 2387 3044 2426; x_wconf 91' lang='lat' dir='ltr'><strong>nos</strong></span> <span class='ocrx_word' id='word_1_514' title='bbox 3066 2370 3251 2427; x_wconf 85' lang='lat' dir='ltr'><strong>clerici</strong></span> <span class='ocrx_word' id='word_1_515' title='bbox 3282 2387 3403 2427; x_wconf 87' lang='lat' dir='ltr'><strong>eam</strong></span> <span class='ocrx_word' id='word_1_516' title='bbox 3424 2388 3552 2443; x_wconf 91' lang='lat' dir='ltr'><strong>por-</strong></span> 
     </span>
    </p>
   </div>
   <div class='ocr_carea' id='block_1_68' title="bbox 1968 2453 3549 2531">
    <p class='ocr_par' dir='ltr' id='par_1_68' title="bbox 1968 2453 3549 2531">
     <span class='ocr_line' id='line_1_68' title="bbox 1968 2453 3549 2531; baseline 0.004 -20"><span class='ocrx_word' id='word_1_517' title='bbox 1968 2466 2148 2513; x_wconf 86' lang='lat' dir='ltr'><strong>tamus</strong></span> <span class='ocrx_word' id='word_1_518' title='bbox 2183 2459 2299 2514; x_wconf 88' lang='lat' dir='ltr'><strong>sive</strong></span> <span class='ocrx_word' id='word_1_519' title='bbox 2333 2460 2384 2514; x_wconf 90' lang='lat' dir='ltr'><strong>in</strong></span> <span class='ocrx_word' id='word_1_520' title='bbox 2413 2461 2729 2531; x_wconf 83' lang='lat' dir='ltr'><strong>quotidiano</strong></span> <span class='ocrx_word' id='word_1_521' title='bbox 2760 2477 2882 2526; x_wconf 91' lang='lat' dir='ltr'><strong>usu,</strong></span> <span class='ocrx_word' id='word_1_522' title='bbox 2933 2453 3047 2517; x_wconf 80' lang='lat' dir='ltr'><strong>sive</strong></span> <span class='ocrx_word' id='word_1_523' title='bbox 3079 2462 3133 2516; x_wconf 90' lang='lat' dir='ltr'><strong>in</strong></span> <span class='ocrx_word' id='word_1_524' title='bbox 3154 2464 3549 2519; x_wconf 90' lang='lat' dir='ltr'><strong>ecclesiastico.</strong></span> 
     </span>
    </p>
   </div>
   <div class='ocr_carea' id='block_1_69' title="bbox 1971 2550 3553 2628">
    <p class='ocr_par' dir='ltr' id='par_1_69' title="bbox 1971 2550 3553 2628">
     <span class='ocr_line' id='line_1_69' title="bbox 1971 2550 3553 2628; baseline 0.003 -24"><span class='ocrx_word' id='word_1_525' title='bbox 1971 2550 2048 2604; x_wconf 72' lang='lat' dir='ltr'><strong>Es</strong></span> <span class='ocrx_word' id='word_1_526' title='bbox 2079 2566 2142 2606; x_wconf 89' lang='lat' dir='ltr'><strong>ea</strong></span> <span class='ocrx_word' id='word_1_527' title='bbox 2175 2568 2367 2622; x_wconf 87' lang='lat' dir='ltr'><strong>nempe</strong></span> <span class='ocrx_word' id='word_1_528' title='bbox 2398 2552 2750 2608; x_wconf 85' lang='lat' dir='ltr'><strong>admouemus</strong></span> <span class='ocrx_word' id='word_1_529' title='bbox 2772 2554 3028 2624; x_wconf 89' lang='lat' dir='ltr'><strong>populum</strong></span> <span class='ocrx_word' id='word_1_530' title='bbox 3060 2553 3157 2628; x_wconf 85' lang='lat' dir='ltr'><strong>Dei</strong></span> <span class='ocrx_word' id='word_1_531' title='bbox 3185 2563 3244 2609; x_wconf 91' lang='lat' dir='ltr'><strong>ut</strong></span> <span class='ocrx_word' id='word_1_532' title='bbox 3286 2570 3457 2625; x_wconf 83' lang='lat' dir='ltr'><strong>usque</strong></span> <span class='ocrx_word' id='word_1_533' title='bbox 3485 2559 3553 2609; x_wconf 81' lang='lat' dir='ltr'><strong>ad</strong></span> 
     </span>
    </p>
   </div>
   <div class='ocr_carea' id='block_1_70' title="bbox 1971 2643 3555 2716">
    <p class='ocr_par' dir='ltr' id='par_1_70' title="bbox 1971 2643 3555 2716">
     <span class='ocr_line' id='line_1_70' title="bbox 1971 2643 3555 2716; baseline 0.003 -19"><span class='ocrx_word' id='word_1_534' title='bbox 1971 2643 2134 2698; x_wconf 84' lang='lat' dir='ltr'><strong>ﬁnem</strong></span> <span class='ocrx_word' id='word_1_535' title='bbox 2164 2646 2348 2699; x_wconf 86' lang='lat' dir='ltr'><strong>mundi</strong></span> <span class='ocrx_word' id='word_1_536' title='bbox 2379 2653 2587 2715; x_wconf 86' lang='lat' dir='ltr'><strong>satagat</strong></span> <span class='ocrx_word' id='word_1_537' title='bbox 2610 2661 2668 2701; x_wconf 90' lang='lat' dir='ltr'><strong>se</strong></span> <span class='ocrx_word' id='word_1_538' title='bbox 2692 2646 2905 2716; x_wconf 86' lang='lat' dir='ltr'><strong>operire</strong></span> <span class='ocrx_word' id='word_1_539' title='bbox 2919 2646 3075 2701; x_wconf 83' lang='lat' dir='ltr'><strong>bouis</strong></span> <span class='ocrx_word' id='word_1_540' title='bbox 3097 2647 3375 2716; x_wconf 82' lang='lat' dir='ltr'><strong>operibus.</strong></span> <span class='ocrx_word' id='word_1_541' title='bbox 3401 2646 3555 2704; x_wconf 88' lang='lat' dir='ltr'><strong>Unde</strong></span> 
     </span>
    </p>
   </div>
   <div class='ocr_carea' id='block_1_71' title="bbox 1972 2734 3554 2812">
    <p class='ocr_par' dir='ltr' id='par_1_71' title="bbox 1972 2734 3554 2812">
     <span class='ocr_line' id='line_1_71' title="bbox 1972 2734 3554 2812; baseline 0.003 -21"><span class='ocrx_word' id='word_1_542' title='bbox 1972 2734 2263 2807; x_wconf 88' lang='lat' dir='ltr'><strong>Gregorius</strong></span> <span class='ocrx_word' id='word_1_543' title='bbox 2319 2736 2372 2791; x_wconf 91' lang='lat' dir='ltr'><strong>in</strong></span> <span class='ocrx_word' id='word_1_544' title='bbox 2397 2737 2574 2807; x_wconf 86' lang='lat' dir='ltr'><strong>primo</strong></span> <span class='ocrx_word' id='word_1_545' title='bbox 2608 2737 2751 2792; x_wconf 88' lang='lat' dir='ltr'><strong>libro</strong></span> <span class='ocrx_word' id='word_1_546' title='bbox 2783 2738 2848 2794; x_wconf 91' lang='lat' dir='ltr'><strong>de</strong></span> <span class='ocrx_word' id='word_1_547' title='bbox 2877 2736 3168 2794; x_wconf 77' lang='lat' dir='ltr'><strong>Moralibus</strong></span> <span class='ocrx_word' id='word_1_548' title='bbox 3194 2756 3207 2792; x_wconf 91' lang='lat'>:</span> <span class='ocrx_word' id='word_1_549' title='bbox 3237 2738 3374 2793; x_wconf 78' lang='lat' dir='ltr'><strong>Nam</strong></span> <span class='ocrx_word' id='word_1_550' title='bbox 3424 2740 3554 2812; x_wconf 86' lang='lat' dir='ltr'><strong>quid</strong></span> 
     </span>
    </p>
   </div>
   <div class='ocr_carea' id='block_1_72' title="bbox 1968 2828 3552 2898">
    <p class='ocr_par' dir='ltr' id='par_1_72' title="bbox 1968 2828 3552 2898">
     <span class='ocr_line' id='line_1_72' title="bbox 1968 2828 3552 2898; baseline 0.002 -15"><span class='ocrx_word' id='word_1_551' title='bbox 1968 2836 2055 2883; x_wconf 88' lang='lat' dir='ltr'><strong>est</strong></span> <span class='ocrx_word' id='word_1_552' title='bbox 2110 2828 2297 2883; x_wconf 90' lang='lat' dir='ltr'><strong>talaris</strong></span> <span class='ocrx_word' id='word_1_553' title='bbox 2344 2829 2549 2893; x_wconf 88' lang='lat' dir='ltr'><strong>tunica,</strong></span> <span class='ocrx_word' id='word_1_554' title='bbox 2597 2829 2702 2884; x_wconf 87' lang='lat' dir='ltr'><strong>nisi</strong></span> <span class='ocrx_word' id='word_1_555' title='bbox 2745 2830 2889 2885; x_wconf 84' lang='lat' dir='ltr'><strong>actio</strong></span> <span class='ocrx_word' id='word_1_556' title='bbox 2928 2829 3337 2885; x_wconf 77' lang='lat' dir='ltr'><strong>consummata?</strong></span> <span class='ocrx_word' id='word_1_557' title='bbox 3387 2828 3552 2898; x_wconf 83' lang='lat' dir='ltr'><strong>Quasi</strong></span> 
     </span>
    </p>
   </div>
   <div class='ocr_carea' id='block_1_73' title="bbox 1971 2919 3549 2994">
    <p class='ocr_par' dir='ltr' id='par_1_73' title="bbox 1971 2919 3549 2994">
     <span class='ocr_line' id='line_1_73' title="bbox 1971 2919 3549 2994; baseline 0.003 -19"><span class='ocrx_word' id='word_1_558' title='bbox 1971 2919 2117 2975; x_wconf 86' lang='lat' dir='ltr'><strong>enim</strong></span> <span class='ocrx_word' id='word_1_559' title='bbox 2162 2934 2431 2991; x_wconf 89' lang='lat' dir='ltr'><strong>propensa</strong></span> <span class='ocrx_word' id='word_1_560' title='bbox 2472 2920 2655 2976; x_wconf 89' lang='lat' dir='ltr'><strong>tunica</strong></span> <span class='ocrx_word' id='word_1_561' title='bbox 2689 2921 2859 2976; x_wconf 87' lang='lat' dir='ltr'><strong>talum</strong></span> <span class='ocrx_word' id='word_1_562' title='bbox 2899 2922 3146 2993; x_wconf 88' lang='lat' dir='ltr'><strong>corporis</strong></span> <span class='ocrx_word' id='word_1_563' title='bbox 3180 2923 3379 2994; x_wconf 89' lang='lat' dir='ltr'><strong>operit,</strong></span> <span class='ocrx_word' id='word_1_564' title='bbox 3426 2940 3549 2979; x_wconf 90' lang='lat' dir='ltr'><strong>cum</strong></span> 
     </span>
    </p>
   </div>
   <div class='ocr_carea' id='block_1_74' title="bbox 1972 3011 3553 3087">
    <p class='ocr_par' dir='ltr' id='par_1_74' title="bbox 1972 3011 3553 3087">
     <span class='ocr_line' id='line_1_74' title="bbox 1972 3011 3553 3087; baseline 0.004 -21"><span class='ocrx_word' id='word_1_565' title='bbox 1972 3011 2117 3067; x_wconf 90' lang='lat' dir='ltr'><strong>bona</strong></span> <span class='ocrx_word' id='word_1_566' title='bbox 2141 3013 2285 3068; x_wconf 92' lang='lat' dir='ltr'><strong>actio</strong></span> <span class='ocrx_word' id='word_1_567' title='bbox 2314 3022 2439 3069; x_wconf 89' lang='lat' dir='ltr'><strong>ante</strong></span> <span class='ocrx_word' id='word_1_568' title='bbox 2464 3012 2559 3069; x_wconf 89' lang='lat' dir='ltr'><strong>Dei</strong></span> <span class='ocrx_word' id='word_1_569' title='bbox 2589 3014 2776 3071; x_wconf 90' lang='lat' dir='ltr'><strong>oculos</strong></span> <span class='ocrx_word' id='word_1_570' title='bbox 2809 3031 2982 3087; x_wconf 88' lang='lat' dir='ltr'><strong>usque</strong></span> <span class='ocrx_word' id='word_1_571' title='bbox 3011 3016 3079 3071; x_wconf 86' lang='lat' dir='ltr'><strong>ad</strong></span> <span class='ocrx_word' id='word_1_572' title='bbox 3108 3016 3232 3071; x_wconf 67' lang='lat' dir='ltr'><strong>vitm</strong></span> <span class='ocrx_word' id='word_1_573' title='bbox 3262 3018 3553 3073; x_wconf 89' lang='lat' dir='ltr'><strong>terminum</strong></span> 
     </span>
    </p>
   </div>
   <div class='ocr_carea' id='block_1_75' title="bbox 1973 3102 3550 3176">
    <p class='ocr_par' dir='ltr' id='par_1_75' title="bbox 1973 3102 3550 3176">
     <span class='ocr_line' id='line_1_75' title="bbox 1973 3102 3550 3176; baseline 0.003 -19"><span class='ocrx_word' id='word_1_574' title='bbox 1973 3102 2127 3174; x_wconf 83' lang='lat' dir='ltr'><strong>tegit.</strong></span> <span class='ocrx_word' id='word_1_575' title='bbox 2173 3102 2287 3160; x_wconf 81' lang='lat' dir='ltr'><strong>Hoc</strong></span> <span class='ocrx_word' id='word_1_576' title='bbox 2326 3111 2410 3159; x_wconf 90' lang='lat' dir='ltr'><strong>est</strong></span> <span class='ocrx_word' id='word_1_577' title='bbox 2449 3119 2637 3160; x_wconf 91' lang='lat' dir='ltr'><strong>cereos</strong></span> <span class='ocrx_word' id='word_1_578' title='bbox 2668 3120 2929 3163; x_wconf 88' lang='lat' dir='ltr'><strong>accensos</strong></span> <span class='ocrx_word' id='word_1_579' title='bbox 2959 3107 3209 3163; x_wconf 88' lang='lat' dir='ltr'><strong>manibus</strong></span> <span class='ocrx_word' id='word_1_580' title='bbox 3242 3116 3462 3176; x_wconf 88' lang='lat' dir='ltr'><strong>portare</strong></span> <span class='ocrx_word' id='word_1_581' title='bbox 3497 3109 3550 3164; x_wconf 91' lang='lat' dir='ltr'><strong>in</strong></span> 
     </span>
    </p>
   </div>
   <div class='ocr_carea' id='block_1_76' title="bbox 1972 3195 3555 3271">
    <p class='ocr_par' dir='ltr' id='par_1_76' title="bbox 1972 3195 3555 3271">
     <span class='ocr_line' id='line_1_76' title="bbox 1972 3195 3555 3271; baseline 0.004 -21"><span class='ocrx_word' id='word_1_582' title='bbox 1972 3199 2214 3258; x_wconf 77' lang='grc' dir='ltr'><strong>Ὑπαντὴ,</strong></span> <span class='ocrx_word' id='word_1_583' title='bbox 2240 3195 2382 3263; x_wconf 86' lang='lat' dir='ltr'><strong>quod</strong></span> <span class='ocrx_word' id='word_1_584' title='bbox 2413 3196 2562 3250; x_wconf 82' lang='lat' dir='ltr'><strong>estin</strong></span> <span class='ocrx_word' id='word_1_585' title='bbox 2577 3199 2997 3267; x_wconf 72' lang='lat' dir='ltr'><strong>prmsentatione</strong></span> <span class='ocrx_word' id='word_1_586' title='bbox 3011 3198 3093 3253; x_wconf 92' lang='lat' dir='ltr'><strong>sui</strong></span> <span class='ocrx_word' id='word_1_587' title='bbox 3116 3215 3555 3271; x_wconf 84' lang='lat' dir='ltr'><strong>unumquemque</strong></span> 
     </span>
    </p>
   </div>
   <div class='ocr_carea' id='block_1_77' title="bbox 1970 3286 3555 3360">
    <p class='ocr_par' dir='ltr' id='par_1_77' title="bbox 1970 3286 3555 3360">
     <span class='ocr_line' id='line_1_77' title="bbox 1970 3286 3555 3360; baseline 0.008 -23"><span class='ocrx_word' id='word_1_588' title='bbox 1970 3300 2151 3340; x_wconf 83' lang='lat' dir='ltr'><strong>secum</strong></span> <span class='ocrx_word' id='word_1_589' title='bbox 2179 3286 2378 3340; x_wconf 88' lang='lat' dir='ltr'><strong>habere</strong></span> <span class='ocrx_word' id='word_1_590' title='bbox 2408 3302 2570 3357; x_wconf 87' lang='lat' dir='ltr'><strong>opera</strong></span> <span class='ocrx_word' id='word_1_591' title='bbox 2600 3304 2722 3354; x_wconf 90' lang='lat' dir='ltr'><strong>sua,</strong></span> <span class='ocrx_word' id='word_1_592' title='bbox 2754 3290 2807 3344; x_wconf 92' lang='lat' dir='ltr'><strong>in</strong></span> <span class='ocrx_word' id='word_1_593' title='bbox 2832 3290 3027 3360; x_wconf 87' lang='lat' dir='ltr'><strong>quibus</strong></span> <span class='ocrx_word' id='word_1_594' title='bbox 3055 3290 3235 3347; x_wconf 59' lang='lat' dir='ltr'><strong>ciarus</strong></span> <span class='ocrx_word' id='word_1_595' title='bbox 3257 3301 3313 3347; x_wconf 91' lang='lat' dir='ltr'><strong>et</strong></span> <span class='ocrx_word' id='word_1_596' title='bbox 3349 3293 3555 3350; x_wconf 84' lang='lat' dir='ltr'><strong>lucidus</strong></span> 
     </span>
    </p>
   </div>
   <div class='ocr_carea' id='block_1_78' title="bbox 1969 3376 3550 3455">
    <p class='ocr_par' dir='ltr' id='par_1_78' title="bbox 1969 3376 3550 3455">
     <span class='ocr_line' id='line_1_78' title="bbox 1969 3376 3550 3455; baseline 0.007 -27"><span class='ocrx_word' id='word_1_597' title='bbox 1969 3384 2229 3444; x_wconf 83' lang='lat' dir='ltr'><strong>appareat</strong></span> <span class='ocrx_word' id='word_1_598' title='bbox 2252 3376 2310 3429; x_wconf 87' lang='lat' dir='ltr'><strong>in</strong></span> <span class='ocrx_word' id='word_1_599' title='bbox 2341 3384 2486 3431; x_wconf 73' lang='lat' dir='ltr'><strong>cmtu</strong></span> <span class='ocrx_word' id='word_1_600' title='bbox 2517 3387 2826 3434; x_wconf 89' lang='lat' dir='ltr'><strong>sanctorum</strong></span> <span class='ocrx_word' id='word_1_601' title='bbox 2857 3380 3192 3451; x_wconf 81' lang='lat' dir='ltr'><strong>angelorum,</strong></span> <span class='ocrx_word' id='word_1_602' title='bbox 3222 3383 3279 3437; x_wconf 89' lang='lat' dir='ltr'><strong>in</strong></span> <span class='ocrx_word' id='word_1_603' title='bbox 3322 3399 3550 3455; x_wconf 88' lang='lat' dir='ltr'><strong>quormn</strong></span> 
     </span>
    </p>
   </div>
   <div class='ocr_carea' id='block_1_79' title="bbox 1970 3468 3549 3531">
    <p class='ocr_par' dir='ltr' id='par_1_79' title="bbox 1970 3468 3549 3531">
     <span class='ocr_line' id='line_1_79' title="bbox 1970 3468 3549 3531; baseline 0.005 -10"><span class='ocrx_word' id='word_1_604' title='bbox 1970 3468 2485 3522; x_wconf 81' lang='lat' dir='ltr'><strong>commemoratione</strong></span> <span class='ocrx_word' id='word_1_605' title='bbox 2533 3469 2842 3525; x_wconf 81' lang='lat' dir='ltr'><strong>celebratur</strong></span> <span class='ocrx_word' id='word_1_606' title='bbox 2892 3471 2947 3525; x_wconf 92' lang='lat' dir='ltr'><strong>in</strong></span> <span class='ocrx_word' id='word_1_607' title='bbox 3006 3473 3309 3528; x_wconf 89' lang='lat' dir='ltr'><strong>nocturnali</strong></span> <span class='ocrx_word' id='word_1_608' title='bbox 3366 3474 3549 3531; x_wconf 77' lang='lat' dir='ltr'><strong>officio</strong></span> 
     </span>
    </p>
   </div>
   <div class='ocr_carea' id='block_1_80' title="bbox 1969 3561 3555 3625">
    <p class='ocr_par' dir='ltr' id='par_1_80' title="bbox 1969 3561 3555 3625">
     <span class='ocr_line' id='line_1_80' title="bbox 1969 3561 3555 3625; baseline 0.006 -11"><span class='ocrx_word' id='word_1_609' title='bbox 1969 3564 2184 3619; x_wconf 78' lang='grc' dir='ltr'><strong>’Υπαντή</strong></span> <span class='ocrx_word' id='word_1_610' title='bbox 2203 3561 2527 3616; x_wconf 83' lang='lat' dir='ltr'><strong>novenarius</strong></span> <span class='ocrx_word' id='word_1_611' title='bbox 2550 3578 2827 3619; x_wconf 89' lang='lat' dir='ltr'><strong>numerus.</strong></span> <span class='ocrx_word' id='word_1_612' title='bbox 2844 3563 2975 3620; x_wconf 86' lang='lat' dir='ltr'><strong>Post</strong></span> <span class='ocrx_word' id='word_1_613' title='bbox 2995 3576 3413 3623; x_wconf 87' lang='lat' dir='ltr'><strong>commemorata</strong></span> <span class='ocrx_word' id='word_1_614' title='bbox 3438 3568 3555 3625; x_wconf 80' lang='lat' dir='ltr'><strong>olli-</strong></span> 
     </span>
    </p>
   </div>
   <div class='ocr_carea' id='block_1_81' title="bbox 1968 3649 3539 3724">
    <p class='ocr_par' dir='ltr' id='par_1_81' title="bbox 1968 3649 3539 3724">
     <span class='ocr_line' id='line_1_81' title="bbox 1968 3649 3539 3724; baseline 0.01 -24"><span class='ocrx_word' id='word_1_615' title='bbox 1968 3650 2077 3715; x_wconf 77' lang='lat' dir='ltr'><strong>ria,</strong></span> <span class='ocrx_word' id='word_1_616' title='bbox 2102 3651 2352 3706; x_wconf 84' lang='lat' dir='ltr'><strong>veniente</strong></span> <span class='ocrx_word' id='word_1_617' title='bbox 2375 3649 2804 3724; x_wconf 82' lang='lat' dir='ltr'><strong>Septuagesima,</strong></span> <span class='ocrx_word' id='word_1_618' title='bbox 2842 3665 3116 3712; x_wconf 89' lang='lat' dir='ltr'><strong>mutamus</strong></span> <span class='ocrx_word' id='word_1_619' title='bbox 3138 3664 3360 3714; x_wconf 90' lang='lat' dir='ltr'><strong>cantum</strong></span> <span class='ocrx_word' id='word_1_620' title='bbox 3400 3658 3539 3715; x_wconf 61' lang='lat' dir='ltr'><strong>laeti-</strong></span> 
     </span>
    </p>
   </div>
   <div class='ocr_carea' id='block_1_82' title="bbox 1970 3741 3552 3810">
    <p class='ocr_par' dir='ltr' id='par_1_82' title="bbox 1970 3741 3552 3810">
     <span class='ocr_line' id='line_1_82' title="bbox 1970 3741 3552 3810; baseline 0.009 -16"><span class='ocrx_word' id='word_1_621' title='bbox 1970 3745 2060 3796; x_wconf 76' lang='lat' dir='ltr'><strong>tia:</strong></span> <span class='ocrx_word' id='word_1_622' title='bbox 2090 3742 2145 3797; x_wconf 91' lang='lat' dir='ltr'><strong>in</strong></span> <span class='ocrx_word' id='word_1_623' title='bbox 2169 3741 2589 3807; x_wconf 89' lang='lat' dir='ltr'><strong>tribulationem,</strong></span> <span class='ocrx_word' id='word_1_624' title='bbox 2625 3753 2689 3801; x_wconf 82' lang='lat' dir='ltr'><strong>ut</strong></span> <span class='ocrx_word' id='word_1_625' title='bbox 2720 3761 2787 3801; x_wconf 81' lang='lat' dir='ltr'><strong>ex</strong></span> <span class='ocrx_word' id='word_1_626' title='bbox 2809 3761 2874 3803; x_wconf 92' lang='lat' dir='ltr'><strong>eo</strong></span> <span class='ocrx_word' id='word_1_627' title='bbox 2905 3747 3183 3805; x_wconf 90' lang='lat' dir='ltr'><strong>trahamus</strong></span> <span class='ocrx_word' id='word_1_628' title='bbox 3208 3750 3275 3805; x_wconf 88' lang='lat' dir='ltr'><strong>ad</strong></span> <span class='ocrx_word' id='word_1_629' title='bbox 3306 3741 3552 3810; x_wconf 76' lang='lat' dir='ltr'><strong>nostram</strong></span> 
     </span>
    </p>
   </div>
   <div class='ocr_carea' id='block_1_83' title="bbox 1971 3833 3553 3903">
    <p class='ocr_par' dir='ltr' id='par_1_83' title="bbox 1971 3833 3553 3903">
     <span class='ocr_line' id='line_1_83' title="bbox 1971 3833 3553 3903; baseline 0.011 -17"><span class='ocrx_word' id='word_1_630' title='bbox 1971 3834 2304 3896; x_wconf 87' lang='lat' dir='ltr'><strong>memoriam,</strong></span> <span class='ocrx_word' id='word_1_631' title='bbox 2349 3835 2435 3889; x_wconf 89' lang='lat' dir='ltr'><strong>cui</strong></span> <span class='ocrx_word' id='word_1_632' title='bbox 2478 3833 2695 3891; x_wconf 82' lang='lat' dir='ltr'><strong>ati&#39;ectui</strong></span> <span class='ocrx_word' id='word_1_633' title='bbox 2738 3836 3011 3894; x_wconf 87' lang='lat' dir='ltr'><strong>debitores</strong></span> <span class='ocrx_word' id='word_1_634' title='bbox 3049 3840 3220 3897; x_wconf 89' lang='lat' dir='ltr'><strong>simus</strong></span> <span class='ocrx_word' id='word_1_635' title='bbox 3247 3857 3313 3898; x_wconf 79' lang='lat' dir='ltr'><strong>ex</strong></span> <span class='ocrx_word' id='word_1_636' title='bbox 3348 3846 3553 3903; x_wconf 84' lang='lat' dir='ltr'><strong>nostris</strong></span> 
     </span>
    </p>
   </div>
   <div class='ocr_carea' id='block_1_84' title="bbox 1970 3925 3552 4004">
    <p class='ocr_par' dir='ltr' id='par_1_84' title="bbox 1970 3925 3552 4004">
     <span class='ocr_line' id='line_1_84' title="bbox 1970 3925 3552 4004; baseline 0.011 -27"><span class='ocrx_word' id='word_1_637' title='bbox 1970 3925 2201 3989; x_wconf 86' lang='lat' dir='ltr'><strong>meritis,</strong></span> <span class='ocrx_word' id='word_1_638' title='bbox 2235 3937 2290 3981; x_wconf 89' lang='lat' dir='ltr'><strong>et</strong></span> <span class='ocrx_word' id='word_1_639' title='bbox 2321 3934 2379 3981; x_wconf 86' lang='lat' dir='ltr'><strong>ut</strong></span> <span class='ocrx_word' id='word_1_640' title='bbox 2407 3942 2437 3982; x_wconf 91' lang='lat' dir='ltr'><strong>c</strong></span> <span class='ocrx_word' id='word_1_641' title='bbox 2466 3926 2664 3984; x_wconf 87' lang='lat' dir='ltr'><strong>ducatu</strong></span> <span class='ocrx_word' id='word_1_642' title='bbox 2701 3930 3025 3987; x_wconf 87' lang='lat' dir='ltr'><strong>humilitatis</strong></span> <span class='ocrx_word' id='word_1_643' title='bbox 3071 3935 3451 4004; x_wconf 79' lang='lat' dir='ltr'><strong>perveniamus</strong></span> <span class='ocrx_word' id='word_1_644' title='bbox 3483 3938 3552 3995; x_wconf 80' lang='lat' dir='ltr'><strong>ad</strong></span> 
     </span>
    </p>
   </div>
   <div class='ocr_carea' id='block_1_85' title="bbox 1970 4017 2871 4086">
    <p class='ocr_par' dir='ltr' id='par_1_85' title="bbox 1970 4017 2871 4086">
     <span class='ocr_line' id='line_1_85' title="bbox 1970 4017 2871 4086; baseline 0.009 -18"><span class='ocrx_word' id='word_1_645' title='bbox 1970 4017 2277 4086; x_wconf 87' lang='lat' dir='ltr'><strong>passionem</strong></span> <span class='ocrx_word' id='word_1_646' title='bbox 2300 4017 2533 4073; x_wconf 86' lang='lat' dir='ltr'><strong>Domini.</strong></span> <span class='ocrx_word' id='word_1_647' title='bbox 2868 4082 2871 4085; x_wconf 28' lang='grc' dir='ltr'><strong><em>λ</em></strong></span> 
     </span>
    </p>
   </div>
   <div class='ocr_carea' id='block_1_86' title="bbox 2536 4109 3046 4179">
    <p class='ocr_par' dir='ltr' id='par_1_86' title="bbox 2536 4109 3046 4179">
     <span class='ocr_line' id='line_1_86' title="bbox 2536 4109 3046 4179; baseline 0.008 -15"><span class='ocrx_word' id='word_1_648' title='bbox 2536 4109 2767 4179; x_wconf 80' lang='lat' dir='ltr'><strong>CAPUT</strong></span> <span class='ocrx_word' id='word_1_649' title='bbox 2806 4112 3046 4179; x_wconf 69' lang='lat' dir='ltr'><strong>XXXIV.</strong></span> 
     </span>
    </p>
   </div>
   <div class='ocr_carea' id='block_1_87' title="bbox 2406 4197 3114 4272">
    <p class='ocr_par' dir='ltr' id='par_1_87' title="bbox 2406 4197 3114 4272">
     <span class='ocr_line' id='line_1_87' title="bbox 2406 4197 3114 4272; baseline 0.007 -19"><span class='ocrx_word' id='word_1_650' title='bbox 2406 4197 2482 4254; x_wconf 86' lang='lat' dir='ltr'><strong>Dc</strong></span> <span class='ocrx_word' id='word_1_651' title='bbox 2507 4202 2705 4254; x_wconf 85' lang='lat' dir='ltr'><strong>octavis</strong></span> <span class='ocrx_word' id='word_1_652' title='bbox 2744 4200 3114 4272; x_wconf 68' lang='lat' dir='ltr'><strong>Tlteoplmnirr.</strong></span> 
     </span>
    </p>
   </div>
   <div class='ocr_carea' id='block_1_88' title="bbox 2039 4288 3545 4369">
    <p class='ocr_par' dir='ltr' id='par_1_88' title="bbox 2039 4288 3545 4369">
     <span class='ocr_line' id='line_1_88' title="bbox 2039 4288 3545 4369; baseline 0.01 -27"><span class='ocrx_word' id='word_1_653' title='bbox 2039 4288 2210 4343; x_wconf 78' lang='lat' dir='ltr'><strong>Natus</strong></span> <span class='ocrx_word' id='word_1_654' title='bbox 2236 4298 2318 4343; x_wconf 84' lang='lat' dir='ltr'><strong>est</strong></span> <span class='ocrx_word' id='word_1_655' title='bbox 2352 4289 2604 4345; x_wconf 81' lang='lat' dir='ltr'><strong>Christus</strong></span> <span class='ocrx_word' id='word_1_656' title='bbox 2627 4306 2693 4345; x_wconf 80' lang='lat' dir='ltr'><strong>ex</strong></span> <span class='ocrx_word' id='word_1_657' title='bbox 2728 4291 2893 4359; x_wconf 64' lang='lat' dir='ltr'><strong>hlaria</strong></span> <span class='ocrx_word' id='word_1_658' title='bbox 2919 4294 3125 4363; x_wconf 83' lang='lat' dir='ltr'><strong>virgine</strong></span> <span class='ocrx_word' id='word_1_659' title='bbox 3154 4298 3545 4369; x_wconf 85' lang='lat' dir='ltr'><strong>temporaliter,</strong></span> 
     </span>
    </p>
   </div>
   <div class='ocr_carea' id='block_1_89' title="bbox 1970 4384 3548 4463">
    <p class='ocr_par' dir='ltr' id='par_1_89' title="bbox 1970 4384 3548 4463">
     <span class='ocr_line' id='line_1_89' title="bbox 1970 4384 3548 4463; baseline 0.009 -28"><span class='ocrx_word' id='word_1_660' title='bbox 1970 4397 2078 4435; x_wconf 88' lang='lat' dir='ltr'><strong>non</strong></span> <span class='ocrx_word' id='word_1_661' title='bbox 2116 4390 2340 4452; x_wconf 83' lang='lat' dir='ltr'><strong>propter</strong></span> <span class='ocrx_word' id='word_1_662' title='bbox 2389 4397 2468 4447; x_wconf 87' lang='lat' dir='ltr'><strong>se,</strong></span> <span class='ocrx_word' id='word_1_663' title='bbox 2510 4392 2570 4436; x_wconf 88' lang='lat' dir='ltr'><strong>ut</strong></span> <span class='ocrx_word' id='word_1_664' title='bbox 2604 4391 2735 4438; x_wconf 89' lang='lat' dir='ltr'><strong>tunc</strong></span> <span class='ocrx_word' id='word_1_665' title='bbox 2765 4384 3026 4455; x_wconf 91' lang='lat' dir='ltr'><strong>inciperet</strong></span> <span class='ocrx_word' id='word_1_666' title='bbox 3068 4403 3209 4455; x_wconf 89' lang='lat' dir='ltr'><strong>esse,</strong></span> <span class='ocrx_word' id='word_1_667' title='bbox 3257 4391 3411 4461; x_wconf 84' lang='lat' dir='ltr'><strong>quasi</strong></span> <span class='ocrx_word' id='word_1_668' title='bbox 3442 4410 3548 4463; x_wconf 87' lang='lat' dir='ltr'><strong>non</strong></span> 
     </span>
    </p>
   </div>
   <div class='ocr_carea' id='block_1_90' title="bbox 286 4470 1869 4561">
    <p class='ocr_par' dir='ltr' id='par_1_90' title="bbox 286 4470 1867 4540">
     <span class='ocr_line' id='line_1_90' title="bbox 286 4470 1867 4540; baseline 0.007 -17"><span class='ocrx_word' id='word_1_669' title='bbox 286 4477 447 4523; x_wconf 86' lang='lat' dir='ltr'><strong>erant</strong></span> <span class='ocrx_word' id='word_1_670' title='bbox 486 4470 664 4540; x_wconf 76' lang='lat' dir='ltr'><strong>angeli</strong></span> <span class='ocrx_word' id='word_1_671' title='bbox 712 4481 768 4526; x_wconf 77' lang='lat' dir='ltr'><strong>et</strong></span> <span class='ocrx_word' id='word_1_672' title='bbox 793 4487 985 4526; x_wconf 85' lang='lat' dir='ltr'><strong>omnes</strong></span> <span class='ocrx_word' id='word_1_673' title='bbox 1014 4470 1198 4526; x_wconf 86' lang='lat' dir='ltr'><strong>Patris</strong></span> <span class='ocrx_word' id='word_1_674' title='bbox 1243 4473 1483 4530; x_wconf 77' lang='lat' dir='ltr'><strong>cmlestis</strong></span> <span class='ocrx_word' id='word_1_675' title='bbox 1522 4477 1752 4533; x_wconf 77' lang='lat' dir='ltr'><strong>virtutes</strong></span> <span class='ocrx_word' id='word_1_676' title='bbox 1802 4493 1867 4533; x_wconf 89' lang='lat' dir='ltr'><strong>ac</strong></span> 
     </span>
    </p>
   </div>
   <div class='ocr_carea' id='block_1_91' title="bbox 1973 4470 3551 4561">
    <p class='ocr_par' dir='ltr' id='par_1_91' title="bbox 1973 4477 3551 4551">
     <span class='ocr_line' id='line_1_91' title="bbox 1973 4477 3551 4551; baseline 0.01 -26"><span class='ocrx_word' id='word_1_677' title='bbox 1973 4481 2127 4527; x_wconf 86' lang='lat' dir='ltr'><strong>antea</strong></span> <span class='ocrx_word' id='word_1_678' title='bbox 2156 4480 2301 4527; x_wconf 87' lang='lat' dir='ltr'><strong>esset</strong></span> <span class='ocrx_word' id='word_1_679' title='bbox 2331 4490 2346 4527; x_wconf 85' lang='lat'><strong>:</strong></span> <span class='ocrx_word' id='word_1_680' title='bbox 2375 4484 2501 4530; x_wconf 89' lang='lat' dir='ltr'><strong>ante</strong></span> <span class='ocrx_word' id='word_1_681' title='bbox 2541 4477 2722 4531; x_wconf 88' lang='lat' dir='ltr'><strong>omnia</strong></span> <span class='ocrx_word' id='word_1_682' title='bbox 2772 4486 3017 4550; x_wconf 87' lang='lat' dir='ltr'><strong>tempora</strong></span> <span class='ocrx_word' id='word_1_683' title='bbox 3051 4479 3152 4536; x_wconf 79' lang='lat' dir='ltr'><strong>fuit</strong></span> <span class='ocrx_word' id='word_1_684' title='bbox 3194 4496 3316 4536; x_wconf 88' lang='lat' dir='ltr'><strong>cum</strong></span> <span class='ocrx_word' id='word_1_685' title='bbox 3366 4483 3551 4551; x_wconf 85' lang='lat' dir='ltr'><strong>Patre,</strong></span> 
     </span>
    </p>
   </div>
   <div class='ocr_carea' id='block_1_92' title="bbox 288 4562 1865 4636">
    <p class='ocr_par' dir='ltr' id='par_1_92' title="bbox 288 4562 1865 4636">
     <span class='ocr_line' id='line_1_92' title="bbox 288 4562 1865 4636; baseline 0.005 -22"><span class='ocrx_word' id='word_1_686' title='bbox 288 4568 586 4631; x_wconf 84' lang='lat' dir='ltr'><strong>potestates</strong></span> <span class='ocrx_word' id='word_1_687' title='bbox 607 4562 884 4632; x_wconf 66' lang='lat' dir='ltr'><strong>subjectae,</strong></span> <span class='ocrx_word' id='word_1_688' title='bbox 907 4578 1066 4631; x_wconf 90' lang='lat' dir='ltr'><strong>quem</strong></span> <span class='ocrx_word' id='word_1_689' title='bbox 1096 4578 1218 4618; x_wconf 89' lang='lat' dir='ltr'><strong>cum</strong></span> <span class='ocrx_word' id='word_1_690' title='bbox 1247 4562 1408 4620; x_wconf 84' lang='lat' dir='ltr'><strong>Patre</strong></span> <span class='ocrx_word' id='word_1_691' title='bbox 1433 4574 1491 4620; x_wconf 86' lang='lat' dir='ltr'><strong>et</strong></span> <span class='ocrx_word' id='word_1_692' title='bbox 1514 4564 1719 4636; x_wconf 85' lang='lat' dir='ltr'><strong>Spiritu</strong></span> <span class='ocrx_word' id='word_1_693' title='bbox 1741 4582 1865 4624; x_wconf 89' lang='lat' dir='ltr'><strong>san-</strong></span> 
     </span>
    </p>
   </div>
   <div class='ocr_carea' id='block_1_93' title="bbox 288 4655 1870 4726">
    <p class='ocr_par' dir='ltr' id='par_1_93' title="bbox 288 4655 1870 4726">
     <span class='ocr_line' id='line_1_93' title="bbox 288 4655 1870 4726; baseline 0.007 -20"><span class='ocrx_word' id='word_1_694' title='bbox 288 4660 378 4707; x_wconf 92' lang='lat' dir='ltr'><strong>cto</strong></span> <span class='ocrx_word' id='word_1_695' title='bbox 408 4669 573 4707; x_wconf 87' lang='lat' dir='ltr'><strong>unum</strong></span> <span class='ocrx_word' id='word_1_696' title='bbox 603 4655 720 4709; x_wconf 82' lang='lat' dir='ltr'><strong>sine</strong></span> <span class='ocrx_word' id='word_1_697' title='bbox 753 4655 909 4709; x_wconf 90' lang='lat' dir='ltr'><strong>initio</strong></span> <span class='ocrx_word' id='word_1_698' title='bbox 949 4656 1116 4710; x_wconf 88' lang='lat' dir='ltr'><strong>Deum</strong></span> <span class='ocrx_word' id='word_1_699' title='bbox 1155 4656 1379 4712; x_wconf 88' lang='lat' dir='ltr'><strong>laudant</strong></span> <span class='ocrx_word' id='word_1_700' title='bbox 1400 4700 1415 4726; x_wconf 91' lang='lat'><strong>,</strong></span> <span class='ocrx_word' id='word_1_701' title='bbox 1451 4667 1723 4724; x_wconf 87' lang='lat' dir='ltr'><strong>tremunt,</strong></span> <span class='ocrx_word' id='word_1_702' title='bbox 1774 4664 1870 4717; x_wconf 84' lang='lat' dir='ltr'><strong>ad-</strong></span> 
     </span>
    </p>
   </div>
   <div class='ocr_carea' id='block_1_94' title="bbox 287 4744 1872 4813">
    <p class='ocr_par' dir='ltr' id='par_1_94' title="bbox 287 4744 1872 4813">
     <span class='ocr_line' id='line_1_94' title="bbox 287 4744 1872 4813; baseline 0.011 -17"><span class='ocrx_word' id='word_1_703' title='bbox 287 4752 466 4798; x_wconf 88' lang='lat' dir='ltr'><strong>orant.</strong></span> <span class='ocrx_word' id='word_1_704' title='bbox 490 4744 604 4801; x_wconf 86' lang='lat' dir='ltr'><strong>Sed</strong></span> <span class='ocrx_word' id='word_1_705' title='bbox 641 4747 951 4813; x_wconf 86' lang='lat' dir='ltr'><strong>necessario</strong></span> <span class='ocrx_word' id='word_1_706' title='bbox 996 4750 1394 4807; x_wconf 88' lang='lat' dir='ltr'><strong>admonendum</strong></span> <span class='ocrx_word' id='word_1_707' title='bbox 1441 4753 1636 4809; x_wconf 88' lang='lat' dir='ltr'><strong>beatus</strong></span> <span class='ocrx_word' id='word_1_708' title='bbox 1676 4754 1872 4813; x_wconf 87' lang='lat' dir='ltr'><strong>Petrus</strong></span> 
     </span>
    </p>
   </div>
   <div class='ocr_carea' id='block_1_95' title="bbox 284 4835 1873 4910">
    <p class='ocr_par' dir='ltr' id='par_1_95' title="bbox 284 4835 1873 4910">
     <span class='ocr_line' id='line_1_95' title="bbox 284 4835 1873 4910; baseline 0.006 -20"><span class='ocrx_word' id='word_1_709' title='bbox 284 4835 601 4898; x_wconf 68' lang='lat' dir='ltr'><strong>aestimavit,</strong></span> <span class='ocrx_word' id='word_1_710' title='bbox 634 4838 776 4907; x_wconf 81' lang='lat' dir='ltr'><strong>quod</strong></span> <span class='ocrx_word' id='word_1_711' title='bbox 806 4848 1083 4910; x_wconf 85' lang='lat' dir='ltr'><strong>assumpta</strong></span> <span class='ocrx_word' id='word_1_712' title='bbox 1127 4841 1438 4898; x_wconf 82' lang='lat' dir='ltr'><strong>humanitas</strong></span> <span class='ocrx_word' id='word_1_713' title='bbox 1473 4843 1530 4898; x_wconf 88' lang='lat' dir='ltr'><strong>in</strong></span> <span class='ocrx_word' id='word_1_714' title='bbox 1562 4848 1770 4899; x_wconf 83' lang='lat' dir='ltr'><strong>tantam</strong></span> <span class='ocrx_word' id='word_1_715' title='bbox 1800 4846 1873 4901; x_wconf 88' lang='lat' dir='ltr'><strong>sit</strong></span> 
     </span>
    </p>
   </div>
   <div class='ocr_carea' id='block_1_96' title="bbox 285 4926 1870 5009">
    <p class='ocr_par' dir='ltr' id='par_1_96' title="bbox 285 4926 1870 5009">
     <span class='ocr_line' id='line_1_96' title="bbox 285 4926 1870 5009; baseline 0.008 -30"><span class='ocrx_word' id='word_1_716' title='bbox 285 4926 514 4997; x_wconf 84' lang='lat' dir='ltr'><strong>gloriam</strong></span> <span class='ocrx_word' id='word_1_717' title='bbox 540 4931 873 4997; x_wconf 76' lang='lat' dir='ltr'><strong>resurgendo</strong></span> <span class='ocrx_word' id='word_1_718' title='bbox 894 4930 1205 4999; x_wconf 87' lang='lat' dir='ltr'><strong>sublimata,</strong></span> <span class='ocrx_word' id='word_1_719' title='bbox 1234 4943 1295 4990; x_wconf 92' lang='lat' dir='ltr'><strong>ut</strong></span> <span class='ocrx_word' id='word_1_720' title='bbox 1326 4935 1735 5009; x_wconf 85' lang='lat' dir='ltr'><strong>incomparabili</strong></span> <span class='ocrx_word' id='word_1_721' title='bbox 1760 4937 1870 4993; x_wconf 87' lang='lat' dir='ltr'><strong>cul-</strong></span> 
     </span>
    </p>
   </div>
   <div class='ocr_carea' id='block_1_97' title="bbox 292 5018 1866 5099">
    <p class='ocr_par' dir='ltr' id='par_1_97' title="bbox 292 5018 1866 5099">
     <span class='ocr_line' id='line_1_97' title="bbox 292 5018 1866 5099; baseline 0.008 -27"><span class='ocrx_word' id='word_1_722' title='bbox 292 5018 437 5073; x_wconf 90' lang='lat' dir='ltr'><strong>mine</strong></span> <span class='ocrx_word' id='word_1_723' title='bbox 466 5020 613 5074; x_wconf 91' lang='lat' dir='ltr'><strong>omni</strong></span> <span class='ocrx_word' id='word_1_724' title='bbox 641 5020 915 5092; x_wconf 63' lang='lat' dir='ltr'><strong>Angelicte</strong></span> <span class='ocrx_word' id='word_1_725' title='bbox 948 5024 1226 5095; x_wconf 83' lang='lat' dir='ltr'><strong>dignitatis</strong></span> <span class='ocrx_word' id='word_1_726' title='bbox 1244 5028 1502 5097; x_wconf 67' lang='lat' dir='ltr'><strong>potentia:</strong></span> <span class='ocrx_word' id='word_1_727' title='bbox 1529 5028 1866 5099; x_wconf 67' lang='lat' dir='ltr'><strong>pra-teratur.</strong></span> 
     </span>
    </p>
   </div>
   <div class='ocr_carea' id='block_1_98' title="bbox 287 5117 1868 5189">
    <p class='ocr_par' dir='ltr' id='par_1_98' title="bbox 287 5117 1868 5189">
     <span class='ocr_line' id='line_1_98' title="bbox 287 5117 1868 5189; baseline 0.005 -17"><span class='ocrx_word' id='word_1_728' title='bbox 287 5118 394 5174; x_wconf 84' lang='lat' dir='ltr'><strong>Iste</strong></span> <span class='ocrx_word' id='word_1_729' title='bbox 418 5117 674 5175; x_wconf 89' lang='lat' dir='ltr'><strong>introitus</strong></span> <span class='ocrx_word' id='word_1_730' title='bbox 700 5127 794 5175; x_wconf 89' lang='lat' dir='ltr'><strong>aut</strong></span> <span class='ocrx_word' id='word_1_731' title='bbox 816 5120 963 5175; x_wconf 85' lang='lat' dir='ltr'><strong>intra</strong></span> <span class='ocrx_word' id='word_1_732' title='bbox 988 5136 1046 5176; x_wconf 88' lang='lat' dir='ltr'><strong>se</strong></span> <span class='ocrx_word' id='word_1_733' title='bbox 1070 5122 1494 5189; x_wconf 68' lang='lat' dir='ltr'><strong>hahet‘rmri,</strong></span> <span class='ocrx_word' id='word_1_734' title='bbox 1528 5132 1620 5180; x_wconf 86' lang='lat' dir='ltr'><strong>aut</strong></span> <span class='ocrx_word' id='word_1_735' title='bbox 1649 5125 1868 5180; x_wconf 89' lang='lat' dir='ltr'><strong>initium</strong></span> 
     </span>
    </p>
   </div>
   <div class='ocr_carea' id='block_1_99' title="bbox 290 5213 1873 5289">
    <p class='ocr_par' dir='ltr' id='par_1_99' title="bbox 290 5213 1873 5289">
     <span class='ocr_line' id='line_1_99' title="bbox 290 5213 1873 5289; baseline 0.003 -20"><span class='ocrx_word' id='word_1_736' title='bbox 290 5213 530 5282; x_wconf 85' lang='lat' dir='ltr'><strong>possidet</strong></span> <span class='ocrx_word' id='word_1_737' title='bbox 556 5213 717 5269; x_wconf 83' lang='lat' dir='ltr'><strong>int‘ra&#39;</strong></span> <span class='ocrx_word' id='word_1_738' title='bbox 742 5223 867 5271; x_wconf 90' lang='lat' dir='ltr'><strong>octo</strong></span> <span class='ocrx_word' id='word_1_739' title='bbox 893 5216 1010 5271; x_wconf 90' lang='lat' dir='ltr'><strong>dies</strong></span> <span class='ocrx_word' id='word_1_740' title='bbox 1058 5214 1299 5283; x_wconf 85' lang='lat' dir='ltr'><strong>ejusdem</strong></span> <span class='ocrx_word' id='word_1_741' title='bbox 1339 5216 1587 5282; x_wconf 63' lang='grc' dir='ltr'><strong>Ὗπανέἠ,</strong></span> <span class='ocrx_word' id='word_1_742' title='bbox 1639 5220 1742 5274; x_wconf 89' lang='lat' dir='ltr'><strong>nisi</strong></span> <span class='ocrx_word' id='word_1_743' title='bbox 1772 5234 1873 5289; x_wconf 84' lang='lat' dir='ltr'><strong>per</strong></span> 
     </span>
    </p>
   </div>
   <div class='ocr_carea' id='block_1_100' title="bbox 289 5303 1871 5380">
    <p class='ocr_par' dir='ltr' id='par_1_100' title="bbox 289 5303 1871 5380">
     <span class='ocr_line' id='line_1_100' title="bbox 289 5303 1871 5380; baseline 0.004 -23"><span class='ocrx_word' id='word_1_744' title='bbox 289 5303 733 5373; x_wconf 82' lang='lat' dir='ltr'><strong>anticipationem</strong></span> <span class='ocrx_word' id='word_1_745' title='bbox 755 5305 976 5361; x_wconf 71' lang='lat' dir='ltr'><strong>Pascha:</strong></span> <span class='ocrx_word' id='word_1_746' title='bbox 991 5315 1290 5376; x_wconf 55' lang='lat' dir='ltr'><strong>praecurrat</strong></span> <span class='ocrx_word' id='word_1_747' title='bbox 1311 5306 1740 5380; x_wconf 86' lang='lat' dir='ltr'><strong>Septuagesima.</strong></span> <span class='ocrx_word' id='word_1_748' title='bbox 1769 5310 1871 5364; x_wconf 66' lang='lat' dir='ltr'><strong>Me-</strong></span> 
     </span>
    </p>
   </div>
   <div class='ocr_carea' id='block_1_101' title="bbox 289 5397 1869 5471">
    <p class='ocr_par' dir='ltr' id='par_1_101' title="bbox 289 5397 1869 5471">
     <span class='ocr_line' id='line_1_101' title="bbox 289 5397 1869 5471; baseline 0.004 -20"><span class='ocrx_word' id='word_1_749' title='bbox 289 5397 491 5451; x_wconf 81' lang='lat' dir='ltr'><strong>morati</strong></span> <span class='ocrx_word' id='word_1_750' title='bbox 520 5398 771 5455; x_wconf 82' lang='lat' dir='ltr'><strong>introitus</strong></span> <span class='ocrx_word' id='word_1_751' title='bbox 802 5399 1061 5454; x_wconf 79' lang='lat' dir='ltr'><strong>beneﬁcia</strong></span> <span class='ocrx_word' id='word_1_752' title='bbox 1090 5398 1290 5455; x_wconf 86' lang='lat' dir='ltr'><strong>Christi</strong></span> <span class='ocrx_word' id='word_1_753' title='bbox 1330 5401 1607 5455; x_wconf 87' lang='lat' dir='ltr'><strong>insinuant</strong></span> <span class='ocrx_word' id='word_1_754' title='bbox 1629 5404 1869 5471; x_wconf 67' lang='lat' dir='ltr'><strong>praestita</strong></span> 
     </span>
    </p>
   </div>
   <div class='ocr_carea' id='block_1_102' title="bbox 290 5486 1867 5546">
    <p class='ocr_par' dir='ltr' id='par_1_102' title="bbox 290 5486 1867 5546">
     <span class='ocr_line' id='line_1_102' title="bbox 290 5486 1867 5546; baseline 0.004 -6"><span class='ocrx_word' id='word_1_755' title='bbox 290 5486 452 5541; x_wconf 84' lang='lat' dir='ltr'><strong>nobis</strong></span> <span class='ocrx_word' id='word_1_756' title='bbox 495 5489 560 5541; x_wconf 89' lang='lat' dir='ltr'><strong>ad</strong></span> <span class='ocrx_word' id='word_1_757' title='bbox 620 5488 942 5543; x_wconf 65' lang='lat' dir='ltr'><strong>lmtiﬁcanda</strong></span> <span class='ocrx_word' id='word_1_758' title='bbox 999 5489 1166 5544; x_wconf 78' lang='lat' dir='ltr'><strong>corda</strong></span> <span class='ocrx_word' id='word_1_759' title='bbox 1215 5499 1425 5545; x_wconf 87' lang='lat' dir='ltr'><strong>nostra.</strong></span> <span class='ocrx_word' id='word_1_760' title='bbox 1489 5491 1697 5546; x_wconf 80' lang='lat' dir='ltr'><strong>Idcirco</strong></span> <span class='ocrx_word' id='word_1_761' title='bbox 1747 5508 1867 5546; x_wconf 87' lang='lat' dir='ltr'><strong>cum</strong></span> 
     </span>
    </p>
   </div>
   <div class='ocr_carea' id='block_1_103' title="bbox 293 5577 1869 5646">
    <p class='ocr_par' dir='ltr' id='par_1_103' title="bbox 293 5577 1869 5646">
     <span class='ocr_line' id='line_1_103' title="bbox 293 5577 1869 5646; baseline 0.002 -12"><span class='ocrx_word' id='word_1_762' title='bbox 293 5577 505 5634; x_wconf 83' lang='lat' dir='ltr'><strong>duobus</strong></span> <span class='ocrx_word' id='word_1_763' title='bbox 533 5591 816 5635; x_wconf 88' lang='lat' dir='ltr'><strong>cantamus</strong></span> <span class='ocrx_word' id='word_1_764' title='bbox 855 5579 1157 5646; x_wconf 78' lang='lat' dir='ltr'><strong>oliertoria,</strong></span> <span class='ocrx_word' id='word_1_765' title='bbox 1200 5581 1451 5636; x_wconf 80' lang='lat' dir='ltr'><strong>lubilate.</strong></span> <span class='ocrx_word' id='word_1_766' title='bbox 1503 5583 1697 5637; x_wconf 61' lang='lat' dir='ltr'><strong>Lit-tari</strong></span> <span class='ocrx_word' id='word_1_767' title='bbox 1724 5584 1869 5638; x_wconf 86' lang='lat' dir='ltr'><strong>enim</strong></span> 
     </span>
    </p>
   </div>
   <div class='ocr_carea' id='block_1_104' title="bbox 294 5673 1869 5741">
    <p class='ocr_par' dir='ltr' id='par_1_104' title="bbox 294 5673 1869 5741">
     <span class='ocr_line' id='line_1_104' title="bbox 294 5673 1869 5741; baseline 0.004 -17"><span class='ocrx_word' id='word_1_768' title='bbox 294 5684 397 5724; x_wconf 89' lang='lat' dir='ltr'><strong>nos</strong></span> <span class='ocrx_word' id='word_1_769' title='bbox 440 5679 684 5739; x_wconf 82' lang='lat' dir='ltr'><strong>oportet,</strong></span> <span class='ocrx_word' id='word_1_770' title='bbox 734 5673 860 5741; x_wconf 83' lang='lat' dir='ltr'><strong>quia</strong></span> <span class='ocrx_word' id='word_1_771' title='bbox 903 5688 1007 5727; x_wconf 91' lang='lat' dir='ltr'><strong>non</strong></span> <span class='ocrx_word' id='word_1_772' title='bbox 1058 5673 1230 5728; x_wconf 87' lang='lat' dir='ltr'><strong>solum</strong></span> <span class='ocrx_word' id='word_1_773' title='bbox 1269 5674 1337 5728; x_wconf 91' lang='lat' dir='ltr'><strong>de</strong></span> <span class='ocrx_word' id='word_1_774' title='bbox 1379 5675 1593 5730; x_wconf 82' lang='lat' dir='ltr'><strong>inl‘ernu</strong></span> <span class='ocrx_word' id='word_1_775' title='bbox 1630 5674 1869 5731; x_wconf 81' lang='lat' dir='ltr'><strong>inferiori</strong></span> 
     </span>
    </p>
   </div>
   <div class='ocr_carea' id='block_1_105' title="bbox 296 5759 1869 5829">
    <p class='ocr_par' dir='ltr' id='par_1_105' title="bbox 296 5759 1869 5829">
     <span class='ocr_line' id='line_1_105' title="bbox 296 5759 1869 5829; baseline 0.004 -15"><span class='ocrx_word' id='word_1_776' title='bbox 296 5759 561 5815; x_wconf 75' lang='lat' dir='ltr'><strong>beneficia</strong></span> <span class='ocrx_word' id='word_1_777' title='bbox 598 5760 798 5816; x_wconf 81' lang='lat' dir='ltr'><strong>Christi</strong></span> <span class='ocrx_word' id='word_1_778' title='bbox 829 5778 926 5816; x_wconf 90' lang='lat' dir='ltr'><strong>nos</strong></span> <span class='ocrx_word' id='word_1_779' title='bbox 961 5762 1215 5829; x_wconf 89' lang='lat' dir='ltr'><strong>liberant,</strong></span> <span class='ocrx_word' id='word_1_780' title='bbox 1261 5764 1355 5819; x_wconf 89' lang='lat' dir='ltr'><strong>sed</strong></span> <span class='ocrx_word' id='word_1_781' title='bbox 1406 5765 1566 5820; x_wconf 74' lang='lat' dir='ltr'><strong>etiam</strong></span> <span class='ocrx_word' id='word_1_782' title='bbox 1618 5768 1683 5821; x_wconf 88' lang='lat' dir='ltr'><strong>de</strong></span> <span class='ocrx_word' id='word_1_783' title='bbox 1724 5767 1869 5821; x_wconf 53' lang='lat' dir='ltr'><strong>claua</strong></span> 
     </span>
    </p>
   </div>
   <div class='ocr_carea' id='block_1_106' title="bbox 662 5853 1107 5915">
    <p class='ocr_par' dir='ltr' id='par_1_106' title="bbox 662 5853 1107 5915">
     <span class='ocr_line' id='line_1_106' title="bbox 662 5853 1107 5915; baseline 0.004 -2"><span class='ocrx_word' id='word_1_784' title='bbox 662 5855 934 5915; x_wconf 51' lang='lat' dir='ltr'><strong>Parnm“</strong></span> <span class='ocrx_word' id='word_1_785' title='bbox 981 5853 1107 5915; x_wconf 86' lang='lat' dir='ltr'><strong>CV.</strong></span> 
     </span>
    </p>
   </div>
   <div class='ocr_carea' id='block_1_107' title="bbox 1969 4565 3552 4639">
    <p class='ocr_par' dir='ltr' id='par_1_107' title="bbox 1969 4565 3552 4639">
     <span class='ocr_line' id='line_1_107' title="bbox 1969 4565 3552 4639; baseline 0.007 -20"><span class='ocrx_word' id='word_1_786' title='bbox 1969 4578 2068 4633; x_wconf 89' lang='lat' dir='ltr'><strong>per</strong></span> <span class='ocrx_word' id='word_1_787' title='bbox 2113 4578 2274 4633; x_wconf 82' lang='lat' dir='ltr'><strong>quem</strong></span> <span class='ocrx_word' id='word_1_788' title='bbox 2299 4565 2414 4619; x_wconf 62' lang='lat' dir='ltr'><strong>haec</strong></span> <span class='ocrx_word' id='word_1_789' title='bbox 2440 4566 2621 4620; x_wconf 88' lang='lat' dir='ltr'><strong>omnia</strong></span> <span class='ocrx_word' id='word_1_790' title='bbox 2672 4576 2916 4639; x_wconf 88' lang='lat' dir='ltr'><strong>tempora</strong></span> <span class='ocrx_word' id='word_1_791' title='bbox 2941 4579 3125 4626; x_wconf 86' lang='lat' dir='ltr'><strong>creata</strong></span> <span class='ocrx_word' id='word_1_792' title='bbox 3154 4581 3312 4639; x_wconf 89' lang='lat' dir='ltr'><strong>sunt;</strong></span> <span class='ocrx_word' id='word_1_793' title='bbox 3360 4574 3457 4630; x_wconf 89' lang='lat' dir='ltr'><strong>sed</strong></span> <span class='ocrx_word' id='word_1_794' title='bbox 3493 4585 3552 4630; x_wconf 91' lang='lat' dir='ltr'><strong>ut</strong></span> 
     </span>
    </p>
   </div>
   <div class='ocr_carea' id='block_1_108' title="bbox 1971 4655 3553 4737">
    <p class='ocr_par' dir='ltr' id='par_1_108' title="bbox 1971 4655 3553 4737">
     <span class='ocr_line' id='line_1_108' title="bbox 1971 4655 3553 4737; baseline 0.009 -28"><span class='ocrx_word' id='word_1_795' title='bbox 1971 4655 2244 4711; x_wconf 87' lang='lat' dir='ltr'><strong>mentibus</strong></span> <span class='ocrx_word' id='word_1_796' title='bbox 2265 4657 2465 4711; x_wconf 21' lang='lat' dir='ltr'><strong>nostris</strong></span> <span class='ocrx_word' id='word_1_797' title='bbox 2503 4673 2641 4715; x_wconf 87' lang='lat' dir='ltr'><strong>nova</strong></span> <span class='ocrx_word' id='word_1_798' title='bbox 2680 4658 2772 4715; x_wconf 77' lang='lat' dir='ltr'><strong>lux</strong></span> <span class='ocrx_word' id='word_1_799' title='bbox 2803 4671 3110 4732; x_wconf 86' lang='lat' dir='ltr'><strong>appareret,</strong></span> <span class='ocrx_word' id='word_1_800' title='bbox 3148 4680 3246 4735; x_wconf 87' lang='lat' dir='ltr'><strong>per</strong></span> <span class='ocrx_word' id='word_1_801' title='bbox 3273 4681 3434 4737; x_wconf 90' lang='lat' dir='ltr'><strong>quam</strong></span> <span class='ocrx_word' id='word_1_802' title='bbox 3466 4684 3553 4724; x_wconf 86' lang='lat' dir='ltr'><strong>re-</strong></span> 
     </span>
    </p>
   </div>
   <div class='ocr_carea' id='block_1_109' title="bbox 1971 4747 3549 4825">
    <p class='ocr_par' dir='ltr' id='par_1_109' title="bbox 1971 4747 3549 4825">
     <span class='ocr_line' id='line_1_109' title="bbox 1971 4747 3549 4825; baseline 0.01 -25"><span class='ocrx_word' id='word_1_803' title='bbox 1971 4755 2310 4802; x_wconf 83' lang='lat' dir='ltr'><strong>verteremur</strong></span> <span class='ocrx_word' id='word_1_804' title='bbox 2337 4747 2405 4803; x_wconf 89' lang='lat' dir='ltr'><strong>ad</strong></span> <span class='ocrx_word' id='word_1_805' title='bbox 2436 4747 2750 4805; x_wconf 87' lang='lat' dir='ltr'><strong>Creatorem</strong></span> <span class='ocrx_word' id='word_1_806' title='bbox 2797 4761 3063 4825; x_wconf 88' lang='lat' dir='ltr'><strong>nostrum,</strong></span> <span class='ocrx_word' id='word_1_807' title='bbox 3100 4756 3190 4825; x_wconf 91' lang='lat' dir='ltr'><strong>qui</strong></span> <span class='ocrx_word' id='word_1_808' title='bbox 3216 4772 3436 4813; x_wconf 81' lang='lat' dir='ltr'><strong>eramus</strong></span> <span class='ocrx_word' id='word_1_809' title='bbox 3496 4761 3549 4816; x_wconf 90' lang='lat' dir='ltr'><strong>ln</strong></span> 
     </span>
    </p>
   </div>
   <div class='ocr_carea' id='block_1_110' title="bbox 1974 4831 3548 4922">
    <p class='ocr_par' dir='ltr' id='par_1_110' title="bbox 1974 4831 3548 4922">
     <span class='ocr_line' id='line_1_110' title="bbox 1974 4831 3548 4922; baseline 0.008 -28"><span class='ocrx_word' id='word_1_810' title='bbox 1974 4841 2229 4895; x_wconf 84' lang='lat' dir='ltr'><strong>tenebris.</strong></span> <span class='ocrx_word' id='word_1_811' title='bbox 2282 4840 2457 4897; x_wconf 87' lang='lat' dir='ltr'><strong>Simili</strong></span> <span class='ocrx_word' id='word_1_812' title='bbox 2510 4843 2669 4896; x_wconf 83' lang='lat' dir='ltr'><strong>modo</strong></span> <span class='ocrx_word' id='word_1_813' title='bbox 2726 4831 3034 4913; x_wconf 79' lang='lat' dir='ltr'><strong>baptizatus</strong></span> <span class='ocrx_word' id='word_1_814' title='bbox 3074 4856 3179 4914; x_wconf 88' lang='lat' dir='ltr'><strong>est,</strong></span> <span class='ocrx_word' id='word_1_815' title='bbox 3236 4863 3343 4903; x_wconf 90' lang='lat' dir='ltr'><strong>nou</strong></span> <span class='ocrx_word' id='word_1_816' title='bbox 3404 4853 3548 4922; x_wconf 87' lang='lat' dir='ltr'><strong>quod</strong></span> 
     </span>
    </p>
   </div>
   <div class='ocr_carea' id='block_1_111' title="bbox 1975 4934 3548 5013">
    <p class='ocr_par' dir='ltr' id='par_1_111' title="bbox 1975 4934 3548 5013">
     <span class='ocr_line' id='line_1_111' title="bbox 1975 4934 3548 5013; baseline 0.01 -26"><span class='ocrx_word' id='word_1_817' title='bbox 1975 4935 2185 5005; x_wconf 80' lang='lat' dir='ltr'><strong>eguerit</strong></span> <span class='ocrx_word' id='word_1_818' title='bbox 2230 4934 2571 5006; x_wconf 85' lang='lat' dir='ltr'><strong>baptisterio,</strong></span> <span class='ocrx_word' id='word_1_819' title='bbox 2617 4944 2677 4990; x_wconf 89' lang='lat' dir='ltr'><strong>ut</strong></span> <span class='ocrx_word' id='word_1_820' title='bbox 2704 4936 2758 4990; x_wconf 92' lang='lat' dir='ltr'><strong>in</strong></span> <span class='ocrx_word' id='word_1_821' title='bbox 2787 4952 2853 4993; x_wconf 89' lang='lat' dir='ltr'><strong>eo</strong></span> <span class='ocrx_word' id='word_1_822' title='bbox 2901 4938 3145 4995; x_wconf 87' lang='lat' dir='ltr'><strong>ablueret</strong></span> <span class='ocrx_word' id='word_1_823' title='bbox 3167 4955 3264 4997; x_wconf 89' lang='lat' dir='ltr'><strong>sua</strong></span> <span class='ocrx_word' id='word_1_824' title='bbox 3300 4955 3548 5013; x_wconf 80' lang='lat' dir='ltr'><strong>peceata,</strong></span> 
     </span>
    </p>
   </div>
   <div class='ocr_carea' id='block_1_112' title="bbox 1977 5025 3548 5103">
    <p class='ocr_par' dir='ltr' id='par_1_112' title="bbox 1977 5025 3548 5103">
     <span class='ocr_line' id='line_1_112' title="bbox 1977 5025 3548 5103; baseline 0.01 -25"><span class='ocrx_word' id='word_1_825' title='bbox 1977 5041 2097 5096; x_wconf 67' lang='lat' dir='ltr'><strong>quin</strong></span> <span class='ocrx_word' id='word_1_826' title='bbox 2128 5025 2269 5080; x_wconf 88' lang='lat' dir='ltr'><strong>nulla</strong></span> <span class='ocrx_word' id='word_1_827' title='bbox 2293 5036 2469 5091; x_wconf 88' lang='lat' dir='ltr'><strong>erant,</strong></span> <span class='ocrx_word' id='word_1_828' title='bbox 2499 5027 2594 5082; x_wconf 86' lang='lat' dir='ltr'><strong>sed</strong></span> <span class='ocrx_word' id='word_1_829' title='bbox 2624 5036 2686 5081; x_wconf 91' lang='lat' dir='ltr'><strong>ut</strong></span> <span class='ocrx_word' id='word_1_830' title='bbox 2711 5026 2938 5084; x_wconf 77' lang='lat' dir='ltr'><strong>formam</strong></span> <span class='ocrx_word' id='word_1_831' title='bbox 2961 5029 3114 5103; x_wconf 82' lang='lat' dir='ltr'><strong>daret</strong></span> <span class='ocrx_word' id='word_1_832' title='bbox 3141 5046 3253 5087; x_wconf 74' lang='lat' dir='ltr'><strong>suae</strong></span> <span class='ocrx_word' id='word_1_833' title='bbox 3276 5033 3548 5099; x_wconf 54' lang='lat' dir='ltr'><strong>Ecclesia,</strong></span> 
     </span>
    </p>
   </div>
   <div class='ocr_carea' id='block_1_113' title="bbox 1975 5119 3553 5199">
    <p class='ocr_par' dir='ltr' id='par_1_113' title="bbox 1975 5119 3553 5199">
     <span class='ocr_line' id='line_1_113' title="bbox 1975 5119 3553 5199; baseline 0.007 -27"><span class='ocrx_word' id='word_1_834' title='bbox 1975 5119 2247 5189; x_wconf 82' lang='lat' dir='ltr'><strong>quomodo</strong></span> <span class='ocrx_word' id='word_1_835' title='bbox 2275 5128 2539 5190; x_wconf 56' lang='lat' dir='ltr'><strong>quareret</strong></span> <span class='ocrx_word' id='word_1_836' title='bbox 2571 5120 2717 5175; x_wconf 86' lang='lat' dir='ltr'><strong>ablui</strong></span> <span class='ocrx_word' id='word_1_837' title='bbox 2757 5136 2852 5181; x_wconf 86' lang='lat' dir='ltr'><strong>sua</strong></span> <span class='ocrx_word' id='word_1_838' title='bbox 2878 5131 3121 5192; x_wconf 86' lang='lat' dir='ltr'><strong>peccata.</strong></span> <span class='ocrx_word' id='word_1_839' title='bbox 3156 5124 3307 5181; x_wconf 81' lang='lat' dir='ltr'><strong>Unde</strong></span> <span class='ocrx_word' id='word_1_840' title='bbox 3332 5126 3553 5199; x_wconf 86' lang='lat' dir='ltr'><strong>ipsedi-</strong></span> 
     </span>
    </p>
   </div>
   <div class='ocr_carea' id='block_1_114' title="bbox 1975 5210 3551 5289">
    <p class='ocr_par' dir='ltr' id='par_1_114' title="bbox 1975 5210 3551 5289">
     <span class='ocr_line' id='line_1_114' title="bbox 1975 5210 3551 5289; baseline 0.003 -23"><span class='ocrx_word' id='word_1_841' title='bbox 1975 5210 2134 5266; x_wconf 72' lang='lat' dir='ltr'><strong>cubat</strong></span> <span class='ocrx_word' id='word_1_842' title='bbox 2196 5211 2251 5266; x_wconf 88' lang='lat' dir='ltr'><strong>in</strong></span> <span class='ocrx_word' id='word_1_843' title='bbox 2312 5210 2601 5282; x_wconf 82' lang='lat' dir='ltr'><strong>Evangelia</strong></span> <span class='ocrx_word' id='word_1_844' title='bbox 2631 5226 2646 5266; x_wconf 91' lang='lat'><strong>:</strong></span> <span class='ocrx_word' id='word_1_845' title='bbox 2677 5211 2769 5268; x_wconf 88' lang='lat' dir='ltr'><strong>Sic</strong></span> <span class='ocrx_word' id='word_1_846' title='bbox 2823 5214 2959 5267; x_wconf 82' lang='lat' dir='ltr'><strong>enim</strong></span> <span class='ocrx_word' id='word_1_847' title='bbox 3008 5213 3152 5270; x_wconf 77' lang='lat' dir='ltr'><strong>deret</strong></span> <span class='ocrx_word' id='word_1_848' title='bbox 3195 5232 3288 5271; x_wconf 82' lang='lat' dir='ltr'><strong>nos</strong></span> <span class='ocrx_word' id='word_1_849' title='bbox 3337 5216 3551 5289; x_wconf 81' lang='lat' dir='ltr'><strong>implere</strong></span> 
     </span>
    </p>
   </div>
   <div class='ocr_carea' id='block_1_115' title="bbox 1976 5303 3545 5374">
    <p class='ocr_par' dir='ltr' id='par_1_115' title="bbox 1976 5303 3545 5374">
     <span class='ocr_line' id='line_1_115' title="bbox 1976 5303 3545 5374; baseline 0.004 -16"><span class='ocrx_word' id='word_1_850' title='bbox 1976 5320 2177 5358; x_wconf 83' lang='lat' dir='ltr'><strong>omnem</strong></span> <span class='ocrx_word' id='word_1_851' title='bbox 2208 5303 2496 5374; x_wconf 79' lang='lat' dir='ltr'><strong>justitiam.</strong></span> <span class='ocrx_word' id='word_1_852' title='bbox 2540 5304 2783 5362; x_wconf 77' lang='lat' dir='ltr'><strong>Mortuus</strong></span> <span class='ocrx_word' id='word_1_853' title='bbox 2820 5316 2904 5362; x_wconf 82' lang='lat' dir='ltr'><strong>est</strong></span> <span class='ocrx_word' id='word_1_854' title='bbox 2956 5305 3229 5371; x_wconf 84' lang='lat' dir='ltr'><strong>Christus,</strong></span> <span class='ocrx_word' id='word_1_855' title='bbox 3287 5316 3347 5362; x_wconf 93' lang='lat' dir='ltr'><strong>ut</strong></span> <span class='ocrx_word' id='word_1_856' title='bbox 3391 5323 3545 5365; x_wconf 89' lang='lat' dir='ltr'><strong>suum</strong></span> 
     </span>
    </p>
   </div>
   <div class='ocr_carea' id='block_1_116' title="bbox 1977 5396 3547 5466">
    <p class='ocr_par' dir='ltr' id='par_1_116' title="bbox 1977 5396 3547 5466">
     <span class='ocr_line' id='line_1_116' title="bbox 1977 5396 3547 5466; baseline 0.003 -17"><span class='ocrx_word' id='word_1_857' title='bbox 1977 5412 2196 5466; x_wconf 86' lang='lat' dir='ltr'><strong>corpus,</strong></span> <span class='ocrx_word' id='word_1_858' title='bbox 2224 5396 2365 5466; x_wconf 88' lang='lat' dir='ltr'><strong>quod</strong></span> <span class='ocrx_word' id='word_1_859' title='bbox 2398 5407 2480 5453; x_wconf 89' lang='lat' dir='ltr'><strong>est</strong></span> <span class='ocrx_word' id='word_1_860' title='bbox 2513 5407 2699 5454; x_wconf 87' lang='lat' dir='ltr'><strong>sancta</strong></span> <span class='ocrx_word' id='word_1_861' title='bbox 2727 5398 2988 5464; x_wconf 79' lang='lat' dir='ltr'><strong>Ecclesia,</strong></span> <span class='ocrx_word' id='word_1_862' title='bbox 3028 5398 3188 5452; x_wconf 83' lang='lat' dir='ltr'><strong>morti</strong></span> <span class='ocrx_word' id='word_1_863' title='bbox 3220 5408 3547 5455; x_wconf 85' lang='lat' dir='ltr'><strong>moreretur.</strong></span> 
     </span>
    </p>
   </div>
   <div class='ocr_carea' id='block_1_117' title="bbox 1979 5486 3550 5560">
    <p class='ocr_par' dir='ltr' id='par_1_117' title="bbox 1979 5486 3550 5560">
     <span class='ocr_line' id='line_1_117' title="bbox 1979 5486 3550 5560; baseline 0.003 -21"><span class='ocrx_word' id='word_1_864' title='bbox 1979 5486 2110 5541; x_wconf 77' lang='lat' dir='ltr'><strong>Erat</strong></span> <span class='ocrx_word' id='word_1_865' title='bbox 2151 5489 2304 5557; x_wconf 87' lang='lat' dir='ltr'><strong>prius</strong></span> <span class='ocrx_word' id='word_1_866' title='bbox 2352 5504 2520 5560; x_wconf 85' lang='lat' dir='ltr'><strong>genus</strong></span> <span class='ocrx_word' id='word_1_867' title='bbox 2574 5490 2869 5543; x_wconf 83' lang='lat' dir='ltr'><strong>humanum</strong></span> <span class='ocrx_word' id='word_1_868' title='bbox 2918 5490 3028 5544; x_wconf 83' lang='lat' dir='ltr'><strong>Deo</strong></span> <span class='ocrx_word' id='word_1_869' title='bbox 3077 5494 3369 5553; x_wconf 87' lang='lat' dir='ltr'><strong>mortuum,</strong></span> <span class='ocrx_word' id='word_1_870' title='bbox 3423 5489 3550 5559; x_wconf 81' lang='lat' dir='ltr'><strong>quia</strong></span> 
     </span>
    </p>
   </div>
   <div class='ocr_carea' id='block_1_118' title="bbox 1978 5579 3551 5645">
    <p class='ocr_par' dir='ltr' id='par_1_118' title="bbox 1978 5579 3551 5645">
     <span class='ocr_line' id='line_1_118' title="bbox 1978 5579 3551 5645; baseline 0.003 -12"><span class='ocrx_word' id='word_1_871' title='bbox 1978 5581 2136 5635; x_wconf 86' lang='lat' dir='ltr'><strong>morti</strong></span> <span class='ocrx_word' id='word_1_872' title='bbox 2188 5580 2502 5645; x_wconf 83' lang='lat' dir='ltr'><strong>obedicbat;</strong></span> <span class='ocrx_word' id='word_1_873' title='bbox 2537 5581 2851 5635; x_wconf 73' lang='lat' dir='ltr'><strong>vivebamus</strong></span> <span class='ocrx_word' id='word_1_874' title='bbox 2888 5579 3067 5639; x_wconf 82' lang='lat' dir='ltr'><strong>morti,</strong></span> <span class='ocrx_word' id='word_1_875' title='bbox 3107 5592 3229 5633; x_wconf 90' lang='lat' dir='ltr'><strong>cum</strong></span> <span class='ocrx_word' id='word_1_876' title='bbox 3263 5579 3312 5634; x_wconf 90' lang='lat' dir='ltr'><strong>ei</strong></span> <span class='ocrx_word' id='word_1_877' title='bbox 3344 5595 3551 5638; x_wconf 78' lang='lat' dir='ltr'><strong>servie-</strong></span> 
     </span>
    </p>
   </div>
   <div class='ocr_carea' id='block_1_119' title="bbox 1978 5669 3552 5736">
    <p class='ocr_par' dir='ltr' id='par_1_119' title="bbox 1978 5669 3552 5736">
     <span class='ocr_line' id='line_1_119' title="bbox 1978 5669 3552 5736; baseline 0.002 -9"><span class='ocrx_word' id='word_1_878' title='bbox 1978 5674 2197 5736; x_wconf 85' lang='lat' dir='ltr'><strong>bamus;</strong></span> <span class='ocrx_word' id='word_1_879' title='bbox 2223 5674 2488 5729; x_wconf 87' lang='lat' dir='ltr'><strong>morimur</strong></span> <span class='ocrx_word' id='word_1_880' title='bbox 2514 5673 2694 5736; x_wconf 87' lang='lat' dir='ltr'><strong>morti,</strong></span> <span class='ocrx_word' id='word_1_881' title='bbox 2725 5688 2845 5725; x_wconf 91' lang='lat' dir='ltr'><strong>cum</strong></span> <span class='ocrx_word' id='word_1_882' title='bbox 2875 5672 2923 5726; x_wconf 88' lang='lat' dir='ltr'><strong>ei</strong></span> <span class='ocrx_word' id='word_1_883' title='bbox 2955 5669 3350 5728; x_wconf 87' lang='lat' dir='ltr'><strong>renuntiamus.</strong></span> <span class='ocrx_word' id='word_1_884' title='bbox 3391 5673 3459 5733; x_wconf 88' lang='lat' dir='ltr'><strong>Ut</strong></span> <span class='ocrx_word' id='word_1_885' title='bbox 3484 5675 3552 5734; x_wconf 73' lang='lat' dir='ltr'><strong>al</strong></span> 
     </span>
    </p>
   </div>
   <div class='ocr_carea' id='block_1_120' title="bbox 1982 5756 3553 5840">
    <p class='ocr_par' dir='ltr' id='par_1_120' title="bbox 1982 5756 3553 5840">
     <span class='ocr_line' id='line_1_120' title="bbox 1982 5756 3553 5840; baseline 0.004 -22"><span class='ocrx_word' id='word_1_886' title='bbox 1982 5765 2297 5821; x_wconf 72' lang='lat' dir='ltr'><strong>meritoriam</strong></span> <span class='ocrx_word' id='word_1_887' title='bbox 2327 5768 2649 5819; x_wconf 81' lang='lat' dir='ltr'><strong>reducamus</strong></span> <span class='ocrx_word' id='word_1_888' title='bbox 2675 5763 2819 5832; x_wconf 81' lang='lat' dir='ltr'><strong>quod</strong></span> <span class='ocrx_word' id='word_1_889' title='bbox 2848 5761 3096 5816; x_wconf 80' lang='lat' dir='ltr'><strong>Christus</strong></span> <span class='ocrx_word' id='word_1_890' title='bbox 3119 5756 3403 5835; x_wconf 82' lang='lat' dir='ltr'><strong>propterea</strong></span> <span class='ocrx_word' id='word_1_891' title='bbox 3430 5781 3553 5840; x_wconf 28' lang='lat' dir='ltr'><strong>pas.</strong></span> 
     </span>
    </p>
   </div>
   <div class='ocr_carea' id='block_1_121' title="bbox 3002 5855 3080 5916">
    <p class='ocr_par' dir='ltr' id='par_1_121' title="bbox 3002 5855 3080 5916">
     <span class='ocr_line' id='line_1_121' title="bbox 3002 5855 3080 5916; baseline 0 0"><span class='ocrx_word' id='word_1_892' title='bbox 3002 5855 3080 5916; x_wconf 87' lang='lat'><strong>39</strong></span> 
     </span>
    </p>
   </div>
  </div>
