3938 6178
441 286 574 342 l2”

1507 295 1836 350 ΛΜΑΙΑΒῙΙ
1877 292 2306 350 PRESBYTERI
2345 291 2684 347 METENSIS

3565 281 3722 336 12ἰό

444 438 539 480 sus
563 425 633 477 sit
659 429 718 475 ut
756 433 853 473 nos
893 430 1230 472 moreremur
1267 421 1514 484 peccato,
1555 411 1608 465 in
1648 419 1838 480 quarta
1883 409 2018 464 feria
2045 415 2095 472 Α
2123 415 2268 462 tatus
2295 415 2380 461 est
2409 407 2466 462 in
2497 405 2698 475 templo
2725 404 2994 459 Christus.
3015 405 3096 460 Ad
3125 407 3267 476 quod
3310 404 3493 461 nullus
3513 406 3719 462 doctor

442 522 570 570 ante
614 512 838 568 Coenam
876 507 1088 563 Domini
1117 514 1174 562 et
1210 513 1398 560 nostra
1446 501 1794 558 mortificatio
1823 501 2017 556 recoli-

447 617 534 664 tur
577 604 630 659 in
669 597 939 672 aliquibus
980 595 1192 660 olllciis,
1235 605 1290 654 et
1327 595 1540 650 Domini
1575 593 1757 665 passio
1801 591 2017 663 legitur.

446 697 599 755 Unde
628 695 830 751 dictum
854 699 938 747 est
966 691 1022 746 in
1039 691 1152 762 jam
1187 689 1390 759 scripto
1413 685 1598 742 libello
1623 684 1690 740 de
1708 683 1899 754 quinta
1928 698 2021 737 va-

446 791 640 848 rietate
671 806 683 842 :
715 785 772 842 Si
812 791 1172 856 sequerentur
1217 781 1332 838 dies
1365 789 1490 850 post
1512 787 1722 834 sextam
1755 776 1942 832 feriam
1967 775 2022 830 in

452 881 639 951 quibus
659 883 934 950 oporteret
958 873 1188 937 tristari,
1218 871 1357 927 forte
1381 878 1602 926 octavas
1628 868 1896 940 passionis
1923 867 2026 924 Do-

445 973 578 1029 mini
605 971 1048 1032 celebrassemus,
1079 967 1182 1033 hoc
1210 974 1312 1028 est,
1340 979 1438 1035 per
1463 962 1882 1019 celebrationem
1909 957 2026 1015 olli-

443 1068 514 1125 cii
545 1065 612 1122 ad
658 1063 977 1120 memoriam
1024 1060 1408 1116 reduceremus
1451 1057 1612 1112 morti
1646 1055 1844 1110 obnixe
1886 1053 2025 1110 mori

443 1173 542 1216 nos
586 1158 803 1214 debere.
856 1154 1084 1210 Moritur
1133 1153 1298 1208 homo
1358 1150 1606 1215 luxuriae,
1659 1149 1752 1220 qui
1805 1149 2026 1204 castita-

447 1262 554 1306 tem
587 1258 803 1315 servat;
862 1247 1095 1304 moritur
1141 1244 1376 1308 invidiae,
1409 1243 1503 1314 qui
1528 1241 1780 1298 castitate
1821 1241 2023 1312 pollet;

448 1341 677 1398 moritur
705 1336 1092 1403 incredulitati,
1120 1333 1275 1405 cujus
1299 1350 1394 1390 cor
1415 1333 1519 1389 fide
1543 1331 1851 1387 mundatur.

513 1433 571 1486 in
602 1429 810 1485 duabus
829 1426 1154 1484 lectionibus
1181 1439 1300 1495 quae
1339 1423 1592 1495 leguntur
1627 1422 1680 1476 in
1711 1430 1864 1476 sexta
1895 1419 2028 1476 feria

447 1523 714 1595 passionis
765 1519 1000 1585 Domini,
1039 1516 1522 1574 animadvertimus
1553 1514 1686 1568 duas
1723 1521 1929 1568 mortes
1974 1512 2027 1567 in

447 1616 637 1672 eodem
667 1613 754 1670 die
785 1611 1109 1668 celebratas.
1134 1607 1319 1664 Lectio
1354 1605 1422 1662 de
1444 1605 1631 1662 Exodo
1655 1603 1858 1660 Christi
1878 1619 2022 1659 mor-

449 1720 557 1764 tem
586 1702 929 1770 manifestat;
957 1702 1022 1758 de
1048 1699 1186 1757 Osee
1211 1714 1366 1764 vero,
1390 1697 1761 1754 membrorum
1783 1711 2023 1758 suorum,

449 1800 515 1854 de
561 1797 758 1867 quibus
802 1793 933 1848 dicit
968 1789 1210 1846 Paulus:
1250 1786 1354 1853 Qui
1407 1795 1585 1840 autem
1629 1795 1750 1840 sunt
1809 1783 2028 1850 Christi,
2057 1776 2104 1836 B

446 1905 654 1946 carnem
687 1902 839 1942 suam
887 1883 1263 1953 cruciﬁxerunt
1299 1895 1420 1934 cum
1461 1877 1600 1932 vitiis
1645 1887 1694 1931 et
1743 1877 2026 1948 concupis-

447 1979 648 2036 centiis.
695 1977 924 2031 Tractus
978 1972 1071 2044 qui
1117 1969 1363 2040 sequitur
1406 1976 1532 2038 post
1589 1965 1868 2030 lectiones,
1923 1963 2028 2031 Qui

447 2071 647 2126 habitat
686 2071 742 2122 in
787 2065 1056 2136 adjutorio
1083 2061 1363 2125 Altissimi,
1403 2058 1663 2114 informat
1685 2073 1847 2112 omne
1891 2072 2029 2127 pra:-

447 2159 642 2218 sidium
673 2171 782 2228 quo
809 2154 1134 2225 adjuvantur
1160 2168 1191 2206 a
1218 2151 1446 2207 Domino
1483 2148 1657 2204 sancti
1685 2148 1738 2202 in
1777 2147 2032 2202 certami-

447 2275 515 2312 ne
541 2255 720 2328 positi.
763 2251 918 2307 Hunc
957 2246 1226 2320 psalmum
1256 2243 1499 2314 congruit
1537 2242 1880 2314 potissimum
1914 2255 2028 2294 me-

447 2350 604 2405 ditari
642 2388 658 2416 ,
727 2359 850 2402 cum
895 2342 1018 2412 quis
1070 2338 1326 2415 periculis
1375 2337 1773 2410 appropinquat
1822 2344 1878 2390 et
1924 2335 2032 2390 cir-

447 2439 734 2495 cumdatur
774 2432 986 2489 insidiis
1013 2439 1107 2486 aut
1139 2429 1422 2500 angustiis,
1454 2426 1602 2482 velut
1628 2426 1807 2482 bestia
1837 2425 2022 2480 multis

448 2528 653 2598 laqueis
699 2525 932 2590 irretita,
981 2532 1042 2578 ut
1087 2521 1259 2593 possit
1299 2519 1475 2575 audiri
1506 2534 1536 2573 a
1562 2518 1795 2574 Domino
1833 2536 1845 2571 :
1880 2517 2033 2572 Invo-

447 2619 592 2673 cabit
636 2631 744 2680 me,
797 2623 850 2670 et
876 2629 968 2686 ego
991 2611 1274 2668 exaudiam
1327 2627 1490 2676 eum;
1533 2627 1653 2665 cum
1681 2611 1792 2682 ipso
1821 2625 1937 2663 sum
1975 2608 2030 2662 in

447 2709 804 2765 tribulatione.
831 2705 1037 2762 idcirco
1058 2719 1203 2760 nunc
1232 2712 1486 2760 cantatur
1509 2718 1575 2758 ex
1606 2717 1840 2774 persona
1864 2717 2033 2758 mem-

448 2802 692 2862 brorum,
732 2797 861 2869 quia
898 2794 1153 2852 allectum
1196 2794 1410 2850 illorum
1456 2807 1564 2848 non
1603 2792 1925 2864 dedignatus
1949 2800 2034 2849 est

447 2889 708 2944 Dominus
739 2889 792 2942 in
826 2901 884 2942 se
928 2900 1228 2943 assumere.
1282 2885 1544 2942 Cantatur
1579 2893 1637 2939 et
1666 2898 1763 2954 per
1793 2882 2035 2956 singulas

450 2988 636 3035 noctes
664 2989 887 3050 propter
930 2979 1157 3032 timores
1183 2985 1502 3043 nocturnos,
1531 2974 1615 3031 vel
1652 2976 1780 3046 quia
1809 2991 2034 3032 somnus

448 3071 615 3127 habet
637 3068 1075 3138 imaginationem
1103 3067 1315 3122 mortis.
1360 3065 1418 3120 ln
1463 3064 1739 3136 passione,
1787 3063 2033 3122 Salvato-

2122 517 2223 557 nos
2265 508 2530 565 coarctat,
2579 508 2634 554 ut
2675 497 2910 554 infantes
2932 499 3105 553 nostri
3151 499 3573 571 quadragesima
3625 499 3717 554 (De

2123 592 2426 649 nativitatis
2476 607 2588 647 suae
2620 599 3015 662 praesententur
3036 591 3090 645 in
3125 590 3342 661 templo.

2685 701 2917 758 CAPUT
2955 701 3174 758 XXXV.

2554 792 2628 848 De
2671 792 2930 847 natalitiis
2962 802 3281 846 sanctorum.

2195 887 2326 957 Qua:
2351 888 2460 944 sint
2481 885 2728 942 natalitia
2763 893 3095 948 sanctorum,
3124 899 3188 937 ex
3221 899 3331 937 uno
3357 883 3725 955 responsorio

2124 981 2218 1052 qui
2259 987 2512 1037 cantatur
2544 977 2599 1033 in
2645 976 2942 1031 festivitate
2983 976 3126 1029 beati
3173 975 3474 1045 Stephani,
3516 989 3726 1048 cogno-

2125 1086 2280 1128 scere
2328 1085 2637 1140 possumus.
2681 1067 2825 1122 Dicit
2870 1067 3246 1136 responsorius
3277 1082 3292 1121 :
3322 1064 3588 1120 Hesterna
3634 1067 3725 1120 die

2126 1176 2282 1222 natus
2332 1168 2418 1220 est
2459 1164 2715 1218 Dominus
2756 1163 2812 1216 in
2859 1161 3033 1226 terris,
3079 1170 3137 1214 ut
3175 1157 3479 1232 Stephanus
3525 1175 3721 1212 nasce-

2128 1271 2273 1314 retur
2310 1257 2367 1312 in
2407 1255 2570 1310 caelis.
2618 1252 2871 1308 Natalitia
2913 1260 3228 1308 sanctorum
3274 1251 3598 1306 nativitates
3631 1265 3727 1304 eo-

2128 1365 2249 1404 rum
2303 1356 2626 1409 monstraut,
2689 1345 2889 1415 quibus
2945 1351 3244 1400 nascuntur
3292 1344 3345 1397 in
3395 1343 3724 1398 societatem

2127 1456 2320 1497 novem
2366 1440 2618 1495 ordinum
2649 1437 2985 1508 angelorum,
3022 1445 3076 1490 et
3117 1436 3173 1489 in
3218 1435 3544 1490 societatem
3591 1450 3727 1488 san-

2128 1544 2340 1589 ctorum
2382 1532 2608 1586 Patrum
2653 1529 2918 1584 naturalis
2951 1528 3105 1599 legis,
3156 1536 3211 1582 et
3233 1527 3370 1598 legis
3411 1527 3639 1592 litters,
3671 1535 3729 1580 et

2128 1624 2266 1680 Novi
2295 1623 2650 1680 Testamenti.
2701 1621 2932 1692 Propter
2963 1620 3188 1691 gloriam
3218 1619 3353 1674 Novi
3379 1618 3726 1674 Testamenti

2131 1718 2413 1774 continent
2432 1715 2743 1785 antiphonze
2768 1712 2836 1768 de
2873 1711 3033 1767 tertia
3059 1709 3317 1780 periocha
3345 1707 3606 1768 Alleluia.
3633 1723 3725 1763 ve-

2133 1810 2232 1864 luti
2266 1818 2432 1865 sunt:
2460 1805 2852 1862 Exaltabuntur
2897 1819 3095 1858 cornua
3118 1803 3274 1873 justi,
3309 1799 3567 1854 Alleluia.
3606 1800 3724 1855 Lux

2127 1910 2246 1957 orta
2275 1910 2348 1955 est
2365 1900 2536 1970 justo,
2587 1895 2836 1951 Alleluia.
2879 1891 3254 1948 Custodiebant
3279 1892 3586 1946 testimonia
3607 1892 3724 1961 ejus

2129 2004 2179 2048 et
2225 2001 2486 2065 prtreepta
2516 1990 2651 2061 ejus,
2692 1987 2943 2044 Alleluia.
2973 1986 3033 2043 In
3055 1985 3440 2041 festivitatibus
3468 2000 3615 2055 quas
3641 2000 3728 2039 ne-

2129 2085 2377 2151 wlimus,
2412 2083 2705 2139 recolimus
2725 2097 2822 2153 per
2843 2081 3200 2136 novenarium
3222 2075 3543 2142 numerum,
3567 2086 3728 2132 stan-

2131 2185 2213 2232 tes
2273 2191 2510 2241 oramus,
2569 2173 2857 2230 rewlendo
2893 2180 3143 2229 sanctam
3193 2171 3517 2227 societatem
3558 2185 3728 2242 ange-

2131 2268 2306 2324 lorum
2333 2277 2388 2324 et
2416 2267 2637 2323 Patrum
2657 2276 2995 2333 sanctorum,
3024 2265 3118 2337 qui
3141 2265 3254 2335 jam
3290 2273 3417 2320 sunt
3448 2265 3505 2318 in
3536 2264 3730 2320 latitia

2131 2369 2483 2432 sempmm'
2668 2429 2897 2487 CAPUT
2945 2428 3187 2486 XXXVI.

2383 2521 2458 2577 De
2505 2523 2699 2578 octavis
2736 2520 3100 2575 natalitiorum
3147 2528 3475 2574 sanctorum.

2208 2614 2457 2670 Solemus
2501 2624 2724 2670 octavas
2760 2613 3128 2668 natalitiorum
3165 2611 3469 2682 aliquorum
3507 2619 3730 2667 sancto-

2134 2726 2255 2766 rum
2307 2708 2585 2765 celebrare
2607 2749 2622 2772 ,
2668 2723 2859 2762 eorum
2910 2706 3118 2763 scilicet
3175 2719 3408 2776 quorum
3453 2702 3732 2759 festivitas

2134 2804 2277 2876 apud
2304 2818 2402 2858 nos
2434 2801 2634 2858 clarior
2656 2802 2920 2866 habetur,
2949 2799 3118 2854 veluti
3147 2806 3231 2854 est
3259 2798 3315 2853 iu
3343 2797 3551 2854 octavis
3591 2813 3733 2867 apo-

2135 2897 2398 2955 stolorum
2431 2895 2582 2954 Petri
2622 2906 2678 2952 et
2719 2895 2891 2960 Pauli,
2927 2903 2985 2950 et
3022 2902 3347 2950 ceterorum
3388 2899 3728 2952 sanctitates,

2135 3005 2366 3060 quorum
2390 2988 2724 3046 consuetudo
2749 2987 3086 3042 diversarum
3108 2986 3475 3042 Ecclesia-rum
3499 2994 3727 3039 octavas

2135 3080 2394 3138 celebrat.
2454 3079 2511 3135 Si
2546 3095 2654 3134 non
2683 3079 2926 3134 valemus
2953 3078 3197 3134 omnium
3229 3086 3544 3132 sanctorum
3575 3085 3731 3130 nata-

446 3165 526 3220 ris
560 3163 731 3219 nostri
772 3161 955 3231 paries
993 3159 1404 3217 inimicitiarum
1445 3167 1636 3228 ruptus
1669 3166 1773 3223 est,
1814 3156 1873 3213 et
1903 3173 2035 3214 con-
2060 3148 2105 3212 C
2136 3169 2252 3228 mia
2287 3169 2597 3235 celebrare,
2631 3178 2837 3239 ηυεηιο
2871 3169 3050 3224 minus
3084 3176 3309 3224 octavas
3334 3183 3522 3222 eorum
3546 3168 3571 3220 ξ
3609 3165 3732 3222 μοι,

447 3256 620 3327 juncti
654 3263 782 3311 sunt
807 3254 913 3310 duo
942 3252 1126 3325 populi
1169 3253 1224 3308 in
1251 3267 1362 3308 uno
1390 3251 1569 3322 lapide
1597 3249 1866 3323 angulari,
1891 3250 2036 3322 quod

451 3366 556 3405 non
579 3349 753 3420 potuit
783 3346 921 3410 fieri,
941 3346 1044 3403 nisi
1069 3344 1342 3416 gentilitas
1375 3344 1525 3416 prius
1555 3351 1861 3398 moreretur
1887 3357 2034 3398 mor-

454 3443 494 3496 ti
517 3441 794 3497 vitiorum.
825 3437 1093 3507 Quoniam
1116 3437 1216 3492 ista
1232 3452 1336 3491 non
1355 3434 1731 3507 proposuimus
1743 3433 1833 3490 hic
1859 3433 2036 3505 inqui-

455 3553 598 3601 rere,
646 3533 740 3591 sed
775 3547 1062 3605 precamur
1097 3529 1367 3604 supplices
1405 3536 1467 3582 ut
1508 3529 1577 3583 ab
1597 3541 1663 3583 eo
1702 3526 1896 3598 spiritu
1954 3525 2036 3582 in-

459 3636 604 3685 serta
653 3627 764 3684 sint
794 3626 886 3696 qui
917 3625 1010 3680 ubi
1065 3621 1179 3678 vult
1223 3621 1430 3693 spirat;
1485 3635 1631 3674 nunc
1673 3621 1741 3684 ad
1791 3618 2038 3690 proposi—

463 3733 576 3778 tum
603 3717 933 3775 redeundum
957 3725 1061 3772 est.
1090 3713 1148 3770 ln
1173 3711 1527 3784 Theophania
1549 3711 1888 3767 celebramus
1905 3725 2038 3780 quo-

455 3811 615 3867 modo
651 3810 913 3864 Dominus
947 3823 978 3861 a
1011 3805 1183 3876 Magis
1226 3804 1300 3860 sit
1333 3804 1647 3874 inquisitos,
1679 3811 1735 3856 et
1760 3803 2035 3869 inventus,

461 3917 526 3956 ac
565 3899 856 3963 adoratus;
911 3896 1184 3966 quomodo
1233 3895 1401 3950 laetati
1439 3895 1547 3949 sint
1570 3894 1822 3950 convivae
1846 3894 1902 3948 in
1936 3910 2037 3949 nu-

461 3993 623 4062 ptiis;
674 3989 946 4060 quomodo
993 3989 1064 4043 sit
1096 3987 1422 4058 baptizatus.
1461 3986 1591 4054 Quae
1628 3986 1812 4042 omnia
1844 4002 2040 4057 possu-

458 4099 580 4138 mus
607 4083 923 4153 dignoscere
948 4095 1014 4134 es
1037 4077 1347 4150 antiphonis
1367 4092 1488 4148 quae
1516 4086 1809 4132 cantantur
1836 4079 1890 4134 in
1918 4094 2036 4134 ma-

461 4176 653 4231 tutino.
691 4173 749 4228 lu
787 4172 997 4231 octavis
1027 4170 1145 4242 ejus
1169 4169 1479 4226 celebratur
1515 4184 1604 4228 res
1629 4185 1726 4240 pro
1756 4186 1862 4241 qua
1884 4171 2041 4228 Chri-

460 4275 578 4324 stus
605 4266 908 4338 baptizatus
929 4272 1038 4330 est,
1071 4263 1176 4320 hoc
1201 4269 1304 4328 est,
1331 4271 1578 4319 nostrum
1609 4261 1909 4328 lavacrum,
1942 4279 2040 4334 per

459 4359 605 4432 quod
651 4367 835 4413 nostra
879 4364 1103 4427 peccata
1135 4354 1453 4420 abluuntur,
1493 4356 1654 4426 quale
1683 4365 1768 4412 est
1804 4356 1938 4413 illud
1973 4358 2042 4413 de

460 4452 636 4520 prima
682 4450 974 4520 antiphona
1016 4449 1068 4502 in
1109 4447 1316 4504 octavis
1363 4447 1770 4518 Theophanen:
1804 4448 2040 4504 Veterem

461 4541 719 4598 hominem
748 4556 998 4594 renovans
1032 4537 1300 4604 Salvator,
1344 4545 1401 4592 et
1460 4537 1516 4592 in
1552 4540 1826 4595 secunda:
1860 4540 1930 4595 Te
1950 4542 2042 4610 qui

461 4632 518 4684 in
583 4631 769 4704 spiritu
814 4637 860 4682 et
909 4629 1028 4698 igne
1074 4625 1328 4698 puriﬁcas
1373 4627 1606 4682 humana
1642 4629 1905 4698 contagia,
1959 4629 2044 4684 ld-

465 4721 638 4794 ipsum
671 4719 872 4789 poterit
892 4718 1133 4788 reperire
1164 4717 1392 4790 diligens
1418 4717 1707 4787 inquisitor
1727 4719 1781 4772 in
1812 4733 2044 4788 sequen-

465 4810 629 4865 tibus.
677 4809 817 4877 Quia
842 4809 948 4864 duo
972 4814 1240 4879 praecepta
1271 4816 1399 4863 sunt
1430 4807 1760 4872 dilectionis,
1794 4808 1890 4864 Dei
1935 4811 2043 4866 sci-

463 4899 592 4968 licet
616 4909 672 4953 et
697 4900 956 4970 proximi,
985 4899 1126 4956 sicut
1147 4898 1462 4954 honorando
1485 4900 1810 4968 baptismum
1841 4899 2044 4957 Christi

466 4989 560 5045 Dei
583 4997 640 5044 et
662 4987 959 5045 Salvatoris
979 4988 1154 5044 nostri
1174 4988 1570 5044 celebravimus
1597 4988 1650 5044 in
1671 4989 2043 5062 Theophanis,

466 5081 801 5138 celebremus
837 5089 892 5135 et
923 5090 1168 5135 nostrum
1209 5080 1480 5135 initiatum
1521 5080 1634 5151 jam
1660 5082 1714 5137 in
1743 5083 1922 5154 capite
1951 5101 2047 5140 no-

468 5184 585 5232 stro
619 5173 674 5228 in
723 5172 932 5228 octavis
962 5171 1300 5244 Epiphania),
1331 5172 1437 5228 hoc
1485 5181 1591 5239 est,
1631 5173 1699 5229 ad
1730 5177 2046 5231 memoriam

470 5268 793 5326 reducamus
833 5281 941 5337 qua
986 5265 1052 5320 de
1100 5281 1262 5320 causa
1311 5265 1560 5321 Christus
1605 5267 1911 5338 baptizatus
1955 5272 2048 5334 sit,

473 5359 686 5416 scilicet
710 5357 839 5428 quia
875 5369 1101 5412 necesse
1127 5365 1248 5410 erat
1271 5365 1330 5410 ut
1367 5356 1787 5428 baptizaremur.
1818 5361 1886 5415 Et
1917 5363 2047 5431 quid

473 5451 647 5522 prosit
679 5449 981 5521 baptismus
1025 5447 1335 5518 antiphoute
1381 5460 1686 5506 monstrant
1739 5455 1791 5506 iu
1839 5457 2046 5510 octavis

473 5541 859 5614 Theophaniae.
895 5541 1044 5599 Unde
1073 5541 1205 5597 dicit
1225 5558 1328 5596 una
1363 5558 1428 5598 ex
1457 5544 1562 5599 illis
1596 5563 1617 5599 :7
1639 5544 1916 5616 Baptizare
1943 5550 2048 5602 Do-

475 5635 640 5700 mino,
657 5633 798 5702 facta
818 5642 892 5687 est
912 5643 1243 5705 peccatorum
1263 5645 1561 5689 nostrorum
1585 5639 1839 5692 remissio.
1865 5651 2048 5696 Ὕπαν-

477 5730 536 5784 tri
574 5741 680 5780 non
712 5727 875 5783 habet
923 5737 1167 5796 octavas,
1220 5729 1476 5801 quoniam
1520 5730 1765 5802 legaliter
1811 5749 2046 5804 prasen-

2135 3269 2221 3317 est
2257 3261 2414 3318 nobis
2454 3260 2826 3316 disserendum
2865 3274 2984 3329 quae
3022 3259 3278 3314 Ecclesia:
3318 3258 3434 3312 illas
3473 3257 3565 3312 vel
3606 3257 3735 3314 illas

2135 3354 2316 3410 colant
2344 3361 2588 3419 octavas,
2617 3353 2714 3408 sed
2741 3351 2873 3424 quid
2901 3353 3057 3408 nobis
3082 3353 3312 3407 innuant
3341 3352 3465 3421 ipsae
3487 3359 3729 3406 octava.

2134 3446 2194 3501 ln
2249 3445 2513 3502 natalitiis
2557 3451 2870 3500 sanctorum
2927 3442 3336 3513 frequentamus
3386 3441 3734 3512 reccptiooes

2136 3538 2256 3593 illas
2280 3537 2337 3593 in
2365 3536 2562 3608 quibus
2585 3537 2780 3591 animas
2803 3545 3114 3590 sanctorum
3144 3537 3484 3605 recipiuntur
3510 3537 3731 3605 quando

2135 3635 2336 3686 exeunt
2355 3628 2423 3684 de
2443 3641 2689 3698 corpore.
2711 3625 2789 3682 De
2808 3627 2896 3682 his
2918 3626 3316 3697 receptionibus
3327 3626 3464 3681 dicit
3475 3625 3734 3697 Augusti-

2135 3737 2240 3776 nus
2259 3721 2314 3775 iu
2337 3735 2594 3794 sermone
2617 3719 3030 3790 quadragesimo
3057 3727 3211 3774 sexto
3237 3733 3408 3789 super
3431 3718 3726 3774 Joannem:

2137 3809 2292 3868 Sicut
2326 3823 2457 3882 ergo
2489 3809 2721 3866 diverse
2756 3807 3014 3864 custodiae
3043 3809 3316 3879 agentium
3355 3809 3412 3864 in
3449 3809 3491 3880 -ι-
3525 3808 3729 3872 ofﬁcis,

2137 3900 2218 3956 sic
2253 3899 2482 3956 diversae
2513 3898 2775 3954 custodias
2805 3906 3178 3961 mortuorum,
3206 3905 3262 3952 et
3289 3899 3508 3954 diversa
3539 3901 3728 3953 merits

2137 3989 2560 4060 resurgentium.
2599 3987 2870 4058 Receptus
2896 3995 2980 4042 est
3004 4003 3231 4058 pauper,
3259 3997 3517 4059 receptus
3548 4000 3632 4044 est
3660 3991 3732 4044 di-

2138 4092 2265 4144 ves;
2289 4077 2382 4133 sed
2405 4077 2496 4134 ille
2523 4077 2579 4134 in
2614 4076 2737 4132 sinu
2759 4077 3012 4140 Abrabm,
3049 4076 3140 4132 ille
3169 4077 3259 4132 ubi
3296 4079 3477 4134 sitiret
3499 4088 3560 4134 et
3583 4094 3733 4149 aqua

2139 4182 2350 4245 guttam
2395 4188 2504 4227 non
2549 4171 2837 4228 inveniret.
2890 4170 3103 4226 Habent
3136 4186 3267 4243 ergo
3304 4186 3498 4227 omnes
3539 4173 3736 4227 anime

2141 4267 2226 4338 (ut
2247 4282 2318 4322 es
2343 4265 2630 4322 occasione
2666 4265 2928 4322 instruam
2966 4264 3289 4320 charitatem
3319 4266 3600 4338 vestram).
3640 4267 3738 4322 ha—

2141 4359 2272 4415 bent
2291 4372 2482 4413 omnes
2511 4357 2706 4412 animae
2737 4372 2862 4412 cum
2892 4357 2957 4412 de
2982 4356 3179 4412 saeculo
3206 4357 3463 4424 exierint,
3487 4357 3737 4414 diversas

2144 4449 2486 4520 receptiones
2531 4465 2689 4516 suas;
2738 4449 2937 4504 habent
2975 4451 3229 4514 gaudium
3268 4451 3446 4517 bonae,
3487 4461 3547 4507 et
3581 4454 3736 4508 male

2145 4549 2438 4598 tormenta.
2481 4541 2588 4598 Sed
2617 4558 2740 4598 cum
2775 4541 2914 4596 facta
2955 4542 3118 4598 fuerit
3156 4545 3506 4608 resurrectio,
3549 4556 3608 4600 et
3642 4547 3736 4600 bo-

2145 4647 2342 4688 norum
2374 4633 2626 4702 gaudium
2653 4632 2884 4702 amplius
2921 4633 3048 4697 erit,
3084 4642 3141 4688 et
3167 4633 3431 4688 malorum
3461 4645 3732 4690 tormenta

2145 4725 2422 4796 graviora,
2463 4725 2680 4795 quando
2719 4741 2842 4780 cum
2887 4741 3115 4796 corpore
3154 4727 3578 4797 torquebantur.
3635 4729 3727 4782 lle

2145 4818 2288 4887 cepti
2313 4817 2515 4872 sunt-in
2537 4831 2674 4886 pace
2707 4817 2879 4872 sancti
2909 4818 3252 4887 patriarchae,
3278 4820 3586 4890 prophetae,
3609 4837 3718 4891 apo

2147 4908 2295 4973 stoli,
2327 4917 2617 4980 martyres,
2656 4903 2782 4965 boni
2809 4909 3015 4976 ﬁdeles,
3043 4925 3232 4966 omnes
3257 4920 3441 4966 tamen
3472 4913 3655 4968 adhuc
3677 4912 3714 4967 is

2149 5000 2257 5054 line
2303 5000 2576 5071 accepturi
2616 5009 2744 5056 sunt
2781 5001 2925 5072 quod
2963 5001 3212 5071 promisit
3243 5001 3406 5058 Deus.
3459 5003 3720 5060 Promisss

2147 5101 2232 5146 est
2266 5091 2411 5146 enim
2449 5091 2774 5146 resurrectio
2809 5091 2972 5146 etiam
3013 5092 3217 5162 carnis,
3253 5094 3454 5150 mortis
3477 5107 3720 5150 consuli-

2148 5181 2286 5250 ptio,
2309 5181 2418 5235 vita
2449 5189 2654 5237 aeterna
2683 5198 2807 5238 cum
2837 5181 3078 5252 angelis:
3105 5183 3212 5242 hoc
3231 5197 3426 5239 omnes
3454 5186 3620 5240 simul
3651 5203 3716 5240 so

2149 5271 2360 5341 cepturi
2399 5287 2605 5327 sumus.
2667 5272 2804 5327 Nam
2837 5273 3081 5342 requiem
3109 5315 3126 5339 ,
3163 5281 3284 5344 qua
3320 5275 3586 5332 continuo
3618 5285 3729 5346 post

2154 5374 2384 5421 mortem
2435 5367 2633 5433 datur,
2696 5367 2744 5420 si
2793 5381 2856 5422 ea
2902 5368 3097 5438 dignus
3161 5374 3274 5434 est,
3344 5376 3479 5424 tunc
3542 5370 3731 5440 accipit

2154 5461 2385 5530 quisque
2428 5476 2551 5515 cum
2595 5461 2844 5515 moritur.
2889 5459 3108 5516 Priores
3140 5473 3471 5531 acceperunt
3506 5463 3734 5532 patriar-

2154 5553 2290 5618 chae,
2310 5551 2485 5606 videte
2498 5567 2561 5606 ex
2578 5565 2685 5620 quo
2705 5551 3083 5622 requiescunt:
3095 5552 3425 5622 posteriores
3438 5552 3737 5624 propheta.

2155 5642 2427 5696 recentius
2459 5642 2682 5712 apostoli
2708 5682 2722 5707 ,
2750 5642 2919 5697 multo
2949 5642 3221 5697 recentius
3249 5650 3520 5711 martyres
3543 5641 3736 5701 sancti.

2156 5733 2396 5802 quotidie
2425 5733 2552 5788 boui
2585 5734 2788 5790 fideles.
2839 5735 2902 5788 Et
2935 5734 3025 5787 alii
3063 5733 3118 5788 in
3160 5734 3264 5788 ista
3293 5733 3485 5804 requie
3512 5742 3626 5788 tam
3649 5732 3738 5788 diu
