3938 6178
290 332 432 393 ιω
508 316 556 376 ι’

1039 336 1127 391 DE
1166 335 1717 392 ECCLESIAS'I‘ICIS
1752 335 2040 394 OFFICHS
2078 336 2257 391 LIBllI
2295 337 2384 392 IV.
2427 367 2494 377 ——
2528 337 2656 392 LIB.
2699 339 2784 392 IV.

3402 340 3540 396 I150

288 455 438 511 attint.
474 446 564 502 alii
608 461 716 503 non
759 456 868 504 tam
902 448 1014 512 diu,
1054 448 1143 504 alii
1185 449 1343 506 annis
1375 450 1742 520 paucioribus,
1779 449 1868 504 alii
1897 455 1944 512 Α
1972 458 2155 521 pterea
2182 451 2297 505 dies
2324 450 2486 521 aliqui
2514 453 2789 508 constituti
2816 462 2960 520 sunt,
2986 464 3047 510 ut
3074 458 3126 511 in
3156 472 3322 514 unum
3354 472 3545 517 manes

290 552 395 593 nec
427 536 629 592 recenti
666 546 925 609 tetnpore.
974 537 1112 594 Cum
1148 554 1278 595 vero
1305 540 1375 596 ab
1401 540 1508 595 hoc
1528 554 1718 596 somno
1748 539 1862 595 evi‘

289 629 535 703 gilabunt
555 628 717 686 simul
737 644 925 687 omnes
940 670 958 697 ,
985 637 1128 701 quod
1147 632 1473 702 promissum
1490 641 1575 687 est
1591 621 1867 702 accepturi

284 728 421 774 sunt
457 718 517 790 ἦ.
575 717 632 774 In
673 719 935 776 natalitiis
965 728 1278 776 sanctorum
1313 729 1623 777 memoratae
1661 722 1868 793 requiei

282 810 769 883 congratulamur;
811 812 870 868 in
916 813 1125 868 octavis
1172 827 1304 870 vero
1348 826 1579 879 eorum,
1620 826 1871 869 resurre-

282 902 454 959 ctioni
490 917 801 972 corporum.
856 902 976 971 Quo
994 903 1201 960 honore
1228 903 1387 975 digna
1412 904 1485 960 sit
1511 911 1705 961 octava
1731 905 1866 972 dies,

286 996 427 1052 liber
447 995 722 1052 Leviticus
750 1004 1040 1055 monstrat.
1077 1005 1132 1051 et
1161 995 1293 1069 quid
1330 997 1531 1054 habeat
1563 997 1620 1054 in
1662 1006 1869 1069 mystea

290 1085 393 1140 rio.
443 1083 743 1156 Hesychius
771 1087 1054 1158 presbyter
1081 1094 1282 1143 tractat
1303 1099 1467 1157 super
1490 1086 1743 1142 eumdem
1768 1084 1873 1141 Le-

288 1174 511 1230 viticum
549 1175 606 1230 in
638 1174 782 1231 libro
820 1184 975 1232 sexto
998 1190 1014 1230 :
1036 1175 1167 1232 dicit
1211 1175 1483 1233 Leviticus
1515 1193 1530 1230 :
1557 1174 1627 1231 Et
1666 1175 1873 1231 brutus

284 1274 364 1319 est
394 1265 651 1320 Dominus
672 1264 740 1319 ad
765 1263 1002 1336 Moysen,
1024 1265 1201 1320 dicens
1224 1279 1244 1319 :
1263 1263 1496 1337 Loquere
1512 1264 1639 1335 ﬁliis
1659 1263 1831 1320 Israel
1847 1283 1871 1321 .'

288 1360 330 1413 Α
360 1359 542 1431 quinto
563 1356 773 1413 decimo
797 1357 883 1413 die
910 1358 1100 1414 mensis
1127 1358 1286 1429 hujus
1319 1360 1525 1429 septimi
1547 1368 1700 1431 erant
1725 1357 1873 1427 ferite

284 1449 749 1506 tabernaculorum
778 1461 971 1521 septem
1003 1451 1189 1507 diebus
1223 1452 1468 1509 Domino.
1516 1452 1642 1508 Dies
1673 1453 1872 1523 primus

291 1544 560 1602 vocabitur
576 1543 947 1601 celeberrimus
974 1556 1128 1618 atque
1150 1547 1511 1602 sanctissimus
1532 1561 1549 1598 :
1570 1564 1721 1602 omne
1743 1563 1872 1618 opus

286 1634 475 1690 seruile
511 1652 616 1690 non
659 1635 862 1696 facietis
897 1637 952 1690 in
982 1653 1070 1701 eo,
1118 1646 1168 1691 et
1204 1647 1397 1708 septem
1428 1636 1609 1691 diebus
1647 1636 1873 1706 offeratis

289 1725 599 1781 holocausta
624 1725 886 1792 Domino;
923 1727 1034 1782 dies
1060 1743 1264 1799 quoque
1293 1737 1504 1782 octavus
1526 1728 1625 1782 erit
1651 1725 1874 1781 celeber-

1968 542 2173 610 pariter
2199 542 2525 602 veniremus,
2567 557 2675 597 non
2715 544 2859 613 quod
2895 545 3163 603 celebrior
3197 550 3269 606 sit
3302 551 3419 608 dies
3455 551 3543 608 illa

1966 645 2070 700 qua
2097 632 2475 694 convenimus.
2504 630 2599 686 sed
2637 648 2959 704 quacunque
2999 637 3086 691 die
3117 641 3541 698 conveniendum

1966 720 2058 785 sit,
2096 734 2161 775 ex
2195 729 2485 792 conspectu
2521 730 2709 777 mutuo
2745 722 2932 780 laetitia
2972 726 3142 796 major
3176 730 3404 785 oriatur.
3438 732 3542 801 Qui

1966 825 2098 866 vero
2117 812 2376 883 opposita:
2396 814 2678 882 quaestioni
2703 816 2914 871 acutius
2940 818 3268 888 respondere
3294 833 3543 882 conatur.

1968 901 2058 956 ille
2094 900 2332 958 affirmat
2359 917 2549 959 omnes
2572 905 2687 960 dies
2707 906 2942 975 aequales
2960 923 3102 975 esse,
3126 924 3228 967 nec
3247 911 3544 973 Parasceve

1970 999 2181 1046 tantum
2212 991 2489 1048 Christum
2528 993 2790 1067 cruciﬁgi,
2833 1006 2891 1053 et
2927 998 3013 1055 die
3051 1000 3327 1060 Dominica
3362 1018 3544 1064 resur-

1967 1097 2117 1154 gere,
2143 1084 2239 1139 sed
2262 1097 2475 1154 semper
2502 1094 2746 1140 sanctam
2774 1093 3192 1150 resurrectionis
3222 1111 3344 1155 esse
3379 1101 3541 1168 diem,

1966 1182 2025 1229 et
2047 1189 2263 1247 semper
2287 1189 2410 1230 eum
2439 1191 2604 1234 carne
2626 1180 2767 1235 vesci
2791 1182 3088 1242 Dominica.
3127 1187 3339 1259 Jejunia
3364 1203 3543 1253 autem

1969 1273 2027 1320 et
2054 1266 2498 1336 congregationes
2518 1268 2659 1323 inter
2689 1270 2805 1327 dies
2837 1285 3059 1346 propter
3076 1293 3175 1335 eos
3202 1298 3233 1336 a
3257 1283 3389 1340 viris
3422 1302 3543 1357 pm-

1970 1358 2225 1416 dentibus
2267 1360 2515 1416 instituta
2556 1370 2713 1428 sunt,
2759 1363 2852 1434 qui
2899 1367 3070 1437 magis
3112 1372 3311 1429 mlo
3351 1390 3542 1432 vacant

1971 1466 2132 1521 quam
2167 1450 2309 1518 Deo;
2347 1467 2449 1508 nec
2480 1463 2730 1523 possunt,
2764 1454 2873 1510 inte
2903 1456 3114 1526 nolunt,
3144 1470 3259 1519 toto
3284 1465 3338 1521 in
3365 1468 3539 1525 eccle-

1971 1543 2108 1598 siam
2129 1543 2255 1599 vitte
2277 1558 2388 1599 suae
2410 1552 2650 1613 tempore
2668 1548 3010 1618 congregari,
3036 1560 3095 1609 et
3123 1563 3251 1610 ante
3282 1558 3546 1617 humanos

1972 1640 2129 1688 actus
2176 1633 2286 1689 Deo
2340 1635 2642 1690 orationum
2685 1646 2907 1694 suarum
2957 1640 3153 1700 oﬂ'erre
3195 1649 3542 1708 sacriﬁcium.

1974 1722 2180 1789 Quotus
2204 1725 2349 1780 enim
2371 1726 2601 1795 quisque
2624 1735 2708 1781 est
2732 1728 2822 1797 qui
2849 1730 3038 1787 saltem
3069 1734 3183 1791 haec
3210 1752 3402 1808 pauca,
3427 1759 3549 1813 quae

290 1817 458 1871 rimus
503 1826 660 1889 atque
712 1818 1094 1874 sanctissimus.
1160 1819 1313 1876 Unde
1365 1820 1495 1875 dicit
1545 1828 1874 1874 memoratus
1902 1803 1947 1863 Β
1972 1821 2175 1870 statuta
2204 1824 2351 1879 sunt,
2377 1817 2462 1873 vel
2488 1819 2676 1874 orandi
2707 1829 2968 1892 tempora,
2989 1825 3073 1881 vel
3087 1803 3548 1897 jejunaudirsem-

288 1906 633 1978 Hesychius:
657 1907 724 1964 Et
757 1908 985 1978 primam
1018 1918 1202 1966 autem
1237 1919 1443 1981 septem
1477 1911 1686 1966 dierum
1727 1911 1873 1966 celes

291 1999 590 2054 lierrimam
618 2007 776 2070 atque
799 2001 1202 2057 sanctissimam
1229 2001 1537 2073 appellavit.
1592 2002 1695 2070 Qui
1730 2004 1874 2059 enim

288 2090 396 2144 scit
439 2091 797 2160 prementibus
841 2099 1098 2161 tauquam
1150 2092 1499 2147 tabernaculo
1547 2093 1661 2159 uti,
1700 2084 1874 2164 prima

295 2180 443 2243 dies.
476 2181 529 2236 id
569 2189 683 2247 est,
730 2181 942 2237 initium
988 2190 1050 2237 et
1094 2182 1417 2253 principium
1443 2222 1458 2246 .
1499 2198 1528 2236 a
1571 2183 1878 2239 sanctiﬁca-

289 2271 439 2327 tione
473 2271 771 2328 vacatiouis
806 2272 1013 2343 incipit.
1068 2272 1358 2342 Propterea
1391 2284 1446 2329 et
1486 2274 1648 2329 nimis
1684 2287 1876 2330 conse-

287 2373 521 2435 quenter
564 2364 677 2418 ait:
705 2363 871 2419 Omne
907 2381 1036 2437 opus
1082 2364 1265 2420 servile
1311 2382 1415 2420 non
1457 2365 1699 2436 facietis,
1747 2366 1875 2436 quia

290 2458 424 2514 nulli
454 2458 511 2514 in
542 2457 740 2514 smculo
776 2460 1018 2515 serviunt
1050 2459 1143 2530 qui
1178 2470 1434 2530 tauquam
1468 2461 1874 2517 tabernaculum

286 2559 347 2605 et
375 2549 688 2605 transitoria
721 2564 786 2605 ea
816 2566 939 2621 quae
973 2550 1027 2605 iu
1056 2566 1121 2606 eo
1145 2558 1289 2616 sunt,
1328 2551 1634 2607 intendunt.
1685 2549 1793 2607 Sed
1821 2559 1878 2606 et

289 2650 497 2709 septem
521 2639 708 2695 diebus
728 2639 1040 2696 holocausta
1067 2639 1250 2695 ol'erri
1280 2641 1554 2711 praecepit,
1580 2640 1872 2697 ostendens

286 2739 542 2802 oportere
582 2746 677 2801 per
719 2746 880 2787 omue
919 2741 1133 2802 tempus
1165 2730 1467 2801 perfectam
1505 2732 1875 2788 conversatio-

289 2836 421 2876 nem
476 2821 648 2891 sequi.
704 2807 931 2888 Quando
967 2836 1099 2894 ergo
1141 2823 1300 2878 istam
1338 2832 1661 2893 praesentem
1705 2824 1874 2879 vitam

293 2913 744 2983 percurrerintus,
783 2922 912 2969 timo
948 2914 1356 2970 celeberrimum
1395 2923 1556 2985 atque
1586 2915 1873 2974 sanctissi-

1973 1921 2071 1976 per
2113 1917 2395 1975 exerceat;
2439 1909 2620 1981 itaque
2659 1913 2799 1968 sicut
2834 1915 2989 1972 nobis
3026 1917 3154 1974 licet
3186 1921 3272 1976 vel
3300 1922 3548 1994 jejunare

1972 2011 2207 2068 semper,
2237 1999 2321 2054 vel
2350 2015 2563 2072 semper
2585 2018 2765 2070 orare,
2809 2017 2865 2061 et
2903 2007 3046 2064 diem
3085 2010 3422 2072 Dominicam
3453 2036 3546 2076 ac-

1972 2098 2131 2182 cepto
2167 2090 2380 2146 Domini
2419 2108 2650 2163 corpore
2687 2096 3060 2155 indesinenter
3096 2103 3371 2163 celebrare
3414 2126 3546 2182 gau-

1974 2181 2244 2273 dentibus,
2284 2199 2388 2238 non
2428 2184 2500 2239 ita
2538 2194 2593 2241 et
2632 2185 2832 2244 Iudaeis
2870 2188 2956 2245 las
2996 2201 3082 2247 est
3125 2198 3272 2253 enini
3311 2208 3549 2273 tempore

1975 2272 2257 2328 immolare
2303 2289 2498 2344 agnum
2524 2316 2540 2339 ,
2573 2276 2931 2337 Pentecosten
2966 2298 3165 2354 agere,
3208 2272 3546 2348 tabernacula

1976 2363 2159 2435 figere,
2176 2362 2421 2433 ieiunare
2443 2368 2699 2435 quotidie.

2042 2454 2173 2511 Post
2194 2457 2659 2513 enumerationem
2696 2467 3001 2532 temporum
3036 2480 3160 2537 quae
3183 2468 3547 2529 observaban-

1972 2554 2065 2599 tur
2096 2553 2340 2616 tempore
2363 2544 2424 2600 in
2444 2546 2558 2613 illo,
2587 2551 2802 2620 quando
2835 2552 3026 2610 beatus
3052 2555 3410 2631 Hieronymus
3434 2564 3545 2620 lucc

1973 2634 2209 2704 scripsit,
2246 2633 2390 2690 illata
2423 2644 2509 2691 est
2545 2652 2710 2694 causa
2760 2654 2927 2710 quare
2968 2643 3260 2704 Christiani
3304 2660 3546 2725 tempora

1974 2735 2272 2782 memorata
2304 2728 2659 2785 observantes
2679 2769 2695 2797 ,
2720 2731 2925 2787 crimen
2957 2748 3063 2791 non
3095 2737 3417 2798 incurrant:
3448 2747 3549 2801 hoc

1970 2825 2080 2883 est,
2119 2817 2211 2887 qui
2245 2818 2563 2888 siiwliciter
2594 2822 2961 2893 respondebit,
3001 2826 3151 2892 dicit,
3182 2829 3297 2885 Non
3330 2834 3547 2890 eosdem

1972 2908 2211 2967 ludaicec
2236 2912 2629 2969 observationis
2647 2913 2769 2970 dies
2785 2928 2909 2971 esse
2935 2932 3074 2987 quos
3103 2930 3339 2988 nostros,
3365 2933 3420 2979 et
3447 2944 3551 2981 Cib-

289 3020 442 3059 suum
488 3013 739 3061 octavum
779 3006 955 3069 diem,
1010 3007 1268 3062 maculam
1315 3006 1564 3063 videlicet
1607 3008 1872 3076 futurum,
1976 3011 2093 3058 tera
2123 3017 2243 3073 (tum
2280 3013 2603 3073 sequuntur-
2651 3002 2720 3060 Ει
2748 3005 2945 3062 iterum
2973 3008 3151 3065 infra:
3178 3012 3277 3079 Qui
3305 3029 3433 3070 vero
3458 3033 3550 3088 op-

290 3097 630 3155 lialebimus.
658 3097 728 3153 Et
753 3097 893 3153 infra
922 3114 936 3152 :
964 3096 1061 3153 Die
1081 3107 1259 3154 aut-em
1280 3098 1456 3169 primo
1478 3100 1711 3171 requies,
1733 3110 1790 3157 et
1818 3101 1871 3156 in
1974 3095 2165 3166 posita
2192 3095 2476 3165 quaestioni
2515 3095 2728 3151 acutius
2767 3098 3094 3169 respondere
3122 3111 3381 3170 conatur,
3422 3107 3549 3163 illud

287 3199 486 3244 octava
520 3190 609 3246 die
642 3189 877 3260 requies,
915 3203 1025 3243 non
1044 3187 1158 3257 jam
1187 3189 1441 3259 septimo,
1478 3206 1602 3246 cum
1645 3204 1871 3247 numero
1899 3172 1943 3239 C
1973 3182 2234 3249 afﬁrmat,
2267 3199 2455 3240 omnes
2491 3185 2609 3240 dies
2642 3185 2878 3257 aequales
2922 3201 3062 3253 esse,
3115 3207 3217 3246 nec
3254 3191 3553 3252 Parasceve

290 3287 497 3347 septem
550 3278 758 3334 dierum
798 3276 1145 3333 festivitatem
1187 3279 1273 3349 agi
1314 3281 1685 3350 proposuisset
1713 3318 1730 3345 ,
1778 3281 1874 3336 sed
1975 3282 2186 3329 tantum
2215 3273 2495 3330 Christum
2536 3275 2799 3347 crueiiigi,
2837 3284 2895 3331 et
2930 3278 3019 3333 die
3052 3279 3331 3338 Dominica
3374 3301 3553 3340 resur—

290 3379 507 3427 octavo.
548 3369 789 3427 Primum
807 3370 1048 3441 quidem,
1075 3370 1203 3440 quia
1232 3370 1318 3426 his
1346 3371 1437 3440 qui
1464 3371 1759 3426 modum
1791 3371 1872 3425 lib

1976 3379 2129 3434 gere,
2162 3363 2258 3419 sed
2287 3380 2500 3434 semper
2522 3373 2768 3421 sancttun
2798 3368 3215 3425 resurrectionis
3240 3386 3362 3426 esse
3378 3354 3551 3440 diem,

292 3470 466 3515 teram
493 3461 661 3531 legem
678 3469 890 3526 tenent,
917 3459 1267 3517 festivitatem
1291 3461 1572 3518 celebrare
1593 3476 1700 3517 non
1728 3462 1875 3518 licet.

289 3553 334 3607 Α
368 3567 511 3608 novo
543 3553 687 3609 enim
725 3560 1041 3625 segregatus
1070 3562 1157 3609 est
1191 3553 1390 3625 populo
1423 3554 1517 3624 qui
1559 3554 1665 3609 scit
1700 3554 1877 3625 legem

291 3643 591 3698 secundum
631 3642 881 3713 spiritum
919 3644 1186 3714 accipere,
1225 3652 1281 3699 et
1307 3653 1558 3699 octavum
1584 3644 1873 3709 honorare,

290 3748 453 3805 quem
480 3731 719 3788 diximus
732 3732 1037 3805 significare
1052 3743 1385 3790 mortuorum
1400 3734 1872 3790 resurrectionem.

811 3823 1040 3881 CAPUT
1092 3825 1355 3883 XXXVII.

537 3916 616 3973 De
650 3918 1009 3973 observatione
1041 3917 1248 3974 dierum
1277 3935 1372 3990 per
1402 3936 1622 3976 annum.

366 4008 467 4066 Ubi
494 4017 718 4066 sanctus
740 4007 1103 4080 Hieronymus
1128 4009 1351 4081 exponit
1376 4009 1505 4066 illud
1527 4011 1596 4067 ad
1618 4008 1872 4067 Cantas:

288 4100 419 4156 Dies
445 4100 761 4166 observatis,
785 4110 833 4157 et
859 4117 1079 4168 menses,
1108 4110 1158 4157 et
1193 4112 1448 4175 tempore,
1478 4112 1529 4159 et
1563 4119 1750 4169 annos,
1781 4102 1874 4158 Ti-

291 4210 405 4248 meo
435 4210 523 4249 νος
552 4210 616 4248 ne
636 4192 776 4263 forte
809 4194 920 4249 sine
952 4208 1116 4249 causa
1147 4192 1492 4251 laberaaerim
1518 4195 1577 4249 in
1602 4194 1764 4263 vobis,
1796 4193 1872 4250 ibi

289 4286 619 4342 sententiam
654 4284 1085 4342 Christianorum
1114 4287 1389 4342 subnectit
1419 4295 1611 4343 contra
1651 4301 1746 4343 eos
1778 4287 1872 4360 qui

294 4376 481 4433 volunt
503 4376 660 4433 nobis
681 4391 952 4447 opponere
972 4377 1117 4447 quod
1140 4377 1493 4434 observemus
1512 4379 1627 4435 dies
1651 4386 1706 4433 et
1732 4386 1873 4434 tem—

290 4485 446 4539 pora,
477 4468 618 4524 unde
643 4469 819 4541 arguti
845 4475 973 4525 sunt
998 4482 1036 4523 a
1064 4466 1233 4523 Paulo
1262 4467 1521 4525 neoterici
1546 4467 1865 4524 Christiani.

289 4526 444 4619 lucu
462 4562 602 4618 inter
629 4526 738 4618 ali;
757 4562 833 4617 ita
854 4580 868 4616 ε
893 4561 1048 4617 Dicat
1084 4559 1303 4630 aliquis,
1336 4559 1399 4616 Si
1428 4560 1545 4617 dies
1579 4562 1871 4616 observare
1894 4526 1948 4586 Β

290 4667 400 4708 non
425 4651 570 4718 licet,
604 4660 663 4708 et
688 4666 924 4719 menses,
953 4659 1008 4706 et
1030 4658 1297 4722 tempora,
1319 4659 1374 4705 et
1393 4664 1583 4716 minos,
1613 4665 1713 4705 nos
1734 4664 1872 4720 quo—

288 4757 396 4813 que
434 4742 681 4799 similiter
726 4743 932 4799 crimen
971 4741 1297 4797 incurrimus
1323 4782 1339 4807 ,
1377 4747 1634 4812 quartam
1661 4740 1871 4795 sabbati

286 4833 662 4901 observantes,
707 4843 762 4889 et
791 4846 1142 4905 parasoeven,
1173 4842 1232 4889 et
1258 4832 1404 4888 diem
1444 4831 1781 4887 Dominicatn
1817 4839 1874 4885 et

281 4923 551 4994 jejunium
589 4923 1038 4996 quadragesima,
1072 4932 1129 4980 et
1161 4923 1385 4980 Pascha
1408 4921 1777 4987 festivitatem,
1817 4928 1874 4976 et

288 5015 638 5072 Pentecostes
664 5014 936 5081 lzetitiam,
967 5022 1024 5071 et
1052 5030 1153 5087 pro
1179 5015 1439 5071 varietate
1475 5014 1755 5086 regionum
1788 5014 1868 5069 di-

290 5121 452 5162 versa
490 5107 544 5162 in
588 5107 795 5163 honore
822 5114 1121 5179 martyrum
1152 5116 1396 5179 tempora
1420 5108 1735 5164 constituta.
1785 5107 1870 5164 Ad

288 5199 433 5267 quod
470 5198 562 5268 qui
590 5197 910 5268 simpliciter
941 5198 1287 5269 respondebit
1311 5199 1483 5254 dicit:
1504 5198 1623 5253 Non
1646 5199 1868 5254 eosdem

286 5287 528 5344 iudaice
551 5288 945 5344 observationis
981 5288 1098 5345 dies
1129 5304 1275 5355 esse,
1304 5303 1441 5359 quos
1470 5298 1704 5344 nostros.
1759 5286 1870 5344 Nos

287 5385 439 5441 enim
461 5401 569 5441 non
597 5400 913 5457 azymorum
936 5384 1145 5441 Pascha
1171 5385 1514 5442 celebramus
1530 5425 1545 5450 ,
1575 5384 1669 5439 sed
1693 5398 1873 5438 resur-

290 5476 550 5532 recuonis
575 5488 632 5533 et
664 5478 864 5544 crucis,
904 5492 1005 5533 nec
1038 5486 1242 5548 septem
1267 5476 1423 5546 juxta
1461 5491 1666 5531 morem
1706 5475 1869 5530 Israel

291 5583 647 5625 numeramus
680 5569 1045 5625 hebdomadas
1086 5569 1142 5624 in
1176 5569 1550 5634 Pentecosten,
1578 5568 1672 5624 sed
1697 5567 1871 5637 Spiri-

292 5668 382 5716 tus
421 5660 596 5717 sancti
636 5674 962 5716 venemur
998 5660 1309 5725 adventum,
1357 5666 1414 5713 et
1459 5673 1530 5715 ne
1568 5657 1870 5713 inordinate

291 5752 606 5822 congregati
639 5751 820 5821 populi
860 5751 994 5807 tides
1025 5750 1363 5806 miimeretur
1390 5750 1447 5799 in
1472 5749 1709 5811 Christo,
1744 5763 1876 5818 pro-

1971 3466 2034 3513 et
2052 3471 2267 3527 semper
2294 3472 2416 3512 eum
2445 3472 2615 3513 carne
2647 3458 2793 3513 vesci
2829 3457 3124 3515 Dominica.
3175 3461 3432 3533 Superior
3458 3480 3553 3521 ex-

1976 3548 2206 3614 cusatio,
2239 3548 2295 3605 in
2320 3563 2427 3619 qua
2456 3548 2676 3614 dicitur,
2704 3563 2813 3604 non
2843 3550 3061 3605 eosdem
3090 3552 3207 3608 dies
3230 3569 3350 3610 esse
3376 3555 3431 3611 in
3459 3558 3554 3615 ob-

1974 3642 2281 3697 servatione
2312 3640 2457 3711 apud
2483 3655 2580 3695 nos
2604 3640 2696 3711 qui
2734 3642 2876 3711 apud
2912 3641 3131 3700 indutos
3167 3646 3554 3715 observantur,

1975 3731 2359 3805 aliquodnobis
2370 3731 2796 3802 supplementum
2812 3735 3202 3803 accommodat,
3223 3739 3315 3809 qui
3334 3748 3552 3811 propte-

1972 3837 2072 3879 rea
2113 3831 2353 3893 tempore
2393 3820 2662 3892 passionis
2694 3822 2907 3880 Domini
2940 3825 3251 3882 omittimus
3280 3826 3557 3883 salutatio-

1974 3928 2100 3971 nem
2120 3913 2336 3969 solitam
2364 3913 2491 3984 quia
2514 3909 2684 3969 Iudas
2710 3914 2967 3971 salutavit
2994 3916 3280 3973 Dominum
3304 3917 3461 3986 falso,
3498 3930 3555 3976 et

1969 4007 2400 4081 genuﬂeaionem
2445 4007 2504 4063 in
2536 4008 2781 4064 oratione
2813 4007 2902 4064 die
2938 4009 3286 4077 Parasceves,
3328 4026 3451 4082 quae
3494 4012 3556 4068 fit

1972 4114 2076 4170 pro
2100 4096 2318 4165 ludatis,
2345 4097 2473 4169 quia
2497 4097 2625 4155 lesn
2648 4097 2921 4155 illudendo
2944 4098 3394 4170 genuﬂectehant,
3420 4110 3477 4157 et
3500 4103 3553 4158 lu

1972 4191 2220 4248 oratione
2264 4190 2547 4247 duodecim
2590 4190 2881 4246 lectionum
2898 4224 2913 4255 ,
2957 4192 3173 4261 quando
3225 4202 3552 4252 memoratur

1972 4284 2156 4356 passio
2199 4283 2361 4337 trium
2416 4294 2713 4352 puerorum
2751 4280 2806 4335 in
2849 4279 3102 4345 fornace,
3141 4282 3265 4352 quia
3301 4281 3549 4340 nolebam

1969 4373 2175 4443 poplite
2197 4370 2336 4426 lieno
2360 4369 2589 4425 adorare
2607 4377 2844 4425 statuam
2868 4366 3411 4432 Nabachodonosoris
3428 4391 3553 4432 cum

1969 4462 2211 4533 perﬁdis,
2240 4469 2297 4518 et
2322 4460 2695 4516 invitatoriam
2722 4461 2780 4517 in
2805 4462 2999 4519 diebus
3018 4463 3295 4522 Passionis
3316 4465 3550 4531 Domini,

1973 4556 2189 4629 quando
2215 4553 2467 4611 videlicet
2489 4555 2957 4627 congregabantur
2996 4557 3066 4613 ad
3105 4559 3341 4628 pessima
3378 4563 3553 4621 consi-

1971 4649 2044 4704 lia
2072 4648 2140 4704 de
2171 4660 2307 4702 nece
2339 4645 2573 4701 Domini.
2611 4643 2875 4702 Similiter
2898 4646 2954 4702 in
2979 4647 3327 4719 Theophania
3359 4650 3553 4708 invita-

1974 4740 2173 4796 toriam
2215 4737 2536 4800 omittimus,
2578 4736 2795 4807 quando
2831 4735 3070 4794 Herodes
3091 4742 3443 4813 congregavit
3468 4760 3553 4799 sa-

1971 4833 2185 4904 pientes
2209 4828 2516 4885 Jndaeorum
2538 4842 2708 4900 pravo
2735 4828 2918 4884 animo
2943 4829 3013 4885 ad
3047 4829 3425 4901 inquirendum
3460 4835 3551 4890 ubi

1974 4923 2223 4979 Christus
2244 4927 2580 4976 nasceretur.
2623 4919 2880 4989 Quartam
2902 4917 3093 4976 feriam
3116 4928 3171 4977 et
3188 4920 3548 4989 Parascevcn,
3658 4962 3661 4963 γ

1972 5024 2029 5070 et
2056 5016 2195 5071 diem
2236 5012 2594 5079 Dominicam,
2633 5019 2691 5067 et
2719 5008 2983 5079 jejunium
3016 5012 3463 5084 quadragesimae,
3501 5027 3555 5070 ct

1977 5105 2201 5162 Pascha
2228 5102 2593 5171 festivitatem,
2628 5110 2687 5158 et
2711 5100 3059 5158 Pentecostes
3080 5101 3345 5170 Imtitiam,
3376 5117 3431 5161 ct
3452 5121 3553 5175 pro

1977 5196 2241 5251 varietate
2287 5193 2569 5266 regionum
2615 5193 2828 5250 diversa
2882 5193 2939 5249 in
2991 5193 3197 5251 honore
3253 5207 3551 5267 martyrum

1975 5299 2218 5359 tempora
2266 5285 2563 5343 constituta
2610 5285 2983 5341 observamus.
3043 5282 3303 5353 Quartam
3360 5285 3550 5339 feriant

1972 5384 2328 5438 observamus
2345 5420 2360 5447 ,
2385 5379 2509 5451 quia
2528 5418 2543 5444 ,
2565 5385 2627 5433 ut
2648 5378 2725 5432 ait
2744 5377 3075 5448 Augustinus
3102 5377 3169 5431 ad
3196 5376 3549 5442 Casulanum,

1976 5476 2032 5530 iu
2063 5491 2130 5531 ea
2164 5474 2251 5530 die
2291 5472 2602 5545 congregati
2641 5479 2768 5526 sunt
2798 5469 3000 5534 Judaei,
3031 5476 3086 5524 et
3111 5468 3378 5525 consiliati
3426 5481 3553 5525 sunt

1974 5567 2042 5623 de
2082 5581 2213 5622 nece
2240 5563 2562 5621 Salvatoris.
2599 5562 2970 5618 ‘Parasceven.
3013 5559 3137 5628 quia
3170 5559 3224 5614 in
3266 5576 3330 5615 eo
3360 5575 3553 5631 passus

1977 5666 2060 5713 est
2116 5658 2257 5713 idem
2307 5654 2575 5712 Salvator.
2640 5652 2903 5720 Quoniam
2957 5650 3044 5704 isti
3098 5648 3215 5705 dies
3256 5651 3554 5721 antiquitus

1974 5760 2129 5806 erant
2159 5752 2212 5804 in
2250 5746 2646 5812 observatione,
2683 5745 2818 5799 ritus
2853 5742 3108 5797 Romana:
3134 5742 3386 5798 Ecclesiae
3406 5743 3552 5801 oliti-
