3938 6178
398 332 533 388 I‘L’tl

1438 315 1769 374 AMA'LARII
1808 311 2243 369 FHESBYTEHI
2268 308 2626 366 NETLNSIS

3514 306 3669 362 133?.

397 446 515 500 nuit
543 452 601 496 ut
638 440 825 496 iisdem
853 437 1042 494 diebus
1070 443 1298 490 mutaret
1327 431 1528 495 ofﬁcia,
1565 438 1618 483 et
1648 428 1868 481 missam
1893 439 1959 478 ce
2003 428 2053 486 Α
2080 430 2133 475 et
2161 422 2348 492 spiritu
2368 463 2382 483 ,
2419 420 2653 489 perfecta
2684 418 2932 474 felicitas.
2972 418 3104 474 Hinc
3139 419 3339 473 factum
3366 429 3445 473 est
3479 428 3540 472 ut
3561 421 3665 473 bo~

398 536 630 589 lebraret
655 534 789 587 hora
813 544 975 591 nona,
999 543 1095 599 per
1115 527 1257 596 quod
1279 526 1579 580 forinsecus
1604 519 1829 591 populus
1848 532 1971 573 con-

396 630 713 696 gregaretur
741 620 793 674 in
825 635 1023 682 unum,
1053 616 1270 688 quando
1295 615 1477 686 aliqua
1505 628 1670 669 causa
1706 625 1842 663 nova
1872 609 1972 661 iut-

400 714 636 768 miuebat
666 710 733 765 ad
762 708 1159 777 deprecandum
1188 707 1242 761 iu
1275 706 1472 775 quibus
1505 700 1811 758 observatio
1835 697 1975 752 cele-

399 808 675 863 brabatur.
736 803 888 860 Unde
937 801 1069 856 dicit
1108 800 1466 871 Hieronymus
1527 802 1859 852 memoratus
1921 792 1974 844 in

398 897 806 968 superioribus:
829 893 1040 962 Jejuuia
1067 905 1245 948 autem
1272 903 1325 948 et
1349 889 1798 962 congregatioues
1836 886 1977 938 inter

398 990 514 1043 dies
548 997 771 1057 propter
805 999 900 1040 eos
934 992 1061 1040 sunt
1088 999 1119 1038 a
1151 984 1283 1038 viris
1312 979 1665 1052 prudentibus
1708 974 1974 1035 instituta,

397 1079 489 1148 qui
530 1077 704 1148 magis
747 1076 944 1131 sateuio
978 1083 1172 1129 vacant
1206 1088 1368 1143 quam
1416 1070 1550 1133 Deo,
1596 1083 1697 1121 nec
1731 1072 1976 1135 possunt,

400 1176 511 1230 imo
541 1188 641 1228 nec
676 1171 882 1234 volunt,
919 1179 1032 1224 toto
1059 1170 1111 1222 in
1138 1166 1422 1222 ecclesiam
1452 1163 1577 1217 vita:
1600 1175 1713 1216 sua:
1738 1170 1980 1228 tempore

399 1264 739 1336 congregari,
776 1271 831 1316 et
868 1271 994 1316 ante
1037 1262 1303 1315 humanos
1333 1266 1484 1311 actus
1519 1253 1633 1307 Deo
1671 1250 1980 1306 orationum

402 1370 620 1411 suarum
662 1354 860 1411 offerre
906 1352 1253 1409 sacriﬁcium.
1320 1348 1528 1415 Quotus
1565 1345 1709 1399 enim
1754 1342 1982 1414 quisque

2024 511 2034 519 ’
2075 533 2191 569 rum
2221 516 2451 571 duorum
2490 523 2782 583 utrumque
2814 515 2879 567 ad
2907 512 3321 583 signiﬁcandum
3359 528 3468 566 non
3508 522 3673 583 puta-

2074 617 2224 663 retur
2252 606 2437 660 labore
2456 603 2664 674 jejuuii,
2696 605 2789 659 sed
2817 607 2997 674 potius
3025 603 3338 659 refectionis
3361 603 3672 669 hilaritate,

2073 708 2298 770 excepto
2322 715 2430 753 uno
2450 698 2688 769 paschali
2713 698 2959 761 sabbato,
2989 712 3097 767 quo
3122 698 3535 768 discipulorum,
3560 698 3679 753 sic-

2075 801 2135 846 ut
2194 792 2468 856 diximus-,
2525 791 2701 845 luctus
2744 799 2965 860 propter
3009 790 3085 843 rei
3133 797 3297 860 gesta:
3341 792 3674 845 memoriam

2077 881 2257 938 fuerat
2302 882 2510 952 jejunio
2553 882 2845 952 prolixiore
2882 879 3284 951 signiﬁcandus.
3335 881 3476 936 Huic
3521 883 3675 937 enim

2078 974 2459 1043 sensui-potest
2487 986 2806 1041 congruere,
2850 972 3068 1041 quando
3090 970 3413 1026 festivitates
3451 981 3679 1027 sancto-

2083 1081 2198 1120 rum
2229 1064 2585 1126 celebramus,
2624 1071 2684 1117 ut
2726 1064 2779 1117 in
2822 1063 3094 1132 prioribus
3128 1061 3513 1118 festivitatibus
3542 1078 3682 1117 cou-

2081 1157 2418 1229 gratulemur
2456 1156 2739 1211 animabus
2777 1163 3109 1219 sanctorum,
3152 1162 3204 1209 et
3242 1155 3297 1208 in
3334 1157 3546 1208 octavis
3581 1168 3683 1207 eo-

2084 1250 2328 1304 rumdem
2377 1256 2685 1303 sanctorum
2713 1288 2729 1312 ,
2774 1246 3156 1301 resurrectioni
3206 1260 3515 1316 corporum.
3566 1245 3686 1300 Pro

2085 1341 2184 1394 hac
2219 1355 2279 1394 re
2313 1339 2557 1393 solebant
2578 1353 2769 1393 omnes
2802 1336 3033 1392 Romani
3061 1338 3241 1392 omnia
3283 1336 3504 1392 sabbata
3527 1337 3684 1407 jeju-

402 1457 505 1511 cst,
539 1447 633 1516 qui
670 1445 863 1501 saltem
906 1446 1019 1500 ham
1057 1458 1248 1515 pauca,
1293 1456 1413 1510 qua:
1456 1445 1658 1494 statuta
1707 1445 1852 1498 sunt,
1901 1434 1985 1488 vel
2085 1442 2238 1491 nare,
2279 1442 2442 1497 quam
2478 1428 2637 1481 modo
2664 1426 2801 1481 dixit
2834 1426 3169 1496 Augustinus
3206 1428 3261 1481 in
3301 1442 3406 1481 uno
3441 1427 3688 1482 sabbato

404 1539 594 1594 orandi
644 1546 910 1607 tempora,
944 1535 1041 1589 vel
1075 1531 1374 1603 jejuuaudi,
1428 1543 1643 1599 semper
1686 1524 1984 1581 exerceat?
2086 1519 2384 1573 observari.
2430 1518 2721 1588 Propterea
2761 1518 2884 1572 dico
2920 1518 3273 1588 pneteritum,
3311 1519 3433 1588 quia
3480 1521 3692 1573 nescio

403 1640 458 1683 et
512 1629 739 1700 reliqua.
790 1627 1061 1681 Habemus
1115 1641 1183 1679 ex
1236 1623 1481 1677 Romano
1527 1620 1728 1676 Ordine
1776 1616 1987 1679 sabbati
2088 1612 2357 1680 quomodo
2382 1626 2526 1666 nunc
2554 1622 2743 1682 agunt.
2803 1611 3006 1682 Siquis
3041 1609 3271 1665 voluerit
3294 1611 3687 1681 episcoporum

404 1724 547 1779 diem
590 1723 644 1777 in
683 1719 1083 1781 observatione,
1130 1732 1289 1787 quem
1334 1731 1439 1769 non
1482 1712 1811 1784 computavit
1859 1711 1982 1764 Hie-
2018 1776 2057 1787 ﬁ
2090 1704 2434 1759 Ambrosium
2470 1703 2690 1767 imitari.
2731 1718 3114 1773 usquequaque
3148 1718 3259 1758 non
3299 1703 3403 1759 erit
3439 1705 3689 1760 extorris

406 1827 661 1884 ronymus
684 1811 753 1864 in
791 1810 980 1865 ordine
1011 1776 1218 1863 dierum
1253 1805 1667 1861 observationis.
1727 1801 1985 1855 Novimus
2014 1776 2062 1836 Β
2088 1810 2120 1848 a
2151 1796 2425 1853 consortio
2454 1805 2786 1849 sanctorum.
2832 1794 3069 1849 Ponatur
3090 1794 3318 1865 p0pulus
3341 1796 3397 1848 in
3426 1795 3685 1850 doctrina

402 1909 546 1961 enim
588 1920 651 1960 ex
700 1903 884 1958 multis
911 1902 1220 1958 auctoribus
1254 1899 1395 1969 quod
1432 1899 1549 1952 dies
1586 1897 1816 1959 sabbati,
1850 1895 1989 1948 sicut
2086 1886 2260 1940 sane“
2300 1886 2620 1955 Αιιειιειίηἰ,
2661 1886 2752 1940 ubi
2796 1886 2929 1941 dicit
2963 1886 3017 1940 in
3070 1895 3368 1941 memorata
3407 1886 3684 1955 epistola:

403 2004 595 2066 quarta
637 1992 880 2059 sabbati,
922 2000 977 2046 et
1018 2000 1171 2046 sexta
1207 1990 1410 2043 inclusa
1446 1995 1564 2043 erat
1598 1984 1805 2055 jejunio
1851 1983 1989 2053 apud

408 2086 694 2149 Romanos,
724 2093 779 2139 et
804 2084 857 2137 in
882 2098 946 2137 eo
975 2080 1215 2137 ofﬁcium
1241 2088 1505 2133 mutatum
1532 2092 1675 2148 suape
1702 2076 1983 2138 habemus,

406 2178 550 2233 sicut
579 2176 631 2229 in
659 2182 849 2243 quarta
879 2180 935 2227 et
958 2180 1111 2226 sexta
1148 2168 1392 2231 sabbati,
1431 2176 1487 2222 et
1526 2168 1794 2238 pramipue
1829 2166 1881 2219 in
1925 2179 1988 2217 ea

414 2268 721 2324 benedictio
767 2266 927 2320 datur
955 2304 970 2328 ,
1023 2264 1148 2333 quia
1199 2262 1314 2333 ipsa
1366 2272 1450 2317 est
1502 2275 1663 2330 quam
1718 2257 1991 2313 benedixit

411 2358 692 2422 Dominus,
737 2366 792 2410 et
834 2355 1051 2426 preprie
1099 2354 1420 2425 significatio
1459 2354 1526 2408 ad
1569 2351 1826 2421 Spiritum
1866 2365 1993 2404 san-

408 2460 555 2505 t-tum
594 2449 848 2520 pertinet,
898 2447 989 2518 qui
1030 2455 1114 2500 est
1156 2444 1505 2517 septiformis.
1565 2442 1715 2498 Unde
1760 2457 1884 2496 cum
1937 2451 1990 2494 et

411 2544 569 2597 Pater
621 2540 841 2610 spiritus
877 2540 972 2603 sit,
1014 2550 1068 2593 et
1121 2538 1286 2593 Filius
1329 2538 1554 2608 spiritus
1602 2536 1692 2600 sit,
1736 2534 1989 2603 quoniam

413 2635 552 2688 Deus
581 2632 802 2702 spiritus
822 2638 925 2693 est,
951 2638 1006 2685 et
1033 2627 1191 2681 Pater
1216 2638 1455 2692 sanctus,
1488 2636 1543 2681 et
1571 2625 1740 2680 Filius
1768 2634 1992 2679 sanctus

408 2722 500 2790 sit,
532 2720 748 2792 proprio
783 2729 962 2773 tamen
993 2719 1213 2773 nomine
1251 2718 1533 2773 amborum
1572 2716 1796 2786 spiritus
1831 2730 1993 2769 voca-

414 2823 500 2868 tur
551 2812 788 2884 Spiritus
842 2818 1079 2866 sauctus.
1147 2810 1223 2866 De
1270 2808 1457 2865 eodem
1502 2808 1728 2864 sabbato
1779 2808 1995 2863 diverso

413 2905 570 2959 modo
613 2904 955 2957 observatum
993 2912 1078 2957 est
1127 2900 1268 2969 apud
1305 2898 1577 2964 Orientes,
1621 2905 1677 2953 et
1714 2896 1854 2966 apud
1896 2897 1996 2950 ali-

416 3009 549 3063 quos
573 2991 916 3053 Occidentes,
947 3004 1046 3043 nec
1072 3004 1176 3042 non
1203 2998 1259 3042 et
1283 2989 1423 3058 apud
1455 2987 1751 3042 Romanam
1780 2985 1989 3040 urbem.

419 3087 492 3140 De
523 3100 630 3154 qua
666 3098 725 3138 re
759 3082 1089 3137 sufficienter
1115 3097 1144 3135 a
1172 3081 1229 3136 S.
1261 3082 1560 3152 Augustino
1593 3087 1879 3136 tractatum
1910 3087 1994 3134 est

411 3179 469 3232 in
505 3174 727 3245 epistola
766 3173 832 3227 ad
871 3173 1194 3228 Casulanum
1243 3175 1640 3244 presbyterum,
1687 3172 1755 3228 de
1795 3173 1992 3242 quibus

404 3282 585 3337 pauca
611 3266 697 3321 hic
725 3264 961 3319 inserant
988 3282 1000 3317 :
1028 3262 1105 3318 De
1131 3265 1411 3328 varietate,
1442 3263 1634 3333 inquit,
1671 3263 1738 3317 ad
1769 3261 1993 3318 Casula-

420 3374 546 3413 unm
584 3359 652 3413 de
685 3356 901 3413 Urbica.
950 3353 1064 3409 Non
1105 3356 1201 3411 tibi
1245 3358 1567 3427 persuadeat
1602 3358 1790 3412 urbem
1834 3356 1995 3412 Chri-

414 3451 649 3505 stianam
687 3449 768 3504 sic
808 3447 1026 3502 laudare
1062 3446 1285 3503 sabbato
1320 3447 1677 3519 jejunantem,
1708 3456 1767 3501 ut
1786 3448 1998 3519 cogaris

425 3541 616 3596 orbem
641 3540 1007 3594 Christianum
1032 3539 1291 3593 damnare
1308 3539 1682 3609 praudenteut.
1714 3538 1782 3593 Et
1804 3538 2000 3593 iterum

422 3650 485 3687 ex
521 3631 869 3701 responsione
898 3629 1071 3685 sancti
1105 3629 1374 3685 Ambrosii
1411 3631 1466 3684 in
1506 3630 1693 3684 eadem
1735 3628 1994 3699 epistola,

418 3724 512 3793 qui
548 3722 724 3794 inquit
752 3742 764 3775 :
794 3722 1021 3788 Quando
1064 3722 1154 3775 hic
1191 3737 1332 3786 sum,
1382 3737 1486 3775 non
1520 3720 1705 3791 jejuno
1737 3721 1996 3785 sabbato;

423 3814 635 3883 quando
650 3811 833 3867 80mm
847 3827 964 3866 sum
975 3851 990 3873 ,
998 3810 1186 3880 jejuno
1201 3812 1444 3866 sabbato.
1462 3811 1527 3864 Et
1540 3813 1606 3865 ad
1621 3826 2000 3881 quamcunque

425 3902 726 3959 Ecclesiam
748 3901 1026 3963 veneritis,
1040 3899 1378 3968 ejusmorem
1393 3910 1626 3966 servate,
1641 3902 1685 3956 si
1701 3902 1812 3970 pati
1844 3917 2000 3956 scau-

420 3993 602 4048 dalum
629 4006 737 4046 non
766 3989 930 4045 vultis
956 3998 1051 4044 aut
1085 3990 1278 4044 facere.
1341 3988 1611 4059 Scriptum
1656 4001 1742 4046 est
1778 3992 1832 4046 in
1880 3992 1998 4047 Vita

418 4085 560 4142 beati
580 4081 1025 4152 Ambrosiiqu
1058 4080 1170 4151 ipse
1192 4080 1512 4136 Ambrosius
1536 4080 1809 4149 jejunaret
1840 4093 2001 4137 caete-

420 4188 566 4232 teros
596 4176 712 4230 dies
741 4172 1113 4236 hebdomadae,
1146 4172 1370 4227 sabbato
1398 4181 1455 4227 et
1472 4172 1751 4227 Dominico
1772 4175 2002 4243 prande-

421 4274 523 4322 ret.
570 4264 749 4332 Quare
773 4261 1002 4333 prandio
1039 4270 1283 4318 uteretur
1313 4265 1368 4316 iu
1406 4260 1631 4317 sabbato
1665 4272 1758 4317 aut
1801 4262 1854 4315 in
1897 4261 2002 4317 Do-

421 4357 642 4421 minicu,
682 4362 1013 4409 memoratus
1046 4353 1377 4421 Augustinus
1414 4361 1683 4407 monstrat
1716 4368 1768 4407 m
1799 4367 2001 4419 memo—

425 4462 539 4506 rata
572 4447 821 4518 epistola,
860 4446 1108 4501 scribens
1147 4444 1214 4499 de
1248 4445 1475 4500 sabbato
1513 4445 1592 4499 sic
1615 4443 1862 4512 :Quibus
1899 4459 1996 4498 au-
2026 4486 2080 4545 Β

423 4552 531 4597 tem
561 4538 747 4594 diebus
776 4553 881 4592 non
909 4544 1124 4606 Oportet
1140 4533 1405 4604 jejunare,
1432 4545 1490 4590 et
1511 4536 1705 4605 quibus
1722 4543 1995 4605 Oporteat,

427 4614 699 4701 praecepto
735 4626 948 4691 Domini
990 4625 1075 4680 vel
1112 4625 1494 4694 apostolorum,
1527 4641 1634 4680 non
1670 4626 1883 4681 invenio
1908 4626 2002 4680 de-

426 4723 659 4776 liuitutu.
710 4720 790 4775 Ac
816 4706 915 4790 per
940 4718 1044 4773 hoc
1073 4717 1248 4771 sentio
1277 4716 1493 4786 quidem
1526 4730 1633 4770 non
1661 4715 1730 4769 ad
1754 4715 2003 4770 obtinen-

425 4815 547 4866 dam
582 4810 885 4872 veritatem,
912 4821 1076 4877 quam
1105 4806 1240 4862 ﬁdes
1262 4806 1488 4867 obtinet,
1526 4813 1688 4873 atque
1710 4803 1999 4872 justitiam,

427 4900 479 4951 in
504 4913 610 4968 qua
635 4906 718 4952 est
742 4895 1085 4967 pulchritudo
1117 4894 1239 4950 filiae
1261 4895 1401 4966 regis
1428 4895 1571 4949 intra
1596 4910 1782 4959 secus;
1809 4896 1901 4950 sed
1933 4905 2008 4952 ta-

429 5007 550 5043 tnen
579 4990 647 5043 ad
677 4988 1081 5060 signiﬁcandam
1114 4987 1353 5059 requiem
1380 4987 1785 5056 sempiternam,
1811 4988 1898 5042 ubi
1927 4999 2012 5043 est

429 5095 614 5134 verum
655 5079 975 5140 sabbatum,
1027 5077 1415 5131 relaxationem
1462 5090 1624 5144 quam
1673 5077 2008 5132 constriclio-

429 5187 553 5226 nem
578 5168 769 5239 jejunii
798 5168 975 5236 aptius
1004 5170 1311 5224 convenire.
1365 5168 1431 5222 Et
1460 5168 1599 5223 infra
1627 5185 1641 5222 :
1669 5168 1786 5224 Duo
1811 5170 2009 5239 quippe

430 5271 558 5319 sunt
592 5277 714 5331 qua:
742 5258 1012 5327 justorum
1054 5259 1438 5313 beatitudinem
1470 5271 1525 5314 et
1559 5261 1737 5315 omnis
1777 5263 2009 5317 miseria:

431 5354 591 5407 linem
620 5366 840 5422 sperare
865 5349 1071 5405 faciunt
1103 5367 1115 5401 :
1153 5364 1299 5403 mors
1322 5359 1380 5403 et
1406 5353 1733 5406 resurrectio
1761 5363 2006 5412 mortuo-

431 5461 571 5502 rum.
617 5446 675 5501 ln
709 5454 884 5501 morte
918 5444 1134 5513 requies
1158 5452 1267 5506 est,
1295 5444 1362 5496 de
1389 5460 1495 5512 qua
1532 5445 1729 5499 dicitur
1756 5460 1852 5515 per
1880 5463 2012 5515 pto-

431 5539 647 5607 phetam
680 5554 692 5591 :
729 5536 884 5593 Plebs
920 5551 1062 5599 utea,
1112 5536 1250 5589 intra
1303 5534 1356 5587 in
1396 5534 1614 5589 cellaria
1655 5544 1742 5591 tua
1782 5537 2011 5592 abscon-

433 5629 560 5683 dere
595 5628 866 5698 pusillum,
896 5627 1067 5682 dotec
1093 5634 1433 5697 pertranseat
1457 5626 1538 5680 ira
1565 5625 1796 5681 Domini.
1841 5628 1897 5681 lu
1932 5644 2015 5683 re-

432 5724 760 5785 sat'rcctieue
793 5729 972 5775 autem
1001 5721 1053 5776 in
1082 5719 1299 5776 homine
1340 5726 1473 5786 toto,
1508 5718 1564 5775 id
1607 5729 1709 5787 est,
1757 5720 1810 5775 in
1850 5736 2013 5778 carne

2088 1975 2344 2031 Libenter
2373 1977 2687 2047 acquiescas
2712 1977 2964 2047 episcopo
2992 1985 3085 2031 tuo
3118 1978 3170 2032 iu
3208 1977 3312 2031 hac
3342 1992 3423 2040 re,
3463 1977 3577 2031 noli
3600 1992 3691 2031 re

2087 2070 2304 2133 sistere,
2336 2077 2392 2123 et
2417 2069 2558 2138 quod
2587 2068 2717 2124 facit
2746 2070 2878 2140 ipse,
2911 2070 3030 2125 sine
3059 2068 3168 2123 ullo
3191 2069 3449 2140 scrupulo
3478 2070 3568 2124 vel
3600 2070 3687 2123 di-

2088 2160 2420 2229 seeptatione
2461 2169 2692 2215 sectare.
2747 2160 2788 2229 -ι-
2819 2160 2890 2216 Ut
2922 2160 3101 2214 omnis
3137 2160 3456 2229 disceptatio
3495 2160 3694 2230 dysen-

2090 2252 2156 2306 lis
2183 2251 2321 2307 absit
2356 2260 2577 2321 propter
2608 2251 2826 2307 diversa
2870 2251 2984 2307 huic
3011 2249 3242 2320 jejuuia,
3282 2252 3583 2306 dummodo
3618 2261 3692 2306 te-

2088 2354 2285 2399 neatur
2324 2343 2482 2408 ﬁdes,
2522 2360 2666 2415 spes,
2706 2354 2761 2398 et
2804 2345 3042 2400 Charitas
3083 2346 3134 2399 in
3178 2345 3435 2416 idipsum,
3487 2346 3694 2414 quibus

2089 2434 2269 2489 omnis
2306 2434 2551 2489 doctrina
2590 2434 2976 2503 prophetarum
3008 2444 3062 2489 et
3104 2435 3331 2489 scientia
3376 2434 3693 2506 Scriptura-

2092 2541 2213 2579 rum
2235 2526 2424 2589 servit,
2455 2527 2651 2595 repetit
2677 2541 2893 2582 versum
2926 2542 3068 2598 szepe
3093 2535 3319 2583 sanctus
3352 2527 3695 2600 Augustinus

2092 2614 2147 2669 in
2175 2623 2470 2669 memorata
2502 2615 2749 2685 epistula,
2785 2616 2960 2670 Aatitit
2996 2618 3177 2686 regina
3208 2633 3240 2670 a
3272 2618 3477 2671 dextris
3502 2619 3610 2672 tui:
3637 2620 3693 2672 in

2094 2707 2277 2760 uestitu
2317 2707 2572 2760 deaurato
2609 2706 2999 2761 circumamicta
3040 2708 3312 2781 rarietqte.
3356 2707 3695 2763 Observatur

2092 2798 2256 2852 etiam
2284 2798 2424 2867 apud
2454 2812 2552 2853 nos
2572 2798 2628 2852 in
2658 2796 2927 2867 aliquibus
2966 2798 3101 2854 locis
3139 2814 3281 2854 unus
3317 2800 3455 2865 dies,
3499 2800 3553 2855 id
3582 2812 3691 2865 est.

2094 2888 2328 2942 secunda
2356 2886 2515 2952 feria,
2546 2887 2639 2957 qui
2667 2902 2776 2942 non
2802 2895 2890 2942 est
2915 2886 3201 2958 deputatus
3223 2889 3279 2944 iu
3302 2890 3695 2947 observatione

2095 2995 2127 3035 a
2155 2981 2467 3035 memoratis
2497 2980 2808 3035 auctoribus
2827 3021 2841 3044 ,
2869 2981 2923 3034 id
2944 2990 3050 3046 est,
3080 2996 3110 3034 a
3137 2990 3327 3036 sancto
3348 2983 3694 3048 Innocentio,

2095 3081 2153 3128 et
2180 3081 2368 3128 saneto
2389 3072 2699 3137 Ambrosio,
2726 3082 2783 3127 et
2806 3081 2995 3127 saneto
3018 3073 3338 3143 Augustino,
3372 3089 3473 3129 uec
3497 3091 3611 3129 non
3640 3086 3698 3128 et

2095 3159 2256 3216 beato
2295 3159 2642 3233 Hieronymo,
2669 3177 2831 3231 quem
2862 3162 3037 3218 adhuc
3066 3163 3244 3218 solent
3279 3164 3448 3219 nostri
3482 3166 3695 3234 princi-

2095 3265 2192 3321 pes
2229 3251 2285 3306 in
2318 3250 2527 3321 jejunio
2571 3251 2773 3316 libare,
2815 3251 3032 3322 quando
3076 3251 3335 3307 indicitur
3377 3253 3698 3309 triduanum

2093 3343 2356 3415 jejunium
2383 3345 2556 3400 instar
2582 3343 2966 3399 Ninivitarum.
3013 3345 3187 3411 Quod,
3229 3354 3290 3400 ut
3324 3359 3465 3408 reor,
3506 3355 3701 3416 potest

2097 3436 2302 3492 habere
2347 3451 2591 3491 normam
2638 3451 2669 3490 a
2720 3436 3104 3506 praedicatione
3146 3436 3331 3502 Pauli,
3372 3438 3465 3509 qui
3510 3439 3694 3493 dixit:

2097 3524 2249 3580 Alius
2269 3527 2481 3597 judicat
2516 3527 2653 3582 diem
2690 3528 2828 3582 inter
2858 3528 3030 3594 diem,
3064 3528 3205 3584 alia:
3238 3531 3451 3600 jndicat
3488 3547 3695 3585 eum

2098 3617 2257 3671 diem.
2312 3618 2514 3673 Tamen
2546 3634 2824 3689 exponens
2856 3619 2985 3675 illud
3011 3619 3350 3686 Ambrosius,
3385 3622 3456 3677 de
3479 3625 3697 3678 ceteris

2099 3711 2241 3773 silet,
2293 3723 2545 3781 quartam
2591 3720 2646 3768 et
2686 3722 2894 3767 sextam
2937 3713 3147 3768 sabbati
3190 3713 3509 3781 introducit,
3541 3716 3697 3785 juxta

2100 3817 2305 3857 morem
2328 3817 2490 3872 quem
2513 3804 2729 3859 tenebat
2753 3804 3001 3874 populus,
3029 3805 3119 3874 qui
3144 3805 3195 3859 ei
3220 3813 3351 3861 tunc
3372 3815 3539 3862 notus
3556 3818 3696 3863 erat.

2101 3897 2295 3954 Verius
2334 3907 2515 3953 tamen
2555 3898 2778 3967 implent
2811 3900 2953 3968 quod
2978 3900 3116 3954 dicit
3152 3898 3385 3964 Paulus,
3420 3903 3514 3971 qui
3557 3903 3699 3957 inter

2101 3990 2442 4046 Dominicum
2473 3991 2614 4045 diem
2638 3999 2695 4044 et
2723 3991 2941 4044 tertiam
2971 3991 3180 4046 sabbati
3220 3989 3560 4056 refectionis,
3590 4010 3696 4048 me-

2103 4082 2248 4136 dium
2292 4080 2618 4150 jejuuabant
2656 4083 2951 4137 secundam
3000 4083 3255 4150 sabbati;
3317 4084 3512 4139 iterum
3560 4087 3700 4141 inter

2104 4174 2318 4227 tertiam
2349 4172 2557 4227 sabbati
2582 4180 2640 4226 et
2659 4173 2907 4243 quintam
2930 4172 3243 4230 refectionis
3257 4173 3509 4245 jejunant
3529 4191 3698 4246 quar-

2105 4271 2250 4327 tam;
2276 4272 2350 4316 et
2388 4263 2584 4317 iterum
2624 4263 2767 4317 inter
2805 4264 3048 4332 quintam
3079 4264 3291 4319 sabbati
3316 4276 3371 4320 et
3406 4268 3698 4336 septimam

2106 4351 2415 4408 refectionis
2436 4350 2682 4419 jejuuant
2713 4363 2923 4408 sextam
2943 4395 2958 4417 ,
2990 4354 3108 4410 dies
3135 4353 3451 4412 Dominicus
3471 4358 3699 4414 interdi-

2105 4454 2224 4499 ctus
2251 4454 2337 4498 est
2359 4443 2426 4497 ad
2448 4441 2801 4510 jejuuandum
2837 4447 2890 4498 in
2930 4445 3068 4500 libro
3095 4444 3188 4515 qui
3222 4448 3445 4518 proprie
3471 4457 3702 4504 vocatur

2105 4536 2370 4591 Cauones.
2436 4535 2721 4590 Rationem
2784 4537 3180 4592 interdictiouis
3241 4537 3302 4592 S.
3363 4539 3699 4611 Augustinus

2107 4628 2281 4695 aperit
2327 4628 2381 4681 in
2424 4638 2725 4682 memorata
2773 4629 3001 4697 epistola
3054 4630 3121 4683 ad
3171 4630 3501 4685 Casulauum
3534 4651 3549 4686 :
3580 4633 3694 4693 Die.

2108 4719 2315 4788 inquit,
2341 4720 2620 4774 Dutninico
2657 4718 2906 4788 jejuuare
2942 4722 3254 4776 scandalum
3292 4737 3551 4795 magnum
3593 4736 3695 4788 est,

2110 4810 2345 4864 maxime
2364 4819 2712 4878 posteaquam
2745 4811 2980 4865 innotuit
3001 4811 3336 4868 detestabilis
3360 4815 3699 4887 multumque

2112 4902 2233 4957 fidei
2264 4902 2541 4957 catltol'caa
2567 4901 2967 4972 Scripturisque
2991 4903 3187 4958 divinis
3208 4906 3556 4973 apertissime
3572 4923 3699 4964 mu»

2112 4997 2279 5050 traria
2322 4996 2540 5050 hreresis
2582 4994 3031 5061 Manichaeorum,
3073 4997 3165 5066 qui
3206 4998 3323 5053 suis
3358 4998 3696 5056 auditoribus

2110 5089 2177 5141 ad
2200 5084 2553 5154 jejnuandum
2581 5086 2742 5141 istum
2781 5094 3035 5155 umquam
3071 5087 3371 5157 legitimum
3396 5090 3691 5145 constitue-

2112 5185 2236 5231 runt
2260 5176 2422 5231 diem.
2448 5190 2552 5243 per
2571 5174 2716 5244 quod
2741 5174 2943 5229 factum
2966 5184 3052 5230 est
3080 5185 3139 5228 ut
3159 5175 3427 5246 jejunium
3457 5179 3567 5233 diei
3598 5179 3699 5233 Do-

2112 5267 2295 5321 miuiei
2337 5265 2647 5319 horribilius
2701 5266 3012 5320 haberetur.
3065 5265 3300 5322 Sanctus
3337 5268 3697 5341 Hieronymus

2112 5375 2274 5413 uuam
2327 5357 2798 5427 quadragesimum
2852 5359 3003 5427 punit
3041 5359 3095 5413 in
3135 5361 3517 5417 observatione
3550 5382 3565 5415 :
3602 5378 3697 5419 nos

2110 5450 2463 5505 observamus
2489 5458 2600 5502 tres
2625 5449 3066 5519 quadragesimus
3083 5491 3099 5515 ,
3130 5451 3184 5505 id
3208 5461 3314 5517 est,
3341 5464 3470 5508 ante
3490 5453 3692 5511 Pascha

2114 5541 2347 5603 Domini,
2399 5541 2652 5608 circaque
2702 5540 3045 5595 festivitatem
3101 5545 3270 5597 sancti
3324 5543 3587 5612 Joannis,
3638 5555 3695 5601 et

2111 5640 2237 5686 ante
2272 5631 2607 5684 nativitatem
2651 5630 2882 5684 Domini.
2936 5631 3021 5684 Sit
3064 5647 3095 5685 a
3143 5633 3246 5701 piis
3289 5636 3565 5690 mentibus
3598 5635 3699 5691 fre-

2109 5709 2426 5792 quentatum
2466 5723 2606 5790 apud
2641 5739 2741 5778 nos
2780 5741 2792 5775 :
2827 5725 2970 5792 apud
3010 5734 3259 5780 sanctum
3305 5726 3698 5799 Hieronymum
