3938 6178
232 397 369 453 ηδε

228 511 573 566 manifestum
602 519 686 565 est
716 514 858 580 quod
889 511 1168 568 Montanus
1204 512 1492 567 haereticus
1527 509 1669 565 iilam
1710 511 1803 565 ob-
1828 522 1876 577 Α

228 602 590 658 servationem
623 603 781 658 trium
817 603 1351 674 quadragesimarum
1390 604 1638 658 statuerit
1662 604 1804 672 apud

228 709 377 758 suos,
419 694 474 748 id
507 705 607 758 est,
647 705 758 751 tres
795 697 1235 767 quadragesimas
1262 710 1358 764 per
1384 710 1602 749 annum.
1651 694 1805 765 Apud

229 800 329 839 nos
357 798 571 853 quoque
598 800 703 839 non
734 795 816 840 est
842 785 1063 841 dubium
1097 787 1226 856 quin
1257 800 1561 857 praeparare
1586 801 1684 840 nos
1713 784 1807 839 de-

230 878 453 932 beamus
471 877 525 930 in
546 876 777 932 adventu
813 877 1021 933 Domini
1064 878 1244 934 multis
1272 880 1375 949 piis
1406 879 1675 949 operibus.
1710 878 1809 932 Na-

231 966 401 1021 talitia
438 976 749 1020 sanctorum
782 968 1138 1022 observantur
1164 968 1302 1036 apud
1334 983 1457 1027 nos.
1500 966 1568 1021 de
1607 968 1807 1037 quibus

229 1057 362 1111 dicit
392 1057 724 1127 Augustinus
752 1059 806 1113 in
847 1069 1145 1113 memorata
1182 1059 1404 1128 epistola
1432 1078 1443 1113 :
1470 1059 1669 1113 Diebus
1698 1059 1805 1113 Do-

230 1148 451 1204 minicis
467 1148 717 1204 omnibus
744 1158 797 1204 et
823 1149 1211 1220 quinquaginta
1240 1158 1359 1220 post
1378 1149 1606 1213 Pascha,
1635 1159 1689 1203 et
1713 1165 1810 1219 per

234 1239 441 1294 diversa
477 1238 594 1294 loca
625 1238 814 1294 diebus
842 1240 1169 1294 solemnibus
1202 1249 1521 1310 martyrum,
1566 1247 1622 1294 et
1659 1238 1812 1294 festis

233 1328 532 1400 quibusque
556 1330 868 1400 prandetur,
904 1331 1139 1385 solemus
1169 1344 1291 1400 post
1317 1340 1536 1386 octavas
1562 1331 1811 1385 nativita-

237 1421 305 1476 tis
350 1420 583 1484 Domini,
629 1430 847 1477 octavas
894 1423 1168 1479 celebrare
1214 1424 1271 1478 S.
1318 1424 1608 1493 Stephani,
1652 1434 1708 1478 et
1747 1424 1806 1477 S.

233 1508 456 1567 Joannis
496 1513 870 1583 evangelista,
919 1524 1082 1584 atque
1126 1515 1471 1570 lnnocentum
1522 1526 1581 1570 ut
1623 1530 1808 1569 earum

231 1613 544 1660 octavarum
580 1614 742 1659 cantu
776 1606 1153 1676 perveniamus
1181 1607 1350 1662 ferme
1388 1622 1555 1677 usque
1585 1608 1653 1660 ad
1686 1606 1814 1678 vigi-

234 1695 338 1750 lias
386 1694 764 1765 Theophaniae.
833 1695 909 1750 De
955 1695 1161 1767 jejunio
1213 1697 1358 1766 quod
1408 1694 1636 1751 facimus
1687 1705 1811 1750 ante

233 1787 603 1844 ascensionem
635 1788 867 1853 Domini,
909 1787 1252 1843 manifestum
1284 1797 1366 1843 est
1398 1805 1432 1842 a
1460 1803 1565 1856 quo
1592 1797 1811 1842 auctore

974 399 1057 455 DE
1100 396 1650 454 ECCLESIASTICIS
1691 398 1978 455 OFFICIIS
2015 399 2193 454 LIBRI
2230 397 2319 454 IV.
2359 428 2431 439 -
2465 397 2594 452 LIB.
2636 399 2724 454 IV.

3335 398 3476 456 I234

2433 511 2659 568 CAPUT
2699 511 2937 566 XXXIX.

2242 605 2442 659 Iterum
2469 605 2535 659 de
2565 615 2784 659 tonsura
2815 604 3151 659 clericorum;

1978 695 2194 751 Memini
2244 711 2329 752 me
2369 696 2573 751 dixisse
2619 696 2672 750 in
2724 695 3096 764 superioribus
3145 697 3478 762 dubitando,

1906 796 2088 842 utrum
2119 803 2320 843 corona
2345 788 2665 843 clericorum
2705 795 3015 841 nostrorum
3050 784 3277 839 formam
3306 787 3479 856 primo

1907 878 2176 946 acciperet
2211 893 2240 932 a
2272 885 2463 933 sancto
2505 878 2687 941 Petro,
2730 892 2799 930 an
2836 893 2867 930 a
2904 876 3308 931 successoribus
3343 875 3476 943 ejus.

1907 969 2117 1024 scilicet
2144 970 2412 1038 episcopis
2444 968 2594 1023 urbis
2619 968 2820 1022 Romae.
2867 967 3060 1037 Reperi
3085 976 3270 1038 postea
3297 978 3482 1023 aucto-

1908 1063 2126 1116 ritatem
2170 1060 2395 1131 hujusce
2441 1060 2517 1116 rei
2563 1060 2720 1115 Beda:
2762 1059 2950 1114 famuli
2996 1059 3094 1113 Dei
3138 1059 3194 1113 in
3239 1058 3478 1113 Historia

1908 1152 2201 1223 Anglorum
2227 1194 2242 1216 ,
2288 1151 2525 1221 capitulo
2565 1151 2829 1223 vigesimo
2872 1150 3047 1221 primo
3072 1191 3088 1214 ,
3146 1165 3216 1205 ex
3257 1149 3483 1220 epistola

1909 1242 2145 1298 Ceolfrid
2169 1243 2383 1298 abbatis
2406 1243 2474 1296 ad
2497 1241 2768 1314 Aytanum
2812 1256 2997 1312 regem
3038 1240 3336 1296 Pictorum.
3385 1241 3484 1295 Ve-

1910 1351 2028 1390 rum
2072 1336 2176 1391 etsi
2215 1335 2458 1405 profiteri
2499 1334 2655 1389 nobis
2697 1333 2926 1388 liberum
2966 1341 3047 1387 est
3084 1334 3209 1402 quia
3251 1342 3483 1386 tonsura:

1909 1426 2206 1481 discrimen
2250 1442 2357 1479 non
2401 1434 2596 1479 noceat
2634 1424 2833 1494 quibus
2875 1438 3009 1493 pura
3053 1423 3105 1476 in
3149 1423 3314 1476 Deum
3354 1421 3487 1475 ﬁdes

1909 1524 1964 1573 et
2003 1517 2243 1572 charitas
2285 1516 2339 1569 in
2376 1516 2680 1583 proximum
2720 1515 2931 1569 sincera
2971 1522 3056 1568 est
3090 1513 3323 1568 maxime
3362 1530 3485 1568 cum

1911 1622 2189 1677 nunquam
2227 1604 2482 1660 Patribus
2518 1604 2801 1660 catholicis
2845 1606 2988 1660 sicut
3028 1606 3098 1659 de
3140 1605 3364 1660 Pascha:
3406 1605 3487 1658 vel

1911 1701 2037 1756 fidei
2078 1699 2395 1754 diversitate
2436 1695 2759 1759 conﬂictus,
2812 1697 2888 1751 ita
2931 1697 3096 1752 etiam
3140 1696 3207 1750 de
3256 1705 3489 1750 tonsum:

1912 1792 2215 1848 differentia
2251 1789 2458 1861 legatur
2493 1788 2673 1858 aquua
2716 1788 2883 1842 fuisse
2912 1786 3297 1841 controversia.
3344 1784 3488 1839 Inter

236 1880 431 1935 habeat
453 1880 753 1946 exordium,
788 1880 855 1935 de
886 1895 993 1950 quo
1032 1879 1168 1934 nihil
1206 1879 1335 1934 mibi
1381 1878 1667 1933 dicendum
1704 1887 1808 1944 est,
1839 1876 1885 1935 B
1912 1899 2104 1938 omnes
2135 1890 2314 1936 tamen
2355 1894 2491 1950 quas
2522 1878 2606 1934 vel
2645 1879 2698 1933 in
2734 1877 2997 1943 Ecclesia,
3027 1877 3108 1930 vel
3150 1876 3201 1930 in
3237 1876 3488 1930 universo

234 1970 490 2038 quoniam
522 1970 655 2025 dicit
679 1969 819 2025 idem
850 1971 1041 2027 beatus
1070 1968 1398 2040 Augustinus
1422 1987 1435 2022 :
1456 1968 1513 2022 ln
1548 1968 1633 2023 his
1662 1968 1809 2023 enim

237 2064 400 2117 rebus
425 2062 492 2117 de
514 2062 710 2131 quibus
736 2061 871 2117 nihil
911 2062 1058 2123 certi,
1081 2062 1271 2118 statuit
1300 2062 1575 2132 Scriptura
1605 2061 1808 2127 divina,

238 2169 355 2210 mos
385 2152 563 2225 pepuli
600 2153 697 2210 Dei
741 2162 797 2209 et
839 2155 1084 2210 instituta
1120 2153 1388 2224 majorum
1432 2169 1530 2227 pro
1574 2155 1689 2226 lege
1731 2165 1810 2209 te-

238 2247 413 2302 nenda
449 2254 591 2301 sunt.
630 2245 834 2302 Tamen
876 2262 981 2301 non
1022 2261 1308 2316 possumus
1345 2249 1523 2303 dicere
1564 2247 1706 2318 quod
1747 2248 1813 2302 de

238 2338 422 2393 lietitia
444 2339 651 2394 dierum
679 2338 1022 2396 Pentecostes
1045 2357 1152 2396 non
1182 2342 1252 2396 sit
1279 2343 1537 2411 scriptum
1560 2359 1589 2395 ιι
1613 2342 1813 2396 sanctis

238 2428 569 2484 auctoribus.

750 2562 979 2622 CAPUT
1016 2564 1301 2621 XXXVIII.

246 2676 473 2746 Quando
508 2678 834 2733 celebrantur
870 2679 1045 2734 divina
1079 2681 1355 2751 mysteria.
1392 2698 1494 2751 qua
1532 2682 1813 2737 reverentia

571 2758 619 2803 et
646 2758 785 2803 metu
807 2751 1053 2804 standum
1078 2750 1144 2805 sit
1174 2751 1225 2806 iu
1250 2750 1486 2806 ecclesia.

315 2883 573 2953 Quoniam
596 2884 663 2942 de
692 2883 949 2941 natalitiis
972 2896 1282 2940 sanctorum
1313 2901 1483 2956 pauca
1513 2887 1814 2957 przelihavi—

247 2993 386 3040 mus,
400 2975 555 3046 juvat
572 2976 893 3033 subnectere
913 2977 1076 3034 verba
1091 2976 1149 3033 S.
1170 2976 1394 3034 Joannis
1420 2978 1811 3051 Chrysostomi,

243 3081 300 3125 ut
326 3070 410 3126 his
433 3072 716 3128 admoneat
736 3070 1005 3142 quomodo
1029 3072 1293 3143 mcipsum
1318 3074 1543 3130 debeam
1563 3091 1813 3132 coercere

243 3182 275 3218 a
315 3164 594 3235 superﬂuis
620 3167 799 3223 verbis
823 3175 878 3222 et
907 3167 1043 3234 risu,
1073 3168 1288 3238 quando
1312 3184 1495 3225 coram
1520 3182 1712 3226 sancto
1742 3172 1815 3226 al-

1910 1975 2189 2030 hominum
2212 1986 2408 2043 genere
2448 1970 2748 2041 reperimus
2789 1980 3059 2031 tonsuras,
3089 1967 3293 2021 nullam
3315 1964 3487 2034 magis

1908 2064 2238 2136 sequendam
2278 2062 2437 2117 nobis
2476 2060 3015 2130 amplectendamque
3056 2058 3179 2128 jure
3218 2056 3445 2113 dixerim
3469 2095 3485 2116 ,

1910 2173 2072 2228 quam
2118 2157 2170 2210 in
2212 2156 2391 2224 capite
2430 2169 2531 2208 suo
2572 2153 2824 2225 gestabat
2859 2149 2947 2204 ille
2989 2150 3077 2205 cui
3113 2164 3173 2203 se
3207 2145 3485 2202 confitenti

1912 2246 2173 2321 Dominus
2236 2246 2359 2299 ait:
2408 2242 2489 2297 Tu
2531 2260 2585 2298 es
2640 2241 2866 2307 Petrus;
2927 2240 3130 2295 nullam
3173 2237 3344 2309 magis
3385 2236 3485 2292 ab-

1910 2339 2252 2393 ominandam
2277 2337 2758 2405 detestandamque
2791 2335 2984 2389 merito
3008 2333 3218 2388 cunctis
3242 2330 3487 2387 fidelibus

1912 2431 2235 2486 crediderim
2275 2445 2338 2483 ea
2375 2443 2538 2498 quam
2583 2427 2815 2482 habebat
2853 2424 2943 2480 ille
2981 2424 3070 2479 cui
3109 2422 3338 2494 gratiam
3367 2419 3489 2491 Spiv

1914 2525 2051 2595 ritus
2098 2523 2272 2579 sancti
2323 2535 2641 2592 comparare
2685 2518 2885 2574 volenti
2934 2516 3074 2571 idem
3120 2514 3317 2569 Petrus
3364 2512 3483 2566 ait:

1916 2614 2151 2669 Pecunia
2192 2624 2284 2668 tua
2325 2623 2494 2667 tecum
2535 2612 2602 2665 sit
2644 2611 2701 2664 in
2740 2609 3049 2680 perditione,
3097 2605 3346 2677 quoniam
3390 2604 3487 2657 do-

1915 2724 2040 2762 num
2082 2706 2179 2761 Dei
2221 2704 2535 2760 existimasti
2578 2716 2677 2772 per
2716 2700 2999 2772 pecuniam
3041 2695 3336 2768 possideri,
3383 2710 3489 2748 non

1913 2810 1989 2855 est
2028 2800 2120 2853 tibi
2159 2815 2284 2869 pars
2319 2813 2482 2867 neque
2502 2811 2617 2850 sors
2642 2795 2696 2848 in
2717 2808 2954 2847 sermone
2977 2790 3096 2845 Itoc.
3145 2788 3333 2858 Neque
3357 2801 3487 2841 vero

1913 2892 1983 2946 ob
2022 2891 2074 2945 id
2117 2898 2298 2944 tamen
2340 2889 2396 2943 in
2435 2901 2692 2943 coronam
2725 2884 3091 2948 attondemur,
3134 2880 3263 2952 quia
3295 2879 3488 2934 Petrus

1914 2983 1989 3037 ita
2026 2988 2273 3036 attonsus
2321 2986 2443 3040 est,
2497 2976 2593 3033 sed
2642 2975 2770 3046 quia
2816 2974 3011 3029 Petrus
3060 2972 3116 3027 in
3169 2969 3489 3027 memoriam

1915 3075 2208 3131 Dominica'.
2244 3072 2516 3145 passionis
2550 3072 2623 3126 ita
2659 3078 2906 3125 attonsus
2931 3075 3035 3122 cst.
3076 3064 3282 3120 Idcirco
3311 3071 3368 3117 et
3391 3076 3491 3116 nos

1915 3170 2009 3239 qui
2049 3182 2148 3238 per
2186 3167 2437 3224 eamdem
2481 3165 2791 3237 passionem
2835 3161 3034 3217 salvari
3076 3158 3448 3215 desideramus
3470 3195 3487 3220 ,

243 3256 346 3311 tari
371 3258 613 3314 astitero.
648 3258 786 3314 Dicit
809 3258 950 3314 idem
982 3258 1035 3314 in
1061 3268 1289 3315 tractatu
1313 3260 1629 3315 duodecimo
1654 3277 1815 3333 super
1841 3250 1884 3310 C
1918 3260 2085 3329 ipsius
2108 3257 2376 3327 passionis
2398 3256 2613 3327 signum
2654 3269 2778 3309 cum
2815 3252 2909 3307 illo
2948 3252 3002 3305 in
3027 3250 3252 3314 vertice,
3281 3264 3489 3303 summa

238 3347 533 3414 Epistulam
567 3348 635 3403 ad
670 3346 920 3403 Hebrreos
940 3367 952 3401 :
970 3347 1090 3404 Stat
1107 3350 1360 3405 sacerdos
1376 3349 1491 3412 Dei,
1515 3352 1812 3408 orationem

236 3439 841 3500 offerenscunctorum;
871 3449 925 3494 tu
946 3450 1126 3496 autem
1154 3441 1316 3505 rides,
1339 3441 1473 3496 nihil
1497 3442 1727 3497 timens?
1750 3442 1817 3496 Et

234 3534 323 3589 ille
346 3534 563 3604 quidem
584 3547 818 3590 tremens
837 3548 935 3605 pro
959 3545 1011 3589 te
1031 3536 1330 3589 orationem
1352 3533 1526 3596 offert,
1556 3544 1610 3589 tu
1635 3546 1813 3589 autem

230 3629 579 3683 contemnis?
612 3627 728 3681 Non
766 3630 965 3684 avertis
1007 3627 1344 3698 Scripturam
1393 3629 1683 3692 dicentem,
1727 3629 1816 3684 Va:

232 3720 749 3789 contemptoribus?
804 3719 920 3776 Non
961 3723 1336 3779 eontremiscis
1370 3724 1393 3777 ?
1446 3722 1561 3779 Non
1608 3723 1816 3796 colligis

232 3808 610 3880 temetipsum?
637 3809 702 3864 Et
730 3810 783 3864 in
813 3810 990 3865 aulam
1015 3810 1231 3882 quidem
1260 3814 1460 3885 regiam
1491 3815 1812 3882 intraturus,

230 3909 289 3956 et
317 3898 522 3964 habitu,
545 3908 600 3954 et
624 3900 816 3965 oculis,
849 3908 904 3956 et
934 3900 1146 3957 incessu
1169 3945 1185 3965 ,
1215 3915 1267 3958 et
1290 3906 1499 3960 cunctis
1526 3906 1648 3961 aliis
1670 3922 1817 3961 com-

231 3987 389 4060 ponis
414 3996 468 4044 et
492 4004 656 4044 ornas
693 3990 1070 4061 temetipsum;
1095 3993 1202 4048 huc
1239 4005 1417 4050 autem
1454 3996 1810 4065 ingressurus,

232 4081 328 4137 ubi
359 4096 485 4136 vere
522 4089 605 4138 est
638 4081 757 4138 aula
787 4083 955 4154 regia,
996 4093 1054 4138 et
1085 4085 1208 4140 talis
1242 4086 1418 4154 qualis
1441 4089 1679 4144 caelestis
1707 4098 1809 4153 est,

232 4173 420 4229 rides?
452 4172 628 4243 Atque
663 4174 777 4229 scio
813 4175 1029 4245 quidem
1064 4178 1188 4246 quia
1236 4188 1289 4232 tu
1335 4196 1439 4235 non
1482 4181 1647 4245 vides,
1686 4182 1811 4237 audi

233 4275 412 4319 tamen
441 4264 565 4335 quia
592 4265 765 4337 angeli
789 4276 1083 4337 praesentes
1108 4283 1238 4324 sunt
1267 4270 1466 4341 ubique
1495 4281 1550 4329 et
1578 4275 1811 4329 maxime

234 4371 289 4409 tn
326 4353 485 4410 douto
516 4355 609 4412 Dei
638 4365 817 4412 astant
846 4357 981 4427 regi,
1010 4365 1067 4412 et
1096 4359 1278 4413 omnia
1306 4360 1464 4430 plena
1487 4372 1612 4417 sunt
1641 4364 1811 4418 incor-

234 4445 413 4515 poreis
434 4446 539 4502 illis
560 4447 870 4504 virtutibus.
929 4447 1034 4502 Iste
1059 4449 1189 4502 mihi
1217 4466 1396 4506 sermo
1415 4454 1578 4507 etiam
1599 4456 1667 4508 ad
1693 4471 1810 4508 mu-

231 4536 393 4594 lieres
421 4537 630 4593 dicitur.
673 4538 740 4593 Et
768 4550 894 4594 ante
929 4540 1073 4595 viros
1108 4541 1321 4609 quidem
1365 4559 1472 4598 non
1518 4546 1677 4600 cities
1705 4548 1806 4602 hoc

236 4625 433 4681 audent
457 4626 655 4693 facere,
683 4645 747 4683 ac
773 4629 818 4683 si
845 4629 1072 4694 faciunt,
1102 4645 1207 4683 non
1236 4639 1413 4686 tamen
1443 4649 1673 4701 seraper,
1709 4638 1804 4692 sed

237 4724 287 4772 in
320 4729 558 4787 tempore
593 4719 944 4775 remissionis.
986 4718 1085 4774 llic
1105 4728 1362 4775 autemet
1388 4721 1530 4776 velas
1560 4732 1613 4778 et
1635 4726 1805 4779 obnu-

239 4809 317 4864 bis
342 4819 502 4878 caput
529 4820 699 4865 tuum.
723 4812 819 4868 Die
843 4811 993 4874 mihi,
1015 4812 1176 4875 rides,
1206 4828 1240 4867 o
1266 4812 1473 4875 mulier,
1502 4813 1555 4867 in
1577 4814 1805 4869 ecclesia

233 4901 471 4957 sedens?
504 4901 745 4973 lngressa
778 4918 839 4958 es
866 4903 1112 4958 conliteri
1140 4913 1360 4974 peccata
1386 4915 1497 4967 tua,
1527 4906 1807 4975 procidere

237 4997 368 5059 Deo,
399 4995 671 5065 postulare
704 5004 758 5049 et
785 4994 1063 5065 deprecari
1091 5011 1188 5066 pro
1208 4996 1419 5052 delictis
1448 4999 1574 5062 tuis,
1604 5007 1661 5053 et
1681 5015 1803 5054 cum

252 5090 349 5144 Pisu
369 5088 472 5145 hoc
496 5087 661 5145 lacis?
674 5088 951 5156 Quomodo
976 5105 1106 5157 ergo
1119 5105 1243 5144 eum
1259 5090 1551 5160 propitiare
1573 5091 1806 5161 poteris?

242 5187 307 5241 rit
326 5186 455 5256 quid
474 5184 672 5240 malum
695 5194 777 5239 est
797 5184 960 5249 risus,
978 5183 1188 5252 inquit?
1206 5182 1322 5239 Non
1341 5194 1424 5238 est
1444 5186 1618 5239 malus
1643 5186 1802 5240 risus.

240 5276 388 5331 Itane
423 5290 528 5330 non
567 5285 651 5330 est
680 5273 914 5338 malum;
946 5272 1041 5328 sed
1076 5271 1229 5327 valde
1256 5272 1472 5333 malum,
1504 5275 1809 5343 importune

250 5382 479 5439 erupere
514 5366 909 5423 immoderate?
952 5365 1109 5420 Risus
1139 5364 1282 5419 enim
1317 5365 1456 5418 inest
1500 5365 1654 5418 nobis
1683 5404 1698 5428 ,
1750 5373 1808 5419 ut

236 5459 451 5530 quando
469 5458 671 5513 amicos
694 5455 988 5512 viderimus
1010 5462 1130 5525 post
1152 5454 1376 5508 multum
1400 5454 1673 5522 temporis,
1709 5453 1807 5509 hoc

236 5550 466 5606 facimus
491 5548 703 5619 quando
722 5546 930 5617 aliquos
964 5544 1333 5613 delinquentes
1373 5553 1428 5600 et
1464 5544 1710 5598 tinnientes
1753 5552 1812 5598 ut

239 5648 517 5701 foveatuus
528 5657 622 5696 cos
637 5642 767 5706 risu,
786 5655 891 5694 non
904 5645 961 5692 ut
974 5652 1226 5707 cogamus
1239 5652 1338 5691 nos
1351 5638 1514 5707 ipsos,
1530 5647 1584 5691 et
1595 5652 1808 5706 semper

244 5737 534 5792 rideamus.
569 5732 730 5789 Risus
760 5732 899 5787 inest
932 5729 1120 5784 animae
1164 5738 1361 5783 nostrze
1414 5738 1471 5783 ut
1528 5727 1802 5782 remissio-

246 5843 368 5883 nem
404 5825 594 5884 habeat
622 5824 907 5896 aliquando
946 5823 1141 5889 anima,
1181 5837 1285 5875 non
1325 5827 1384 5873 ut
1423 5817 1765 5925 diffundatur.

1914 3349 2164 3404 videlicet
2186 3349 2433 3417 corporis
2454 3346 2628 3401 nostri
2650 3354 2825 3415 parte,
2849 3352 3143 3415 gestamus.
3174 3340 3326 3395 Sicut
3345 3340 3488 3394 enim

1913 3442 2094 3495 omnis
2142 3440 2388 3495 Ecclesia
2437 3438 2564 3508 quia
2609 3452 2708 3507 per
2745 3443 2974 3490 mortem
3020 3433 3103 3489 sui
3140 3432 3492 3487 vivilicatoris

1916 3531 2154 3586 Ecclesia
2201 3531 2345 3585 facta
2386 3538 2508 3594 est,
2553 3529 2766 3597 signum
2807 3534 3008 3582 sancta:
3052 3524 3234 3579 crucis
3275 3522 3393 3593 ejus
3435 3523 3487 3577 in

1915 3624 2096 3680 fronte
2137 3632 2359 3695 portare
2398 3624 2721 3685 consuevit,
2770 3630 2829 3674 ut
2868 3619 3060 3673 crebro
3102 3616 3286 3672 vcvilli
3332 3616 3489 3687 hujus

1914 3714 2214 3771 munimine
2255 3729 2287 3768 a
2331 3714 2688 3785 malignorum
2731 3710 3016 3782 spirituum
3057 3708 3377 3765 defendatur
3410 3710 3491 3763 in-

1913 3805 2196 3869 cursibus,
2248 3806 2443 3862 crebra
2488 3801 2648 3873 hujus
2692 3801 3059 3858 admonitione
3104 3803 3381 3867 doceatur,
3431 3799 3528 3856 se'

1913 3912 2130 3968 quoque
2169 3911 2392 3952 carnem
2424 3910 2579 3951 suam
2616 3910 2738 3949 cum
2760 3894 2908 3949 vitiis
2947 3902 3003 3949 et
3040 3893 3490 3963 concupiscentiis
3521 3945 3525 3948 .

1912 3990 2229 4061 cruciﬁgere
2270 3990 2506 4045 debere:
2552 3988 2628 4041 ita
2668 3988 2836 4042 etiam
2879 3995 3092 4056 oportet
3134 4002 3228 4041 eos
3272 3986 3364 4055 qui
3405 3987 3488 4041 vel

1911 4083 2164 4138 tuonachi
2204 4092 2432 4149 votum,
2481 4082 2566 4137 vel
2611 4080 2838 4153 gradum
2885 4081 3175 4135 clericatus
3229 4080 3488 4135 habentes

1911 4174 2193 4230 altioribus
2229 4190 2287 4230 se
2320 4188 2542 4229 necesse
2578 4174 2778 4227 habent
2814 4186 2912 4241 pro
2952 4170 3176 4224 Domino
3206 4170 3486 4224 continen-

1910 4270 2000 4325 tia:
2034 4269 2202 4324 frenis
2224 4268 2549 4337 astringere,
2575 4265 2804 4319 formam
2826 4277 3041 4333 quoque
3063 4278 3295 4325 coruum,
3322 4279 3484 4332 quam

1911 4363 2027 4431 ipse
2066 4363 2122 4415 in
2165 4359 2416 4429 passione
2457 4358 2699 4427 spineam
2748 4355 3023 4426 portavit,
3069 4355 3123 4409 in
3166 4355 3378 4425 capite,
3428 4364 3487 4409 ut

1909 4451 2098 4519 spinas
2135 4458 2189 4503 et
2233 4448 2457 4503 tribulos
2490 4454 2837 4517 peccatorum
2874 4454 3187 4501 nostrorum
3218 4455 3481 4517 portaret,

1911 4541 1962 4596 id
1983 4550 2083 4605 est,
2124 4548 2437 4610 exportaret
2475 4547 2531 4594 et
2569 4538 2809 4593 auferret
2833 4556 2863 4593 a
2890 4539 3065 4604 nobis,
3092 4553 3192 4594 suo
3214 4555 3483 4610 quemque

1910 4632 1961 4686 in
2000 4632 2179 4702 capite
2216 4646 2315 4701 per
2350 4639 2628 4686 tonsuram
2666 4631 2933 4701 proferre,
2959 4641 3021 4685 ut
3058 4648 3118 4687 se
3153 4632 3316 4687 etiam
3361 4631 3483 4686 irri-

1906 4724 2087 4779 sioues
2127 4732 2183 4779 et
2223 4723 2515 4793 opprobria
2563 4738 2667 4792 pro
2711 4723 2806 4777 illo
2850 4723 3085 4779 libenter
3127 4739 3193 4779 ac
3232 4732 3482 4794 prompte

1907 4815 2088 4869 omnia
2125 4812 2353 4868 sull‘erre
2390 4827 2459 4868 ex
2502 4811 2621 4884 Ipso
2656 4813 2819 4868 etiam
2857 4812 3193 4883 frontispicio
3230 4814 3477 4881 doceant,

1908 4913 1967 4959 ut
1992 4920 2251 4960 coronam
2277 4905 2399 4959 vitae
2434 4912 2670 4969 aatcmse,
2711 4920 2873 4973 quam
2909 4905 3158 4975 promisit
3182 4904 3324 4961 Deus
3355 4904 3479 4960 dili-

1908 4996 2161 5066 gentibus
2199 5010 2277 5059 se,
2325 5009 2540 5066 semper
2561 5005 2903 5066 exspectare,
2929 5010 3133 5066 proque
3172 4996 3331 5067 hujus
3355 5011 3478 5068 per-

1907 5088 2153 5157 ceptione
2194 5096 2250 5141 ct
2293 5087 2518 5141 adversa
2558 5086 2741 5141 mundi
2782 5102 2840 5142 se
2878 5096 2933 5142 et
2966 5102 3221 5158 prospera
3246 5096 3480 5143 contem-

1909 5193 2040 5232 nere
2064 5178 2362 5247 designent.
2406 5176 2547 5232 Dicit
2571 5177 2711 5232 idem
2735 5177 2880 5231 Beda
2918 5177 2985 5231 de
3012 5186 3232 5232 tonsura
3275 5178 3326 5231 in
3357 5175 3474 5231 Vita

1908 5266 2235 5321 venerabilis
2271 5276 2328 5321 et
2360 5267 2686 5323 sanctissimi
2711 5267 2991 5323 Cuthberti
3017 5268 3250 5337 episcopi
3278 5286 3290 5320 :
3323 5267 3477 5321 Post-

1910 5375 2073 5429 quam
2122 5361 2402 5415 servitutis
2442 5359 2649 5417 Christi
2699 5358 2888 5430 jugum
2946 5369 3285 5427 tonsurzeque
3330 5358 3475 5413 Petri

1912 5449 2143 5505 formam
2192 5452 2246 5505 in
2293 5451 2514 5506 modum
2559 5466 2774 5506 coronae
2818 5450 3018 5521 spinea:
3064 5457 3226 5519 caput
3273 5448 3474 5506 Christi

1908 5542 2192 5614 ringentis,
2230 5542 2456 5599 Domino
2496 5542 2801 5611 adjuvante,
2837 5550 3166 5610 susceperat,
3200 5548 3305 5595 etc.
3351 5540 3471 5597 Suf.

1910 5633 2092 5688 ﬁciant
2144 5635 2259 5689 lucc
2309 5636 2378 5689 ad
2429 5635 2904 5690 demonstrandum
2958 5633 3086 5702 quid
3146 5644 3474 5692 memoratus

1904 5723 1998 5779 Dei
2039 5725 2268 5780 famulus
2313 5725 2451 5780 Deda
2493 5727 2556 5782 de
2596 5737 2812 5781 auctore
2851 5734 3302 5783 mrorne-uostne
3345 5743 3473 5784 sen-

1906 5818 2054 5878 tiret.
