4000 6178
449 370 586 426 1955

1035 473 1259 530 CAPUT
1303 471 1407 526 XL.

1503 352 1835 410 AllAlARll
1875 349 2311 406 rnesnvrnm
2349 323 2691 405 amissas

2049 476 2100 534 Α
2127 469 2332 523 tivitate
2362 467 2616 532 Domini,
2641 467 2834 535 inqua
2862 472 3020 520 nocte
3049 461 3356 520 celebratur
3388 462 3558 517 missa
3590 479 3722 533 pro-

3582 343 3723 398 1256

446 575 644 633 ﬂentis
684 573 869 627 iterum
912 585 1024 639 qua
1056 566 1196 639 liora
1240 563 1346 618 diei
1395 565 1557 639 missa
1605 563 1671 616 sit
1711 558 2023 615 celebranda
2125 565 2246 627 pter
2274 557 2619 611 nativitatem
2644 554 2841 626 panis,
2871 554 2963 624 qui
2993 568 3137 608 nunc
3163 551 3411 622 quotidie
3438 551 3726 607 manditur

935 656 967 692 a
1007 635 1164 690 libere
1205 633 1533 692 vacantibus.

2127 666 2199 706 ex
2223 649 2418 713 altari,
2449 648 2564 704 sive
2589 655 2810 716 propter
2835 653 3156 700 concentum
3186 641 3544 713 angelorum,
3575 647 3726 710 quod

518 761 819 817 Rctnlimus
870 757 922 810 in
972 753 1199 823 hujusce
1243 749 1426 819 operis
1472 749 1654 804 verbis
1698 746 2035 818 prohibitum
2123 740 2236 810 jam
2282 741 2583 796 retulimus.
2637 739 2693 794 ln
2742 738 2932 793 eodem
2984 750 3146 791 mane
3189 736 3505 792 celebratur
3550 737 3721 791 missa

449 871 566 912 esse
589 855 656 908 ab
679 849 988 922 apostolicis
1010 847 1141 900 viris
1164 845 1427 900 celebrari
1453 851 1576 898 ante
1603 842 1793 897 horam
1817 839 2030 896 tertiam

448 959 501 1002 ut
531 947 774 1008 missam,
806 953 984 996 tamen
1019 939 1184 994 indidi
1215 938 1360 1008 quod
1383 936 1514 1001 vidi,
1544 936 1645 991 hoc
1670 944 1770 995 est,
1799 932 2035 987 Leonem

450 1054 622 1111 nuper
660 1038 882 1092 missam
921 1033 1203 1088 celebrare
1242 1028 1498 1084 diluculo.
1549 1025 1804 1081 Additum
1849 1031 1934 1078 est
1978 1022 2033 1076 in

450 1133 631 1188 Custis
664 1126 1072 1200 pontiﬁcalibus
1097 1139 1201 1193 qua
1234 1121 1300 1176 de
1331 1137 1389 1174 re
1420 1119 1582 1174 missa
1616 1115 1935 1174 celebranda
1965 1112 2037 1167 sit

457 1224 595 1279 circa
624 1222 816 1277 horam
850 1217 1092 1278 tertiam,
1122 1212 1364 1274 scilicet,
1395 1209 1522 1278 quia
1550 1207 1740 1262 eadem
1770 1207 1904 1261 hora
1934 1205 2040 1259 Do-

456 1318 631 1371 minus
677 1308 968 1368 cruciﬁxus
1015 1313 1101 1360 est
1148 1303 1344 1373 linguis
1389 1300 1723 1355 Judteorum.
1776 1297 2038 1352 Addimus

453 1408 616 1462 etiam
670 1412 889 1474 propter
942 1406 1183 1453 nostram
1239 1392 1688 1449 consuetudinem
1747 1387 1993 1444 inclitam
2023 1427 2041 1449 ,

461 1503 606 1552 sexta
649 1494 784 1548 hora
828 1486 1226 1543 rationabiliter
1267 1497 1428 1554 posse
1467 1481 1690 1536 missam
1738 1476 2039 1540 celebrari,

456 1589 581 1659 quia
618 1593 773 1640 sexta
809 1583 942 1636 hora
980 1579 1089 1633 diei
1127 1576 1389 1630 Dominus
1427 1573 1719 1628 crttciﬁxus
1748 1583 1832 1627 est
1860 1569 2040 1625 matti-

458 1681 557 1735 bus
577 1684 1017 1748 persecutorum;
1051 1667 1301 1724 similiter
1326 1675 1380 1719 et
1406 1667 1542 1720 hora
1567 1680 1728 1727 nona,
1760 1663 1883 1732 quia
1914 1670 2042 1718 tunc

460 1769 638 1824 nnisit
665 1767 934 1838 spiritum.
986 1758 1331 1815 Manifestum
1375 1766 1460 1812 est
1506 1757 1726 1810 missam
1776 1753 2040 1808 celebrari

2130 840 2350 904 propter
2369 839 2620 886 exortum
2643 829 2969 893 novaz'lucis,
2989 843 3082 884 seu
3103 835 3327 898 propter
3352 826 3725 882 visitationem

2131 935 2408 999 pastorum
2437 925 2505 980 ad
2533 939 2773 995 priesepe
2799 921 3037 987 Domini,
3059 922 3114 977 in
3139 936 3246 990 quo
3273 921 3606 975 invenerunt
3625 935 3725 989 pa-

2133 1019 2338 1084 bulum,
2366 1019 2509 1074 unde
2535 1018 2778 1088 quotidie
2805 1024 3119 1072 sanctorum
3150 1013 3348 1068 animae
3375 1011 3725 1066 reﬁciuntur.

2137 1113 2399 1168 Similiter
2439 1113 2706 1167 habemus
2747 1108 2925 1164 oflicia
2973 1107 3269 1162 constituta
3321 1104 3378 1159 in
3425 1103 3727 1160 festivitate

2136 1204 2360 1260 Joannis
2388 1201 2766 1272 evangelistzc,
2811 1208 2867 1255 et
2892 1197 3121 1253 Joannis
3150 1197 3408 1266 Baptista:
3436 1196 3614 1264 primo
3643 1194 3730 1249 di-

2138 1296 2336 1357 luculo,
2378 1294 2467 1363 qui
2510 1294 2726 1364 utrique
2752 1308 2818 1348 ex
2846 1300 3005 1346 utero
3036 1289 3248 1352 matris,
3280 1289 3334 1343 id
3368 1298 3486 1352 est,
3527 1287 3600 1342 ab
3629 1303 3729 1342 ae-

2139 1397 2296 1456 cepto
2319 1386 2518 1439 lumine
2548 1383 2708 1452 hujus
2738 1382 2942 1448 mundi,
2975 1382 3030 1436 in
3059 1380 3366 1451 semetipsis
3394 1378 3733 1434 sacriﬁcium

2140 1479 2413 1548 singulare
2441 1477 2712 1548 quoddam
2751 1475 2862 1530 Deo
2897 1473 3251 1530 obtulerunt:
3293 1471 3522 1527 Joannes
3551 1487 3736 1526 evan-

2141 1570 2333 1641 gelista
2361 1568 2556 1623 obtulit
2585 1567 2652 1622 ab
2678 1567 2833 1622 initio
2860 1565 3022 1635 hujus
3045 1563 3180 1619 lucis
3204 1563 3530 1634 virginitatis
3557 1561 3738 1617 sacri-

2143 1660 2356 1724 ﬁcium;
2405 1656 2644 1714 Joannes
2686 1655 2933 1727 Baptista
2977 1653 3308 1710 sacriﬁcium
3350 1653 3737 1716 abstinentia,

2144 1757 2236 1826 qui
2270 1772 2370 1812 nec
2398 1753 2586 1808 vinum
2617 1751 2757 1808 bibit
2783 1766 2886 1806 nec
2911 1749 3166 1813 siceram,
3202 1757 3258 1804 et
3290 1747 3587 1804 Nazaraus
3611 1764 3741 1818 per-

461 1860 729 1932 prmcipue
777 1856 832 1910 in
880 1851 1261 1910 recordatione
1306 1847 1576 1916 passionis
1619 1845 1826 1900 Domini
1872 1844 2041 1898 nostri
2073 1843 2118 1903 Β
2146 1849 2348 1904 mansit
2392 1846 2541 1903 omni
2594 1855 2863 1915 tempore.
2916 1843 2976 1898 ιη
3024 1850 3183 1901 nocte
3236 1851 3423 1897 sancta
3478 1856 3739 1897 resume.

461 1954 583 2008 lesu
612 1949 815 2008 Christi
840 1962 857 2001 :
899 1947 953 2002 in
980 1944 1133 2014 cujus
1157 1940 1920 2009 commemorationeugatur,
1967 1953 2037 1995 ex

463 2045 593 2113 ipsis
614 2041 794 2096 verbis
814 2055 935 2110 qua:
957 2037 1012 2090 in
1035 2050 1240 2092 canone
1265 2033 1522 2102 leguntur
1544 2031 1828 2086 manifeste
1849 2030 2035 2100 liquet.

469 2136 616 2197 lla'c,
645 2131 838 2201 inquit,
870 2127 1276 2199 quotiescunque
1317 2122 1565 2192 feceritis,
1609 2122 1664 2175 in
1704 2121 1806 2174 mei
1843 2136 2039 2174 memo-

466 2229 597 2279 riam
626 2221 852 2292 facietis.
893 2216 1041 2272 Unde
1077 2226 1125 2270 et
1160 2231 1416 2269 memores
1443 2228 1649 2277 sumus,
1676 2211 1917 2288 Domine,
1947 2226 2042 2264 nos

462 2316 537 2369 (ui
563 2314 719 2377 servi,
747 2310 836 2365 sed
863 2318 910 2364 et
939 2307 1079 2379 plebs
1108 2315 1200 2361 tua
1225 2314 1410 2360 sancta
1436 2303 1632 2358 Christi
1663 2301 1795 2355 Filii
1831 2301 1908 2356 tui
1937 2300 2041 2355 Do-

467 2404 592 2458 mini
621 2403 719 2458 Dei
745 2401 933 2465 nostri,
972 2408 1080 2453 tam
1115 2397 1280 2452 beata:
1307 2395 1590 2467 passionis,
1635 2410 1857 2448 necnon
1895 2401 1944 2448 et
1979 2389 2043 2444 ab

466 2496 649 2569 inferis
677 2491 1097 2556 resurrectionis,
1125 2489 1216 2545 sed
1247 2498 1295 2542 et
1323 2489 1382 2542 in
1409 2486 1564 2541 εωέοε
1595 2485 1836 2556 gloriosa:
1863 2500 2047 2538 ascen-

465 2586 647 2642 sistris.
709 2583 842 2653 Qua:
889 2589 1125 2654 aguntur
1171 2580 1226 2636 in
1281 2579 1647 2634 celebratione
1697 2578 1878 2632 missae
1927 2576 2050 2647 post

468 2679 737 2733 initiatum
764 2689 1061 2737 eanonem,
1109 2671 1321 2727 Domini
1358 2669 1664 2741 passionem
1710 2677 1765 2724 et
1807 2682 2048 2722 resurre-

469 2770 725 2833 ctionem,
761 2781 828 2821 ac
855 2765 912 2820 in
937 2764 1106 2820 cmlos
1131 2761 1506 2818 ascensionem
1535 2759 1806 2824 recolunt,
1835 2759 1907 2814 de
1931 2758 2051 2828 qui-

471 2864 570 2916 bus
595 2859 845 2915 omnibus
865 2871 984 2927 qua:
1006 2855 1136 2910 mihi
1162 2861 1520 2909 occurrerunt
1546 2851 1718 2921 tetigi,
1743 2849 1960 2919 quando
1984 2849 2051 2905 de

471 2953 651 3008 ofﬁcio
670 2951 850 3006 missae
871 2947 1085 3018 scripsi.
1111 2946 1302 3001 Postea
1323 2945 1638 3000 recordatus
1659 2959 1777 2997 sum
1801 2949 2056 2997 sanctum

477 3042 798 3115 Gregorium
851 3039 1156 3096 insinuasse
1209 3037 1366 3092 nobis
1413 3035 1664 3091 Cassium
1715 3033 2051 3090 Namensem

474 3135 784 3206 episcOpum
827 3129 1088 3186 accedere
1131 3127 1266 3183 hora
1311 3127 1471 3184 tertia
1515 3127 1582 3183 ad
1630 3126 1921 3183 missarum
1959 3141 2052 3181 so-

478 3225 673 3280 lemnia
692 3265 706 3287 ,
740 3221 884 3293 quod
909 3219 1154 3291 diligenti
1185 3235 1313 3274 cura
1345 3218 1526 3274 studui
1558 3217 1646 3272 hic
1674 3217 1912 3272 inserere
1933 3257 1948 3282 ,
1996 3226 2054 3271 ut
2081 3205 2126 3267 C

480 3317 743 3388 meipsum
769 3315 1118 3370 admonerem
1140 3311 1387 3382 quamvis
1409 3311 1663 3366 vidissem
1685 3310 2059 3381 Apostolicum

485 3408 718 3462 Leonem
739 3451 741 3453 .
765 3405 1001 3460 diluculo
1047 3403 1268 3458 missam
1307 3402 1613 3457 celebrasse
1637 3441 1652 3465 ,
1703 3416 1796 3456 seu
1829 3408 2062 3456 cancros

481 3500 828 3571 presbyteros
869 3498 922 3552 in
954 3496 1200 3550 Romana
1231 3495 1472 3550 Ecclesia
1493 3535 1508 3558 ,
1556 3510 1663 3548 non
1697 3501 1876 3548 tamen
1906 3492 2056 3547 exci-

480 3593 626 3647 disse
669 3608 697 3645 a
739 3589 797 3644 S.
827 3588 1110 3658 Gregorio,
1161 3587 1306 3658 quod
1352 3588 1484 3642 hora
1534 3586 1691 3640 tertia
1737 3584 2058 3642 celebranda

482 3694 627 3741 esset
664 3684 864 3747 missa,
903 3681 1206 3752 praesertim
1245 3697 1367 3735 cum
1407 3680 1550 3734 idem
1589 3693 1728 3750 papa
1765 3677 1970 3733 referat
2005 3677 2060 3732 in

487 3777 709 3833 homilia
758 3790 858 3830 sua
910 3773 1095 3829 habita
1149 3772 1200 3826 in
1248 3772 1473 3826 basilica
1517 3770 1576 3826 S.
1621 3770 1925 3828 Sebastiani
1974 3769 2062 3824 die

487 3864 798 3921 festivitatis
831 3863 1032 3932 ipsius,
1073 3871 1373 3916 memorato
1399 3861 1589 3916 Cassio
1623 3861 1876 3930 episcopo
1904 3876 2063 3914 man-

492 3954 676 4008 datum
710 3965 832 4006 esse
866 3958 925 4002 ut
959 3949 1185 4004 instaret
1221 3950 1370 4018 operi
1402 3950 1544 4019 quod
1574 3950 1920 4020 operabatur,
1967 3965 2064 4018 per

491 4044 861 4116 presbyterum
888 4040 1192 4111 quemdam,
1224 4041 1452 4095 Domino
1482 4050 1668 4096 nostro
1694 4040 1822 4096 Jesu
1849 4039 2064 4096 Christo

490 4136 732 4201 dicente,
759 4134 874 4206 Age
899 4132 1042 4203 quod
1072 4132 1208 4203 agis,
1238 4144 1466 4200 operare
1491 4130 1637 4200 quod
1663 4130 1924 4199 Operaris,
1956 4145 2062 4188 non

492 4235 672 4283 cesset
691 4242 885 4282 manus
905 4235 1016 4289 tua,
1040 4239 1147 4279 non
1171 4231 1351 4279 cesset
1369 4237 1466 4293 pes
1489 4231 1628 4287 tuus,
1651 4221 1817 4276 natali
1837 4221 2066 4290 Aposto-

492 4318 667 4374 lorum
689 4318 876 4374 venies
899 4315 967 4370 ad
993 4331 1102 4380 me,
1122 4324 1178 4370 et
1201 4313 1423 4370 reddam
1447 4314 1542 4368 tibi
1565 4312 1869 4369 mercedem
1896 4321 2062 4366 tuam.

489 4412 528 4483 -ι-
558 4411 697 4478 Quid
741 4410 886 4466 idem
932 4409 1219 4479 episcopus
1261 4416 1448 4478 ageret
1493 4408 1642 4463 idem
1685 4407 1742 4462 S.
1774 4405 2068 4476 Gregorius

491 4503 804 4560 manifestat
829 4502 882 4559 in
912 4502 1100 4558 eadem
1132 4500 1385 4567 homilia-,
1422 4501 1662 4565 scilicet,
1698 4500 1913 4554 missam
1938 4515 2070 4570 quo-

491 4595 617 4650 tidie
647 4593 946 4650 celebravit.
993 4593 1062 4650 Et
1087 4609 1194 4663 qua
1221 4594 1358 4649 bora
1394 4594 1462 4650 ad
1503 4593 1728 4649 missam
1759 4593 1864 4647 iret
1891 4592 1946 4646 in
1977 4606 2065 4646 se-
2093 4584 2146 4644 D

492 4685 787 4756 quentibus.
811 4685 1006 4757 aperit,
1038 4685 1227 4742 dicens
1252 4703 1266 4740 :
1299 4685 1508 4753 Quibus
1535 4685 1751 4750 auditis,
1782 4684 2068 4755 episcopus

497 4779 550 4832 in
588 4780 835 4835 oratione
874 4793 1058 4836 secum
1102 4794 1296 4851 magna
1341 4779 1526 4835 cordis
1567 4777 1894 4833 contritione
1936 4793 2066 4848 pro-

497 4869 720 4932 stravit;
768 4877 823 4923 et
855 4869 949 4939 qui
987 4868 1269 4924 oblaturus
1293 4868 1620 4923 sacriﬁcium
1648 4867 1717 4920 ad
1742 4867 1932 4923 horam
1959 4876 2069 4922 ter-

509 4958 631 5014 .iam
657 4967 918 5021 venerat,
957 4957 1061 5013 hoc
1094 4975 1193 5030 pro
1227 4966 1466 5014 extensa:
1499 4957 1762 5013 orationis
1800 4958 2070 5028 magnitu-

503 5051 624 5104 dine
653 5048 719 5102 ad
752 5050 940 5103 horam
970 5065 1166 5105 nonam
1206 5064 1376 5119 usque
1416 5047 1724 5119 protelavit.
1777 5049 1846 5104 Ut
1880 5049 2075 5119 opinor

501 5140 558 5196 ς.
586 5139 878 5210 Gregorius
909 5141 1154 5196 eamdem
1183 5140 1374 5198 horam
1401 5139 1572 5195 voluit
1595 5139 1873 5196 celebrare
1903 5141 1958 5195 in
1986 5157 2074 5198 ce-

513 5233 796 5288 ebratione
825 5232 1033 5297 misse,
1066 5247 1231 5301 quam
1254 5231 1510 5300 cognovit
1540 5231 1928 5301 acceptabilem
1955 5247 2077 5287 esse

504 5326 731 5382 Domino
774 5337 872 5394 per
912 5323 1342 5379 exhortationem
1387 5323 1584 5380 factam
1622 5325 1690 5380 ab
1724 5340 1790 5380 eo
1823 5326 1890 5380 ad
1924 5325 2073 5380 illuni

500 5419 835 5490 episcopum,
864 5433 1027 5488 quem
1051 5416 1190 5473 dixit
1214 5417 1284 5472 ad
1306 5417 1495 5472 horam
1521 5419 1736 5472 tertiam
1762 5417 1975 5472 venisse
2003 5415 2071 5470 ad

505 5513 788 5570 missarum
821 5509 1080 5568 solemnia
1104 5550 1120 5574 ,
1171 5507 1320 5568 salvo
1364 5518 1545 5565 tamen
1589 5509 1882 5564 constituto
1925 5508 2070 5562 circa

505 5603 692 5656 horam
723 5616 918 5656 nonam
954 5617 1054 5674 per
1077 5602 1194 5660 dies
1227 5601 1585 5658 abstinentiae.
1626 5600 1682 5655 Si
1711 5601 1854 5654 enim
1888 5602 1941 5654 in
1971 5616 2074 5655 cze-

506 5692 637 5747 teris
659 5694 808 5749 horis
835 5710 901 5750 ex
932 5696 1229 5752 constituto
1257 5695 1434 5766 agitur
1455 5694 1641 5758 missa,
1668 5694 1805 5748 ratio
1828 5693 2072 5763 quzedam

509 5787 658 5841 a:’es’t
685 5803 786 5857 qua
818 5788 1133 5845 defendatur
1170 5791 1355 5846 eadem
1391 5790 1519 5845 hora
1544 5833 1556 5855 ,
1595 5787 1756 5843 veluti
1789 5795 1872 5842 cst
1905 5786 1956 5841 in
1985 5803 2074 5840 na-

2139 1941 2335 1998 ctionis
2362 1939 2575 1996 Domini
2603 1937 2832 1993 missam
2857 1935 3197 1991 celebramus
3225 1943 3453 2005 propter
3479 1932 3739 1988 eamdem

2141 2033 2598 2090 resurrectionem
2615 2071 2630 2096 ,
2662 2043 2787 2099 quae
2811 2027 2868 2083 in
2896 2042 2966 2082 ea
2989 2025 3255 2096 completa
3281 2033 3397 2089 est,
3425 2031 3483 2079 et
3507 2033 3739 2094 propter

2139 2125 2506 2182 visitationem
2537 2130 2851 2179 sanctarum
2882 2119 3172 2175 mulierum
3196 2117 3265 2173 ad
3290 2115 3607 2188 sepulcrum
3633 2116 3732 2172 Do-

2141 2217 2274 2274 mini
2297 2262 2312 2276 .

2734 2303 2964 2360 CAPUT
3005 2301 3139 2358 XLI.

2573 2399 2647 2453 De
2681 2397 2942 2468 exsequiis
2974 2405 3324 2450 mortuorum.

2217 2498 2417 2569 Aperte
2451 2495 2702 2552 dominus
2726 2493 2869 2548 Beda
2897 2490 3140 2548 declarat
3167 2491 3222 2546 in
3252 2491 3533 2561 exsequiis
3562 2490 3746 2545 sancti

2147 2591 2430 2648 Cuthberti
2487 2586 2757 2658 quomodo
2819 2586 3009 2641 vestiri
3081 2594 3333 2656 oporteat
3392 2584 3746 2640 sacerdotem

2149 2681 2485 2737 defunctum.
2517 2680 2594 2736 lta
2624 2681 2771 2736 enim
2798 2681 2990 2738 scribit
3015 2681 3084 2735 de
3110 2679 3230 2750 ejus
3257 2680 3559 2750 exsequiis.
3595 2679 3749 2734 Post—

2150 2791 2314 2846 quam
2355 2789 2487 2846 ergo
2528 2782 2730 2830 sanctis
2771 2773 3050 2828 memoria:
3085 2771 3420 2826 Cuthbertns
3454 2773 3754 2842 episcopus

2151 2873 2371 2938 peracta
2398 2864 2780 2920 communione
2797 2903 2813 2928 ,
2840 2862 3068 2919 elevatis
3091 2862 3264 2918 oculis
3299 2872 3352 2917 et
3391 2863 3653 2918 manibus
3680 2865 3752 2916 ad

2154 2959 2345 3022 Deum,
2370 2955 2760 3013 commendans
2786 2955 2838 3010 ei
2868 2953 3108 3008 animam
3138 2967 3314 3018 suam,
3348 2952 3614 3006 eminens
3642 2952 3753 3022 spi-

2155 3050 2322 3104 ritum
2341 3089 2355 3112 ,
2388 3048 2694 3118 sedensque
2727 3047 2845 3102 sine
2873 3047 3074 3117 gemitu
3103 3045 3243 3099 obiit
3271 3045 3326 3098 in
3356 3044 3467 3097 vita
3494 3052 3749 3112 patrum,

2158 3159 2190 3196 a
2237 3141 2616 3212 navigantibus
2660 3138 2730 3194 ad
2777 3137 3008 3194 insulam
3055 3146 3298 3192 nostram
3346 3135 3583 3199 delatus,
3643 3145 3753 3190 toto

2158 3249 2385 3304 corpore
2420 3233 2630 3294 levato,
2677 3229 2855 3301 capite
2894 3229 3115 3285 sudario
3142 3227 3511 3290 circumdato,
3561 3226 3754 3281 oblata

2159 3342 2322 3398 super
2348 3334 2538 3396 pectus
2561 3334 2809 3380 sanctum
2837 3321 3013 3392 posita
3029 3362 3045 3386 ,
3073 3320 3396 3376 vestimento
3417 3315 3754 3372 sacenlotali

2160 3419 2383 3473 indutus
2408 3418 2462 3471 in
2492 3415 2706 3471 obviam
2733 3413 2934 3469 Christi
2965 3411 3354 3467 calceamentis
3387 3408 3503 3462 suis
3536 3423 3755 3478 praepa-

2163 3521 2334 3576 ratus,
2366 3513 2418 3566 in
2446 3510 2672 3565 sindone
2699 3515 2915 3564 cereata
2945 3504 3240 3570 involutus,
3270 3503 3516 3558 animum
3544 3500 3756 3554 habens

2161 3619 2285 3658 cum
2313 3602 2532 3663 Christo
2560 3599 2907 3670 gaudentem.
2938 3602 2953 3616 '
2975 3595 3094 3651 Non
3121 3603 3207 3651 est
3235 3593 3596 3649 dubitandum
3622 3590 3754 3661 quin

2163 3695 2278 3764 ipse
2313 3709 2430 3748 mos
2457 3700 2606 3747 esset
2633 3690 2774 3760 apud
2803 3689 3096 3744 Romanam
3122 3685 3422 3741 Ecclesiam
3457 3685 3514 3738 in
3544 3684 3649 3737 hac
3676 3696 3754 3741 re.

2163 3784 2253 3853 qui
2281 3783 2424 3853 apud
2445 3781 2647 3852 Anglos
2669 3780 2794 3846 fuit,
2819 3779 3124 3850 praesertim
3151 3792 3276 3833 cum
3299 3791 3369 3832 ex
3395 3775 3487 3830 illa
3520 3775 3754 3845 primum

2163 3875 2476 3945 episcopum
2504 3871 2868 3942 Augustinum
2899 3869 3165 3924 haberent
3195 3865 3356 3936 Angli
3397 3864 3673 3927 Saxones,
3700 3872 3752 3917 et

2166 3981 2232 4020 eo
2271 3974 2514 4035 tempore
2553 3963 2770 4033 quando
2812 3961 3168 4017 celeberrima
3213 3957 3316 4012 fuit
3362 3957 3610 4011 Romana
3654 3956 3747 4010 Ec-

2167 4056 2331 4110 clesia
2362 4063 2583 4125 propter
2611 4052 2995 4109 auctoritatem
3033 4050 3334 4107 doctissimi
3364 4049 3487 4119 ejus
3516 4049 3752 4118 episcopi

2167 4147 2452 4219 Gregorii,
2506 4155 2563 4202 et
2605 4153 2792 4216 postea
2829 4161 2898 4200 ex
2931 4144 3122 4199 eadem
3159 4142 3404 4198 Ecclesia
3449 4142 3752 4196 habuerunt

2169 4238 2634 4308 archiepiscopum
2666 4235 3010 4291 Theodorum
3051 4235 3105 4289 in
3135 4243 3370 4304 utraque
3397 4232 3619 4303 lingua,
3653 4233 3755 4286 sci-

2168 4329 2294 4384 licet
2313 4329 2501 4384 Grzeca
2524 4337 2581 4384 et
2599 4328 2816 4393 Latina,
2835 4327 3244 4398 peritissimtnn.
3274 4325 3385 4380 Sed
3407 4323 3597 4378 mirari
3618 4323 3758 4391 cmpi

2169 4423 2300 4493 quid
2330 4422 2493 4477 vellet
2520 4422 2772 4477 dominus
2810 4419 2954 4476 Beda
2994 4420 3210 4484 dicere,
3259 4417 3351 4472 ubi
3403 4415 3583 4476 dixit,
3638 4432 3657 4465 ‹
3711 4414 3760 4467 in

2171 4514 2384 4569 obviam
2433 4513 2636 4569 Christi
2690 4511 3077 4570 calceamentis
3136 4511 3250 4566 suis
3306 4515 3692 4580 pruparatus,
3738 4526 3756 4556 ι

2171 4615 2354 4660 utrum
2377 4604 2542 4659 vellet
2567 4604 2751 4660 dicere
2780 4601 2922 4672 quod
2952 4617 3077 4658 eum
3102 4600 3292 4656 eodem
3321 4599 3659 4654 vestimento
3685 4613 3756 4650 re

2173 4702 2520 4750 surrecturus
2547 4701 2696 4749 esset
2719 4693 3073 4758 Cuthbertus,
3100 4707 3167 4746 an
3197 4691 3441 4746 moribus
3467 4690 3650 4752 bonis,
3670 4687 3758 4759 qui

2173 4785 2526 4858 designantur
2552 4799 2650 4854 per
2675 4785 3024 4840 vestimenta.
3076 4783 3298 4838 Interim
3335 4782 3586 4838 occurrit
3629 4779 3754 4834 mibi

2174 4879 2414 4948 cogitare
2448 4879 2513 4932 de
2541 4876 2776 4940 Christo,
2817 4885 3001 4932 utrum
3039 4875 3129 4931 ille
3156 4875 3388 4930 vestitus
3423 4882 3575 4928 esset
3602 4873 3759 4927 vesti-

2178 4968 2376 5023 mentis
2405 4968 2675 5038 aliquibus
2703 4976 2991 5038 postquam
3031 4967 3329 5024 resurrexit
3357 4981 3389 5020 a
3419 4965 3679 5027 mortuis,
3707 4970 3756 5017 et

2177 5058 2223 5111 si
2252 5056 2383 5122 fuit,
2429 5066 2610 5112 utrum
2638 5073 2761 5114 cum
2803 5059 2936 5129 ipsis
2964 5057 3286 5112 ascenderet
3316 5055 3370 5110 in
3407 5054 3612 5110 emtum
3632 5095 3648 5117 ,
3692 5069 3757 5105 an

2179 5148 2296 5204 solo
2323 5149 2558 5204 naturali
2587 5164 2834 5219 corpore.
2867 5149 3012 5220 quod
3043 5148 3288 5218 spiritale
3313 5156 3455 5202 erat.
3493 5145 3650 5215 Capi
3673 5160 3759 5200 eo-

2179 5239 2353 5309 gitare
2382 5247 2560 5292 utrum
2592 5238 2701 5293 illis
2729 5239 2938 5293 duobus
2970 5238 3070 5308 qui
3094 5253 3222 5293 eum
3251 5238 3307 5292 in
3331 5237 3419 5292 via
3454 5252 3757 5307 conspexe—

2181 5336 2307 5383 runt
2333 5329 2581 5398 apparuit
2605 5330 2858 5394 vestitus,
2879 5330 3100 5399 quando
3120 5344 3244 5384 cum
3269 5326 3588 5398 cogitabant
3609 5341 3758 5397 pere-

2181 5421 2394 5490 grinum
2432 5435 2586 5480 esse.
2628 5422 2793 5476 etiam
2835 5430 2894 5478 et
2928 5421 3114 5476 Marias
3139 5421 3498 5492 Ilagdalenc,
3540 5419 3756 5491 quando

2179 5527 2302 5564 eum
2334 5511 2560 5566 credidit
2590 5511 2935 5570 hortulanum
2962 5526 3108 5576 esse,
3129 5512 3378 5567 similiter
3399 5521 3455 5566 et
3478 5509 3757 5581 discipulis

2180 5602 2398 5672 quando
2436 5618 2557 5656 cum
2602 5603 2684 5656 eis
2730 5603 2964 5660 comedit
3011 5611 3068 5657 et
3105 5602 3277 5666 bibit,
3322 5601 3407 5656 vel
3453 5601 3759 5670 ubimnque

2181 5693 2430 5762 apparuit
2455 5693 2554 5748 eis.
2610 5694 2870 5749 Similiter
2909 5694 3139 5764 cogitavi
3185 5693 3327 5762 quod
3374 5693 3558 5764 angeli
3596 5710 3757 5764 appa-

2183 5785 2415 5839 ruissent
2466 5785 2664 5840 vestiti.
2736 5784 2885 5841 Unde
2939 5784 3135 5854 legitur
3183 5785 3248 5840 de
3302 5784 3410 5840 illis
3456 5787 3760 5840 secundum
