4000 6178
283 301 421 359 {257

1033 300 1119 356 DE
1158 297 1709 357 ECCLESIASTICIS
1747 295 2033 353 OFFICIIS
2068 297 2246 352 LIBRI
2287 297 2373 352 ιν.
2413 328 2484 338 -—
2521 297 2650 351 LIB.
2692 297 2780 373 iV.

3394 292 3532 348 1258

279 412 575 478 Joannem,
615 412 753 467 Vidit
788 414 996 482 angelos
1024 415 1081 468 in
1108 414 1242 470 albis
1271 415 1522 469 sedentes.
1572 413 1640 468 Et
1677 414 1731 468 in
1767 413 1854 468 die
1881 414 1928 470 A
1956 414 2069 467 suis
2097 394 2413 482 corporibus
2444 414 2568 469 ﬁliis
2600 414 3010 468 mandaverunt.
3056 413 3124 468 Et
3152 413 3349 468 Tobias
3378 429 3532 482 sepe

279 505 665 576 assumptionls
705 503 822 572 ejus
862 506 929 559 ad
974 506 1142 562 emlos
1181 505 1418 576 legitur:
1459 503 1595 559 Ecce
1621 504 1726 558 duo
1755 503 1852 557 viri

276 599 585 657 astiterunt.
616 597 774 667 juxta
801 596 919 650 illos
956 598 1012 651 in
1048 596 1271 651 vestibus
1299 596 1449 658 albis,
1482 595 1570 665 qui
1613 604 1662 648 et
1701 594 1852 648 dixe-

280 697 402 742 runt
422 701 441 738 :
478 685 578 740 llic
605 686 760 741 Iesus
788 689 876 757 qui
903 697 1200 758 assumptus
1230 696 1304 740 est
1335 703 1367 740 a
1397 686 1534 740 vobis
1561 686 1617 738 in
1645 684 1851 746 malum,

274 781 352 832 sic
398 779 598 841 veniet,
654 779 1089 850 quemadmodum
1134 778 1337 832 vidistis
1383 793 1500 831 eum
1547 784 1753 830 euntem
1797 775 1854 828 in

281 870 478 924 mlum.
527 869 596 923 Et
627 871 716 925 hic
750 870 933 925 nescio
967 879 1146 924 utrum
1174 869 1403 923 vestitus
1441 876 1570 922 tunc
1603 877 1748 920 esset
1783 881 1852 920 an

287 951 401 1017 son.
446 962 660 1015 Scimus
689 962 832 1016 enim
862 963 1063 1018 dixisse
1095 962 1313 1034 angelos
1340 977 1463 1016 eum
1497 961 1550 1015 in
1586 976 1649 1015 ea
1681 959 1848 1015 forma

292 1061 562 1107 venturum
591 1069 711 1108 esse
740 1055 807 1108 ad
830 1054 1096 1124 judicium
1124 1095 1138 1120 ,
1187 1071 1293 1126 qua
1335 1063 1466 1110 tunc
1504 1053 1746 1109 ascendit
1787 1053 1853 1108 ad

295 1143 471 1208 :urlos;
513 1143 676 1198 simili
705 1145 866 1198 modo
896 1145 1159 1215 cogitavi,
1190 1145 1407 1214 quando
1437 1143 1854 1215 transﬁguratus

286 1242 358 1288 est
387 1234 440 1287 in
471 1245 675 1301 monte,
703 1251 808 1290 non
836 1237 1084 1291 amisisse
1113 1254 1236 1292 eum
1265 1239 1584 1293 vestimenta
1613 1254 1733 1302 sua,
1757 1238 1853 1294 sed

272 1344 337 1384 ea
365 1327 507 1384 facta
539 1345 660 1384 esse
685 1330 806 1385 alba
837 1330 978 1385 sicut
1008 1331 1119 1384 nix.
1156 1330 1286 1386 Post
1313 1333 1417 1386 hoc
1444 1331 1685 1387 occurrit
1713 1332 1854 1400 quod

271 1421 431 1492 primi
462 1422 729 1487 homines,
760 1421 930 1482 Adam
961 1430 1015 1476 et
1044 1422 1153 1476 Eva
1173 1464 1188 1487 ,
1219 1422 1344 1477 nudi
1379 1430 1534 1478 erant
1563 1431 1852 1492 antequam

272 1521 593 1583 peccarent;
631 1513 698 1570 ad
725 1528 958 1583 quorum
993 1513 1359 1569 conditionem
1399 1529 1497 1569 nos
1526 1514 1676 1568 venit
1703 1529 1856 1568 revo-

269 1625 399 1665 care
422 1609 751 1680 Redemptor
778 1619 988 1676 noster,
1014 1609 1108 1664 sed
1131 1608 1300 1665 multo
1321 1609 1621 1666 meliorem.
1649 1609 1856 1676 Quibus

270 1710 554 1771 postquam
585 1709 973 1772 peccaverunt,
1004 1700 1134 1757 fecit
1161 1701 1304 1758 Deus
1331 1703 1542 1758 tunicas
1578 1701 1849 1773 pellieeas.

1955 503 2133 558 Iiendo
2170 512 2412 558 mortuos
2453 506 2618 559 Deum
2663 504 3066 573 promeruisse.
3118 511 3255 558 teste
3300 508 3528 574 angelo,

1955 595 2384 648 commendatur.
2437 593 2555 663 Ipse
2593 608 2807 663 quoque
2836 593 3094 648 Dominus
3119 593 3208 648 die
3248 594 3408 650 tertio
3442 611 3531 649 re-

1954 695 2318 749 surrecturus,
2363 686 2626 756 religiosze
2663 684 2908 740 mulieris
2933 684 3132 739 bonum
3162 700 3298 754 opus
3333 687 3529 756 praedi-

1953 784 2071 838 cat,
2104 775 2610 846 praedicandumque
2640 773 3004 838 commendat,
3032 773 3174 842 quod
3203 785 3532 843 unguentum

1954 867 2252 935 pretiosum
2294 882 2459 936 super
2488 867 2730 920 membra
2761 863 2877 933 ejus
2904 864 3187 928 effuderit,
3230 874 3392 933 atque
3433 866 3534 920 hoc

1954 959 2021 1013 ad
2047 975 2167 1012 eum
2199 957 2564 1028 sepeliendum
2593 957 2800 1012 fecerit.
2836 957 2906 1011 Et
2932 955 3274 1011 laudabiliter
3299 971 3536 1011 comme-

1955 1059 2238 1104 morantur
2273 1050 2324 1103 in
2356 1049 2668 1119 Evangelio,
2715 1048 2807 1117 qui
2855 1062 3053 1117 corpus
3098 1047 3217 1118 ejus
3262 1047 3327 1101 de
3375 1062 3536 1102 cruce

1955 1149 2239 1208 acceptum
2271 1140 2559 1209 diligenter
2593 1148 2755 1208 atque
2794 1136 3090 1194 honoriﬁce
3127 1137 3416 1207 tegendum
3450 1152 3533 1192 se-

1956 1232 2367 1304 peliendumque
2414 1239 2699 1288 curarunt.
2762 1229 2963 1284 Verum
3017 1229 3135 1284 ista:
3186 1228 3536 1283 auctoritates

1956 1339 2060 1379 non
2090 1325 2192 1378 hoc
2217 1323 2507 1378 admonent
2536 1321 2681 1392 quod
2710 1321 2840 1376 insit
2865 1309 3008 1374 ullus
3030 1319 3385 1375 cadaveribus
3415 1333 3538 1372 sen-

1956 1432 2073 1481 sus,
2095 1415 2189 1470 sed
2217 1417 2282 1470 ad
2312 1416 2406 1470 Dei
2434 1415 2830 1484 providentiam
2859 1413 2946 1468 cui
2976 1413 3188 1483 placent
3217 1412 3380 1467 etiam
3409 1412 3536 1466 talia

1957 1509 2176 1578 pietatis
2195 1506 2398 1572 ofﬁcia,
2419 1523 2647 1578 corpora
2670 1519 2886 1576 quoque
2906 1514 3244 1560 mortuorum
3265 1504 3536 1574 pertinere

1957 1597 2262 1668 signiﬁcant
2284 1607 2505 1669 propter
2528 1598 2686 1652 ﬁdem
2717 1596 3134 1652 resurrectionis
3159 1597 3533 1658 astruendam.

1959 1689 2061 1746 Ubi
2085 1699 2140 1746 et
2163 1690 2292 1746 illud
2317 1689 2604 1745 salubriter
2623 1689 2867 1750 discitur.
2899 1698 3101 1759 quanta
3123 1691 3296 1760 possit
3318 1705 3438 1744 esse
3462 1704 3541 1743 re-

463 1768 601 1855 ﬁde;
639 1791 887 1861 quamvis
914 1792 1154 1848 nesciam
1189 1801 1371 1846 utrum
1405 1794 1476 1848 ita
1506 1768 1688 1848 veg—stiti
1718 1807 1850 1848 ven-
1882 1768 1929 1828 B
1957 1783 2262 1836 muneratio
2286 1795 2387 1850 pro
2412 1781 2768 1852 eleemosynis
2797 1795 2932 1850 quas
2953 1780 3260 1836 viventibus
3285 1789 3339 1834 et
3365 1781 3540 1836 scien-

271 1882 380 1937 tuti
415 1883 526 1936 sint
558 1882 804 1937 homines
845 1891 904 1936 ut
937 1881 1188 1938 Christus
1225 1883 1474 1954 apparuit
1511 1893 1633 1954 post
1671 1898 1852 1939 resur-

270 1972 565 2027 rectionem
605 1979 662 2027 et
697 1971 874 2042 angeli
903 1973 1003 2028 visi
1035 1981 1191 2037 sunt,
1233 1989 1301 2028 an
1338 1973 1411 2028 ita
1450 1974 1580 2028 nudi
1609 1982 1668 2028 ut
1692 1975 1852 2045 primi

268 2061 515 2118 homines
537 2059 785 2126 fuerunt,
817 2063 980 2118 credo
1010 2071 1191 2118 tamen
1220 2063 1420 2118 nullam
1452 2063 1851 2120 deformitatem

269 2153 386 2208 ﬁeri
425 2153 478 2208 in
517 2153 850 2222 spiritalibus
875 2155 1194 2224 corporibus
1223 2171 1344 2226 quae
1380 2157 1553 2227 possit
1579 2156 1852 2213 offendere

267 2245 353 2300 vel
401 2260 657 2299 nauseam
705 2245 884 2301 facere
934 2245 1268 2316 spiritalibus
1313 2246 1512 2302 oculis.
1562 2246 1709 2302 inter
1756 2247 1855 2303 has

268 2335 652 2405 ambiguitates
684 2336 923 2392 occurrit
958 2335 1089 2391 mihi
1128 2345 1190 2391 ut
1224 2335 1460 2408 legerem
1488 2337 1852 2408 Augustinum

267 2429 336 2482 de
356 2427 589 2484 Civitate
611 2429 725 2492 Dei,
755 2437 810 2484 et
838 2430 906 2484 ad
932 2429 1218 2484 Paulinum
1246 2430 1312 2484 de
1338 2446 1471 2485 cura
1498 2447 1597 2502 pro
1625 2433 1853 2486 mortuis

268 2521 524 2590 gerenda.
571 2521 748 2578 Pauca
781 2522 904 2577 inde
933 2523 1211 2592 excerpsi,
1253 2522 1450 2593 quibus
1480 2532 1663 2579 tamen
1693 2523 1854 2578 intel-

268 2610 362 2682 ligi
386 2619 564 2682 potest
583 2613 870 2682 exsequias
895 2629 993 2667 nos
1015 2613 1214 2668 debere
1236 2611 1418 2668 facere
1440 2614 1587 2669 circa
1613 2622 1855 2670 mortuos

271 2712 490 2760 nostros
518 2705 698 2774 potius
733 2722 830 2776 pro
861 2715 1045 2762 nostra
1077 2705 1249 2761 salute
1276 2722 1438 2776 quam
1475 2721 1574 2776 pro
1604 2705 1851 2771 illorum,

272 2803 330 2850 et
371 2795 418 2850 si
462 2810 568 2850 non
607 2795 810 2851 fuerint
847 2797 1148 2868 θιεετιυίιε,
1196 2797 1358 2866 ipsis,
1401 2798 1493 2867 qui
1537 2797 1594 2852 in
1637 2795 1854 2852 Christo

275 2889 470 2943 mortui
505 2896 668 2953 sunt,
715 2888 850 2944 nihil
889 2889 1120 2950 obesse.
1169 2897 1226 2944 et
1267 2888 1409 2959 quod
1461 2889 1554 2960 qui
1601 2889 1682 2943 eis
1726 2887 1854 2944 facit

273 2980 592 3049 exsequias,
637 2982 706 3035 ob
733 2995 976 3035 amorem
1006 2981 1150 3034 illius
1180 2978 1309 3034 facit
1336 2980 1427 3049 qui
1456 2980 1708 3050 promisit
1735 2995 1856 3034 eor-

274 3085 403 3139 pora
449 3078 842 3126 resurrectura.
897 3069 1036 3124 Dicit
1079 3069 1220 3124 idem
1271 3069 1324 3123 in
1373 3071 1550 3140 primo
1600 3069 1739 3124 libro
1787 3071 1854 3124 de

273 3161 503 3217 Civitate
553 3162 689 3227 Dei,
742 3162 980 3232 capitulo
1029 3160 1396 3216 duodecimo:
1451 3161 1616 3216 Multa
1667 3163 1854 3233 itaque

273 3268 500 3322 corpora
528 3252 960 3308 Christianorum
994 3261 1139 3307 terra
1176 3266 1287 3306 non
1314 3253 1480 3317 texit;
1520 3253 1614 3308 sed
1648 3254 1855 3308 nullum

272 3358 461 3400 eorum
493 3346 782 3415 quisquam
813 3361 843 3400 a
882 3343 1022 3400 cmlo
1057 3351 1111 3399 et
1153 3351 1294 3398 terra
1332 3345 1642 3413 separavit,
1691 3359 1856 3415 quam

274 3443 445 3490 totam
472 3436 661 3505 implet
684 3436 971 3506 praesentia
998 3437 1082 3490 sui
1109 3434 1200 3506 qui
1228 3435 1380 3491 novit
1403 3437 1544 3491 unde
1569 3437 1860 3493 resuscitet

274 3528 422 3596 quod
448 3527 674 3582 ereavit.
710 3527 920 3582 Dicitur
945 3527 1163 3596 quidem
1193 3527 1248 3582 in
1276 3527 1521 3596 psalmo:
1557 3527 1855 3582 Posuerunt

276 3617 552 3671 morticina
599 3633 867 3672 servorum
913 3626 1121 3671 tuorum
1169 3633 1314 3672 escas
1357 3617 1655 3672 volatilibus
1702 3618 1853 3682 caeli,

275 3718 462 3761 carnes
500 3717 802 3761 sanctorum
840 3717 1050 3761 tuorum
1096 3706 1271 3761 bestiis
1307 3716 1478 3762 terrte.
1537 3707 1856 3778 Effuderunt

274 3797 581 3868 sanguinem
607 3814 788 3852 eorum
811 3807 1061 3868 tanquam
1089 3799 1146 3852 in
1171 3798 1395 3852 circuitu
1427 3796 1782 3862 Hierusalem,
1809 3807 1855 3851 et

273 3907 378 3945 non
401 3900 515 3945 erat
538 3891 629 3962 qui
653 3891 912 3962 sepeliret.
945 3890 1013 3946 Et
1037 3890 1202 3961 paulo
1227 3899 1387 3960 post:
1427 3890 1688 3958 Quamvis
1711 3891 1856 3946 enim

273 3982 388 4037 hate
413 3983 468 4037 in
495 3991 790 4054 conspectu
824 3983 1103 4039 hominum
1134 3984 1269 4040 dura
1305 3992 1364 4040 et
1399 3983 1519 4040 dira
1547 3984 1852 4051 videantur,

275 4077 370 4131 sed
398 4078 636 4147 pretiosa
673 4087 759 4132 est
792 4078 848 4132 in
884 4086 1179 4148 conspectu
1216 4078 1430 4134 Domini
1461 4093 1610 4134 mors
1639 4087 1857 4135 sancto-

275 4184 398 4222 rum
423 4166 558 4236 ejus.
598 4167 832 4224 Proinde
859 4170 1041 4224 omnia
1072 4170 1196 4235 ista,
1227 4170 1438 4225 curatio
1469 4168 1698 4234 funeris,
1721 4185 1857 4226 eon-

273 4259 408 4314 ditio
447 4260 773 4330 sepultum,
817 4276 1009 4331 pompa
1055 4262 1471 4331 exsequiarum,
1514 4261 1691 4332 magis
1731 4269 1858 4316 sunt

270 4350 512 4404 virorum
544 4351 736 4406 solatia
768 4367 930 4421 quam
961 4351 1206 4407 subsidia
1242 4360 1602 4407 mortuorum.
1653 4351 1854 4407 lterum

272 4443 327 4497 in
355 4442 542 4499 eodem
572 4443 730 4507 libro,
762 4456 881 4513 cap.
909 4444 1121 4499 decimo
1150 4444 1330 4498 tertio.
1381 4443 1493 4500 Nec
1521 4444 1642 4499 ideo
1673 4453 1854 4498 tamen

1881 3128 1926 3190 C

1954 1872 2100 1928 tibus
2118 1873 2458 1936 exhibemus,
2489 1873 2533 1928 si
2562 1886 2736 1943 neque
2756 1873 2860 1928 hoc
2880 1873 3022 1942 perit
3042 1874 3181 1943 apud
3207 1872 3373 1928 Deum
3395 1874 3537 1942 quod

1954 1963 2222 2018 exanimis
2274 1963 2554 2018 hominum
2605 1963 2864 2018 membris
2912 1962 3090 2018 oflicia
3141 1963 3538 2036 diligentiaeque

1955 2055 2355 2126 persolvuntur.
2396 2056 2476 2110 Ex
2506 2057 2626 2112 istis
2654 2057 2834 2112 verbis
2861 2056 3036 2112 sancti
3060 2055 3348 2127 Augustini
3379 2070 3540 2124 appa-

1956 2157 2039 2204 ret
2075 2149 2219 2218 quod
2260 2158 2550 2220 propterea
2589 2148 2884 2204 debeamus
2925 2148 3214 2218 exsequias
3260 2147 3538 2203 celebrare

1956 2240 2100 2295 circa
2131 2250 2471 2296 mortuorum
2504 2241 2785 2295 hominum
2817 2255 3074 2310 corpora,
3107 2240 3234 2310 quia
3264 2239 3406 2295 Deus
3432 2239 3542 2293 vult

1956 2347 2019 2386 ea
2049 2332 2394 2387 resuscitare.
2442 2332 2582 2388 Ecce
2609 2331 2911 2387 manifesta:
2945 2341 3072 2387 sunt
3096 2333 3369 2401 exsequize
3400 2346 3542 2386 mor-

1957 2431 2174 2478 tuorum
2198 2465 2213 2489 ,
2264 2423 2749 2495 manifestatusque
2791 2433 2876 2479 est
2916 2424 3143 2479 affectus
3187 2423 3422 2478 hominis
3449 2423 3539 2492 qui

1957 2514 2116 2568 debet
2139 2529 2260 2570 esse
2286 2514 2433 2569 circa
2463 2514 2749 2583 exsequias
2781 2521 3139 2568 mortuorum.
3175 2511 3330 2568 Nunc
3357 2511 3540 2566 dicen-

1957 2605 2086 2660 dum
2114 2613 2197 2660 est
2223 2605 2290 2661 de
2315 2604 2512 2661 ofﬁciis
2535 2605 3005 2676 vespertinalibus,
3033 2613 3090 2660 et
3113 2602 3540 2669 nocturnalibus,

1958 2705 2120 2768 atque
2149 2697 2580 2753 matutinalibus.

2531 2788 2758 2844 CAPUT
2795 2787 2950 2844 XLll.

2425 2876 2499 2931 De
2531 2877 2706 2948 o/ﬁciis
2742 2887 3088 2933 mortuorum.

2030 2969 2304 3024 Habemus
2324 2967 2583 3038 scriptum
2607 2969 2662 3023 in
2681 2968 2916 3040 quodam
2934 2967 3375 3026 Sacramentario
3396 2971 3551 3042 quod.

1959 3059 2137 3118 ofﬁcia
2166 3069 2505 3116 mortuorum
2535 3061 2741 3132 agenda
2773 3069 2901 3117 sunt
2929 3062 3076 3118 circa
3109 3063 3326 3118 tertiam
3355 3061 3497 3119 diem
3527 3107 3545 3131 ,

1957 3161 2015 3206 et
2041 3153 2345 3223 septimam,
2379 3160 2434 3206 et
2461 3151 2811 3208 tricesimam.
2851 3151 3004 3219 Quod
3032 3167 3138 3207 non
3171 3154 3245 3209 ita
3275 3154 3539 3224 intelligo,

1959 3244 2113 3313 quasi
2141 3243 2232 3298 ille
2252 3244 2345 3312 qui
2370 3245 2527 3298 tertia
2551 3244 2637 3298 die
2657 3259 2820 3315 agere
2840 3243 2956 3299 vult
2981 3242 3162 3300 ofﬁcia
3186 3253 3540 3309 mortuorum,

1958 3335 2152 3390 debeat
2190 3334 2604 3405 praetermittere
2632 3335 2844 3405 priores
2871 3335 3006 3390 duos
3035 3335 3153 3390 dies
3189 3335 3307 3391 sine
3345 3337 3541 3406 suppli-

1957 3423 2295 3487 cationibus;
2333 3430 2428 3476 aut
2453 3424 2544 3492 qui
2577 3425 2629 3478 in
2657 3424 2888 3494 septima
2914 3423 3025 3490 die,
3049 3441 3146 3479 sex
3175 3424 3543 3494 superioribus

1958 3515 2154 3572 debeat
2181 3522 2365 3571 tenere
2391 3515 2444 3569 in
2468 3514 2681 3582 ofﬁcio;
2713 3524 2809 3570 aut
2835 3515 2927 3586 qui
2956 3516 3010 3570 in
3037 3515 3330 3580 tricesima,
3356 3516 3540 3586 viginti

1957 3618 2016 3664 et
2040 3624 2234 3665 novem
2263 3624 2458 3664 vacare
2486 3609 2599 3664 otio
2625 3628 2637 3663 :
2673 3608 2770 3665 sed
2797 3609 2940 3680 quod
2979 3610 3138 3665 tertia
3169 3610 3256 3666 die
3289 3610 3539 3665 dicuntur

1959 3700 2224 3757 celebrari
2258 3699 2438 3757 ofﬁcia
2471 3711 2844 3767 mortuorum,
2886 3701 3096 3758 duobus
3129 3703 3303 3758 modis
3342 3704 3535 3771 possit.

1959 3792 2013 3847 id
2041 3802 2147 3858 est,
2180 3803 2237 3847 ut
2267 3794 2427 3848 tertia
2460 3793 2546 3848 die
2578 3792 2719 3848 infra
2750 3802 2989 3864 septem,
3021 3794 3248 3865 septima
3280 3793 3418 3848 infra
3452 3796 3548 3849 tri—

1958 3891 2107 3961 ginta
2157 3891 2426 3946 eelebrius
2483 3900 2719 3962 aguntur
2765 3890 2911 3946 circa
2971 3890 3152 3949 ofﬁcia
3205 3899 3541 3946 mortuorum

1959 3995 2119 4050 quam
2152 3981 2206 4034 in
2239 3981 2453 4036 exteris
2483 3982 2694 4047 diebus,
2726 3982 2841 4037 sive
2869 3989 2931 4037 ut
2956 3982 3119 4038 tertia
3147 3982 3232 4038 die
3263 3997 3542 4036 consumet

1959 4071 2071 4126 illa.
2114 4070 2288 4126 Simili
2322 4073 2482 4127 modo
2512 4072 2744 4128 dicimus
2779 4074 2846 4127 de
2880 4073 3113 4142 septima
3148 4083 3203 4128 et
3245 4074 3540 4143 trigesima.

1957 4163 2034 4218 De
2082 4163 2168 4217 his
2214 4162 2386 4217 tribus
2421 4163 2670 4218 terminis
2698 4177 2962 4232 ponemus
2990 4163 3370 4217 auctoritatem
3414 4177 3542 4217 san-

1957 4266 2168 4312 ctarum
2212 4256 2640 4325 Scripturarutn.
2700 4255 2909 4310 Dicitur
2955 4254 3011 4309 in
3059 4253 3199 4309 libro
3250 4253 3541 4324 Sapientia:

1959 4349 2026 4403 de
2059 4347 2376 4418 exsequiis:
2419 4345 2526 4400 bili
2554 4387 2569 4412 ,
2606 4347 2661 4401 in
2695 4357 2960 4402 mortuum
2999 4347 3197 4418 produc
3241 4345 3501 4417 lacrymas
3527 4389 3542 4411 ,

1959 4448 2006 4492 et
2044 4438 2194 4508 quasi
2237 4437 2355 4490 dira
2398 4454 2583 4508 passus
2610 4477 2625 4502 ,
2675 4437 2847 4509 incipe
2884 4435 3126 4508 plorare,
3171 4447 3220 4495 ct
3260 4441 3543 4494 secundum

271 4537 665 4592 contemnenda
696 4546 753 4592 et
780 4536 1083 4604 abjieienda
1128 4545 1256 4592 sunt
1297 4547 1529 4607 corpora
1571 4535 1856 4592 defuncto-
1882 4530 1922 4534 —
1951 4530 2218 4602 judicium
2268 4531 2507 4602 continge
2555 4545 2744 4602 corpus
2799 4531 2973 4596 illius,
3029 4540 3080 4584 et
3133 4547 3234 4584 non
3289 4531 3544 4600 despicias

273 4642 424 4692 rum,
456 4628 691 4682 maxime
717 4628 984 4700 iustorum
1013 4637 1178 4697 atque
1207 4625 1448 4682 ﬁdelium
1468 4667 1484 4692 ,
1514 4627 1709 4696 quibus
1738 4635 1859 4682 tan-

273 4733 434 4788 quam
459 4720 680 4790 organis
704 4728 761 4774 et
783 4720 932 4775 vasis
959 4719 1028 4774 ad
1056 4717 1240 4774 omnia
1269 4719 1410 4774 bona
1443 4732 1607 4787 opera
1636 4727 1858 4773 sanctus

274 4825 406 4864 usus
424 4819 510 4865 est
529 4809 786 4881 Spiritus.
823 4809 879 4866 Si
903 4811 1047 4867 enim
1075 4817 1302 4880 paterna
1324 4809 1493 4865 vestis
1519 4816 1575 4865 et
1599 4808 1854 4874 annulus,

274 4915 339 4954 ac
377 4900 424 4956 si
466 4901 594 4970 quid
635 4901 944 4970 hujusmodi
972 4943 987 4967 ,
1038 4909 1192 4958 tanto
1235 4901 1459 4958 eharius
1504 4909 1588 4957 est
1619 4900 1856 4970 posteris

275 5001 477 5063 quanto
514 5011 644 5066 erga
685 5005 942 5065 parentes
984 4994 1158 5064 major
1197 4993 1456 5060 affectus,
1503 4993 1654 5050 nullo
1694 4993 1854 5049 modo

280 5082 390 5154 ipsa
437 5085 746 5156 spernenda
794 5093 922 5140 sunt
964 5100 1234 5154 corpora,
1284 5100 1406 5154 qua:
1450 5086 1639 5154 utique
1684 5084 1856 5140 multo

280 5173 596 5233 familiarius
632 5187 794 5249 atque
829 5176 1175 5246 coniunctius
1199 5192 1367 5247 quam
1400 5177 1654 5246 qualibet
1695 5177 1854 5232 indu-

272 5278 458 5324 menta
497 5279 791 5342 gestamus.
846 5271 975 5326 Haec
1017 5269 1162 5324 enim
1209 5285 1318 5324 non
1360 5269 1429 5324 ad
1471 5279 1852 5326 ornamentum

270 5358 360 5414 vel
393 5359 748 5430 adiutorium,
777 5362 926 5432 quod
951 5360 1238 5416 adhibetur
1265 5359 1628 5423 extrinsecus.
1655 5359 1750 5414 sed
1786 5359 1854 5413 ad

271 5451 450 5522 ipsum
479 5463 732 5510 naturam
759 5454 995 5512 hominis
1023 5453 1314 5524 pertinent.
1352 5451 1504 5508 Unde
1527 5461 1582 5507 et
1607 5451 1854 5522 antiquo-

273 5559 400 5602 rum
428 5544 700 5615 iustorum
729 5548 919 5603 funera
953 5545 1198 5602 ofﬁciosa
1234 5545 1437 5616 pietate
1471 5553 1657 5600 curata
1694 5553 1851 5609 sunt,

272 5641 549 5710 exsequim
584 5641 902 5707 celebratae,
947 5649 1006 5696 et
1044 5639 1318 5710 sepultura
1357 5638 1604 5708 provisa,
1648 5637 1857 5708 ipsique

275 5745 400 5788 cum
429 5735 696 5803 viverent,
721 5735 789 5792 de‘
814 5732 1135 5806 sepeliendis
1161 5732 1246 5788 vel
1276 5730 1438 5788 etiam
1465 5729 1856 5787 transferendis

1958 4620 2282 4691 sepulturam
2322 4619 2486 4675 illius.
2542 4618 2768 4692 Propter
2804 4621 3100 4676 delaturum
3149 4631 3323 4675 autem
3366 4638 3548 4677 amare

1958 4714 2040 4785 fer
2079 4713 2279 4767 luctum
2324 4711 2468 4766 illius
2511 4729 2616 4766 uno
2657 4713 2762 4777 die,
2809 4723 2857 4768 et
2896 4712 3168 4768 consolare
3204 4726 3416 4785 propter
3450 4716 3546 4768 tri-

1956 4808 2197 4871 stitiam,
2256 4815 2306 4861 et
2365 4806 2450 4876 {ac
2505 4804 2702 4860 luctum
2755 4805 3040 4861 secundum
3098 4807 3343 4861 meritum
3399 4806 3546 4862 illius

1959 4915 2066 4953 uno
2107 4898 2215 4964 die,
2255 4897 2333 4953 vel
2373 4897 2578 4952 duobus
2618 4909 2827 4969 propter
2866 4898 3257 4953 detractionem.
3302 4899 3402 4954 Ubi
3435 4902 3545 4970 pri-

1961 5005 2052 5045 mo
2091 4989 2262 5054 dixit,
2306 4999 2517 5062 propter
2545 4989 2842 5044 delaturum
2881 5007 2986 5045 uno
3025 4989 3111 5044 die
3150 4989 3288 5062 ferre
3322 4990 3535 5056 luctum,

1960 5092 2016 5138 et
2072 5091 2300 5152 postea,
2360 5092 2569 5152 propter
2625 5082 3000 5138 detractionem
3052 5100 3158 5138 uno
3217 5082 3290 5138 vel
3342 5082 3543 5135 duobus

1959 5177 2143 5232 diebus
2169 5217 2184 5241 ,
2241 5185 2355 5230 tres
2413 5176 2528 5231 dies
2586 5174 2883 5231 introducit
2937 5175 2992 5230 in
3055 5173 3279 5230 luctum.
3343 5174 3542 5227 Possu-

1961 5282 2083 5322 mus
2137 5281 2235 5336 per
2288 5266 2506 5322 tertiam
2546 5265 2687 5321 diem
2739 5265 3102 5322 commendati
3147 5264 3384 5319 defuncti
3431 5270 3540 5317 ter-

1964 5357 2096 5410 tiam
2147 5356 2355 5411 dierum
2395 5355 2809 5412 resurrectionis
2865 5355 3077 5412 Domini
3114 5353 3182 5408 ad
3228 5352 3540 5408 memoriam

1966 5447 2242 5510 reducere,
2277 5456 2338 5502 ut
2369 5447 2559 5502 eodem
2593 5461 2823 5501 numero
2849 5445 3204 5514 deprecemur
3230 5456 3327 5510 pro
3357 5447 3543 5496 nostro

1964 5539 2238 5605 defuncto,
2269 5547 2536 5607 quatenus
2566 5546 2840 5592 mereatur
2872 5549 2971 5604 per
3014 5531 3387 5587 remissionem
3417 5547 3542 5602 pee-

1964 5643 2208 5690 catorum
2257 5632 2530 5702 particeps
2566 5629 2680 5684 ﬁeri
2733 5624 3152 5683 resurrectionis
3182 5623 3407 5682 Christi.
3438 5625 3543 5682 Pro

1965 5727 2376 5798 quatriduanum
2402 5721 2670 5791 jejunium
2698 5719 2947 5776 Ninivitw
2975 5718 3220 5775 fecerunt
3243 5721 3537 5776 secundum
