4000 6178
433 310 569 368 1259

1454 300 1791 357 AMALARII
1829 295 2262 355 PRESBYTERI
2299 294 2653 353 METENSIS

3540 297 3693 354 1266

422 421 784 495 septuaginta,
816 427 875 473 ut
908 418 961 473 in
987 416 1187 472 Christi
1238 414 1631 486 gluritieatione
1675 429 1773 484 per
1818 426 1999 467 resur-
2025 411 2074 472 Α
2101 408 2241 479 cepit
2290 408 2527 464 Ecclesia
2557 426 2572 463 :
2606 416 2669 463 ut
2706 407 2904 478 quibus
2960 408 3017 463 in
3068 409 3172 463 ista
3207 408 3316 464 vita
3353 407 3553 465 desunt
3585 425 3685 479 pa-

425 511 721 569 rectiouem
770 523 835 564 ex
887 506 1117 563 mortuis
1180 505 1491 561 delerentur
1544 512 1765 576 peccata
1791 517 2003 558 eorum.

426 603 584 663 Unde
628 602 759 657 dicit
804 600 1140 673 Augustinus
1166 599 1220 653 in
1257 598 1395 654 libro
1433 598 1802 666 Quaestionum
1828 595 1999 653 Gene-

424 697 501 751 sis
531 713 546 749 :
582 692 693 749 Nec
712 692 1055 763 septuaginta
1085 689 1435 761 Interpretes,
1481 702 1619 759 quos
1667 687 1847 758 legere
1876 701 2008 742 con-

428 786 609 843 suerit
654 785 923 848 Ecclesia,
968 798 1183 838 errasse
1219 781 1476 837 credendi
1504 788 1651 846 sunt,
1683 789 1741 834 ut
1773 795 1879 835 non
1917 779 2000 833 di-

426 887 613 931 curent
635 874 990 947 quadraginta
1010 873 1145 935 dies,
1176 873 1271 927 sed
1293 872 1549 937 triduum,
1573 880 1621 925 et
1650 870 1705 925 Ν
1708 870 1842 924 inive
1862 886 2004 924 ever-

426 977 643 1021 teretur.
674 965 742 1021 Et
768 972 890 1035 post
912 979 1086 1034 pauca
1120 982 1133 1017 :
1180 962 1438 1017 Triduum
1464 968 1778 1033 posuerunt,
1814 975 2004 1030 quam-

430 1059 507 1115 vis
530 1074 634 1114 non
654 1060 965 1131 ignorarunt
991 1056 1137 1129 quod
1160 1057 1272 1111 dies
1298 1056 1653 1127 quadraginta
1677 1055 1732 1109 in
1762 1053 2005 1110 Hebraeis

430 1150 712 1207 codicibus
743 1150 1071 1221 legerentur,
1103 1148 1240 1203 utin
1263 1147 1474 1203 Domini
1499 1146 1671 1202 nostri
1696 1145 1824 1201 Jesu
1846 1145 2005 1202 Chri-

428 1240 498 1296 sti
532 1239 921 1296 clarificatione
966 1239 1395 1314 intelligerentur
1437 1238 1659 1294 dissolvi
1690 1237 2006 1308 abolerique

424 1339 668 1403 peccata.
698 1331 774 1385 De
807 1345 915 1401 quo
941 1330 1145 1385 dictum
1188 1337 1271 1385 est
1298 1349 1310 1383 :
1348 1328 1450 1396 Qui
1509 1329 1736 1383 traditus
1768 1336 1853 1385 est
1879 1344 2006 1399 pro-

425 1432 548 1493 pter
571 1422 766 1478 delicta
798 1430 1012 1484 nostra,
1064 1429 1119 1477 et
1155 1421 1453 1476 resurrexit
1487 1429 1713 1491 propter
1734 1418 2004 1489 justifica-

427 1514 629 1568 titmem
650 1522 915 1568 nostram.
950 1512 1280 1568 Clarilicatio
1304 1520 1485 1567 autem
1525 1512 1735 1566 Domini
1757 1520 1813 1567 et
1838 1511 1892 1565 in
1917 1527 2003 1566 re-

426 1605 783 1670 surrectione,
810 1613 865 1659 et
896 1604 947 1658 in
970 1604 1139 1659 caelos
1165 1604 1484 1659 ascensione
1509 1603 1871 1674 cognoscitur.
1902 1603 2004 1658 Se-

426 1696 601 1751 cunda
628 1696 793 1767 igitur
827 1695 1120 1752 celebratio
1156 1711 1256 1766 pro
1281 1695 1551 1750 defunctis
1581 1695 1634 1750 in
1665 1694 1894 1765 septimo
1916 1694 2004 1751 die

2108 512 2313 569 rentes,
2348 512 2441 558 aut
2469 504 2587 569 flii,
2617 510 2711 557 aut
2738 502 3139 574 qualescunque
3165 502 3415 573 cognati,
3440 501 3529 557 vel
3550 502 3687 557 ami-

2105 598 2176 663 ci,
2216 597 2287 653 ab
2320 613 2428 653 una
2453 598 2535 653 eis
2587 596 2919 653 exhibeatur
2970 595 3059 665 pia
3092 603 3265 649 matre
3292 596 3600 651 communi.
3631 594 3695 650 Si

2104 697 2281 745 autem
2305 690 2556 746 deessent
2586 689 2704 743 ista:
2732 688 3156 759 supplicationes
3214 703 3337 757 quae
3364 687 3508 743 fiunt
3537 700 3696 743 recta

2104 792 2160 838 et
2182 784 2269 854 pia
2308 783 2413 838 fide
2443 798 2509 838 ac
2552 782 2755 852 pietate
2803 798 2902 852 pro
2927 781 3182 845 mortuis,
3209 790 3339 851 puto
3372 782 3524 853 quod
3552 780 3697 837 nihil

2104 874 2387 946 prodesset
2412 875 2693 946 spiritibus
2730 888 2943 937 eorum,
2975 872 3022 927 si
3056 872 3357 941 quamlibet
3389 873 3526 929 locis
3554 889 3689 928 sau-

2104 968 2211 1023 ctis
2236 967 2490 1021 exanima
2513 980 2744 1036 corpora
2772 971 3124 1034 ponerentur.

2657 1076 2887 1134 CAPUT
2931 1076 3110 1131 XLIII.

2254 1171 2510 1245 Repetitio
2538 1172 2603 1226 de
2654 1170 2823 1225 tribus
2853 1169 3070 1241 psalmis
3101 1169 3519 1241 baptismalibus.

2176 1264 2423 1321 Diximus
2453 1264 2507 1319 in
2540 1262 2915 1335 superioribus
2960 1269 3073 1316 tres
3101 1261 3340 1331 psalmos
3388 1261 3701 1332 baptisma-

2105 1357 2185 1412 lcs
2208 1371 2307 1427 per
2342 1364 2531 1411 noctes
2593 1354 2750 1410 nobis
2796 1353 2866 1408 ad
2915 1352 3240 1408 memoriam
3294 1352 3557 1409 reducere
3583 1354 3706 1408 tria

2104 1464 2268 1519 opera
2290 1447 2517 1513 Christi,
2545 1449 2649 1503 hoc
2675 1453 2781 1511 est,
2814 1444 3181 1515 repulsionem
3205 1445 3529 1511 daemonum,
3556 1445 3703 1502 efo-

2106 1548 2253 1595 ctum
2278 1540 2595 1605 sanitatum,
2632 1546 2690 1594 et
2718 1538 3179 1594 resurrectionem
3203 1546 3460 1602 nostram,
3485 1538 3699 1592 simu!-

2106 1646 2212 1701 que
2250 1631 2555 1686 triduanam
2602 1628 2933 1701 sepulturam
2962 1628 3209 1693 Domini;
3242 1636 3403 1697 atque
3441 1626 3551 1683 alio
3573 1643 3705 1684 ωσι-

2108 1725 2196 1787 do,
2234 1724 2418 1779 officia
2467 1723 2679 1779 dierum
2744 1721 3172 1793 baptismalium,
3230 1719 3465 1791 Spiritus
3514 1723 3705 1778 sancti

430 1789 595 1845 "ab"
649 1787 1028 1843 ³¹¹⁶¹⁰τίί²⁹⁶¹¹¹
1084 1788 1139 1842 ί¹¹
1169 1786 1367 1844 cm“
1423 1795 1744 1843 '“°“‘°"“°-
1804 1785 2004 1842 ¹¹αυυίι
2026 1771 2081 1831 Β
2108 1771 3296 1879 enim...“suam?'1;;1...:
3310 1771 3699 1883 unus“;

422 1897 648 1953 quoque,
687 1880 883 1950 inquit,
911 1878 1108 1951 Ioseph
1135 1881 1192 1934 in
1215 1881 1465 1935 comitatu
1504 1896 1693 1935 currus
1714 1889 1762 1934 et
1785 1882 2000 1952 equites,

421 1984 469 2029 et
498 1973 643 2045 facta
663 1981 738 2028 est
756 1972 911 2028 turba
944 1988 1048 2028 non
1072 1973 1302 2027 modica.
1347 1971 1708 2045 Veneruntque
1732 1974 1802 2027 ad
1825 1989 2003 2028 aream

424 2062 589 2131 Atad,
622 2082 739 2137 quia
779 2067 883 2121 sita
929 2075 1006 2121 est
1030 2075 1181 2122 trans
1222 2066 1533 2133 Iordanem,
1572 2069 1661 2122 ubi
1689 2067 2005 2123 celebrantes

426 2158 700 2228 exsequias
723 2156 940 2227 planetu
979 2174 1172 2229 magno
1221 2168 1378 2229 atque
1415 2159 1725 2225 vehementi,
1755 2157 2002 2231 impleve—

428 2256 549 2301 rant
607 2258 798 2319 septem
848 2249 977 2303 dies.
1038 2249 1191 2305 Unde
1220 2256 1552 2305 memoratus
1579 2249 1912 2321 Augustinus
1947 2250 2002 2304 in

430 2348 729 2392 memorato
752 2337 891 2392 libro
918 2337 1286 2405 Quaestionum
1313 2338 1503 2394 scribit
1531 2356 1547 2393 :
1575 2338 1647 2393 Et
1667 2339 1786 2405 fecit
1805 2337 2007 2393 luctum

424 2430 565 2499 patri
593 2445 690 2484 suo
715 2440 907 2501 septem
927 2431 1071 2486 dies.
1090 2430 1285 2487 Nescio
1310 2440 1492 2487 utrum
1516 2430 1823 2487 inveniatur
1844 2429 2006 2485 alicui

428 2533 741 2580 sanctorum
799 2526 854 2581 in
899 2523 1200 2597 Scripturis
1232 2526 1563 2582 celebratum
1625 2539 1747 2581 esse
1797 2525 2005 2581 luctum

431 2630 621 2671 novem
647 2616 783 2683 dies,
809 2617 951 2687 quod
975 2617 1116 2688 apud
1151 2617 1373 2673 Latinos
1400 2616 1664 2673 novendia
1709 2616 2001 2688 appellant.

432 2706 585 2763 Unde
641 2709 774 2764 mihi
822 2708 1075 2764 videntur
1127 2709 1195 2764 ab
1224 2709 1325 2763 hac
1377 2708 1772 2764 consuetudine
1815 2706 2005 2777 prohi—

431 2802 610 2865 bendi,
661 2802 708 2857 si
739 2801 830 2871 qui
883 2799 1316 2856 Christianorum
1345 2800 1507 2855 istum
1542 2799 1596 2854 in
1624 2799 1854 2854 mortuis
1888 2798 2005 2854 suis

430 2909 715 2950 numerum
746 2903 988 2958 servant,
1024 2893 1116 2964 qui
1162 2893 1334 2965 magis
1362 2900 1444 2948 est
1490 2893 1543 2947 in
1576 2892 1854 2963 gentilium
1880 2907 2008 2947 con-

432 2986 737 3042 suetudine.
769 2984 1043 3054 Scptimus
1080 2999 1213 3040 vero
1234 2985 1352 3039 dies
1373 2985 1750 3039 auctoritatem
1776 2984 1828 3038 in
1856 2982 2005 3038 Scri-

429 3078 604 3149 pturfs
634 3078 820 3133 habet.
854 3075 1007 3132 Unde
1054 3075 1161 3132 alio
1206 3075 1327 3131 loco
1353 3075 1614 3147 scriptum
1645 3084 1769 3131 est:
1804 3074 2000 3130 Luctus

427 3169 623 3223 mortui
648 3177 840 3239 septem
866 3167 1093 3232 dierum,
1129 3168 1267 3239 fatui
1308 3177 1483 3221 autem
1520 3183 1696 3221 omnes
1743 3166 1855 3221 dies
1881 3167 2001 3222 ritca

432 3259 568 3330 ejus.
604 3258 958 3329 Septenarius
979 3267 1161 3313 autem
1195 3273 1477 3323 numerus,
1527 3265 1750 3328 propter
1795 3258 2005 3313 sabbati

427 3359 853 3417 sacramentum,
892 3352 1163 3423 praecipue
1189 3351 1386 3421 quietis
1418 3349 1673 3405 iudicium
1717 3358 1819 3406 est.
1853 3350 2005 3407 Unde

430 3444 624 3499 merito
661 3444 894 3501 mortuis
953 3454 1210 3514 tanquam
1264 3443 1729 3514 requiescentibus
1774 3443 2003 3499 exhibe-

430 3545 536 3591 tur.
575 3537 617 3607 ἰ’
651 3536 836 3590 Tertia
901 3537 1078 3609 agitur
1134 3536 1409 3593 tricesimo
1469 3536 1577 3600 die,
1637 3552 1798 3606 quam
1848 3536 2004 3592 nobis

426 3625 607 3681 Aaron
650 3635 707 3681 et
753 3626 964 3699 Moyses
1015 3627 1067 3681 in
1107 3627 1489 3683 auctoritatem
1540 3627 1764 3691 ducunt,
1792 3625 1860 3683 de
1890 3641 2005 3697 quo

2113 1908 2303 1973 ctium,
2342 1908 2527 1974 ﬁdem,
2570 1922 2746 1979 spem,
2797 1913 2852 1962 et
2872 1906 3316 1962 charitatem:at
3362 1920 3513 1961 nunc
3537 1907 3702 1963 addi.

2111 2013 2235 2053 mus
2269 1997 2321 2052 in
2351 1997 2610 2068 operibus
2644 1997 2993 2053 tenebrarum
3018 2011 3114 2051 seu
3159 1996 3215 2052 in
3249 2004 3411 2052 nocte
3434 1997 3545 2053 tria
3573 2012 3703 2053 esse

2107 2089 2243 2144 vitia
2272 2088 2583 2161 originalia,
2615 2088 2669 2144 id
2697 2095 2799 2152 est,
2826 2089 3234 2159 suggestionem
3262 2087 3482 2153 diaboli,
3511 2088 3704 2143 carnis

2106 2180 2548 2246 delectationem,
2596 2186 2653 2235 et
2699 2192 3024 2235 consensum
3079 2178 3266 2233 animi.
3316 2177 3703 2249 Propterha-c

2107 2270 2211 2325 tria
2244 2271 2374 2325 vitia
2403 2271 2524 2326 rice
2549 2270 2716 2325 trium
2764 2269 3049 2335 virtutum,
3081 2268 3290 2324 scilicet
3320 2266 3470 2335 ﬁdei,
3499 2269 3621 2341 spei
3639 2277 3704 2326 et

2109 2364 2421 2430 charitatis,
2470 2372 2585 2420 tres
2611 2362 2849 2435 psalmos
2889 2370 3194 2428 cantamus,
3240 2362 3439 2433 quibus
3483 2376 3702 2419 memo-

2108 2464 2230 2511 rata
2254 2455 2381 2511 vitia
2412 2455 2746 2527 repellantur
2774 2454 2840 2510 de
2860 2454 3063 2509 nostris
3086 2452 3525 2509 catechumenis.
3555 2453 3703 2522 Qua-

2106 2547 2234 2603 liter
2271 2546 2655 2603 eelebrandum
2693 2546 2766 2602 sit
2818 2545 3056 2602 ofﬁcium
3107 2547 3161 2601 in
3199 2545 3480 2602 Dominica
3509 2556 3697 2613 nocte.

2105 2654 2229 2711 qua:
2257 2647 2341 2694 est
2375 2648 2563 2694 octava
2600 2648 2723 2708 post
2749 2637 2961 2692 Pascha
3012 2637 3247 2702 Domini,
3276 2651 3345 2692 ex
3396 2638 3701 2710 superiori-

2104 2731 2208 2786 bus
2240 2730 2422 2786 verbis
2449 2736 2800 2792 monstratur,
2849 2727 2903 2782 in
2932 2729 3132 2798 quibus
3179 2736 3438 2783 narratur
3468 2729 3540 2784 de
3567 2738 3700 2784 octo

2105 2821 2552 2885 beatitudiuibus,
2618 2829 2675 2875 et
2736 2819 2803 2875 de
2850 2832 3015 2891 opere
3061 2816 3394 2889 septiformis
3454 2816 3698 2889 Spiritus

2107 2923 2270 2984 atque
2298 2911 2415 2981 ejus
2440 2911 2796 2984 perfectione,
2829 2927 2894 2967 ac
2943 2910 3011 2966 de
3044 2919 3173 2967 octo
3202 2908 3355 2965 feriis
3380 2910 3695 2981 regenerati

2107 3007 2363 3065 hominis.

2666 3097 2895 3154 CAPUT
2948 3096 3132 3152 XLIV.

2112 3189 2369 3254 Repetitio
2397 3192 2465 3245 de
2492 3188 2803 3260 antiphono,
2829 3188 3092 3260 Fluminis
3144 3187 3396 3260 impetus,
3418 3201 3539 3257 quc
3561 3203 3698 3241 can-

2603 3258 2749 3314 tatur
2768 3259 2824 3313 ia
2853 3258 3215 3330 'l'heopltania.

2179 3353 2369 3409 Solent
2400 3352 2693 3409 mussitare
2748 3352 2817 3407 de
2863 3350 3095 3422 psalmo,
3151 3350 3298 3406 Deus
3333 3360 3508 3407 uester
3537 3350 3697 3422 refu-

2106 3448 2272 3518 gium,
2309 3461 2480 3516 quare
2529 3451 2863 3516 praspostero
2908 3443 3103 3499 ordine
3144 3452 3379 3513 ponatur
3428 3444 3488 3499 iu
3516 3444 3689 3500 tertia

2107 3537 2382 3607 periocha.
2414 3537 2491 3592 De
2512 3551 2620 3606 qua
2645 3551 2705 3590 re
2735 3535 2812 3590 ita
2841 3534 3094 3598 dicimus,
3123 3545 3415 3604 sequentes
3439 3535 3689 3592 ordinem

2107 3628 2404 3699 Evangelii.
2436 3627 2595 3684 Prius
2638 3634 2905 3683 venerunt
2949 3625 3087 3698 Magi
3123 3624 3352 3683 adorare
3396 3626 3690 3684 Dominum

429 3718 632 3774 dictum
690 3727 775 3774 est
824 3719 877 3775 in
928 3720 1223 3790 scriptione
1266 3719 1334 3775 de
1372 3720 1540 3775 missa
1571 3738 1585 3774 :
1623 3718 1887 3787 Quoniam
1923 3720 2002 3776 sic
2106 3734 2268 3789 quam
2294 3717 2601 3789 baptizatus
2624 3724 2790 3782 esset,
2832 3716 2955 3772 ideo
2983 3715 3163 3771 officia
3191 3730 3314 3786 quae
3338 3716 3691 3773 celebrantur

427 3818 701 3864 certamus
730 3825 831 3879 pro
882 3811 1086 3865 nostris
1129 3811 1424 3875 defunctis,
1473 3818 1740 3879 quatenus
1787 3810 2001 3880 possint
2105 3813 2160 3868 in
2203 3812 2379 3884 prima
2433 3811 2692 3883 periocha
2726 3810 3015 3883 designant
3070 3809 3435 3875 Christianos,
3468 3819 3524 3865 et
3554 3826 3688 3882 quo-

428 3899 718 3969 partieipes
758 3898 877 3954 fieri
933 3915 1120 3953 eorum
1166 3916 1305 3971 quos
1353 3900 1601 3955 Christus
1656 3901 1933 3955 revocavit
1969 3916 2003 3955 a
2104 3902 2392 3961 dammodo
2415 3903 2695 3958 imitantur
2737 3917 2965 3959 munera
2995 3909 3051 3955 et
3075 3900 3341 3971 obsequia
3367 3901 3689 3973 Magorum;

430 3989 682 4043 claustris
716 3988 936 4052 inferni,
976 3990 1027 4043 in
1057 4004 1119 4044 ea
1164 3990 1681 4046 commemoratione
1704 3991 1866 4046 simili
1890 4006 2007 4048 mo-
2104 3996 2247 4067 Magi
2291 3994 2605 4051 obtulerunt
2659 4008 2873 4058 aurum,
2931 3994 3058 4049 thus
3085 4001 3141 4049 et
3192 3994 3517 4066 myrrham:
3551 3994 3693 4049 sica

426 4077 496 4133 de
527 4078 870 4135 celebramus
893 4077 1072 4135 ofﬁcia
1108 4094 1209 4150 pro
1248 4079 1398 4150 ipsis,
1421 4081 1691 4149 quomodo
1716 4080 2001 4137 celebran-
2104 4089 2250 4144 enim
2278 4087 2614 4159 praecipuum
2640 4084 2919 4141 metallum
2953 4093 3040 4140 est
3063 4099 3283 4151 aurum,
3332 4086 3408 4141 ita
3440 4085 3549 4140 hoc
3572 4101 3691 4140 mu-

430 4180 518 4224 tur
543 4169 594 4225 in
620 4169 726 4226 illis
761 4170 953 4227 diebus
979 4171 1197 4242 quando
1234 4170 1486 4227 Christus
1512 4171 1791 4228 descendit
1827 4173 1894 4228 ad
1921 4174 2005 4228 in-
2103 4200 2208 4240 nus
2237 4183 2582 4253 mancipatur
2603 4182 2880 4253 pmcipno
2904 4180 3111 4247 officio,
3159 4181 3216 4236 id
3243 4190 3332 4237 est
3361 4180 3559 4252 regali.
3586 4179 3691 4235 Per

427 4258 579 4316 ferna
627 4270 682 4318 ct
740 4261 796 4316 in
856 4262 1055 4332 quibus
1113 4262 1355 4318 creditur
1383 4269 1648 4318 mortuus.
1692 4261 1808 4318 Non
1854 4263 2001 4319 enim
2103 4276 2207 4332 hoc
2234 4290 2433 4330 munus
2458 4274 2680 4330 Christo
2708 4274 2949 4330 oblatum
2983 4281 3163 4344 potest
3191 4273 3467 4345 designari
3487 4272 3690 4344 regalis

431 4369 720 4423 possumus
751 4353 1052 4424 intelligere
1080 4355 1147 4411 de
1175 4354 1428 4411 omnibus
1459 4355 1550 4426 qui
1581 4357 1711 4423 sint,
1742 4356 1835 4427 qui
1855 4355 2001 4413 illico
2100 4374 2342 4438 potestas
2401 4379 2525 4420 cum
2579 4365 2832 4421 omnibus
2892 4365 3009 4420 suis
3054 4364 3288 4421 subditis
3339 4372 3568 4419 ventura
3617 4367 3687 4418 ad

424 4456 708 4518 postquam
731 4447 1058 4502 recesserint
1078 4447 1146 4503 de
1163 4462 1392 4517 corpore
1412 4457 1699 4519 penetrent
1711 4464 1874 4520 regna
1890 4462 1999 4504 cte-
2020 4485 2075 4545 D
2102 4456 2402 4513 Christum.
2433 4454 2559 4512 Hec
2591 4456 2738 4511 enim
2764 4457 2981 4527 signant
3003 4455 3257 4512 secunda;
3282 4457 3565 4525 periochae
3588 4474 3689 4512 an-

424 4539 617 4603 lorum,
648 4547 744 4594 aut
770 4540 863 4609 qui
893 4540 945 4594 in
981 4538 1103 4594 aliis
1137 4539 1400 4596 custodiis
1428 4541 1779 4610 recipiantur.
1828 4539 1997 4611 Igitur

422 4645 530 4684 uno
543 4630 704 4685 modo
728 4630 961 4687 faciams
975 4638 1307 4686 mortuorum
1322 4630 1521 4687 ofﬁcia.
1552 4632 1690 4687 Sunt
1700 4632 1863 4687 etiam
1880 4631 1997 4687 loca

423 4717 477 4771 in
510 4718 707 4788 quibus
760 4720 1085 4791 generaliter
1133 4736 1235 4792 pro
1267 4722 1517 4779 omnibus
1552 4721 1820 4778 defunctis
1849 4723 1995 4778 omni

424 4816 685 4880 tempore,
709 4822 936 4884 excepto
960 4813 1312 4872 Pentecostes
1332 4824 1388 4871 et
1412 4816 1562 4872 festis
1592 4818 1806 4882 diebus,
1833 4818 1886 4873 in
1915 4818 1997 4874 of-

421 4900 546 4957 licio
573 4906 916 4975 vospertinali
950 4916 1007 4962 et
1048 4909 1351 4963 matutinali
1395 4918 1601 4963 oratur.
1652 4907 1790 4964 Sunt
1809 4919 1867 4964 et
1891 4910 1995 4966 alia

420 4991 473 5044 in
499 4992 696 5062 quibus
720 4995 883 5049 misva
908 5012 1011 5066 pro
1031 4996 1220 5053 iisdem
1244 4999 1484 5069 quotidie
1504 5000 1826 5056 celebratur.
1858 5001 1997 5057 Sunt

419 5081 585 5135 etiam
601 5090 657 5136 et
675 5082 777 5137 alia
805 5085 1069 5156 inquibus
1093 5089 1145 5143 in
1171 5089 1324 5144 initio
1344 5089 1547 5145 mensis
1565 5106 1758 5147 novem
1780 5092 1992 5163 psalmi,

417 5188 610 5228 novem
640 5173 901 5231 lectiones
937 5178 1273 5249 totidemque
1288 5181 1618 5250 responsorii
1643 5196 1743 5251 pro
1764 5182 1844 5238 eis
1867 5199 1995 5238 can-

419 5272 626 5321 tantur.
650 5266 790 5335 Quid
819 5267 922 5323 hoc
951 5267 1148 5334 valeat,
1165 5270 1500 5342 Augustinus
1528 5272 1581 5327 in
1604 5273 1740 5329 libro
1770 5275 1837 5330 ad
1861 5275 1996 5331 Pau-

416 5353 586 5413 linum
625 5360 693 5415 de
719 5375 848 5414 cura
875 5361 1109 5431 gerenda
1156 5377 1252 5432 pro
1277 5364 1509 5419 mortuis
1537 5374 1839 5421 monstrat:
1872 5366 1987 5423 Non

415 5457 563 5515 sunt,
620 5448 821 5519 inquit,
891 5452 1367 5522 prtetermittendae
1429 5455 1848 5526 supplicationes
1889 5474 1989 5529 pro

414 5537 696 5608 spiritibus
737 5549 1095 5609 mortuorum,
1123 5558 1259 5615 quas
1309 5543 1584 5601 faciendas
1613 5562 1711 5617 pro
1739 5549 1991 5607 omnibus

415 5628 468 5683 in
520 5628 829 5687 Christiana
859 5632 1117 5692 societate
1166 5634 1437 5692 defunctis
1465 5637 1629 5694 etiam
1675 5640 1857 5696 tacitis
1885 5656 1987 5696 no-

418 5718 655 5779 minibus
681 5735 908 5792 quorum
944 5727 1043 5781 sub
1068 5728 1304 5798 generali
1333 5732 1843 5789 commemoratione
1869 5749 1990 5789 sus-

2101 4545 2356 4615 tiphonaa.
2387 4544 2538 4600 Thus
2595 4544 2718 4616 igne
2767 4546 3021 4601 adustum
3060 4543 3271 4601 redolet
3322 4549 3593 4613 suaviter,
3632 4556 3688 4602 et

2098 4638 2333 4708 pertinet
2387 4638 2455 4693 ad
2506 4638 2873 4696 ministerium
2919 4640 3289 4694 sacerdotum.
3330 4639 3486 4695 Thus
3532 4643 3681 4712 quod

2098 4738 2228 4785 tunc
2257 4730 2361 4785 fuit
2382 4729 2620 4786 oblatum
2666 4730 2885 4786 Christo
2913 4738 3094 4801 potest
3124 4731 3342 4803 signare
3370 4731 3684 4788 sacerdotes

2097 4831 2155 4877 et
2179 4822 2463 4894 religiosos
2508 4822 2784 4877 ministros
2818 4822 3097 4889 Ecclesia},
3128 4823 3225 4894 qui
3249 4837 3318 4878 ex
3346 4825 3475 4895 igne
3498 4826 3683 4879 cordis

2100 4915 2226 4970 thus
2261 4915 2566 4970 orationum
2623 4914 2862 4970 oblaturi
2909 4924 3069 4970 erant
3096 4915 3342 4971 Christo.
3392 4915 3503 4973 Per
3528 4933 3679 4988 myr-

2097 5008 2254 5061 rham
2300 5014 2478 5075 potest
2521 5005 2793 5077 designari
2858 5008 3039 5062 omnis
3091 5023 3299 5064 summa
3352 5009 3673 5065 electorum.

2096 5095 2311 5167 Myrrha
2345 5104 2431 5151 est
2453 5096 2799 5167 pigmentum
2844 5097 3078 5154 fervens.
3139 5099 3466 5171 Quicunque
3499 5101 3675 5172 parati

2095 5198 2221 5247 sunt
2248 5191 2430 5246 animo
2458 5192 2524 5247 ad
2575 5194 3041 5249 commoriendum
3074 5210 3173 5264 pro
3197 5193 3401 5251 Christi
3431 5196 3669 5262 nomine.

2093 5282 2372 5353 myrrham
2408 5282 2662 5337 offerunt.
2696 5283 2752 5337 In
2780 5299 2884 5353 qua
2940 5299 3152 5339 summa
3196 5285 3477 5357 colligitur
3522 5287 3677 5357 plebs

2094 5381 2152 5428 et
2176 5375 2404 5443 populus
2431 5374 2522 5444 qui
2549 5376 2720 5430 notati
2746 5385 2873 5431 sunt
2895 5376 2947 5431 in
2969 5375 3312 5448 autiphonis:
3345 5379 3549 5449 Alerte
3569 5379 3675 5434 Do-

2090 5466 2253 5527 mino,
2276 5465 2376 5535 ﬁlii
2404 5466 2522 5529 Dei,
2550 5475 2628 5530 et,
2675 5466 2868 5521 Omnes
2894 5479 3069 5539 gentes
3111 5485 3452 5541 quascunque
3475 5471 3666 5543 fecisti,

2092 5572 2176 5621 ac,
2211 5556 2415 5621 Venite,
2439 5558 2741 5614 adoremus.
2780 5559 2950 5613 Porro
2981 5561 3141 5615 tertia
3177 5561 3433 5631 periocha
3462 5560 3666 5619 Christi

2090 5648 2417 5720 baptismum
2441 5650 2717 5715 celebrat;
2762 5652 2984 5706 undect
3008 5653 3410 5723 responsorium
3435 5668 3453 5707 :
3486 5654 3554 5711 In
3573 5670 3664 5709 ce-

2088 5737 2279 5794 lumha'
2310 5741 2496 5811 specie,
2521 5750 2595 5806 et,
2623 5739 2793 5795 Hodie
2816 5742 2868 5795 in
2894 5740 3154 5807 Iordane,
3184 5742 3236 5798 in
3262 5758 3324 5799 ea
3350 5752 3664 5801 cantamus.
