4000 6178
316 348 467 410 ίΞΜ’

1054 356 1140 411 DE
1174 355 1726 414 ECCLESIASTICIS
1763 358 2050 415 OFFICIIS
2088 358 2267 414 LIBRI
2307 358 2393 414 IV.
2434 392 2506 403 ——
2542 359 2670 415 LIB.
2711 359 2797 419 ΞΥ.

3421 362 3557 417 1242

316 464 634 527 Antiphone,
690 462 953 521 Fluminis
1002 468 1244 539 impetus,
1296 470 1661 539 apostolorum
1713 471 1879 527 corda
1907 471 2273 542 Anovissima
2301 471 2423 527 ideo
2442 482 2802 528 communiter
2824 474 3130 529 celebratur
3156 476 3207 530 in
3233 476 3552 544 novissimo,

314 554 512 623 repleta
533 554 599 609 de
634 553 838 625 Spiritu
868 566 1055 614 sancto
1089 558 1143 613 in
1191 559 1278 615 die
1329 561 1672 617 Pentecostcs
1725 577 1879 617 mon-

314 655 471 705 strat.
497 648 586 717 qui
618 658 803 719 postea
830 665 1047 720 semper
1082 641 1137 706 ei
1164 652 1361 723 ubique
1385 653 1711 734 baptismum
1740 670 1901 729 praes

314 740 641 795 dicavemnt.
676 741 859 797 Tertia
907 745 1162 813 periocha
1207 761 1305 818 per
1342 762 1467 802 suos
1490 747 1729 818 psalmos
1755 763 1884 803 con-

248 880 256 911 :
312 832 445 886 tinet
497 842 747 888 eventum
780 833 930 890 illum
976 837 1067 906 qui
1099 836 1202 893 fuit
1251 853 1318 902 eo
1370 847 1634 909 tempore,
1667 842 1885 911 quando

244 924 256 970 ἒ
313 925 537 995 apostoli
565 926 995 996 prmdicaverunt
1022 930 1368 1000 baptismum,
1397 933 1485 989 cui
1517 934 1730 990 eventui
1754 950 1885 991 con-

245 1015 260 1069 l
312 1015 454 1084 gruit
501 1017 760 1085 psalmus,
810 1019 953 1076 Deus
1006 1031 1183 1077 noster
1229 1024 1513 1095 refugium.
1571 1026 1879 1099 Antiphonti

308 1115 577 1163 monstrat
599 1112 866 1180 quomodo
891 1111 1129 1183 Spiritus
1148 1125 1383 1172 'sanctus
1425 1116 1720 1174 laetiﬁcavit
1755 1135 1883 1190 apo-

307 1199 494 1265 stolos,
534 1209 596 1256 ut
646 1203 1052 1262 sanctiﬁcarent
1094 1207 1503 1264 tabernaculum
1541 1210 1755 1267 Domini
1787 1227 1886 1283 per

306 1291 655 1362 baptismum.
704 1292 897 1350 Castori
951 1310 1140 1352 versus
1191 1307 1391 1355 sonant
1442 1302 1586 1370 quod
1638 1302 1886 1358 homines

308 1382 495 1443 mundi
523 1393 709 1440 contra
727 1386 830 1442 hoc
849 1396 1097 1458 agerent,
1121 1390 1278 1445 sicuti
1303 1400 1429 1447 sunt
1457 1393 1570 1458 isti,
1589 1391 1884 1465 Propterea

310 1489 414 1528 non
466 1474 763 1541 timebimus
791 1477 920 1532 dum
967 1479 1267 1535 turbabitur
1293 1491 1454 1547 terra,
1479 1491 1528 1536 et
1556 1484 1884 1553 transferen-

308 1574 396 1619 tur
419 1575 619 1622 montes
646 1567 703 1622 in
728 1585 821 1623 cor
855 1570 1042 1625 maris.
1079 1570 1385 1631 Sonuerunt
1410 1584 1461 1627 et
1511 1574 1735 1631 turbata:
1762 1585 1885 1631 sunt

307 1673 458 1728 aqua:
484 1674 688 1725 eorum,
741 1661 1040 1717 conturbati
1092 1673 1216 1717 sunt
1245 1673 1447 1719 montes
1486 1665 1543 1720 in
1578 1666 1886 1736 fortitudine

305 1748 441 1817 ejus.
471 1747 740 1817 Psalmus,
778 1748 1001 1807 Cantate
1030 1752 1278 1820 Domino,
1312 1764 1580 1812 monstrat
1600 1759 1741 1828 quod
1765 1775 1885 1815 om-

1985 573 2045 619 ut
2092 579 2459 635 unusnmsque
2519 564 2610 619 tali
2656 574 2831 631 scuto,
2893 567 3077 629 idest,
3110 570 3384 623 communi
3428 584 3555 624 ora-

1986 656 2151 721 tione,
2181 660 2397 711 rediens
2431 656 2499 711 ad
2530 672 2644 720 sua,
2701 657 2977 712 muniatur
3020 667 3208 713 contra
3247 660 3429 715 omnia
3458 660 3556 715 ad-

1983 762 2160 803 versa.
2198 746 2350 801 Ilanc
2393 747 2692 803 orationem
2729 750 2942 803 vocavit
2988 759 3207 804 sanctus
3240 749 3559 807 Ambrosius

1982 839 2408 909 postulationem.
2466 838 2893 894 Postulatinnem
2935 856 3167 910 namque
3228 841 3558 912 Augustinus

1986 932 2204 1002 deputat
2234 948 2286 986 in
2313 933 2556 987 oratione
2583 933 2782 998 missm,
2811 949 2971 1003 quam
3027 934 3164 989 solet
3194 935 3447 989 sacerdos
3474 936 3558 990 di-

1987 1036 2110 1076 cere
2132 1032 2256 1091 post
2296 1023 2748 1078 communionem.
2807 1026 2980 1092 Quam
3014 1026 3331 1081 orationem
3362 1025 3561 1097 ubique

1986 1112 2338 1182 subsequitur
2393 1113 2699 1169 benedictio
2757 1122 2813 1169 et
2877 1115 3175 1184 gratiarum
3231 1116 3420 1171 actio:
3459 1117 3562 1173 hoc

1985 1203 2129 1257 enim
2158 1212 2350 1257 sonant
2393 1204 2579 1269 verba,
2630 1204 3007 1260 Benedicamus
3048 1206 3299 1272 Domino,
3338 1215 3411 1272 et,
3452 1205 3563 1261 Deo

1985 1298 2206 1367 gratias.
2236 1295 2363 1350 Haec
2389 1297 2532 1352 enim
2584 1305 2813 1365 utraque
2842 1298 2909 1352 ad
2963 1299 3259 1367 gratiarum
3292 1299 3563 1355 actionem

1988 1384 2267 1440 referenda
2294 1394 2437 1447 sunt,
2466 1400 2569 1455 qua
2596 1372 3076 1443 oratione'Paulus
3100 1388 3374 1444 concludit
3399 1396 3562 1444 caete-

1986 1491 2076 1531 ras
2106 1476 2401 1530 orationes.

2530 1544 2758 1602 CAPUT
2806 1547 2992 1611 XLVI.

2413 1635 2669 1708 Repetitio
2701 1637 2765 1691 de
2793 1622 3118 1693 Pentecoste.

2057 1726 2186 1783 Post
2213 1728 2498 1797 superiora
2528 1728 2798 1797 descripta
2834 1728 3012 1783 inveni
3069 1731 3263 1785 iterum
3293 1731 3563 1785 authenti—

307 1855 404 1895 nes
431 1840 503 1896 dii
528 1842 771 1912 gentium
803 1853 929 1898 sunt
954 1844 1242 1901 daemonia.
1267 1819 1343 1901 Et
1366 1848 1561 1903 iterum
1589 1819 1657 1903 de
1685 1850 1887 1905 atroci-
1913 1841 1960 1900 B
1988 1834 2112 1873 cm“
2168 1820 2516 1889 perspicuum
2575 1819 2993 1875 Amb‘mia‘mm
3056 1821 3123 1876 de
3172 1823 3563 1892 (ἶυίυίῐυθείηω

307 1943 417 1989 tate
435 1935 717 2005 gentilium
742 1936 1041 1994 inﬁdelium
1057 1948 1114 1995 et
1136 1939 1323 1996 laetitia
1345 1942 1685 1997 credentium
1713 1943 1846 1999 dicit
1868 1961 1881 1999 :

306 2023 712 2082 Commoreatur
767 2045 914 2083 mare
955 2039 1006 2084 et
1054 2029 1323 2103 plenitudo
1373 2033 1488 2103 ejus
1524 2046 1544 2085 :
1590 2034 1889 2105 gaudebunt

306 2117 500 2188 campi,
528 2125 575 2172 et
604 2118 782 2173 omnia
822 2135 940 2190 qua:
969 2121 1026 2176 in
1072 2122 1148 2176 eis
1178 2133 1322 2186 sunt,
1352 2132 1408 2177 et
1439 2124 1666 2194 reliqua.
1703 2124 1887 2180 Domi-

307 2223 408 2262 nus
446 2208 696 2278 regnavit,
727 2208 951 2265 exsultet
987 2219 1151 2277 terra,
1185 2211 1431 2268 (tutentur
1464 2214 1653 2269 insulae
1683 2215 1886 2282 multce,

316 2297 757 2365 prmdicationem
787 2300 1156 2369 apostolorum
1186 2311 1506 2369 monstrant,
1540 2305 1891 2361 nihilominus

307 2396 365 2442 et
390 2388 796 2446 subversionem
824 2372 1110 2449 idolorum.
1143 2393 1224 2449 Ita
1251 2395 1428 2466 inquit
1454 2412 1641 2453 versus
1678 2415 1691 2451 :
1735 2397 1888 2452 Allu-

306 2494 499 2538 xerunt
532 2483 747 2555 fulgura
768 2486 885 2558 ejus
906 2486 1046 2542 orbis
1078 2497 1253 2555 terror,
1276 2490 1404 2544 uidit
1438 2499 1486 2544 et
1512 2500 1770 2545 commota
1790 2501 1886 2545 est.

312 2573 519 2633 Montes
553 2578 690 2631 sicut
717 2593 840 2633 cera
885 2580 1154 2650 ﬂuxerunt
1179 2596 1212 2634 a
1239 2580 1377 2650 facie
1422 2581 1659 2647 Domini,
1691 2599 1724 2636 a
1754 2582 1891 2652 facie

309 2668 522 2725 Domini
545 2672 714 2727 omnis
739 2681 921 2740 terra;
955 2682 1013 2729 et
1039 2673 1094 2728 in
1108 2674 1508 2743 sequentibus:
1541 2672 1889 2747 Confundan-

311 2768 402 2812 tur
425 2775 603 2816 omnes
626 2761 719 2832 qui
745 2762 974 2819 adorant
997 2762 1283 2835 sculptilia.

892 2892 1120 2950 CAPUT
1155 2892 1315 2950 XLV.

388 3005 460 3061 De
490 3024 637 3063 uersu
666 3009 929 3079 repetitio,
952 3019 998 3063 et
1025 3008 1090 3063 de
1113 3006 1439 3085 Pentecoste,
1465 3019 1513 3064 et
1536 3009 1601 3063 de
1630 3009 1813 3067 calice.

389 3123 584 3178 Versus
613 3124 719 3178 hoc
746 3121 908 3179 habet
958 3121 1230 3194 singulare
1258 3131 1318 3177 ut
1343 3125 1544 3179 excitet
1568 3125 1730 3179 corda
1760 3140 1889 3181 can-

1990 1912 2181 1966 dielzus
2208 1919 2332 1982 post
2381 1911 2610 1967 Pascha.
2645 1911 2799 1979 Quod
2851 1913 3016 1968 malui
3072 1915 3162 1970 hic
3193 1915 3562 1980 introducere,

1990 2002 2236 2071 quamvis
2271 2017 2378 2057 non
2407 2002 2463 2056 in
2491 2018 2589 2058 suo
2626 2003 2763 2069 loco,
2818 2020 2982 2076 quam
3012 2004 3226 2077 pigritia
3257 2007 3559 2077 pneterire.

1990 2094 2130 2149 Dicit
2156 2093 2476 2151 Ambrosius
2500 2095 2554 2150 in
2594 2104 2831 2151 tractatu
2858 2111 3021 2166 super
3048 2095 3248 2152 Lucam
3281 2112 3297 2151 :
3339 2096 3565 2165 Majorcs

1991 2187 2145 2242 nobis
2177 2187 2466 2250 tradidere,
2528 2185 2879 2244 Pentecostes
2930 2203 3118 2244 omnes
3174 2188 3564 2261 quinquaginta

1990 2276 2105 2332 dies
2131 2286 2190 2330 ut
2240 2276 2461 2333 Pascha:
2490 2277 2861 2334 celebrandos.
2915 2279 2983 2334 Et
3006 2289 3126 2351 post
3176 2295 3391 2350 pauca:
3422 2280 3566 2351 Ergo

1941 2395 1947 2401 -
1992 2383 2087 2437 per
2114 2369 2212 2423 hos
2242 2369 2633 2441 quinquaginta
2663 2369 2780 2425 dies
2800 2368 3066 2438 jejunium
3093 2372 3267 2426 nescit
3299 2370 3562 2437 Ecclesia,

1989 2462 2131 2517 sicut
2158 2460 2440 2517 Dominica
2463 2477 2568 2531 qua
2594 2462 2857 2519 Dominus
2880 2463 3198 2531 resurrexit,
3226 2471 3282 2519 et
3307 2472 3432 2520 sunt
3454 2478 3544 2518 om

1992 2566 2088 2607 nes
2113 2552 2228 2608 dies
2254 2560 2512 2623 tanquam
2542 2553 2843 2609 Dominica.

2542 2666 2771 2724 CAPUT
2796 2668 3000 2724 XLVII.

2419 2756 2675 2829 Repetitio
2716 2758 2782 2814 de
2821 2759 3134 2816 Pentecoste.

2059 2847 2382 2921 Nuperrime
2436 2858 2796 2906 monstratum
2838 2860 2925 2907 est
2970 2852 3125 2918 mihi,
3154 2862 3214 2908 ut
3241 2862 3373 2923 puto
3397 2855 3465 2909 ab
3491 2870 3559 2910 eo

1990 2939 2083 3008 qui
2141 2938 2283 3011 quod
2312 2941 2505 3011 aperit,
2560 2958 2709 2996 nemo
2744 2941 2966 3008 claudit,
2995 2944 3125 3013 quid
3174 2945 3571 3002 rationabiliter

1993 3031 2169 3101 possit
2196 3031 2300 3087 dici
2326 3032 2392 3090 de
2416 3048 2647 3102 corpore
2673 3033 2889 3089 Domini
2916 3034 3094 3104 posito
3122 3035 3177 3090 in
3207 3036 3392 3104 altari,
3419 3047 3476 3093 et
3499 3038 3566 3094 de

1991 3120 2161 3178 calice
2182 3136 2251 3176 ex
2288 3121 2457 3178 latere
2491 3122 2633 3193 ejus,
2684 3122 2834 3179 salvo
2886 3125 3195 3197 magisterio
3247 3141 3436 3182 eorum
3470 3128 3566 3197 qui

312 3212 542 3268 tantium
573 3213 643 3269 ad
668 3212 1050 3283 requirendam
1079 3213 1275 3269 faciem
1294 3214 1505 3269 Domini
1533 3216 1587 3269 in
1614 3216 1882 3271 oratione.
1914 3205 1959 3266 C
1991 3214 2127 3269 alias
2173 3223 2231 3270 et
2266 3215 2460 3271 melius
2514 3217 2647 3271 mihi
2705 3217 2894 3272 volunt
2945 3219 3158 3289 aperire
3204 3219 3476 3289 quomodo
3510 3227 3568 3276 et

309 3306 514 3362 Idcirco
543 3305 841 3378 sepissime
867 3314 994 3362 aute
1035 3307 1337 3361 orationem
1366 3306 1642 3377 praecedit.
1678 3307 1889 3363 Versus
1990 3320 2160 3374 quare
2190 3305 2349 3360 aliter
2397 3306 2554 3374 panis
2612 3309 2894 3376 ponendus
2918 3309 2989 3363 sit
3042 3309 3095 3363 in
3127 3309 3307 3376 altari,
3335 3321 3391 3366 et
3419 3312 3566 3367 calix

308 3397 403 3468 qui
432 3398 633 3454 dicitur
656 3398 710 3452 in
728 3396 1033 3453 nocturnali
1058 3395 1253 3458 ollicio,
1285 3405 1412 3451 ante
1438 3396 1745 3451 orationem
1767 3413 1888 3466 qua:
1985 3393 2140 3463 juxta
2167 3411 2311 3450 eum.
2338 3395 2526 3450 Altare
2573 3412 2705 3452 crux
2734 3397 2938 3454 Christi
2965 3409 3068 3462 est,
3120 3401 3188 3455 ab
3217 3416 3283 3456 eo
3332 3400 3450 3457 loco
3475 3400 3569 3458 ubi

307 3489 567 3559 praecedit
593 3489 905 3555 lectionem,
942 3489 1151 3545 intenta
1177 3489 1292 3544 vult
1344 3489 1527 3545 facere
1551 3490 1714 3545 corda
1743 3506 1917 3561 [mn--
1992 3486 2256 3556 scriptum
2310 3494 2396 3541 est
2446 3487 2503 3541 in
2531 3502 2739 3542 canone
2770 3506 2783 3542 :
2822 3487 2970 3544 Unde
2990 3501 3037 3545 et
3059 3508 3313 3546 memores
3363 3502 3643 3558 sumus,”

308 3579 547 3636 sontium
574 3579 642 3634 ad
667 3578 973 3635 lectionem.
1032 3579 1228 3637 Notum
1254 3589 1340 3635 est
1392 3582 1539 3650 quod
1563 3582 1735 3637 sessio
1763 3582 1885 3653 plus

310 3670 550 3743 pertinet
607 3671 674 3724 ad
729 3671 1074 3726 securitatem
1137 3687 1300 3742 quam
1358 3673 1540 3727 statio.
1611 3672 1892 3729 Securitas

308 3764 457 3820 etiim
488 3763 632 3833 parit
660 3762 1041 3835 negligentiam
1073 3764 1213 3820 inter
1240 3764 1481 3835 ignavos.
1515 3764 1641 3821 Ideo
1672 3779 1881 3836 prame-

308 3856 391 3911 dit
413 3856 588 3911 oratio
615 3863 743 3911 ante
796 3855 1119 3922 sessionem,
1151 3863 1210 3910 ut
1232 3856 1444 3912 Domini
1497 3858 1766 3927 protectio
1798 3873 1892 3912 no-

310 3954 426 4002 stra
455 3946 621 4003 corda
653 3946 850 4017 eripiat
873 3945 941 4002 ab
989 3946 1139 4001 omni
1193 3947 1487 4003 securitate
1516 3948 1719 4004 fallaci.
1751 3948 1891 4004 Ante

312 4037 543 4107 hymnos
594 4035 929 4107 Magni/ient,
980 4044 1035 4090 et
1073 4035 1384 4091 Benedictus
1435 4037 1693 4093 Dominus
1748 4037 1893 4093 Deus

313 4130 508 4199 Israel,
535 4132 797 4203 praecedit
820 4147 1032 4199 versus,
1087 4132 1343 4202 quoniam
1373 4133 1453 4189 sic
1482 4134 1742 4189 debemus
1770 4148 1893 4189 esse

312 4222 601 4293 vigilantes
630 4231 687 4279 et
708 4223 898 4279 intenti
924 4224 993 4278 ad
1019 4225 1182 4278 verba
1210 4223 1533 4295 hymnorum
1560 4232 1889 4280 memorato-

312 4331 437 4370 rum
473 4324 533 4371 ut
560 4316 614 4371 in
643 4316 905 4371 oratione.
937 4315 995 4370 lu
1025 4316 1238 4371 ueteris
1283 4316 1531 4372 cursibus
1550 4325 1675 4371 ante
1713 4316 1892 4372 novis-

312 4405 508 4460 simam
560 4406 860 4462 orationem
912 4406 1187 4478 prtecedit.
1247 4405 1433 4461 Oratio
1479 4415 1535 4462 et
1588 4407 1890 4463 benedictio

312 4510 531 4568 semper
556 4496 610 4552 in
638 4496 745 4552 ﬁne
770 4504 919 4562 sunt.
973 4506 1264 4565 antequam
1289 4494 1668 4566 disjungautur
1690 4497 1891 4551 fratres

312 4588 513 4660 singuli
538 4588 607 4644 ad
636 4588 904 4660 propria..
935 4587 1138 4644 Morem
1164 4594 1312 4643 tenet
1361 4588 1464 4642 iste
1491 4603 1624 4642 usus
1650 4588 1890 4658 antiquae

313 4679 588 4736 Ecclesiae.
652 4679 731 4736 Ita
792 4679 990 4750 legitur
1016 4678 1074 4734 in
1132 4677 1357 4733 Actibus
1418 4678 1785 4748 apostolorum
1824 4679 1892 4735 de

310 4769 500 4833 Paulo,
529 4769 746 4841 quando
772 4768 999 4825 recessit
1026 4767 1095 4824 ab
1126 4766 1365 4837 Epheso,
1390 4775 1447 4822 et
1475 4766 1725 4838 Ephesiis
1751 4781 1889 4835 prae-

310 4862 452 4916 dixit
472 4860 587 4933 jam
616 4859 813 4917 faciem
842 4875 997 4916 suam
1023 4875 1129 4915 non
1172 4858 1385 4914 visuros
1404 4874 1500 4914 eos
1527 4856 1760 4929 amplius
1788 4873 1803 4921 ;
1836 4866 1892 4910 et

274 4984 281 4990 ι
312 4969 436 5010 cum
462 4953 579 5009 lucc
632 4953 878 5017 dixisset,
924 4953 1118 5022 positis
1162 4950 1392 5023 genibus
1420 4950 1534 5006 suis
1561 4964 1686 5005 cum
1713 4947 1892 5003 omni—

312 5046 415 5099 bus
437 5044 544 5099 illis
591 5044 788 5099 oravit.
830 5042 1090 5111 Similiter
1116 5042 1330 5113 quando
1361 5042 1427 5098 de
1473 5030 1617 5112 Tyro
1642 5039 1888 5105 recessit,

311 5133 700 5190 Deducentibus
748 5151 843 5190 nos
892 5133 1129 5188 omnibus
1180 5149 1299 5188 cum
1353 5132 1605 5187 uxoribus
1661 5140 1709 5185 et
1760 5130 1889 5200 filiis

313 5244 478 5298 usque
529 5228 675 5299 foras
723 5228 1006 5291 civitatem,
1058 5236 1108 5283 et
1139 5226 1321 5297 positis
1376 5225 1590 5295 genibus
1635 5223 1691 5279 in
1716 5222 1889 5277 littore

310 5320 646 5376 orabamus:
678 5329 727 5374 et
755 5335 876 5375 cum
914 5316 1330 5388 calefecissemus
1370 5315 1611 5380 invicem,
1650 5314 1889 5369 ascendi~

309 5427 430 5470 ntus
468 5412 524 5471 in
554 5413 769 5478 navim;
822 5411 902 5467 illi
953 5419 1128 5466 autem
1158 5410 1427 5466 redierunt
1458 5406 1525 5463 ad
1554 5424 1673 5463 sua.
1699 5405 1889 5463 Oratio

1964 3580 2295 3649 usquedum
2327 3580 2616 3636 involvitur
2650 3581 2791 3637 calix
2837 3582 2902 3636 de
2952 3584 3175 3637 sudario
3203 3584 3416 3640 diaconi
3447 3585 3565 3641 vice

1990 3672 2213 3746 Joseph,
2259 3674 2352 3745 qui
2383 3675 2608 3731 involvit
2628 3691 2826 3746 corpus
2874 3677 3087 3731 Domini
3139 3677 3370 3733 sindone
3398 3685 3455 3733 et
3476 3693 3569 3732 su-

1992 3765 2164 3821 dario.
2206 3765 2282 3821 De
2308 3781 2416 3836 quo
2441 3766 2602 3821 altari
2631 3767 2764 3822 dicit
2793 3766 2935 3822 Beda
2965 3768 3202 3823 secundo
3232 3768 3371 3824 libro
3400 3785 3564 3839 super

1991 3858 2345 3930 Apocalypsin
2379 3877 2392 3911 :
2424 3856 2547 3913 Alia
2607 3859 2774 3914 editio
2839 3857 3023 3924 habet,
3088 3876 3247 3930 super
3297 3875 3565 3925 aram,eo

1991 3951 2135 4021 quod
2165 3966 2330 4021 super
2356 3952 2531 4008 altare
2560 3953 2742 4008 crucis
2766 3952 3100 4009 tburibulum
3132 3968 3289 4008 suum
3314 3969 3563 4020 aureum,

1993 4042 2044 4099 id
2069 4051 2172 4107 est,
2201 4058 2399 4113 corpus
2426 4042 2853 4108 immaculatum,
2905 4050 2963 4098 et
2997 4041 3201 4112 Spiritu
3228 4052 3417 4098 sancto
3441 4060 3566 4099 con-

1992 4146 2205 4206 ceptum
2231 4133 2648 4189 obtuleritPatri
2671 4148 2770 4203 pro
2795 4133 2972 4187 nobis.
3001 4132 3168 4187 Panis
3192 4139 3453 4187 extensus
3470 4148 3565 4188 su-

1990 4242 2089 4299 per
2139 4226 2311 4282 altare
2371 4241 2567 4294 corpus
2595 4224 2807 4280 Domini
2875 4232 3144 4278 monstrat
3185 4232 3470 4279 extensum
3511 4224 3566 4278 in

1993 4331 2177 4381 cruce,
2210 4315 2353 4385 quod
2379 4330 2478 4369 nos
2508 4314 2915 4368 manducamus.
2980 4314 3175 4368 Vinum
3203 4322 3259 4369 et
3284 4329 3481 4384 aquam
3510 4314 3565 4368 in

1992 4406 2160 4460 calice
2181 4412 2483 4458 monstrant
2516 4412 2880 4469 sacramenta,
2909 4419 3030 4473 qua:
3058 4404 3125 4458 de
3156 4403 3326 4459 latere
3354 4404 3567 4459 Domini

1996 4496 2050 4550 in
2078 4509 2240 4550 cruce
2296 4492 2592 4557 ﬂuxerunt,
2623 4492 2677 4547 id
2734 4501 2841 4558 est,
2899 4493 3221 4563 sanguinem
3248 4502 3304 4548 et
3347 4507 3565 4562 aquam,

1993 4586 2191 4658 quibus
2221 4600 2320 4641 nos
2346 4592 2499 4654 potat
2530 4585 2791 4641 Dominus
2820 4592 3022 4641 noster.
3056 4585 3132 4640 De
3158 4601 3265 4655 quo
3293 4594 3423 4654 potu
3448 4601 3569 4656 my-

1994 4678 2131 4734 stice
2162 4677 2294 4733 dicit
2348 4684 2681 4731 memoratus
2730 4675 3049 4731 Ambrosius
3098 4676 3152 4731 in
3203 4674 3339 4731 libro
3364 4688 3573 4731 memo—
3669 4721 3674 4725 .

1993 4778 2148 4824 rato:
2178 4766 2373 4835 Quaero
2404 4766 2569 4822 etiam
2600 4781 2699 4820 cur
2725 4774 2854 4821 ante
2901 4773 3133 4821 mortem
3189 4781 3294 4821 non
3320 4768 3569 4821 inventa-

1994 4877 2117 4916 mus
2146 4875 2266 4917 esse
2291 4873 2631 4930 percussum,
2665 4868 2786 4927 post
2816 4867 3043 4912 mortem
3076 4857 3431 4922 inveniamus,
3462 4857 3568 4912 nisi

1993 4952 2134 5007 forte
2158 4958 2220 5005 ut
2246 4959 2403 5019 potus
2432 4949 2549 5021 ejus
2573 4948 2744 5004 fuisse
2792 4949 3069 5013 doceatur,
3094 4956 3150 5002 et
3177 4948 3421 5004 ordinem
3450 4961 3569 5019 my-

1994 5042 2185 5097 sticum
2218 5040 2567 5105 noverimus;
2597 5039 2725 5109 quia
2759 5054 2865 5092 non
2888 5046 3013 5093 ante
3041 5037 3227 5093 altaris
3253 5051 3565 5093 sacramen-

1996 5142 2071 5196 ta,
2122 5140 2244 5202 post
2283 5132 2634 5200 baptismum,
2687 5128 2780 5185 sed
2832 5129 3157 5197 baptismum
3209 5136 3354 5191 ante,
3401 5132 3456 5179 et
3486 5124 3568 5177 sic

1994 5224 2266 5295 poculum.
2319 5222 2386 5277 Et
2442 5222 2600 5293 paulo
2657 5229 2827 5291 post:
2860 5220 3015 5291 Aqua
3066 5220 3213 5276 enim
3249 5228 3304 5273 et
3349 5215 3566 5287 sanguis

1995 5314 2152 5371 exit.
2186 5313 2275 5370 illa
2321 5328 2441 5384 qua:
2486 5312 2676 5377 diluat,
2711 5312 2814 5368 iste
2861 5310 2955 5381 qui
3010 5310 3256 5365 redimat.
3310 5305 3568 5359 Bibamus

1994 5422 2125 5479 ergo
2149 5405 2381 5479 pretium
2415 5414 2679 5470 nostrum,
2715 5412 2772 5458 ut
2802 5403 3030 5459 bibendo
3059 5398 3407 5456 redimamur.

1665 5664 2195 5690 w
