4000 6178
385 314 404 365 l
415 311 520 367 Ἱὲῧ

1417 302 1746 358 AMALABII
1786 299 2218 356 PRESBYTERI
2258 294 2597 352 METENSIS

3503 287 3646 343 ιιιι

394 432 3655 470 ww”

1003 590 2002 716 SYMPEOSII
2074 586 3035 700 AMALARII

1276 805 1619 865 METENSIS
1666 799 2101 858 PRESBYTER!
2147 798 2234 854 ET
2273 794 2764 854 CHOREPISCOPI

653 979 1122 1106 LIBER
1215 974 1412 1097 DE
1509 962 2088 1096 ORDINE
2185 954 3330 1086 ANTIPHONARII

976 1277 1364 1336 PROLOGUS.

820 1375 895 1428 De
938 1355 1542 1440 ordine-Antiphonarii.

470 1469 605 1524 Cum
637 1468 796 1536 longo
825 1473 1070 1534 tempore
1107 1461 1268 1516 tmdio
1295 1458 1520 1513 allectus
1547 1469 1722 1510 essem
1749 1458 1974 1522 propter

398 1558 825 1630 Antiphonarios
880 1553 1256 1610 discordantes
1283 1551 1424 1604 inter
1468 1562 1526 1602 se
1556 1547 1611 1600 in
1641 1554 1822 1598 nostra
1849 1557 1974 1612 pro-

399 1652 600 1709 vincia.
656 1645 900 1703 moderni
949 1644 1092 1700 enim
1121 1642 1224 1696 alio
1259 1639 1448 1695 ordine
1490 1635 1784 1693 currebant
1810 1647 1974 1703 quam

403 1743 619 1806 vetusti,
651 1752 703 1797 et
730 1739 858 1810 quid
885 1739 1006 1810 plus
1053 1734 1393 1790 retinendum
1425 1737 1587 1791 esset,
1621 1727 1928 1782 nesciebam
1956 1740 1971 1789 ;

404 1835 604 1904 placuit
631 1833 679 1888 ei
707 1832 798 1903 qui
829 1830 1066 1884 omnibus
1094 1827 1273 1881 tribuit
1300 1825 1587 1897 afﬂuenter,
1615 1820 1684 1874 ab
1709 1819 1812 1873 hoc
1827 1832 1977 1871 scru-

403 1926 530 1998 pulo
571 1925 800 1980 liberare
854 1937 960 1987 me,
998 1921 1216 1975 inventa
1255 1917 1408 1986 cepia
1462 1910 1975 1982 Antiphonariorum

405 2022 460 2076 in
486 2016 814 2072 monasterio
847 2011 1179 2073 Corbeiensi,
1233 2009 1286 2064 id
1312 2016 1414 2072 est,
1450 2006 1551 2060 tria
1603 2001 1875 2057 volumina
1911 2000 1977 2054 de

407 2107 708 2163 nocturnali
764 2103 963 2167 ofﬁcio,
995 2110 1048 2155 et
1102 2107 1382 2169 quartum,
1444 2093 1586 2164 quod
1639 2089 1978 2147 solummodo

402 2197 714 2255 continebat
763 2194 1023 2255 dim-nale,
1085 2189 1288 2247 certavi
1347 2205 1379 2242 a
1436 2185 1623 2257 pelago
1650 2181 1979 2238 curiositatis

402 2295 629 2349 carbasa
685 2291 904 2346 tendere
970 2289 1037 2342 ad
1097 2295 1313 2357 portum
1368 2280 1790 2354 tranquillitatis.
1841 2277 1978 2333 Nam

406 2387 620 2457 quando
647 2385 721 2440 fui
754 2384 950 2438 missus
1004 2380 1230 2435 Romam
1259 2395 1287 2432 a
1316 2387 1504 2432 sancto
1538 2381 1595 2430 et
1628 2370 1978 2428 Christianis-

410 2479 549 2534 simo
597 2477 924 2547 imperatore
970 2470 1242 2526 Ludovico
1282 2469 1349 2523 ad
1380 2475 1625 2522 sanctum
1651 2475 1707 2519 et
1730 2475 1980 2517 reveren-

409 2570 692 2625 dissimum
743 2581 937 2636 papam
990 2563 1310 2632 Gregorium
1364 2559 1430 2614 de
1484 2555 1799 2612 memoratis
1826 2551 1980 2607 volu—

1995 1269 2045 1328 Α
2070 1261 2413 1330 astipulatur,
2447 1273 2554 1312 non
2581 1255 2822 1311 dubitavi
2869 1255 3024 1325 sequi
3052 1256 3107 1310 in
3156 1263 3348 1310 nostro
3392 1255 3666 1326 Antipho—

2074 1352 2230 1408 nario
2267 1366 2329 1405 ea
2357 1349 2538 1420 potius
2566 1363 2684 1418 qua:
2712 1346 2956 1402 historiae
2983 1354 3039 1401 et
3067 1346 3263 1400 rationi
3291 1346 3443 1402 istius
3470 1351 3560 1402 vel
3591 1349 3665 1404 il-

2073 1444 2177 1499 lius
2207 1441 2517 1497 festivitatis
2543 1440 2657 1494 visa
2707 1448 2837 1494 sunt
2895 1453 3214 1509 congruere.
3254 1439 3353 1495 Ubi
3376 1441 3668 1496 ordinabi-

2073 1533 2179 1588 lius
2201 1534 2376 1587 visum
2424 1539 2509 1586 est
2538 1529 2669 1585 mihi
2718 1530 2984 1600 scriptum
3013 1529 3205 1584 haberi
3237 1530 3291 1584 in
3321 1530 3664 1602 Antiphona-

2075 1627 2156 1682 rio
2193 1626 2438 1680 Romano
2465 1637 2628 1693 quam
2657 1622 2711 1676 in
2741 1629 2948 1686 nostro,
2999 1621 3074 1676 ibi
3113 1623 3306 1693 scripsi
3335 1623 3386 1677 in
3409 1625 3667 1693 margine

2078 1717 2143 1771 ll.
2182 1725 2402 1788 propter
2435 1715 2620 1770 orbem
2668 1713 2819 1768 urbis
2868 1713 3053 1768 Romae
3085 1730 3100 1780 ;
3139 1723 3193 1770 et
3225 1717 3316 1770 ubi
3368 1717 3424 1770 in
3461 1726 3661 1773 nostro

2075 1808 2146 1862 Μ.
2177 1816 2398 1878 propter
2427 1805 2720 1860 Metensem
2746 1805 3048 1868 civitatem;
3089 1806 3179 1860 ubi
3212 1815 3461 1861 nostrum
3504 1809 3662 1880 inge—

2076 1901 2225 1957 nium
2263 1899 2524 1970 cogitavit
2567 1897 2766 1968 aliquid
2799 1913 2958 1969 posse
2980 1897 3355 1954 rationabilius
3384 1899 3492 1954 illis
3514 1902 3670 1956 ordi-

2077 2009 2239 2058 nare,
2278 1992 2320 2046 l.
2345 1992 2407 2048 C.
2448 1999 2670 2062 propter
2699 1989 3087 2061 indulgentiam
3110 1997 3166 2044 et
3189 1990 3538 2046 charitatem.
3578 1990 3668 2046 ld-

2077 2087 2226 2142 circo
2260 2099 2455 2155 precor
2484 2091 2740 2136 cantores
2763 2090 2820 2135 ut
2840 2096 2946 2136 non
2978 2081 3127 2151 prius
3153 2081 3455 2152 despiciant
3479 2093 3672 2138 nostra

2078 2194 2241 2250 quam
2271 2175 2568 2232 discutiant
2587 2190 2651 2230 ea
2668 2175 2824 2245 juxta
2849 2175 3093 2248 ordinem
3118 2175 3376 2230 librorum
3404 2185 3457 2230 et
3478 2185 3673 2231 rotun-

2079 2271 2306 2326 ditatem
2344 2266 2591 2323 rationis.
2641 2252 2780 2321 Etsi
2827 2266 3130 2321 invenerint
3155 2267 3336 2322 minus
3363 2282 3672 2340 congruere

2055 2361 2142 2416 'ea
2169 2359 2343 2416 ordini
2372 2357 2635 2413 librorum
2668 2366 2726 2413 et
2759 2356 2956 2411 rationi
2985 2357 3145 2412 alicui
3163 2395 3178 2422 ,
3217 2357 3350 2412 dent
3379 2358 3669 2430 indulgen-

2080 2452 2214 2506 tiam
2260 2465 2396 2506 meze
2439 2448 2753 2520 imperitia;
2799 2448 2884 2503 sin
2925 2455 3104 2502 autem
3133 2487 3150 2514 ,
3208 2461 3317 2504 non
3362 2448 3674 2518 despiciant

2081 2544 2246 2600 edere
2277 2551 2464 2598 nostra
2490 2541 2674 2605 olera,
2705 2556 2826 2612 quae
2849 2541 3011 2596 rubra
3041 2549 3182 2595 testa
3223 2540 3330 2596 illis
3369 2542 3668 2596 ministrat.

409 2661 664 2724 minibus,
697 2628 882 2712 retulit
933 2655 1064 2710 mihi
1102 2628 1176 2708 ita
1225 2653 1368 2707 idem
1421 2664 1558 2720 papa
1596 2667 1608 2700 :
1649 2645 1988 2714 Antiphona-
2015 2628 2063 2688 Β
2090 2634 2148 2688 ιιι
2177 2634 2424 2690 versibus
2449 2648 2586 2704 quos
2608 2648 2746 2703 pene
2771 2641 3008 2688 mutatos
3030 2632 3281 2704 reperiet,
3311 2633 3358 2688 si
3384 2633 3528 2689 forte
3550 2635 3676 2704 quis

409 2754 548 2807 rium
575 2767 682 2806 non
712 2750 887 2804 habeo
911 2762 1071 2817 quem
1106 2745 1309 2816 possim
1361 2742 1577 2797 mittere
1609 2738 1718 2793 ﬁlio
1743 2751 1865 2792 meo
1893 2734 1989 2788 do-

413 2843 560 2898 mino
609 2838 952 2911 imperatori,
1016 2837 1271 2906 quoniam
1331 2833 1431 2888 hos
1497 2845 1634 2901 quos
1699 2826 1987 2882 habuimus

414 2934 570 2988 Wala
597 2932 813 3003 quando
859 2929 1073 2984 functus
1097 2936 1182 2982 est
1213 2926 1320 2980 huc
1348 2923 1609 2994 legatione
1655 2918 1856 2987 aliqua,
1889 2915 1988 2970 ab—

413 3027 568 3084 duxit
590 3041 684 3082 eos
704 3025 833 3079 hinc
858 3037 1040 3077 secum
1094 3021 1148 3074 in
1177 3017 1484 3072 Franciam.
1535 3013 1665 3081 Quae
1691 3015 1990 3066 memorata

412 3118 686 3174 volumina
735 3113 936 3171 contuli
989 3127 1110 3166 cum
1148 3109 1350 3164 nostris
1374 3102 1804 3175 Antiphonariis,
1835 3101 1990 3155 inve-

417 3213 582 3282 nique
605 3224 670 3264 ea
721 3207 1029 3274 discrepare
1053 3219 1082 3256 a
1112 3201 1313 3256 nostris
1341 3213 1445 3253 non
1493 3196 1667 3252 solum
1697 3194 1750 3248 in
1779 3191 1988 3248 ordine.

415 3280 605 3358 verum
631 3298 796 3354 etiam
825 3297 878 3350 in
925 3293 1104 3348 verbis
1138 3301 1193 3347 ct
1242 3285 1586 3344 multitudine
1621 3280 1994 3354 responsorio-

415 3407 536 3450 rum
563 3400 617 3446 et
641 3389 1086 3458 antiphonarum,
1114 3399 1250 3454 quas
1265 3383 1371 3437 nos
1391 3395 1499 3434 non
1527 3386 1834 3432 cantamus.
1859 3372 1994 3426 Nam

419 3493 474 3544 in
509 3483 692 3538 multis
740 3478 1114 3535 rationabilius
1168 3482 1366 3530 statuta
1405 3471 1580 3541 reperi
1633 3475 1818 3522 nostra
1847 3463 1996 3518 volu-

419 3576 568 3630 mina
608 3587 772 3643 quam
805 3579 985 3624 essent
1043 3567 1151 3620 illa.
1191 3563 1424 3618 Mirabar
1475 3557 1744 3629 quomodo
1793 3553 1996 3608 factum

417 3669 488 3723 sit
521 3666 666 3737 quod
709 3673 883 3718 mater
936 3669 990 3716 et
1017 3659 1126 3714 ﬁlia
1169 3665 1374 3712 tantum
1421 3670 1451 3708 a
1492 3668 1550 3708 se
1603 3651 1994 3720 discreparent.

418 3757 600 3813 inveni
652 3755 705 3809 in
746 3768 854 3808 uno
881 3751 1154 3806 volumine
1191 3753 1616 3802 memoratorum
1660 3741 1994 3810 Antiphonta-

418 3848 625 3901 riorum
658 3861 728 3898 ex
755 3845 838 3898 his
872 3857 992 3911 qua:
1026 3839 1166 3894 infra
1219 3836 1666 3897 continebantur,
1715 3845 1838 3885 esse
1867 3829 1999 3883 illud

415 3937 725 3991 ordinatum
771 3933 948 4004 prisco
1001 3940 1246 4000 tempore
1270 3928 1336 3982 ab
1365 3925 1606 3980 Adriano
1654 3920 1986 3992 Apostolico.

415 4025 656 4097 Cognovi
682 4032 865 4079 nostra
889 4020 1160 4076 volumina
1196 4017 1500 4086 antiquiora
1545 4029 1667 4070 esse
1704 3991 1991 4082 aliquanto
2019 3991 2062 4052 Ο

419 4129 658 4188 tempore
688 4114 956 4172 volumine
983 4111 1073 4168 illo
1105 4111 1362 4166 Romanae
1392 4107 1563 4162 urbis.
1595 4105 1654 4160 ln
1685 4103 1884 4174 quibus
1909 4111 1992 4157 ta—

419 4226 540 4266 men
567 4208 764 4264 alicubi
796 4203 1026 4279 cognovi
1051 4201 1251 4273 corrigi
1284 4214 1445 4271 posse
1473 4205 1660 4253 nostra
1687 4195 1755 4249 ab
1784 4194 1912 4259 illis,
1940 4201 1997 4248 et

421 4306 472 4358 in
485 4303 751 4374 aliquibus
766 4310 954 4357 nostra
969 4312 1090 4354 esse
1105 4294 1479 4351 rationabilius
1495 4301 1551 4347 et
1573 4291 1742 4346 satius
1767 4295 1994 4351 statuta,

418 4403 478 4450 ut
505 4392 713 4464 pratuli
755 4405 772 4446 :
812 4389 1017 4459 arripui
1041 4386 1277 4441 medium
1307 4384 1449 4439 inter
1475 4391 1726 4451 utraque,
1763 4387 1871 4433 uta
1900 4393 1998 4431 no-

419 4486 568 4551 stris,
595 4485 687 4541 ubi
711 4484 901 4540 melius
933 4492 1092 4539 erant
1115 4483 1389 4545 ordinata,
1417 4495 1523 4534 non
1548 4477 1910 4537 discederem;
1945 4483 2001 4528 et

423 4580 511 4634 ubi
533 4587 786 4648 poterant
807 4576 1005 4648 corrigi
1023 4573 1432 4630 avoluminibus
1449 4571 1622 4636 urbis,
1640 4583 1747 4624 non
1769 4566 2001 4637 neglige-

423 4688 559 4737 rcm,
577 4687 672 4726 seu
703 4671 757 4726 in
776 4671 983 4736 ordine,
1001 4684 1095 4726 seu
1125 4668 1180 4724 in
1205 4667 1404 4722 verbis.
1422 4663 1524 4721 Ubi
1554 4663 1724 4718 nostri
1755 4659 1996 4715 moderni

422 4775 672 4820 cantores
701 4764 1077 4820 rationabilius
1121 4760 1450 4817 authenticis
1479 4757 1661 4813 verbis
1693 4760 2000 4809 statuerunt

423 4857 603 4912 ofﬁcia
635 4872 755 4922 sua,
787 4855 1074 4912 dividendo
1104 4853 1428 4924 antiphonas
1453 4865 1550 4920 per
1577 4847 1758 4910 ferias,
1789 4860 1996 4900 necnon

423 4958 479 5004 et
508 4949 901 5019 responsorios,
929 4957 984 5002 et
1009 4948 1062 5002 in
1106 4943 1490 5001 festivitatibus
1517 4948 1830 4995 sanctorum
1858 4937 1996 4992 anti-

426 5042 632 5112 phocas
681 5039 1049 5094 distribuendo
1102 5036 1328 5108 singulis
1371 5032 1569 5104 vigiliis
1614 5047 1758 5094 suas,
1806 5029 1999 5098 scripsi

427 5137 602 5210 primo
626 5135 872 5190 ordinem
907 5133 1232 5198 Romanum,
1291 5131 1413 5186 dein
1453 5137 1761 5184 nostrorum
1805 5134 1996 5181 canto-

430 5243 568 5287 rum.
603 5229 671 5284 Et
701 5227 789 5283 ubi
822 5226 982 5282 talem
1037 5226 1281 5281 ordinem
1313 5221 1763 5293 reperi-deﬁcere
1792 5217 2000 5272 addidi-

430 5340 549 5378 mus
602 5321 752 5378 illum
795 5335 861 5375 ex
891 5319 1134 5388 utrisque
1185 5315 1566 5378 voluminibus,
1600 5321 1657 5367 ut
1687 5329 1745 5368 se
1776 5313 1997 5367 demon-
2025 5356 2078 5416 D

427 5416 675 5470 strabunt
712 5413 861 5469 feria:
893 5419 946 5467 et
972 5408 1318 5466 hebdomada:
1365 5415 1490 5461 ante
1538 5404 1870 5459 nativitatem
1896 5403 1999 5455 Do-

431 5509 582 5572 mini,
629 5517 686 5563 et
734 5505 1069 5562 hebdomada
1108 5499 1405 5558 Paschalis.
1450 5499 1553 5554 Ubi
1586 5497 1720 5566 ordo
1777 5509 2000 5563 respon-

430 5601 701 5655 soriorum
756 5609 810 5653 et
847 5598 1263 5668 antiphonarum
1318 5593 1371 5646 in
1416 5588 1716 5661 perspectis
1777 5586 2005 5640 volumi‘

433 5688 592 5744 nibus
619 5685 900 5742 dissonare
941 5687 1226 5742 videbatur
1274 5683 1342 5737 ab
1386 5681 1575 5736 ordine
1625 5678 1910 5739 librorum,
1938 5675 2004 5729 de

436 5781 630 5850 quibus
685 5789 895 5850 sumpta
934 5789 1080 5844 sunt,
1120 5787 1172 5833 et
1197 5795 1227 5831 a
1251 5764 1749 5839 consonantiaqua:
1799 5767 2003 5821 ratione

2088 2725 2311 2795 dignum
2362 2724 2582 2780 duxerit
2611 2739 2849 2794 praesens
2878 2723 3132 2779 volumen
3171 2722 3523 2794 frequentare
3547 2765 3564 2789 ,
3593 2724 3676 2778 la-

2088 2816 2305 2872 boravit
2341 2823 2398 2870 et
2437 2814 2654 2870 sudavit
2679 2815 2931 2870 sacerdos
2968 2812 3064 2869 Dei
3103 2813 3416 2885 Elisagarus
3438 2813 3673 2886 [Helisa—

2089 2906 2244 2979 char]
2277 2906 2518 2977 apprime
2546 2905 2792 2960 eruditus
2812 2945 2826 2970 ,
2857 2912 2912 2959 et
2951 2904 3376 2959 studiosissimus
3407 2905 3464 2959 in
3488 2904 3678 2960 lectio-

2092 3013 2161 3052 ne
2200 3005 2255 3052 et
2299 2996 2480 3051 divino
2523 2994 2692 3062 cultu,
2734 3011 2943 3051 necnon
2977 3003 3033 3051 et
3070 2996 3213 3050 inter
3232 2997 3444 3067 priores
3465 2998 3680 3068 primus

2090 3088 2278 3159 palatii
2322 3086 2760 3144 excellentissimi
2820 3086 3079 3142 Ludovici
3137 3087 3495 3158 imperatoris.
3557 3087 3680 3142 Non

2093 3180 2266 3236 solum
2291 3178 2414 3244 ille,
2445 3180 2538 3234 sed
2580 3187 2636 3234 et
2675 3193 3027 3249 quoscunque
3065 3179 3132 3234 de
3173 3179 3399 3234 eruditis
3434 3179 3569 3233 viris
3608 3182 3681 3234 ad

2093 3287 2152 3328 se
2173 3272 2350 3342 potuit
2369 3286 2692 3336 convocare,
2729 3272 2784 3325 in
2806 3271 3061 3342 praesenti
3084 3271 3301 3342 negotio
3326 3273 3679 3326 sudaret-unt.

2095 3362 2357 3430 Quamvis
2415 3361 2850 3418 enucleatissime
2913 3363 3109 3416 mutati
3163 3374 3355 3418 versus
3400 3361 3682 3431 conjuncti

2095 3459 2203 3511 sint
2259 3456 2616 3526 responsoriis
2657 3456 2799 3519 suis,
2859 3464 3039 3510 tamen
3089 3470 3224 3524 quos
3274 3465 3430 3525 aptos
3473 3457 3683 3527 reperi,

2098 3547 2523 3601 transcurrendo
2549 3547 2604 3601 in
2626 3546 2897 3616 prioribus
2917 3545 3348 3615 Antiphonariis,
3383 3562 3494 3602 non
3525 3547 3680 3602 dubi-

2097 3639 2208 3694 tavi
2239 3639 2484 3694 inserere
2525 3639 2578 3693 in
2610 3645 2795 3694 nostro
2823 3637 3248 3708 Antiphonario,
3285 3646 3347 3691 ut
3375 3638 3561 3695 inveni
3603 3639 3675 3693 in-

2097 3741 2292 3787 sertos.
2342 3731 2648 3787 Notandum
2699 3739 2785 3786 est
2832 3731 3202 3786 necessarium
3251 3732 3407 3786 nobis
3454 3747 3580 3788 esse
3625 3742 3680 3785 ut

2099 3827 2302 3882 alteros
2344 3841 2536 3882 versus
2585 3826 2784 3881 habeat
2834 3833 3022 3880 noster
3055 3824 3485 3894 Antiphonarius
3518 3839 3682 3896 quam

2099 3919 2378 3974 Romanus
2395 3959 2410 3982 ,
2443 3917 2700 3987 quoniam
2727 3916 2900 3972 altero
2935 3916 3128 3972 ordine
3154 3923 3443 3972 cantamus
3469 3926 3685 3972 nostros

2098 4012 2476 4083 responsorios
2517 4026 2681 4082 quam
2718 4009 2967 4064 Romani.
3022 4009 3100 4065 illi
3141 4025 3172 4064 a
3200 4010 3380 4079 capite
3418 4010 3684 4081 incipiunt

2099 4105 2503 4174 responsorium
2520 4143 2533 4167 ,
2582 4101 2735 4157 ﬁnito
2761 4117 2920 4157 versu
2941 4143 2956 4167 ,
2982 4117 3082 4158 nos
3104 4115 3319 4157 versum
3354 4101 3572 4157 ﬁnitum
3605 4103 3684 4156 in—

2097 4195 2398 4252 formamus
2425 4194 2830 4264 responsorium
2857 4209 2956 4265 per
2979 4194 3152 4250 latera
3177 4192 3313 4263 ejus,
3341 4209 3404 4248 ac
3428 4195 3508 4249 sic
3541 4192 3682 4248 faci-

2097 4303 2218 4343 mus
2245 4287 2313 4342 de
2353 4288 2561 4342 duobus
2605 4287 2924 4359 corporibus
2963 4303 3129 4344 unum
3176 4302 3393 4358 corpus.
3435 4288 3558 4342 ideo
3583 4304 3683 4342 ne-

2098 4393 2250 4434 (38838
2288 4387 2374 4434 est
2412 4386 2474 4432 ut
2508 4379 2610 4433 1108
2635 4394 2828 4434 νει-ευδ
2858 4394 3200 4450 ῳιωηιιιιιιε,
3229 4395 3462 4449 quorum
3489 4394 3684 4434 sensus

2098 4486 2220 4526 cum
2247 4469 2436 4525 mediis
2465 4471 2930 4540 responsoriorum
2957 4469 3246 4526 conveniat
3263 4510 3278 4535 ,
3325 4477 3387 4524 ut
3421 4469 3517 4524 ﬁat
3543 4487 3686 4526 unus

2099 4578 2288 4618 sensus
2331 4579 2398 4618 ex
2435 4563 2619 4618 verbis
2657 4563 2988 4633 responsorii
3023 4571 3081 4618 et
3107 4563 3289 4619 verbis
3313 4577 3530 4619 versus.
3574 4563 3685 4620 Hoc

2098 4653 2379 4724 prospexit
2417 4662 2750 4708 memoratus
2777 4653 2863 4706 vir
2886 4661 2943 4708 et
2968 4652 3234 4724 gloriosus
3261 4653 3548 4725 presbyter
3577 4655 3685 4708 Eli-

2099 4759 2364 4815 sagarus;
2394 4759 2501 4813 qua
2543 4743 2610 4799 de
2655 4755 2715 4799 re
2762 4743 2994 4799 certavit
3035 4751 3094 4798 ut
3143 4759 3210 4798 ex
3261 4742 3496 4800 diversis
3528 4745 3685 4801 libris

2101 4841 2456 4904 congregaret
2494 4846 2686 4888 versus
2736 4833 3122 4888 convenientes
3150 4835 3480 4904 responsorii
3499 4875 3516 4899 ,
3545 4851 3684 4906 quos

2101 4945 2201 4984 nos
2236 4940 2292 4984 et
2333 4928 2424 4983 alii
2467 4928 2620 4982 multi
2661 4928 2887 4998 cupiunt
2911 4927 3258 4999 frequentare
3286 4929 3338 4982 in
3370 4930 3681 4984 nocturnali

2099 5021 2294 5077 ofﬁcio.
2337 5020 2394 5074 ln
2425 5019 2676 5076 omnibus
2707 5020 2828 5075 istis
2851 5033 3107 5074 assensus
3128 5034 3213 5073 me
3233 5017 3454 5087 adjuvat
3482 5021 3680 5073 summi

2102 5134 2167 5174 ac
2193 5116 2522 5173 sanctissimi
2570 5115 2864 5186 Apostolici
2907 5114 3196 5186 Gregorii,
3242 5114 3335 5184 qui
3378 5113 3683 5183 interroga-

2101 5211 2234 5265 tioni
2265 5209 2436 5264 sancti
2461 5207 2746 5281 Augustini
2773 5205 3060 5272 satisfecit,
3086 5213 3147 5259 ut
3174 5205 3533 5274 undecunque
3568 5203 3682 5257 vel-

2103 5301 2177 5355 let
2201 5300 2455 5371 colligere
2476 5298 2844 5354 ecclesiastica
2863 5295 3062 5361 ofﬁcia,
3097 5295 3298 5350 addere
3316 5309 3413 5350 seu
3440 5297 3684 5350 inserere

2104 5394 2350 5449 Romano
2383 5391 2569 5448 Ordini
2593 5431 2608 5456 ,
2644 5391 2874 5446 licenter
2900 5389 3175 5460 colligeret
3213 5397 3268 5442 et
3305 5389 3426 5442 usui
3457 5403 3682 5444 suorum

2106 5483 2385 5538 tribueret.
2427 5481 2579 5537 Unde
2608 5482 2871 5552 scripturn
2893 5487 2978 5534 est
3007 5480 3062 5533 in
3093 5477 3332 5532 Historia
3359 5478 3678 5548 Anglorum.

2107 5575 2244 5629 libro
2264 5574 2462 5645 primo,
2500 5571 2678 5642 capite
2713 5571 2924 5642 quinto.
2963 5568 3323 5641 Interrogatio
3349 5568 3679 5639 Augustini:

2105 5666 2238 5722 Cum
2263 5682 2364 5720 una
2393 5665 2463 5720 sit
2495 5663 2626 5719 ﬁdes
2655 5673 2782 5718 sunt
2802 5662 3165 5718 Ecclesiarnm
3194 5659 3424 5714 diversae
3449 5673 3680 5714 consue-

2109 5759 2339 5822 tudines,
2371 5766 2422 5811 et
2454 5756 2623 5811 altera
2664 5754 2994 5811 consuetudo
3033 5753 3319 5808 missarum
3347 5765 3402 5805 In
3435 5748 3678 5805 Romana
