4000 6178
363 383 506 440 1165

1390 381 1591 437 LIBER
1632 381 1718 435 DE
1758 379 2015 436 0RDle
2053 376 2566 434 ANTIPHONARII.

3478 385 3616 440 12ιῦ

364 499 626 560 Ecclesia,
654 507 817 568 atque
859 497 1030 552 altera
1075 498 1126 551 in
1165 497 1336 551 Gallia
1364 503 1597 551 tenetur.
1636 494 1931 564 Respondit
1959 498 2006 554 Α
2034 493 2323 562 incipimus
2365 494 2542 564 legere
2588 493 2783 548 librum
2833 493 3073 564 Regum;
3118 497 3171 551 in
3212 498 3402 553 eadem
3442 501 3613 568 prima

361 589 655 662 Gregorius
682 588 826 658 Papa
855 608 868 642 :
903 587 1061 642 Novit
1090 586 1402 643 fraternitas
1428 593 1519 641 tua
1546 583 1805 640 Romanae
1833 584 1933 640 Ee-

361 680 542 736 elesiie
563 679 1006 734 consuetudinem
1037 678 1091 732 in
1123 693 1227 747 qua
1271 692 1329 732 se
1356 675 1604 731 meminit
1632 675 1890 728 nutritam
1917 691 1931 739 ;

359 772 457 828 sed
481 771 616 826 mihi
659 769 836 840 placet
875 777 935 823 ut
962 770 1078 824 sive
1113 770 1164 824 in
1201 769 1474 831 Romana,
1509 769 1623 823 sive
1651 768 1702 821 in
1731 766 1934 821 Gallia-

360 877 500 926 rum,
529 876 624 916 seu
651 862 706 916 in
735 861 977 932 qualibet
1003 861 1244 916 Ecclesia
1275 861 1478 930 aliquid
1507 861 1758 915 invenisti
1791 859 1935 929 quod

356 954 478 1025 plus
496 953 854 1022 omnipotenti
883 952 992 1007 Deo
1019 953 1192 1023 possit
1220 951 1461 1023 placere,
1488 952 1715 1006 sollicite
1743 951 1930 1022 eligas,

359 1047 487 1103 etin
517 1045 812 1115 Anglorum
838 1045 1083 1100 Ecclesia
1105 1085 1119 1109 ,
1164 1061 1282 1114 qua:
1312 1046 1490 1099 adhuc
1521 1045 1586 1098 ad
1609 1043 1768 1097 ﬁdem
1796 1059 1932 1098 nova

357 1147 460 1201 est,
493 1137 832 1192 institutione
857 1136 1146 1206 pracipua,
1179 1152 1300 1206 qua:
1325 1135 1392 1190 de
1432 1134 1617 1189 multis
1645 1133 1934 1189 Eccelesiis

357 1229 612 1299 colligere
639 1226 884 1297 potuisti,
915 1225 1204 1287 infundas;
1235 1242 1342 1280 non
1376 1226 1520 1280 enim
1545 1240 1644 1295 pro
1666 1224 1800 1280 locis
1823 1238 1932 1286 res,

357 1322 452 1377 sed
479 1336 579 1391 pro
615 1318 772 1374 bonis
796 1319 958 1374 rebus
985 1318 1103 1373 loca
1143 1319 1373 1373 amanda
1410 1327 1555 1373 sunt.
1598 1319 1676 1372 Ex
1707 1317 1933 1388 singulis

357 1430 484 1486 ergo
524 1413 828 1482 quibusque
875 1412 1132 1467 Ecclesiis
1175 1428 1295 1482 quae
1336 1412 1454 1482 pia,
1500 1427 1621 1480 quae
1661 1410 1930 1480 religiosa,

357 1522 476 1576 quae
527 1513 676 1559 recta
717 1511 841 1559 sunt
887 1503 1060 1574 elige,
1106 1514 1159 1557 et
1199 1503 1314 1557 haec
1344 1503 1496 1571 quasi
1534 1502 1588 1556 in
1617 1501 1931 1556 fasciculum

355 1597 602 1661 collecta,
627 1595 768 1666 apud
802 1595 1099 1664 Anglorum
1141 1604 1353 1650 mentes
1393 1594 1445 1648 in
1487 1592 1930 1647 consuetudinem

355 1697 581 1765 depone.
641 1692 930 1762 Hueusque
977 1690 1122 1745 beati
1168 1689 1436 1759 Gregorii.
1489 1687 1545 1742 In
1588 1686 1771 1741 multis
1800 1685 1934 1740 locis

353 1784 646 1856 przenotavi
667 1783 719 1838 in
733 1782 910 1853 primo
930 1781 1120 1836 ordine
1139 1782 1359 1840 nomina
1391 1780 1856 1850 responsoriorum
1879 1788 1936 1834 et

2039 585 2373 641 hebdomada
2410 594 2694 640 cantamus
2742 587 3117 656 responsorios
3161 587 3228 643 de
3270 590 3523 660 psalmis;
3559 592 3614 646 in

2037 677 2386 747 sequentibus
2429 677 2782 733 hebdomadis
2828 694 2998 748 usque
3030 680 3084 733 in
3128 681 3428 752 Augustum
3464 700 3617 738 meno

2037 781 2150 822 sem
2174 769 2238 823 de
2264 769 2486 824 historia
2515 767 2742 839 Regum.
2786 769 2840 823 In
2865 771 3037 838 prima
3068 771 3404 827 hebdomada
3427 773 3611 845 Augu-

2036 861 2107 914 sti
2135 861 2361 932 legimus
2385 861 2754 927 Salomonem,
2771 871 2827 916 et
2851 865 3222 932 responsorios
3245 875 3529 922 cantamus
3548 869 3614 923 de

2036 951 2281 1006 Psalmis.
2304 951 2362 1006 In
2380 951 2730 1021 sequentibus
2763 968 2932 1022 usque
2973 952 3032 1006 in.
3057 953 3433 1022 Septembrem
3461 973 3613 1012 men-

2035 1057 2149 1096 sem
2181 1043 2246 1096 de
2277 1041 2586 1096 Salomone.
2631 1041 2686 1095 In
2709 1043 2883 1111 prima
2917 1043 3249 1098 hebdomada
3275 1045 3610 1114 Septembris

2035 1133 2392 1205 legimusloh,
2417 1144 2763 1190 etcantarnus
2788 1138 3159 1206 responsorios
3176 1139 3241 1192 de
3264 1139 3528 1204 Psalmis;
3557 1140 3610 1195 in

2034 1227 2244 1281 duabus
2273 1227 2621 1295 sequentibus
2650 1227 2716 1280 de
2736 1225 2870 1292 Joh;
2916 1229 2968 1282 in
2997 1230 3286 1283 novissima
3315 1231 3606 1285 hebdoma-

2035 1317 2101 1371 da
2128 1317 2333 1371 mensis
2382 1318 2703 1381 memorati,
2751 1318 2817 1373 de
2847 1318 3046 1385 'I‘ohia;
3095 1321 3146 1374 in
3182 1321 3372 1390 primis
3406 1322 3616 1378 duabus

2034 1409 2388 1463 hebdomadis
2420 1410 2625 1464 mensis
2655 1408 2928 1474 Octobris,
2956 1411 3022 1465 de
3040 1410 3225 1465 Judith
3248 1419 3304 1466 et
3331 1413 3396 1466 de
3416 1413 3615 1467 Esther

2033 1508 2088 1553 et
2115 1500 2320 1563 Esdra;
2354 1500 2419 1558 in,
2439 1500 2649 1554 duabus
2677 1501 2990 1557 novissimis
3021 1503 3223 1557 mensis
3258 1505 3611 1573 suprascripti

2033 1590 2100 1644 de
2122 1590 2481 1655 Maeliabieis;
2513 1591 2569 1645 In
2599 1593 2770 1660 prima
2798 1593 3133 1647 hebdomada
3165 1596 3368 1650 mensis
3390 1595 3614 1651 Novem-

2033 1681 2150 1736 bris
2192 1681 2420 1752 legimus
2465 1684 2530 1738 de
2580 1683 2895 1754 Prophetis,
2931 1688 3302 1754 responsorios
3329 1698 3611 1744 cantamus

2035 1775 2101 1830 de
2124 1774 2372 1830 Psalmis.
2415 1775 2471 1830 In
2503 1777 2716 1832 caeteris
2743 1779 3096 1846 sequentibus
3123 1795 3296 1850 usque
3322 1782 3374 1835 in
3404 1781 3614 1837 Adven-

352 1855 770 1944 antiphonarum
790 1871 947 1940 juxta
976 1873 1222 1928 ordinem
1243 1871 1618 1943 Antiphonarii
1653 1870 1831 1935 Urbis,
1872 1879 1926 1925 et
1953 1855 2001 1915 Β
2029 1876 2144 1922 tum
2190 1867 2400 1922 Domini
2455 1868 2522 1924 de
2567 1869 2870 1940 Pr0phetis.
2905 1871 3272 1944 iInterrogavi
3314 1875 3359 1929 si
3405 1874 3606 1945 aliquid

352 1963 679 2032 conjunctim
723 1963 774 2018 in
817 1963 1056 2018 secundo
1091 1963 1247 2034 juxta
1286 1963 1531 2018 ordinem
1562 1970 1761 2016 nostra:
1798 1976 1928 2015 eon-

253 2125 256 2128 ,
351 2057 700 2114 suetudinis:
749 2065 808 2110 ut
862 2064 1092 2126 utraque
1134 2055 1360 2111 haberet
1395 2055 1566 2124 psalta
1594 2069 1706 2124 prie
1735 2053 1922 2116 oculis,

351 2159 405 2205 et
434 2150 564 2204 illud
593 2157 814 2204 caneret
836 2147 979 2217 quod
1010 2145 1218 2216 judicio
1245 2146 1444 2201 mentis
1471 2146 1650 2216 potius
1684 2144 1922 2213 eligeret.

352 2239 655 2295 Notandum
683 2248 768 2295 est
796 2239 1043 2294 volumen
1077 2237 1224 2310 quod
1258 2253 1356 2292 nos
1391 2253 1646 2292 vocamus
1670 2237 1926 2306 Antipho-

351 2333 559 2386 narium
609 2331 710 2385 tria
752 2330 950 2385 habere
994 2329 1209 2384 nomina
1258 2329 1398 2398 apud
1445 2327 1926 2396 Romanoszquod

351 2423 579 2477 dicimus
602 2419 856 2486 Gradale,
881 2419 956 2474 illi
984 2428 1184 2476 vocant
1208 2417 1608 2482 Cantatorium;
1636 2419 1726 2489 qui
1751 2419 1927 2474 adhuc

345 2513 499 2583 juxta
551 2529 758 2568 morem
790 2513 1072 2582 antiquum
1115 2511 1256 2581 apud
1303 2510 1423 2565 illos
1449 2510 1504 2564 in
1534 2509 1802 2579 aliquibus
1827 2508 1927 2563 Ee-

350 2605 529 2659 clesiis
591 2605 644 2658 in
705 2619 814 2658 uno
861 2604 1134 2658 volumine
1208 2601 1535 2657 continetur.
1595 2599 1924 2670 Sequenteni

350 2705 556 2766 partem
595 2693 841 2750 dividunt
890 2695 944 2749 in
992 2694 1201 2750 duobus
1248 2693 1556 2748 nominibus
1594 2711 1606 2746 :
1652 2707 1778 2762 pars
1806 2707 1926 2761 quae

350 2787 590 2840 continet
612 2785 986 2853 responsorios
1014 2792 1237 2840 vocatur
1258 2781 1697 2854 Reaponsoriale;
1723 2790 1778 2835 et
1791 2797 1926 2852 pars

348 2891 468 2946 quae
509 2876 750 2931 continet
796 2875 1149 2946 antiphonas,
1216 2883 1447 2930 vocatur
1488 2874 1922 2945 Antiplionarius.

353 2968 461 3037 Ego
507 2975 723 3023 secutus
768 2982 887 3022 sum
924 2975 1168 3022 nostrum
1215 2981 1372 3020 usum
1419 2975 1474 3020 et
1520 2965 1673 3034 posui
1711 2965 1924 3019 mixtim

353 3060 691 3130 responsoria
722 3068 779 3114 et
819 3060 1146 3130 antiphonas
1181 3060 1475 3115 secundum
1512 3059 1756 3113 ordinem
1784 3067 1921 3113 tem-

351 3167 562 3221 porum,
587 3153 642 3205 in
667 3152 862 3221 quibus
885 3151 1252 3206 solemnitates
1276 3159 1474 3205 nostra:
1499 3149 1865 3205 celebrantur.

352 3311 426 3368 De
450 3314 532 3367 Itis
561 3328 678 3382 qua:
706 3327 820 3366 meo
862 3309 1204 3382 interrogatui
1231 3325 1496 3382 responsa
1540 3316 1664 3362 sunt
1701 3325 1732 3360 α
1763 3309 1925 3378 magi-

787 3382 910 3434 stris
941 3377 1195 3434 Romana;-
1220 3377 1497 3433 Ecclesitv.

422 3513 750 3582 Interrogavi
820 3512 1260 3567 archidiaconum
1328 3510 1668 3566 Theodorum
1726 3519 1928 3566 sancta:

354 3607 609 3659 Romanae
630 3604 894 3659 Ecclesiae
911 3645 927 3668 ,
968 3621 1128 3674 quem
1158 3605 1368 3675 rogavit
1393 3605 1644 3660 dominus
1672 3606 1928 3676 apostoli-

353 3714 450 3753 cus
480 3705 538 3750 ut
565 3712 650 3751 me
692 3697 984 3751 instrueret
1024 3697 1178 3766 juxta
1230 3696 1710 3768 interrogationem
1749 3712 1925 3752 meam

355 3795 421 3848 de
447 3793 638 3847 ordine
670 3791 898 3846 Romani
938 3791 1099 3846 oﬂieii
1146 3801 1278 3861 quot
1323 3807 1511 3847 versus
1550 3802 1794 3848 cantaret
1823 3791 1928 3845 Ro-

354 3900 510 3940 mana
555 3883 797 3938 Ecclesia
851 3883 903 3936 in
953 3883 1343 3952 Responsorio,
1395 3883 1662 3952 Aapiciem
1690 3882 1924 3952 alonge,

355 3973 668 4044 respondit:
697 3971 862 4028 Duos.
898 3972 1222 4028 Sciscitatus
1259 3988 1376 4027 sum
1408 3988 1507 4026 cur
1532 3973 1667 4028 duos
1706 3981 1927 4026 cantas-

354 4075 436 4122 set
455 4075 608 4122 extra
628 4065 847 4121 solitum
877 4080 1082 4120 morem
1103 4066 1156 4120 in
1182 4065 1274 4118 illo
1296 4064 1660 4134 responsorio,
1684 4064 1926 4134 Respon-

354 4160 432 4212 dit
474 4176 487 4213 :
538 4158 764 4230 Propter
803 4159 1063 4213 honorem
1107 4171 1315 4229 magna:
1353 4157 1685 4213 festivitatis.
1729 4157 1925 4228 Reperi

354 4258 540 4320 postea
570 4264 677 4304 non
718 4248 890 4304 solum
930 4249 984 4303 in
1020 4249 1146 4313 isto,
1176 4247 1233 4303 id
1255 4256 1358 4313 est,
1397 4249 1667 4320 Aspiclem
1693 4267 1724 4304 a
1753 4247 1925 4320 longe,

357 4356 468 4399 tres
505 4360 697 4399 versus
719 4384 733 4407 ,
782 4351 842 4398 ut
879 4344 933 4398 in
963 4351 1149 4397 nostro
1184 4343 1562 4413 antiphonario
1596 4344 1922 4407 continetur,

355 4437 448 4492 sed
487 4437 650 4492 etiam
691 4437 744 4490 in
793 4436 912 4491 aliis
952 4435 1137 4490 multis
1176 4436 1229 4488 in
1262 4434 1506 4490 Romano
1534 4436 1926 4506 Antiphonario

355 4537 448 4584 aut
476 4530 630 4595 duos,
655 4540 750 4584 aut
775 4537 886 4584 tres
911 4529 1160 4597 scriptos.
1202 4527 1387 4581 Visum
1423 4535 1508 4581 est
1541 4527 1673 4581 mihi
1701 4535 1756 4581 ut
1787 4526 1925 4580 ratio

355 4618 478 4674 talis
508 4619 654 4674 reddi
684 4617 856 4689 possit
900 4617 968 4671 de
1019 4624 1100 4670 tot
1139 4616 1405 4671 versibus.
1447 4615 1673 4682 Quando
1701 4616 1925 4688 contigit

353 4717 437 4772 bis
473 4723 567 4769 aut
593 4724 674 4768 ter
699 4730 865 4769 unum
894 4711 1293 4783 responsorium
1324 4708 1532 4765 cantari
1568 4707 1620 4762 in
1656 4723 1762 4761 una
1791 4707 1923 4762 heb-

355 4809 607 4872 domada,
638 4815 731 4861 aut
761 4807 812 4860 in
838 4803 1193 4860 hebdomadis
1215 4843 1231 4868 ,
1277 4802 1363 4858 cui
1406 4797 1630 4856 subnexi
1661 4806 1785 4853 sunt
1815 4807 1925 4853 tres

360 4917 554 4957 versus
584 4910 677 4956 aut
718 4902 824 4956 duo
870 4900 1374 4955 convenientesmt
1419 4913 1559 4952 unus
1593 4902 1843 4951 cantetur
1869 4895 1921 4949 in

365 5008 461 5047 ana
487 5001 667 5055 nocte,
695 4992 831 5046 alter
856 4992 907 5045 in
947 4991 1132 5053 altera,
1164 4991 1354 5046 tertius
1383 4991 1434 5045 in
1467 4989 1642 5044 tertia.
1692 4986 1926 5042 Interro-

361 5083 478 5152 gavi
529 5091 727 5152 quotus
764 5083 896 5136 ordo
942 5082 1407 5150 responsoriorum
1455 5080 1825 5134 celebraretur
1872 5078 1925 5131 in

363 5175 637 5230 Dominica
681 5183 866 5238 nocte,
914 5189 1074 5242 quam
1115 5173 1350 5227 solemus
1387 5172 1669 5226 nominare
1696 5170 1928 5225 Octavas

359 5264 597 5319 Paschze.
637 5262 975 5331 Responsum
1002 5270 1104 5325 est,
1149 5278 1167 5310 ι
1199 5260 1554 5325 Novenarius,
1580 5261 1632 5314 in
1655 5275 1718 5313 ea
1743 5268 1928 5314 canta-

360 5370 479 5410 mus
528 5355 595 5409 de
640 5354 980 5408 auctoritate.
1013 5373 1030 5405 ι
1085 5351 1348 5406 Similiter
1388 5348 1714 5419 interrogavi
1752 5347 1928 5403 oﬂicio

360 5446 727 5501 Pentecostes.
758 5444 1092 5514 Responsum
1117 5451 1220 5506 cst,
1257 5459 1274 5490 ι
1305 5439 1506 5496 Novem
1529 5449 1835 5504 cantamus,
1868 5450 1926 5494 ut

358 5537 414 5592 in
444 5538 656 5593 caeteris
685 5535 981 5591 Dominicis
1021 5535 1076 5589 in
1116 5533 1385 5589 noctibus.
1417 5551 1434 5584 ι
1454 5531 1784 5602 Interrogavi
1816 5548 1926 5587 me-

361 5636 628 5682 moratum
675 5627 1108 5682 archidiaconum
1135 5665 1149 5688 ,
1197 5638 1306 5693 quo
1331 5623 1519 5678 ordine
1555 5623 1927 5692 responsorios

358 5725 645 5771 cantarent
672 5725 792 5785 post
813 5724 1031 5769 octavas
1051 5713 1398 5769 Pentecostes
1426 5726 1594 5782 usque
1620 5712 1686 5766 ad
1717 5713 1926 5767 Adven-

365 5816 474 5863 tum
511 5805 720 5862 Domini
756 5820 1068 5871 responsum
1100 5815 1218 5859 est:
1252 5803 1307 5858 In
1339 5803 1556 5858 octavis
1578 5801 1926 5859 Pentecostes

2025 1961 2267 2017 dicerent
2323 1962 2564 2033 Magistri
2621 1965 2987 2020 Romanorum
3045 1969 3186 2023 inter
3247 1969 3602 2025 interstitiutn

2027 2053 2365 2109 nocturnalis
2407 2053 2566 2109 oﬂicii
2619 2065 2674 2110 et
2722 2058 3075 2112 rnatutinalis.
3144 2061 3479 2131 Responsum
3523 2070 3608 2116 est

2027 2145 2183 2210 mihi,
2221 2162 2240 2196 ι
2269 2143 2436 2211 Nihil,
2471 2147 2565 2202 sed
2594 2148 2854 2202 continuo
2891 2160 3011 2220 post
3033 2152 3348 2207 nocturnale
3369 2151 3602 2208 oﬂleiuni

2027 2237 2214 2290 dicunt
2240 2236 2431 2302 :Deus,
2457 2239 2511 2292 in
2537 2237 2863 2308 adjutorium
2899 2258 3070 2294 meum
3094 2243 3325 2297 intende.
3354 2264 3371 2295 ι
3391 2242 3602 2298 Oratiu-

2026 2343 2150 2381 nem
2174 2328 2510 2383 Dominicam
2529 2344 2633 2382 non
2655 2338 2877 2384 cantant
2904 2340 3028 2401 post
3048 2333 3287 2402 psalmos
3320 2343 3606 2389 nocturna-

2026 2416 2129 2480 les,
2161 2418 2254 2472 sed
2292 2418 2484 2473 dicunt
2524 2419 2743 2489 aliquod
2789 2421 3080 2490 capitulum
3132 2424 3238 2477 tale
3269 2425 3427 2493 quale
3462 2425 3603 2479 istud

2025 2517 2147 2563 est:
2185 2507 2546 2563 lntercedente
2581 2510 2731 2564 beato
2767 2513 3001 2583 principe
3029 2514 3384 2583 apostolorum
3421 2514 3603 2582 Petro,

2025 2597 2188 2652 salret
2235 2609 2284 2652 ct
2331 2599 2594 2654 custodiat
2635 2617 2730 2654 nos
2777 2601 3056 2656 Dominus.
3099 2603 3254 2674 Saepe
3287 2605 3340 2659 in
3365 2616 3490 2662 octo
3518 2623 3604 2662 re-

2026 2691 2322 2760 SpOIlSOI'IIS
2363 2699 2418 2744 et
2447 2706 2640 2745 novem
2681 2691 3005 2748 lectionibus
3045 2695 3239 2750 ﬁniunt
3283 2702 3602 2755 nocturnale

2023 2783 2280 2838 ollicium.
2338 2783 2672 2855 Interrogavi
2729 2786 2774 2840 si
2831 2797 3094 2842 canerent
3141 2805 3242 2859 per
3294 2790 3604 2848 Dominieas

2026 2885 2215 2932 noctes
2251 2875 2322 2932 Te
2361 2876 2531 2931 Deum
2553 2878 2853 2934 laudamus.
2881 2880 3220 2950 Responsum
3251 2893 3366 2947 est;
3409 2903 3428 2936 ι
3459 2885 3603 2940 Tan-
3662 2876 3670 2887 ’

2027 2983 2139 3027 turn
2173 2973 2225 3026 in
2275 2971 2533 3027 natalitiis
2581 2975 2898 3043 pontificum
2924 3016 2938 3040 ,
3001 2975 3071 3030 Te
3112 2977 3282 3031 Deum
3321 2977 3604 3033 laudamus

2025 3067 2290 3121 canimus.
2326 3085 2344 3118 ι
2379 3064 2479 3120 Hie
2499 3066 2792 3122 inserimus
2827 3071 3097 3136 quomodo
3141 3069 3443 3127 invenimus
3472 3071 3609 3127 scri-

2025 3165 2175 3226 ptutn
2219 3157 2286 3212 de
2326 3157 2652 3212 auctoritate
2679 3157 2902 3212 Adriani
2937 3158 3228 3230 Apostolici
3265 3179 3277 3215 :
3308 3161 3375 3215 In
3398 3163 3606 3216 nomine

2027 3246 2242 3301 Domini
2291 3249 2460 3302 nostri
2501 3248 2630 3302 Jcsu
2662 3246 2858 3303 Christi
2900 3250 3083 3320 incipit
3117 3252 3500 3322 responsoriule
3537 3253 3603 3307 de

2027 3336 2226 3390 circulo
2267 3338 2396 3390 anni
2427 3339 2745 3408 temporibus
2781 3349 2859 3393 ter
2897 3340 3183 3395 beatissimi
3223 3352 3270 3396 et
3313 3343 3605 3413 Apostolici

2027 3427 2227 3480 domini
2280 3425 2506 3480 Adriani
2561 3444 2711 3498 papa:
2770 3445 2863 3499 per
2913 3430 3254 3486 indictioncm
3303 3435 3598 3504 septimam.

2027 3516 2157 3571 Item
2201 3517 2254 3570 in
2291 3517 2397 3572 line
2434 3535 2446 3570 :
2479 3515 2593 3572 Hoc
2631 3533 2769 3588 opus
2812 3537 3056 3576 summus
3102 3532 3320 3592 reparat
3360 3525 3602 3596 pontifex

2029 3611 2280 3665 dominus
2299 3609 2567 3665 Adrianus
2597 3611 2699 3665 sibi
2727 3613 3041 3667 memoriale
3064 3630 3161 3684 per
3186 3614 3362 3670 saecla.

2099 3699 2399 3754 Pmnotavi
2423 3698 2578 3754 obelo
2608 3698 2858 3764 Alleluia,
2891 3702 3034 3771 quod
3060 3705 3305 3772 sequitur
3330 3704 3604 3764 Psalmmn

2028 3793 2324 3863 Confitebor
2351 3793 2465 3856 tibi,
2496 3793 2740 3859 Domine,
2758 3778 2823 3848 in
2852 3794 3059 3851 Pascha
3092 3796 3302 3851 Domini
3333 3799 3399 3852 ad
3421 3815 3606 3870 vespe-

2028 3901 2168 3939 rum.
2227 3884 2431 3955 Scripsi
2473 3885 2601 3940 illud
2658 3896 2717 3940 ut
2763 3887 2940 3943 inveni
2992 3889 3046 3944 in
3095 3888 3339 3946 Romano
3378 3891 3603 3956 Ordine,

2027 3977 2170 4046 quod
2208 3984 2390 4032 tamen
2437 3976 2577 4045 apud
2621 3987 2864 4034 nostrum
2893 3981 3136 4036 ordinem
3171 3983 3384 4038 videtur
3421 4001 3609 4056 super-

2027 4067 2193 4122 ﬂuum
2221 4082 2362 4122 esse.
2405 4066 2610 4138 Scripsi
2635 4069 2762 4124 olim
2808 4070 2861 4124 in
2903 4071 3087 4128 libello
3125 4075 3218 4143 qui
3245 4083 3472 4129 vocatur
3493 4074 3604 4129 offi-

2027 4159 2200 4226 cialis,
2237 4159 2304 4214 de
2349 4146 3082 4230 tempore'septuagesimte,
3126 4173 3184 4218 et
3222 4165 3288 4220 de
3332 4167 3598 4236 mysterio

2026 4249 2263 4319 ejusdem
2294 4253 2526 4316 numeri,
2555 4263 2609 4306 et
2643 4253 2710 4307 de
2745 4255 2960 4309 caeteris
2988 4253 3176 4310 olIleiis
3206 4271 3328 4325 quae
3367 4264 3604 4325 aguntur

2028 4345 2082 4398 in
2113 4344 2352 4399 Ecclesia
2391 4361 2488 4414 per
2531 4360 2730 4400 annum
2757 4386 2772 4410 ,
2813 4346 2927 4402 sive
2956 4349 3065 4402 sint
3091 4349 3456 4415 nocturnalia,
3491 4351 3606 4405 sive

2027 4434 2326 4500 diurnalia;
2357 4451 2501 4490 nunc
2529 4435 2792 4502 dicturus,
2829 4437 2942 4493 Deo
2977 4440 3293 4506 miserante,
3316 4441 3384 4496 de
3413 4442 3609 4497 ordine

2027 4524 2444 4593 Antiphonarii,
2509 4525 3029 4596 cupiosummatim
3085 4529 3290 4599 aliquid
3343 4532 3603 4593 scribere,

2029 4616 2186 4686 quasi
2214 4615 2485 4687 quoddam
2512 4618 2760 4673 manuale
2796 4619 2864 4674 de
2897 4620 3026 4676 solis
3056 4622 3466 4678 nocturnalibus
3489 4623 3604 4676 om-

2028 4710 2150 4775 ciis,
2175 4718 2231 4765 et
2259 4709 2325 4764 de
2359 4709 2444 4765 his
2468 4724 2590 4780 quae
2620 4719 2884 4766 vocantur
2907 4712 3084 4784 vulgo,
3120 4710 3340 4768 Cursus.
3399 4713 3518 4781 Quo
3540 4715 3606 4769 ad

2030 4803 2348 4858 memoriam
2373 4801 2628 4868 reducto,
2672 4811 2965 4860 renovetur
3003 4820 3158 4860 mens
3182 4806 3250 4860 ad
3279 4805 3605 4861 desiderium

2032 4895 2272 4951 caelestis
2315 4896 2508 4966 patria:
2531 4934 2548 4962 ,
2594 4896 3020 4966 recordeturque
3064 4898 3334 4968 quomodo
3388 4899 3455 4954 ad
3483 4913 3603 4953 eam

2035 4994 2285 5042 revocata
2331 4985 2434 5051 sit,
2479 4995 2535 5041 et
2591 4989 2863 5058 quomodo
2907 4989 3148 5059 quotidie
3201 4999 3503 5054 revocetur,
3551 5001 3605 5046 et

2030 5077 2174 5146 quod
2203 5093 2302 5147 per
2322 5077 2568 5150 singulas
2594 5080 2760 5135 horas
2785 5081 2960 5136 noctis
2989 5091 3046 5136 et
3071 5083 3176 5137 diei
3201 5083 3376 5153 possit
3400 5082 3606 5137 servire

2030 5168 2262 5222 Domino
2285 5183 2382 5238 per
2423 5171 2641 5225 eosdem
2688 5185 2884 5226 cursus
2925 5180 3087 5241 atque
3117 5174 3169 5227 in
3194 5173 3486 5228 novissimo
3517 5171 3605 5224 die

2030 5266 2154 5311 vota
2185 5273 2281 5312 sua
2311 5259 2538 5314 reddere
2559 5275 2658 5330 pro
2683 5274 2750 5314 eo
2789 5261 2930 5332 quod
2961 5263 3198 5331 quinque
3226 5276 3415 5316 sensus
3439 5259 3608 5328 virgi-

2030 5349 2216 5404 nitatis
2273 5364 2384 5403 sua!
2437 5365 2588 5405 suam
2651 5351 3114 5420 pulchritudinem
3163 5350 3494 5406 servaverint
3546 5356 3604 5404 et

2031 5455 2186 5495 suum
2235 5441 2477 5496 habitum
2523 5457 2724 5510 sponso
2770 5458 2887 5497 suo.
2945 5442 3170 5508 Quando
3198 5439 3478 5494 aﬂ‘ectihus
3518 5439 3604 5496 liis

2033 5531 2315 5601 attingitur
2358 5533 2569 5590 animus
2614 5548 2800 5596 meus,
2845 5547 2980 5600 quos
3020 5531 3206 5585 subter
3231 5538 3419 5582 notare
3443 5532 3606 5599 cupio

2032 5637 2128 5692 per
2151 5621 2393 5694 singulos
2431 5637 2652 5687 cursus,
2701 5620 2904 5676 alliciar
2941 5634 3132 5688 nempe
3161 5617 3443 5674 dulcedine
3471 5619 3603 5674 dile-

2034 5714 2226 5770 ctionis
2258 5715 2349 5769 Dei
2380 5755 2398 5784 ,.
2443 5722 2499 5767 et
2545 5713 2854 5768 dilectionis
2896 5715 3125 5782 proximi
3163 5720 3486 5780 telorumque
3509 5729 3576 5782 pa

2036 5807 2172 5872 trix,
2209 5814 2260 5860 et
2285 5805 2580 5874 praesenti:
2621 5803 2919 5858 Salvatoris
2954 5803 3145 5858 nostri.
3187 5803 3474 5872 Simulque
3502 5818 3589 5856 no-
