4000 6178
365 349 506 408 1267

1400 364 1733 420 AMALARII
1770 364 2204 420 PRESBYTERI
2244 365 2584 423 METENSIS

3482 364 3624 422 i238

362 473 585 530 tandum
633 474 778 545 quod
833 474 1018 530 deficit
1071 477 1285 533 animus
1334 493 1488 536 meus
1544 480 1613 534 ab
1661 480 1931 551 adjutorio
1959 487 2004 546 Α
2035 478 2148 533 suis
2192 480 2569 548 responsoriis.
2629 478 2818 535 Merito
2849 490 3033 536 nostra
3061 482 3302 537 Ecclesia
3341 491 3468 552 post
3501 480 3633 537 cul-

330 550 634 633 'humano,
660 575 713 621 et
750 566 1038 623 confirmat
1064 585 1125 625 se
1157 569 1210 624 in
1231 569 1557 639 adjutorium
1586 550 1818 637 Domini,
1851 589 1936 629 se.

358 664 688 726 paraturque
714 672 745 710 a
776 658 1008 714 terrenis
1031 669 1086 714 et
1106 660 1345 727 caducis,
1374 671 1431 717 et
1448 661 1792 735 coniungitur
1820 679 1932 718 co:-

360 744 585 804 lestibus
606 756 662 804 et
683 749 1043 819 spiritalibus.

861 859 1089 918 CAPUT
1129 862 1420 919 PRIMUM.

358 945 550 1018 Incipit
573 948 846 1027 adnotatio
879 934 943 1006 de
965 954 1361 1027 nociurnalibus
1387 958 1566 1027 ofﬁciis
1594 968 1641 1012 et
1670 960 1932 1014 diurnali-

664 1021 779 1086 bus,
806 1040 922 1093 qum
947 1025 1098 1094 vulgo
1128 1043 1315 1080 cursus
1340 1021 1611 1082 vocantur.

422 1108 767 1167 Restauratio
813 1123 869 1168 et
911 1116 1189 1170 renovatio
1229 1125 1404 1172 status
1436 1128 1639 1175 nostrae
1668 1119 1928 1175 innocen-

352 1198 441 1255 tiae
479 1201 533 1256 in
579 1201 784 1257 Christi
829 1205 1226 1261 resurrectione
1269 1206 1478 1262 reddita
1504 1218 1590 1263 est
1620 1209 1794 1264 nobis.
1848 1209 1930 1264 ld-

348 1293 497 1350 circo
521 1294 774 1359 locuturi,
800 1296 942 1365 quod
964 1296 1223 1352 Dominus
1251 1295 1481 1362 dederit,
1516 1299 1583 1355 de
1607 1301 1930 1355 nocturnali-

349 1385 450 1440 bus
472 1396 528 1441 et
552 1386 889 1442 diurnalibus
915 1386 1125 1452 ciliciis,
1175 1404 1206 1442 a
1239 1388 1517 1445 Dominica
1548 1399 1733 1455 nocte,
1762 1406 1925 1461 quam

348 1475 610 1532 Dominus
655 1494 755 1533 sua
787 1481 1187 1535 resurrectione
1228 1482 1469 1550 praetulit
1510 1483 1721 1547 caeteris
1751 1485 1926 1539 nocti-

344 1567 470 1631 bus,
516 1567 883 1637 incipiendum
922 1577 1024 1625 est.
1076 1570 1133 1624 ln
1166 1570 1444 1628 Dominica
1486 1582 1644 1629 nocte
1665 1589 1921 1644 congrue,

344 1654 491 1724 iuxta
533 1659 983 1719 consuetudinem
1032 1661 1291 1719 Romanae
1349 1664 1608 1721 Ecclesiae
1654 1681 1686 1721 a
1733 1683 1925 1723 somno

344 1755 647 1817 surgentes,
673 1748 900 1804 dicimus
927 1750 1125 1819 primo,
1173 1750 1452 1824 [Domine,
1482 1757 1624 1812 labia
1658 1772 1773 1811 mea
1798 1775 1921 1827 ape-

2040 577 2151 624 tum
2193 569 2425 626 Abrahae
2451 572 2648 627 transit
2674 572 2742 626 ad
2771 573 3015 628 scholam
3043 572 3362 645 disciplinas.
3392 573 3534 630 Abel
3560 582 3633 631 et

2034 660 2216 716 Enoch
2259 663 2431 718 sancti
2479 672 2539 718 et
2567 663 2700 733 justi
2749 665 2848 719 viri
2885 665 3131 731 fuerunt;
3171 669 3267 722 sed
3296 684 3407 723 non
3433 668 3624 724 vocati

2032 762 2212 823 patres
2232 755 2495 824 gentium,
2524 772 2700 826 neque
2719 767 2902 826 patres
2924 758 3146 825 Christi,
3171 776 3345 830 neque
3370 763 3426 816 in
3456 762 3624 833 signo

2033 847 2190 915 positi
2222 857 2348 903 sunt
2377 849 2499 904 tidci
2526 851 2743 919 gentilis
2760 852 2962 924 populi.
2993 853 3272 910 Abraham
3301 872 3332 910 a
3356 854 3623 911 Matthteo

2032 938 2359 1008 evangelista
2416 942 2637 1011 ponitur
2702 943 2759 998 in
2818 945 2994 1013 primo
3041 945 3231 1003 ordine
3279 947 3621 1018 genealogis

2030 1031 2263 1097 Christi;
2302 1033 2575 1089 Abraham
2599 1036 2798 1091 dicitur
2821 1046 2972 1107 pater
3001 1037 3293 1093 multarum
3326 1040 3611 1109 gentium;

2031 1119 2303 1177 Abraham
2335 1125 2543 1195 accrpit
2571 1126 2783 1199 signum
2819 1127 2942 1183 ﬁdei
2970 1144 3091 1198 qua:
3128 1139 3214 1184 est
3235 1130 3292 1184 in
3320 1132 3613 1202 pra-potio.

2030 1212 2177 1268 Talis
2208 1214 2462 1285 agricola:
2506 1218 2827 1287 excipienda
2867 1227 2952 1275 est
2988 1220 3237 1275 doctrina
3267 1230 3325 1275 et
3353 1223 3610 1277 tenenda.

2030 1301 2167 1365 Nam
2187 1313 2244 1359 et
2272 1312 2446 1361 status
2474 1308 2732 1377 temporis
2777 1311 3029 1365 admonet
3075 1326 3176 1366 nos
3217 1311 3287 1366 ab
3328 1313 3613 1368 Abraham

2029 1393 2287 1449 lectiones
2317 1403 2374 1450 et
2400 1401 2770 1466 responsorios
2799 1402 3095 1457 celebrare.
3139 1401 3305 1458 Sexta
3333 1404 3436 1458 diei
3464 1404 3612 1463 hora

2028 1486 2229 1556 legitur
2273 1489 2325 1544 in
2370 1489 2662 1561 Evangelio
2691 1492 2925 1550 Matthaei
2966 1496 3242 1550 Abraham
3276 1496 3502 1551 intrasse
3529 1498 3613 1551 ad

2025 1581 2446 1650 agriculturam;
2478 1601 2576 1639 nos
2617 1601 2745 1640 vero
2785 1589 2976 1643 media:
3023 1589 3199 1644 noctis
3237 1599 3470 1659 tempore
3500 1590 3613 1646 ad-

2026 1682 2313 1727 monemur
2356 1675 2653 1743 procedere
2700 1686 2825 1732 ante
2854 1677 3143 1734 Dominum
3180 1682 3425 1751 exemplo
3447 1681 3615 1737 Psal-

2025 1763 2326 1833 mographi,
2353 1763 2583 1822 dicentis
2616 1784 2629 1820 :
2668 1763 2909 1822 Prtrrem'
2935 1770 2991 1823 in
3018 1772 3342 1834 maturitate,
3365 1773 3469 1827 hoc
3493 1782 3609 1836 est,

345 1834 467 1907 ries]
490 1846 545 1892 et
571 1845 694 1907 post
722 1838 865 1894 hunc
889 1856 1102 1896 versum
1136 1843 1503 1914 gloriﬁcamus
1524 1857 1769 1903 sanctam
1798 1850 1919 1904 Tri-
1952 1845 1998 1903 B
2026 1850 2080 1904 in
2124 1852 2311 1907 media.
2344 1863 2520 1910 nocte.
2579 1856 2732 1923 Quod
2773 1858 3063 1927 aliquando
3090 1870 3275 1916 nostra
3315 1862 3615 1919 inﬁrmitas

341 1927 588 1993 nitatem,
615 1944 736 1998 quae
761 1929 1110 2000 gloriﬁcanda
1137 1944 1223 1990 est
1256 1945 1312 1990 et
1354 1936 1421 1993 de
1447 1941 1829 2008 prmteritis,et
1853 1944 1920 1997 de

339 2026 713 2092 praesentibus,
748 2034 803 2080 et
833 2027 897 2081 de
927 2028 1142 2084 futuris.
1171 2029 1380 2112 ‘Postea
1404 2032 1497 2086 dat
1528 2033 1653 2088 tuba
1680 2036 1920 2091 cantoris

341 2113 555 2184 signum
580 2131 680 2186 per
709 2119 1060 2187 antiphonam
1105 2120 1493 2188 invitatoriam,
1534 2132 1592 2179 ut
1610 2126 1919 2183 excitentur

336 2205 633 2262 Christiani
665 2209 1110 2281 circumquaque,
1145 2220 1201 2267 et
1227 2220 1645 2272 concurrantad
1675 2218 1914 2274 scholam

337 2296 621 2354 doctorum
658 2310 715 2355 et
741 2311 1019 2371 pastorum
1046 2304 1433 2363 Ecclesiarum.
1483 2308 1645 2365 Unde
1665 2311 1917 2368 dominus

334 2386 480 2445 Beda
510 2391 560 2445 in
598 2400 831 2448 tractatu
863 2411 962 2450 suo
981 2410 1145 2466 super
1175 2398 1374 2454 Lucam
1399 2401 1465 2455 de
1491 2403 1724 2471 quodam
1754 2420 1914 2461 versu

333 2482 527 2553 psalmi
550 2485 844 2542 iuvitatorii
875 2488 955 2544 sic
979 2507 992 2543 :
1030 2490 1122 2555 At,
1151 2491 1345 2560 inquit,
1368 2509 1492 2547 cum
1515 2494 1755 2565 ejusdem
1785 2511 1916 2566 ope-

334 2576 413 2632 ris
432 2593 712 2647 compares
733 2597 919 2651 quaero
943 2585 1187 2640 canendo
1209 2601 1330 2641 cum
1365 2588 1633 2659 Propheta
1658 2609 1670 2644 :
1712 2589 1910 2656 Venite,

331 2665 609 2724 adoremus
648 2681 696 2725 et
736 2673 1074 2742 procidamus
1110 2686 1233 2731 ante
1283 2677 1565 2734 Dominum
1589 2721 1603 2747 ,
1649 2680 1914 2752 plorantes

329 2773 509 2815 coram
544 2759 789 2827 Domino,
842 2765 932 2835 qui
978 2765 1099 2831 fecit
1148 2783 1273 2831 nos,
1324 2768 1604 2825 columbas
1643 2773 1710 2825 ad
1740 2772 1915 2830 altare

329 2845 574 2917 deporto.
625 2849 755 2905 Post
784 2852 924 2908 hanc
954 2855 1309 2925 antiphonam
1331 2870 1604 2915 canuntur
1628 2864 1915 2919 duodecim

329 2941 522 3009 psalmi
548 2952 674 2998 ante
704 2945 967 3005 lectiones
1012 2960 1067 3005 ct
1102 2955 1514 3022 responsorios:
1544 2957 1911 3014 duodenarius

329 3048 587 3101 numerus
621 3036 1027 3095 universitatem
1069 3045 1326 3113 temporis
1363 3054 1419 3100 et
1458 3062 1641 3102 rerum
1669 3050 1912 3106 continet

328 3120 382 3173 in
410 3136 490 3176 se.
542 3122 601 3177 In
628 3125 908 3182 duodecim
939 3130 1162 3199 psalmis
1194 3134 1457 3190 imbuiur
1482 3138 1625 3206 apud
1648 3140 1908 3196 ecclesia-

2022 1942 2158 1997 solet
2200 1946 2516 2013 protrahere
2553 1963 2723 2017 usque
2762 1949 2829 2003 ad
2870 1950 3219 2021 gallicinium.
3266 1953 3461 2008 Merito
3490 1971 3610 2009 tne-

2022 2034 2191 2088 moria
2214 2050 2400 2092 eorum
2433 2049 2767 2096 mortuorum
2796 2044 2889 2112 qui
2926 2044 2978 2098 in
3005 2045 3225 2101 Christo
3249 2050 3447 2102 mortui
3473 2060 3609 2104 sunt

2021 2127 2278 2183 recolitur
2325 2145 2420 2200 per
2463 2141 2697 2194 noctem,
2741 2137 2996 2205 quoniam
3037 2153 3226 2193 eorum
3257 2141 3525 2196 transitus
3551 2152 3609 2197 et

2018 2217 2173 2284 quies
2218 2220 2361 2273 nocti
2398 2232 2768 2291 comparatur,
2812 2225 3025 2281 dicente
3045 2227 3375 2296 Evangelio:
3419 2228 3605 2285 Veniet

2018 2317 2192 2362 autem
2234 2326 2356 2372 nox,
2398 2312 2612 2382 quando
2640 2330 2789 2368 nemo
2819 2318 3009 2385 poterit
3035 2321 3265 2388 aperari.
3326 2318 3433 2374 Per
3459 2321 3608 2389 psal-

2018 2414 2135 2455 mos
2170 2415 2308 2470 opus
2337 2403 2757 2471 przedicatorum
2801 2416 3171 2470 monstratur,
3214 2423 3315 2478 per
3337 2410 3607 2467 lectiones

2016 2487 2285 2544 doctrina.
2355 2490 2413 2546 in
2458 2493 2564 2549 isto
2604 2495 2797 2550 ordine
2830 2497 3128 2569 sequimur
3181 2508 3389 2556 textum
3439 2502 3604 2558 Lucae

2014 2578 2395 2648 evangelista},
2447 2582 2676 2638 dicentis
2713 2602 2728 2638 ε
2772 2582 3013 2641 Primum
3057 2588 3269 2658 quidem
3305 2608 3603 2647 sermonem

2014 2665 2114 2735 feci
2134 2667 2199 2721 de
2226 2669 2485 2734 omnibus,
2518 2689 2549 2725 o
2578 2672 2884 2745 Theophila,
2914 2694 3032 2749 qua:
3050 2680 3205 2749 coepit
3234 2679 3398 2736 Iesus
3423 2684 3604 2751 facere

2016 2765 2065 2810 et
2094 2757 2299 2823 docere.
2359 2761 2616 2819 Doctrina
2650 2780 2886 2837 namque
2934 2771 3351 2837 praedicatorum
3395 2777 3594 2843 quaerit.

2018 2849 2343 2909 imitatores.
2380 2854 2471 2911 Ad.
2506 2854 2610 2912 hoc
2652 2859 2797 2913 enim
2844 2859 3022 2932 surgit
3054 2872 3246 2918 cantor
3287 2880 3319 2918 a
3362 2865 3511 2931 sede,
3537 2876 3599 2921 et

2012 2939 2223 2995 exultat
2242 2957 2428 2998 vocem
2455 2944 2509 2998 in
2537 2948 2902 3017 responsorio,
2935 2959 2997 3005 ut
3017 2952 3223 3008 excitet
3245 2964 3454 3010 mentes
3473 2972 3598 3025 qua:

2012 3036 2303 3093 audierunt
2344 3040 2646 3097 doctrinam
2702 3044 2771 3100 ad
2816 3046 3059 3103 actiones
3099 3048 3292 3103 bonas.
3353 3048 3597 3121 Surgunt

2013 3139 2250 3196 namque
2295 3128 2504 3185 devotae
2544 3141 2755 3189 mentes
2794 3149 2891 3205 per
2944 3137 3287 3195 devotionem
3327 3141 3594 3196 bonorum

328 3213 495 3269 sticos
536 3215 681 3271 viros
714 3222 976 3276 memoria
1018 3234 1327 3280 sanctorum
1373 3227 1593 3285 Patrum
1613 3271 1628 3296 ,
1659 3231 1753 3300 qui
1781 3242 1905 3289 ante

2008 3228 2239 3287 ‘operum
2268 3220 2321 3275 in
2349 3225 2713 3293 responsorio,
2754 3237 2813 3283 ut
2845 3230 3210 3299 respondeant
3232 3232 3589 3287 exhortatori.

329 3302 504 3375 legem
535 3306 888 3366 excoluerth
914 3313 1126 3369 vineam
1152 3314 1385 3372 Domini.
1424 3318 1530 3374 Per
1554 3320 1696 3376 hunc
1723 3337 1908 3377 nume—

325 3411 444 3453 rum
474 3400 838 3467 instruuntur,
869 3403 961 3472 qui
994 3405 1062 3461 ad
1102 3409 1416 3465 nocturnale
1452 3408 1687 3467 ofﬁcium
1717 3428 1907 3468 occur-

327 3497 474 3555 runt,
507 3490 575 3546 de
621 3506 687 3546 eo
732 3493 872 3563 quod
908 3496 1167 3554 Dominus
1193 3502 1262 3556 ab
1301 3501 1458 3557 initio
1495 3504 1679 3558 mundi
1717 3504 1906 3560 habuit

324 3582 714 3652 praedicatores
742 3586 795 3641 in
822 3603 918 3642 sua
947 3589 1186 3647 Ecclesia
1207 3633 1222 3655 .
1265 3595 1357 3663 qui
1391 3595 1643 3666 populum
1678 3598 1772 3652 Dei
1808 3615 1901 3653 co-

325 3671 543 3729 luerunt
577 3675 692 3731 snis
722 3675 1015 3745 laboribus,
1044 3690 1104 3736 ut
1135 3684 1364 3739 reditum
1388 3695 1655 3755 quaereret
1685 3688 1750 3742 ad
1779 3706 1901 3760 pro-

328 3766 503 3834 priam
538 3768 769 3838 patriam
805 3785 900 3838 per
934 3772 1138 3828 Christi
1170 3779 1644 3834 resurrectionem.
1686 3781 1902 3839 Primus

325 3859 592 3927 psalmus,
645 3861 840 3917 Beatus
882 3866 980 3931 vir,
1044 3870 1283 3923 concinit
1323 3872 1720 3940 quodammodo
1765 3878 1898 3933 Abel

321 3944 468 4014 justo
490 3947 726 4012 homini,
764 3952 917 4020 cujus
953 3955 1172 4024 sanguis
1200 3955 1401 4014 eﬂ‘usus
1428 3970 1513 4015 est
1539 3961 1592 4015 in
1619 3972 1744 4034 typo
1773 3982 1900 4021 san-

322 4039 501 4108 guinis
525 4039 746 4096 Christi.
784 4042 850 4097 Et
873 4044 1115 4113 psalmus
1132 4045 1379 4118 [Domine
1401 4050 1547 4106 Dens
1570 4069 1737 4119 meus,
1768 4058 1821 4111 in
1849 4069 1899 4113 te

319 4131 586 4205 φωτινὴ]
630 4131 742 4190 Noe
786 4144 842 4191 et
870 4136 1014 4194 ﬁlius
1036 4138 1173 4209 ejus,
1209 4151 1373 4212 atque
1397 4145 1659 4202 uxoribus
1686 4165 1895 4215 eorum,

320 4237 442 4292 qum
474 4223 635 4279 salvae
678 4225 835 4284 facta:
881 4239 1010 4286 sunt
1044 4246 1142 4300 per
1174 4248 1389 4303 aquam.
1434 4236 1520 4302 Et,
1550 4236 1788 4310 [Salvum
1818 4259 1899 4296 me

322 4311 428 4380 fac,
459 4313 697 4379 Domine,
722 4321 969 4390 quoniam
1003 4323 1190 4393 defecit
1227 4337 1458 4390 sanctus,
1480 4328 1498 4401 j
1524 4330 1776 4398 Abrahae,
1804 4335 1896 4404 qui

320 4403 469 4460 solus
497 4407 698 4464 restitit
723 4427 792 4467 ne
817 4414 1069 4470 adoraret
1090 4416 1251 4483 idola,
1280 4421 1492 4476 caeteris
1518 4403 1897 4483 corruentibus

318 4495 376 4553 in
417 4512 502 4553 ea.
540 4500 747 4558 Dehinc
783 4506 1028 4575 sequitur
1064 4523 1275 4565 versus.
1335 4513 1534 4570 Versus
1572 4515 1770 4572 dicitur
1804 4518 1893 4573 ille

2006 3306 2152 3364 Ordo
2198 3313 2435 3381 postulat
2480 3316 2866 3375 exhortatoria:
2906 3319 3202 3378 {unctionis
3231 3332 3292 3378 ut
3332 3325 3439 3378 tale
3476 3325 3586 3379 ali-

2006 3399 2135 3468 quid
2177 3406 2450 3472 przecedat
2487 3408 2915 3466 exhortationem
2948 3414 3090 3483 quod
3128 3414 3392 3470 intentum
3416 3415 3585 3471 iaciat

2006 3492 2316 3550 audientem
2343 3505 2403 3551 et-
2423 3498 2620 3556 aﬁiciat
2647 3501 2716 3556 ad
2739 3505 3074 3574 sequendum
3095 3547 3109 3571 ,
3146 3518 3208 3562 ut
3240 3507 3294 3562 in
3328 3519 3586 3579 promptu

2005 3591 2344 3639 monstratur
2366 3587 2459 3642 ubi
2490 3590 2697 3647 utilitas
2724 3591 2972 3651 lectionis
2996 3597 3301 3653 divinarum
3340 3598 3587 3672 Scripta—

2004 3690 2186 3730 rarum
2215 3681 2473 3747 pmcedit
2511 3683 2941 3743 exhortatoriam
2981 3705 3167 3746 vocem
3207 3695 3473 3749 cantoris.
3520 3695 3591 3750 Et

2002 3774 2063 3820 ut
2083 3767 2402 3826 nullatenus
2432 3786 2587 3828 meus
2623 3776 2990 3835 exhortatoris
3026 3782 3195 3851 possit
3218 3798 3317 3853 per
3344 3782 3585 3854 aliquam

2002 3862 2369 3931 arrogantiam
2410 3874 2632 3935 propter
2683 3867 2907 3925 citatam
2955 3874 3364 3942 responsionem
3397 3877 3586 3944 subje-

2001 3959 2215 4007 ctorum
2239 3954 2464 4021 elevari,
2496 3960 2887 4031 constringitur
2911 3979 3069 4020 versu
3090 3966 3144 4021 in
3173 3982 3280 4037 quo
3310 3970 3462 4025 solus
3488 3972 3586 4026 de-

1999 4041 2091 4096 bet
2120 4041 2388 4101 laborare.
2427 4047 2544 4114 Quo
2575 4048 2720 4105 facto
2769 4051 3090 4110 admonetur
3122 4071 3186 4111 ex
3229 4059 3467 4129 propriis
3501 4060 3583 4115 la-

2000 4132 2221 4192 boribus
2247 4146 2305 4192 et
2324 4153 2388 4194 ex
2415 4141 2632 4210 propria
2658 4144 3009 4210 conscientia,
3029 4161 3089 4202 se
3114 4149 3257 4204 scire
3278 4166 3400 4206 esse
3418 4167 3577 4207 men-

1999 4225 2292 4281 surandum
2335 4237 2462 4284 ante
2514 4232 2746 4288 tribunal
2793 4234 3031 4302 Christi,
3074 4253 3182 4294 non
3224 4255 3289 4295 ex
3319 4243 3581 4312 Opinione

1998 4315 2176 4386 populi
2201 4327 2259 4373 et
2283 4320 2693 4390 discipulorum.
2729 4326 2933 4383 Priscis
2955 4331 3290 4399 temporibus
3315 4348 3421 4388 non
3446 4349 3577 4390 can-

1997 4408 2216 4464 tabatur
2245 4408 2430 4465 Gloria
2457 4423 2581 4483 post
2603 4430 2843 4484 versum,
2875 4421 2970 4475 sed
2994 4424 3340 4490 repetebantur
3361 4439 3574 4495 respon—

1997 4500 2194 4555 sorius.
2237 4501 2381 4558 Ordo
2414 4505 2609 4561 rationi
2658 4524 2929 4580 congruos
2968 4520 3029 4567 ut
3069 4513 3160 4583 qui
3187 4516 3356 4584 coepit
3379 4518 3579 4572 exhor-

318 4597 513 4644 cantus
535 4605 633 4659 per
662 4607 822 4661 quem
851 4569 1142 4652 revertitur
1171 4599 1398 4656 intentio
1421 4604 1618 4660 utentis
1648 4606 1702 4660 in
1729 4606 1888 4661 aliam

2008 4596 2140 4642 Lator
2181 4591 2297 4646 ﬁeri
2340 4606 2562 4664 propter
2610 4569 2841 4654 redittim
2895 4601 2963 4655 ad
3010 4569 3293 4659 cos-lestem.
3333 4607 3575 4675 patriam

321 4676 677 4735 intentionem
701 4721 718 4747 ,
759 4685 913 4753 quasi
963 4687 1206 4755 quaedam
1263 4694 1586 4761 compositio
1625 4693 1887 4761 ollicialis,

317 4767 609 4838 disponens
638 4771 743 4828 iter
768 4776 965 4831 mentis
994 4778 1145 4833 suavi
1173 4781 1440 4836 cantilena
1469 4784 1536 4838 de
1561 4799 1670 4840 uno
1691 4785 1886 4841 aﬂ‘ectu

317 4860 386 4916 ad
431 4859 698 4918 alterum:
730 4868 875 4922 verbi
921 4870 1095 4937 gratia
1121 4911 1136 4936 ,
1179 4873 1247 4927 de
1276 4875 1569 4942 psalmodia
1608 4877 1676 4931 ad
1699 4877 1889 4935 lectio-

318 4965 474 5015 nem;
519 4952 586 5007 de
632 4955 922 5014 solitudine
968 4962 1208 5018 omnium
1250 4965 1620 5023 Ecclesiarnm
1661 4971 1883 5040 adpro-

318 5041 491 5111 priam
531 5043 957 5114 conscientiam,
1005 5066 1124 5119 qua:
1165 5056 1456 5111 conversio.
1496 5058 1795 5115 addiscitur
1827 5062 1883 5118 in

316 5133 712 5203 rcspunsoriis;
756 5135 953 5192 iterum
985 5141 1050 5195 de
1085 5145 1380 5211 psalmodia
1412 5147 1481 5200 ad
1511 5151 1883 5222 evangelicum

318 5228 594 5298 hymnum,
622 5230 737 5287 sive
764 5232 830 5287 ad
853 5235 1157 5293 orationem
1185 5239 1548 5306 Dominicam,
1581 5243 1735 5313 cujus
1759 5262 1884 5317 pro-

315 5321 468 5391 lngus
494 5321 633 5378 solet
659 5338 780 5379 esse
809 5323 995 5397 [Κριτία
1018 5327 1232 5395 elcisan,
1251 5341 1306 5386 et
1328 5332 1531 5390 Christe
1548 5336 1762 5412 eleison]
1784 5356 1879 5395 seu

315 5408 385 5464 ad
412 5413 710 5469 orationem
733 5454 748 5478 ,
785 5431 950 5485 quam
989 5416 1127 5474 solet
1155 5422 1399 5491 proferre
1423 5426 1570 5482 solus
1602 5408 1878 5487 sacerdos.

314 5499 418 5557 iste
446 5513 619 5561 status
647 5508 846 5564 mentis
883 5509 937 5564 in
974 5512 1161 5567 multis
1197 5514 1452 5571 Ecclesiis
1479 5519 1884 5578 demonstratur

314 5605 408 5661 per
434 5603 635 5650 statum
662 5599 1045 5655 membrorum.
1085 5602 1139 5657 lo
1164 5605 1351 5662 multis
1371 5606 1625 5664 Ecclesiis
1653 5611 1706 5664 in
1730 5614 1880 5681 prino

313 5686 455 5755 eipio
479 5699 668 5746 cantus
695 5695 788 5762 qui
822 5704 1045 5751 vocatur
1067 5713 1281 5762 versus,
1315 5701 1475 5755 vertit
1498 5718 1557 5757 se
1585 5705 1784 5760 chorus
1810 5706 1877 5760 ad

314 5779 500 5835 altare.
539 5779 666 5835 Post
696 5798 910 5840 versum
951 5799 1253 5858 sequuntur
1298 5799 1407 5847 trcs
1452 5793 1711 5852 lectiones
1754 5814 1876 5853 cum

1992 4694 2304 4749 perseveret
2341 4686 2394 4740 in
2431 4702 2498 4741 eo
2538 4703 2710 4760 usque
2747 4690 2802 4745 in
2831 4691 3015 4748 linem.
3061 4694 3109 4748 A
3138 4699 3411 4752 modernis
3439 4715 3575 4755 vero

1991 4770 2316 4841 Apostolicis
2343 4777 2559 4834 additus
2579 4787 2663 4835 est
2687 4781 2942 4852 hymnus,
2969 4782 3179 4856 [Gloria
3210 4784 3384 4852 Patri,
3409 4801 3461 4844 et
3481 4789 3573 4844 Fi-

1989 4860 2082 4928 lio,
2109 4874 2157 4917 et
2190 4864 2415 4936 Spiritui
2440 4869 2646 4943 sancto]
2673 4881 2795 4941 post
2817 4889 3055 4941 versum,
3079 4893 3189 4946 quo
3211 4880 3573 4938 admonemur

1992 4960 2054 5006 ut
2081 4968 2146 5008 ex
2176 4958 2428 5014 omnibus
2466 4960 2623 5019 donis
2663 4970 2827 5033 atque
2867 4966 3007 5022 datis
3039 4984 3256 5039 semper
3281 4970 3569 5031 laudemus

1988 5042 2321 5103 Creatorem.
2350 5049 2431 5104 Ad
2462 5068 2624 5122 quam
2654 5056 2889 5125 patriam
2917 5067 2974 5112 et
2998 5060 3310 5117 societatem
3346 5079 3445 5118 nos
3477 5065 3565 5119 in-

1988 5143 2156 5191 tentet
2215 5139 2492 5198 exhortari
2529 5145 2726 5201 chorus
2790 5157 3100 5205 sanctorum
3145 5154 3565 5221 praedicatorum

1986 5242 2085 5296 per
2127 5227 2328 5286 Christi
2374 5237 2844 5303 resurrectionem,
2896 5255 3154 5297 numerus
3184 5241 3479 5298 lectionum
3507 5257 3562 5300 et

1986 5321 2452 5387 responsoriorum
2503 5327 2597 5395 qui
2645 5326 2953 5383 celebratur
2982 5330 3036 5383 in
3065 5331 3342 5387 Dominica
3371 5344 3561 5401 nocte,

1984 5408 2264 5466 evidenter
2289 5414 2620 5485 manifestat,
2651 5418 2860 5475 scilicet
2887 5421 2956 5476 ad
2978 5422 3256 5480 omlestem
3295 5425 3556 5484 Hierusa-

1983 5498 2086 5555 lem
2128 5511 2185 5556 et
2226 5519 2415 5561 novem
2459 5508 2679 5565 ordines
2721 5512 3061 5584 angelorum.
3115 5514 3216 5582 Qui
3260 5519 3465 5574 restius
3502 5528 3563 5576 et

1952 5602 1953 5605 ‘
1981 5592 2187 5660 mquius
2219 5609 2323 5650 non
2369 5609 2596 5664 possunt
2620 5600 2783 5656 dividi
2809 5641 2826 5667 ,
2873 5618 3034 5673 quam
3064 5605 3304 5659 ternario
3324 5622 3561 5663 numero

1980 5698 2075 5752 per
2100 5684 2388 5743 interstitia
2411 5690 2738 5758 psalmorum
2769 5693 2929 5749 trium
2970 5694 3292 5765 vigiliarum,
3336 5696 3390 5750 in
3420 5699 3552 5766 qui-

1980 5775 2081 5834 bus
2109 5777 2417 5834 recoluntur
2443 5782 2544 5839 tria
2576 5791 2814 5854 tempora
2846 5787 3120 5841 nominata
3149 5786 3202 5841 in
3233 5786 3554 5859 Evangelia.
