4000 6178
430 325 574 382 1:219

1462 322 1663 380 LIBER
1706 325 1792 379 DE
1828 323 2086 380 Olli.)le
2125 324 2636 382 ANTlPiiONAml.

2754 268 2779 281 ρ

3555 331 3693 384 latin

435 441 489 494 id
525 448 625 503 est,
669 438 843 509 prima
882 437 1083 510 vigilia,
1130 448 1185 493 et
1229 441 1462 494 secunda
1495 440 1707 509 vigilia,
1755 448 1810 493 et
1849 440 2008 492 tertia
2037 441 2084 498 Α
2113 453 2202 492 nes
2252 438 2427 509 justas
2491 440 2709 493 tcntatio
2757 440 3128 497 tribulationis.
3193 443 3495 500 'lribulatio
3548 450 3694 503 enim

438 531 630 603 vigilia.
674 530 807 584 Nam
838 530 1093 600 inprima
1122 530 1303 600 vigilia
1331 530 1586 585 recolitur
1616 546 1804 585 eorum
1828 547 2009 585 resur-

439 624 605 682 rectio
635 621 813 676 futura
860 622 913 675 in
944 619 1184 686 Christo,
1233 622 1324 692 qui
1365 632 1488 677 ante
1524 622 1691 695 legem
1724 622 2008 677 coluerunt

434 716 647 768 vineam
673 708 925 777 Domini;
951 712 1005 767 in
1046 713 1301 775 secunda,
1341 728 1529 769 eorum
1560 714 1650 783 qui
1680 721 1804 784 post
1833 713 2009 781 legem

432 808 611 862 datam
640 821 811 876 usque
837 806 891 860 in
922 806 1211 860 adventum
1241 806 1477 870 Christi;
1509 807 1560 861 in
1596 807 1770 867 tertia,
1803 805 2006 863 Christi

434 900 842 970 discipulorum.
888 899 1056 969 Hujus
1091 900 1234 954 enim
1275 901 1594 955 excellentia
1626 902 1677 955 in
1712 901 1884 955 tribus
1912 915 2008 955 no-

429 993 671 1047 vissimis
696 990 919 1062 psalmis
967 992 1182 1046 canitur
1222 991 1470 1047 Alleluia.
1536 991 1737 1046 llorum
1773 994 2008 1063 psalmo-

429 1099 550 1139 rum
576 1082 770 1138 divisio
799 1082 876 1138 sic
907 1098 964 1137 se
989 1083 1153 1137 habet
1198 1101 1211 1136 :
1256 1080 1552 1155 [Conserva
1580 1100 1681 1148 me,
1713 1082 2004 1155 Domine;]

430 1182 697 1229 memorat
723 1174 1064 1243 quiescentes
1101 1173 1153 1228 in
1182 1172 1400 1228 Christo
1440 1174 1506 1229 de
1539 1173 1756 1228 levitico
1782 1189 2003 1245 genere.

432 1266 697 1340 [Επαιάῂ
728 1265 984 1331 Domine,
1027 1266 1292 1335 justitiam
1328 1265 1556 1338 meam],
1599 1266 1841 1335 requiem
1866 1265 2008 1335 judi-

428 1374 586 1424 cum;
617 1357 870 1430 [Diligam
913 1367 993 1422 te,
1023 1357 1316 1430 Domine,]
1357 1373 1545 1428 regum
1578 1358 1791 1412 Veteris
1818 1357 2008 1413 Testa-

429 1450 599 1505 menti
646 1448 878 1520 palmam
926 1468 938 1502 :
1000 1448 1175 1521 [Caeli
1225 1449 1540 1521 enarrant,]
1588 1449 2006 1519 praedicatorum

426 1546 562 1603 Novi
595 1545 929 1600 Testamenti
958 1564 970 1599 :
1001 1544 1296 1617 [Exaudiat
1344 1554 1392 1598 te
1433 1544 1689 1598 Dominus
1718 1546 1772 1597 in
1798 1544 1882 1597 die
1910 1544 2008 1597 tri-

427 1634 757 1709 bulationis,]
799 1645 1100 1706 martyrum
1142 1620 1575 1689 Christianorum
1620 1634 1953 1705 triumphum
1988 1652 2002 1688 :

427 1728 445 1800 [
470 1727 714 1792 Domine,
760 1728 816 1781 in
848 1728 1038 1781 virtute
1067 1724 1210 1799 tua,]
1239 1741 1466 1797 regnum
1497 1739 1721 1780 manens
1750 1725 2007 1795 spiritua-

2111 531 2427 601 patientiam
2464 542 2741 602 operatur.
2782 533 2916 589 Tres
2945 537 3099 606 pueri
3128 536 3180 591 in
3208 540 3482 595 caminum
3517 543 3690 599 missi.

2110 637 2339 691 quorum
2386 624 2617 694 hymnus
2644 625 2857 679 canitur
2880 626 2933 680 in
2960 627 3150 696 quinto
3202 631 3392 685 ordine
3438 631 3673 688 Psalmo-

2112 729 2255 779 rum,
2306 714 2360 769 in
2402 714 2750 771 tribulatione
2790 718 3115 773 exstiterunt
3141 721 3429 789 patientes.
3483 732 3538 777 ct
3585 743 3687 783 non

2110 815 2393 861 cesserunt
2422 806 2585 861 minis
2616 806 3113 864 Nabuchodonosor
3141 812 3304 881 regis,
3331 822 3386 868 et
3412 815 3687 871 ministro-

2109 911 2227 949 rum
2256 896 2391 967 ejus.
2413 895 2473 951 ln
2496 913 2593 952 sua
2622 901 2927 954 constantia
2955 900 3305 972 pra-ﬁgurant
3324 909 3688 967 constantiam

2108 985 2323 1041 illorum
2349 997 2679 1054 sanctorum,
2708 991 2799 1060 qui
2850 991 2903 1045 in
2944 1003 3187 1065 tempore
3232 996 3547 1053 Antichristi
3581 1017 3687 1055 non

2109 1082 2306 1136 cedent
2346 1081 2560 1138 insidiis
2600 1092 2655 1138 et
2687 1084 2849 1139 minis
2877 1083 3011 1153 ejus,
3040 1088 3135 1141 sed
3180 1096 3606 1157 perseverabunt
3641 1093 3691 1147 in

2109 1173 2215 1227 ﬁde
2265 1175 2551 1230 catholica.
2580 1176 2685 1248 Ipsi
2718 1188 2877 1233 erunt
2906 1180 3181 1249 patientes
3215 1181 3266 1236 in
3320 1184 3691 1248 tribulatione,

2107 1275 2162 1319 et
2183 1279 2281 1335 per
2312 1268 2625 1336 patientiam
2652 1270 2863 1339 probati
2893 1271 3257 1337 invenientur,
3296 1282 3350 1328 et
3376 1291 3473 1343 per
3499 1278 3693 1346 proha-

2109 1359 2307 1412 tionem
2347 1376 2442 1429 spe
2479 1362 2647 1427 beati,
2702 1363 2767 1417 dc
2817 1363 3012 1432 quibus
3062 1365 3322 1435 scriptum
3379 1377 3503 1421 est:
3545 1366 3694 1422 Beati

2106 1450 2196 1521 qui
2224 1461 2522 1520 exspectant
2569 1464 2616 1507 et
2646 1457 2954 1524 perueniunt
2988 1474 3149 1529 usque
3171 1458 3240 1511 ad
3263 1459 3375 1513 dis
3422 1460 3563 1513 mflle
3593 1470 3700 1517 τνρ-

2106 1550 2281 1594 centos
2337 1544 2814 1615 trigintaquinque,
2870 1546 3007 1617 Spes
3062 1558 3241 1603 autent
3301 1567 3406 1604 non
3455 1553 3694 1608 estsine

2106 1629 2213 1685 ﬁde
2262 1640 2318 1686 et
2356 1633 2642 1688 charitate.
2691 1635 2895 1691 Idcirco
2946 1640 2999 1692 in
3053 1650 3236 1694 nostra
3292 1640 3531 1697 Ecclesia
3582 1653 3694 1699 tres

2104 1722 2299 1791 psalmi
2352 1737 2622 1781 canuntur
2646 1727 2998 1797 conjunctim.
3029 1733 3120 1802 qui
3162 1732 3347 1788 referti
3378 1746 3503 1790 sunt
3535 1736 3694 1791 laude

423 1820 554 1873 lium
582 1835 789 1889 regum.
833 1817 925 1873 Ha:
952 1832 1196 1888 personae
1220 1816 1461 1871 membra
1493 1825 1619 1871 sunt
1644 1817 1836 1886 capitis
1859 1817 2002 1873 illius
2030 1800 2078 1859 Β
2105 1813 2223 1870 Dei.
2256 1815 2463 1872 Doceat
2493 1820 2638 1873 enim
2663 1820 2754 1876 isti
2783 1831 2896 1877 tres
2939 1825 3155 1893 psalmi.
3186 1835 3404 1883 sanctos
3450 1829 3692 1883 victuros

421 1912 576 1981 cujus
640 1925 868 1982 regnum
929 1917 1261 1965 memoratur
1316 1908 1373 1962 in
1438 1907 1646 1978 psalmo
1675 1949 1690 1971 ,
1742 1908 2001 1961 Dominus

423 2003 675 2074 regnavit,
718 2003 958 2056 decorent
1002 2003 1193 2056 induit.
1234 1999 1351 2056 Hoc
1382 2000 1561 2055 differt
1594 2001 1737 2055 inter
1765 2008 1877 2054 tres
1900 2014 2000 2054 no-

424 2093 644 2149 ctu‘rnas
676 2092 1038 2149 Dominicales
1065 2102 1119 2147 et
1153 2101 1263 2147 tres
1293 2109 1412 2164 quin
1441 2108 1540 2163 per
1562 2099 1787 2147 czeteras
1814 2099 2003 2145 noctes

421 2194 709 2249 canuntur,
756 2186 975 2256 quando
1030 2184 1294 2239 festivitas
1340 2192 1421 2239 est
1456 2193 1802 2246 sanctorum,
1851 2181 2000 2252 quod

420 2281 525 2336 illm
561 2280 809 2335 recolunt
840 2279 1295 2335 resurrectionem
1325 2293 1632 2348 corporum,
1676 2275 1793 2329 ista:
1819 2282 1999 2329 autem

422 2372 813 2426 beatitudinem
843 2372 1147 2425 animarum
1175 2377 1505 2431 sanctarum,
1534 2383 1693 2436 quam
1724 2375 1851 2420 tunc
1876 2380 2000 2435 per-

422 2464 628 2534 cipiunt
674 2462 891 2534 quando
938 2462 1074 2516 ﬁunt
1102 2461 1252 2517 cives
1296 2459 1584 2531 spirituum
1611 2457 1910 2513 cmicstium
1945 2466 2001 2510 et

418 2556 705 2610 bonorum.

1050 2622 1277 2679 CAPUT
1301 2623 1362 2679 ll.

575 2715 652 2770 De
681 2715 988 2771 matutinali
1002 2716 1168 2788 officio
1192 2732 1286 2786 per
1312 2712 1617 2769 Dominicas
1650 2727 1844 2770 noctes.

491 2830 734 2887 Ofﬁcium
784 2830 1098 2885 matutinale
1148 2829 1562 2885 Dominicalium
1616 2831 1854 2886 noctium
1903 2831 1995 2885 ad-

417 2927 598 2977 monet
623 2920 1019 2975 ecclesiasticos
1044 2921 1190 2974 viros
1233 2920 1565 2991 prospicere,
1594 2920 1864 2991 quomodo
1886 2921 1997 2990 pri-

417 3027 505 3067 mo
530 3021 654 3083 post
684 3011 887 3067 Christi
916 3010 1371 3067 resurrectionem
1422 3010 1620 3082 fugatis
1643 3012 1879 3068 tenebris
1909 3029 1997 3070 er-

415 3117 597 3157 rorum
628 3112 681 3158 et
726 3102 1005 3165 vitiorum,
1054 3102 1328 3173 primitiva
1358 3101 1599 3157 Ecclesia
1640 3105 1879 3159 surrexit
1926 3106 1993 3160 ad

414 3200 590 3255 lucem
616 3214 761 3255 verte
790 3198 936 3263 ﬁdei,
966 3214 1086 3269 qua:
1124 3206 1207 3254 est
1236 3197 1290 3253 in
1319 3195 1470 3251 Novo
1521 3197 1887 3264 Testamento,
1940 3210 1996 3255 et

412 3291 683 3362 quomodo
714 3291 767 3346 in
798 3290 1101 3362 posteriore
1142 3301 1385 3360 tempore
1421 3287 1737 3361 adjungeret
1764 3291 1865 3345 sibi
1897 3292 1997 3346 Ec-

410 3382 634 3438 clesiam
664 3383 731 3437 de
761 3382 1013 3453 gentibus
1032 3422 1047 3445 ,
1078 3389 1241 3452 atque
1269 3380 1461 3436 iterum
1492 3380 1545 3435 in
1577 3398 1745 3435 unum
1772 3394 2021 3454 cunctas.

409 3474 547 3529 duas
573 3473 846 3528 Ecclesias
870 3480 1119 3544 Oporteat
1144 3488 1263 3528 eam
1291 3472 1729 3529 tribulationibus
1751 3475 1919 3545 proba
1929 3475 1990 3537 ri,

408 3576 465 3620 et
488 3580 588 3635 per
607 3565 924 3635 patientiam
946 3566 1230 3636 probatam
1276 3565 1525 3631 inveniri,
1564 3580 1773 3620 necnon
1815 3574 1870 3620 ct
1897 3581 1996 3635 per

409 3655 783 3726 probationem
822 3656 891 3710 ad
928 3672 1221 3727 supernam
1263 3656 1656 3711 beatitudinem
1686 3656 1991 3727 pervenire.

408 3748 624 3817 Primus
650 3765 840 3805 versus
864 3749 1027 3821 primi
1072 3748 1267 3820 psalmi
1317 3749 1652 3805 matutinalis
1698 3748 1882 3815 cilicii,
1907 3748 1998 3803 de-

409 3848 681 3895 monstrat
736 3841 1017 3895 Christum
1063 3856 1322 3913 regnasse
1368 3850 1491 3912 post
1540 3843 1993 3898 resurrectionem

407 3946 584 3997 suam,
612 3939 668 3986 et
692 3930 931 3986 induisse
977 3946 1037 3986 se
1073 3931 1326 3988 decorem
1366 3941 1421 3987 et
1467 3930 1862 3988 fortitudinem.
1896 3931 1994 3989 Se-

405 4024 615 4078 cundus
644 4037 833 4078 versus
862 4032 1130 4079 monstrat
1158 4022 1431 4078 ﬁrmatum
1454 4038 1573 4079 esse
1594 4026 1783 4080 orbem
1812 4031 1987 4087 terrae,

404 4114 657 4171 videlicet
707 4115 984 4186 apostolos
1030 4117 1317 4189 roboratos
1346 4114 1550 4173 Christi
1590 4116 1993 4173 resurrectione

406 4215 569 4276 atque
593 4208 912 4262 ascensione
934 4206 1001 4262 ad
1028 4206 1217 4273 ctelos,
1250 4222 1352 4262 nec
1376 4222 1483 4263 non
1511 4216 1565 4263 et
1585 4206 1848 4264 effusione
1870 4206 1992 4278 Spi-

406 4299 543 4353 ritus
596 4299 793 4354 sancti.
855 4299 1137 4355 Secundus
1180 4299 1424 4370 psalmus
1468 4309 1738 4356 monstrat
1802 4316 1988 4357 eorum

405 4389 782 4455 intentionem,
811 4407 974 4460 quam
998 4391 1323 4454 habuerunt,
1348 4399 1403 4446 ut
1425 4392 1621 4448 multos
1641 4392 1744 4448 sibi
1764 4394 1991 4463 conjun-

402 4488 593 4549 gerent
612 4496 676 4535 ex
707 4479 914 4545 iudica,
944 4490 999 4536 et
1025 4490 1085 4535 ut
1114 4497 1221 4536 una
1248 4482 1549 4553 eademque
1594 4484 1730 4539 ﬁdes
1756 4494 1900 4540 esset
1929 4485 1984 4539 in
2009 4513 2064 4573 Β

403 4569 679 4641 magistris
707 4580 762 4626 et
788 4572 1040 4636 subditis,
1068 4579 1124 4626 et
1146 4588 1253 4626 una
1281 4571 1509 4628 salvatio
1530 4582 1693 4645 atque
1720 4590 1824 4630 una
1865 4573 1983 4645 glo-

402 4658 654 4717 riﬁcatio.
705 4660 924 4719 Tertius
962 4664 1203 4733 psalmus
1248 4664 1523 4730 admonet,
1570 4674 1631 4720 ut
1672 4666 1986 4722 intendatur

400 4752 544 4821 quod
592 4761 715 4822 post
756 4752 1070 4808 Judacorum
1123 4753 1353 4811 salutem
1382 4756 1573 4811 eadem
1622 4756 1771 4812 salus
1793 4773 1987 4829 perve-

398 4841 542 4896 niret
580 4844 646 4897 ad
678 4855 884 4915 gentes.
923 4844 1003 4899 Ex
1029 4860 1258 4915 persona
1289 4847 1532 4916 gentium
1569 4856 1820 4904 cantatur
1839 4850 1984 4920 psal—

397 4951 520 4991 mus
552 4933 738 5008 [Deus,
763 4937 904 4992 Deus
926 4955 1091 5003 meus,
1127 4939 1197 4993 ad
1216 4950 1266 4994 te
1299 4939 1363 4994 de
1389 4939 1504 4995 luce
1528 4940 1733 5014 vigilo].
1763 4940 1982 4998 Interim

397 5028 610 5098 repulsa
639 5026 843 5094 Judiea,
890 5030 1172 5101 colligetur
1205 5039 1260 5088 et
1305 5032 1420 5102 ipsa
1447 5032 1642 5087 iterum
1669 5046 1768 5103 per
1793 5033 1984 5103 praadi-

395 5120 666 5176 cationem
697 5119 883 5176 Enoeh
931 5130 987 5177 et
1034 5120 1220 5187 Helize,
1270 5131 1327 5177 et
1358 5124 1451 5178 liet
1475 5140 1580 5179 una
1630 5124 1873 5182 Ecclesia
1914 5141 1983 5182 ex

394 5212 603 5268 duobus
628 5212 856 5284 populis.
883 5212 1086 5268 idcirco
1103 5223 1402 5284 praesentes
1427 5215 1534 5270 duo
1560 5216 1854 5286 psalmi,.id
1874 5226 1979 5283 est,

395 5300 584 5374 [Deus,
609 5304 749 5360 Deus
793 5321 958 5372 meus,
987 5306 1058 5359 ad
1089 5317 1139 5360 te
1162 5306 1227 5360 de
1252 5306 1367 5360 luce
1409 5306 1565 5379 vigilo
1590 5307 1646 5381 :]
1687 5318 1765 5375 et,
1815 5309 1981 5381 [Deus

393 5393 704 5448 misereatur
722 5392 935 5467 nostri,]
961 5411 1068 5449 non
1097 5395 1429 5459 dividuntur,
1459 5404 1521 5450 ut
1542 5397 1652 5452 sint
1681 5398 1735 5452 in
1763 5398 1977 5468 signum

392 5482 540 5539 illius
589 5486 875 5556 temporis,
929 5486 1148 5557 quando
1194 5486 1341 5542 nulla
1387 5487 1643 5543 distantia
1675 5489 1780 5544 erit
1832 5489 1979 5543 inter

392 5572 555 5631 ﬁdem
606 5576 823 5646 gentilis
850 5578 1036 5648 populi
1066 5588 1122 5634 et
1160 5575 1369 5634 Judaici
1404 5597 1416 5633 :
1449 5579 1699 5635 Adunata
1732 5579 1975 5636 Ecclesia

391 5679 461 5720 ex
503 5667 710 5722 duobus
754 5667 968 5738 populis
991 5669 1404 5740 prosperabitur
1430 5684 1529 5739 per
1550 5670 1887 5740 patientiam,
1917 5683 1977 5726 ut.

392 5758 674 5831 Scriptura
703 5763 835 5816 dicit
863 5781 874 5815 :
925 5759 1059 5815 Vasa
1081 5760 1229 5830 ﬁguli
1268 5761 1453 5832 probat
1474 5763 1693 5833 (ornat,
1723 5773 1769 5815 et
1796 5764 1973 5816 homi-

2103 1913 2226 1976 post
2253 1907 2684 1965 interfectionem
2719 1913 3043 1968 Antichristi
3078 1915 3129 1969 in
3162 1916 3419 1972 ﬁrmitate
3456 1919 3600 1983 ﬁdei,
3633 1932 3689 1975 ct

2102 1999 2436 2056 beatitudine
2466 2003 2600 2072 spei,
2626 2013 2681 2059 et
2707 2004 2907 2061 ltetitia:
2936 2007 3262 2073 dilectionis,
3294 2020 3456 2081 atque
3493 2014 3690 2066 tuiani-

2104 2091 2297 2147 mitate
2338 2093 2707 2165 inscparabili.
2747 2096 2878 2152 Post
2914 2099 3013 2155 hos
3054 2102 3291 2171 psalmos
3330 2105 3544 2160 canitur
3582 2106 3681 2159 ali-

2102 2198 2209 2252 qua
2254 2181 2433 2239 lectio.
2465 2186 2579 2241 Non
2610 2188 2783 2269 deerit
2809 2192 2952 2245 enim
3000 2192 3091 2247 illo
3123 2202 3366 2265 tempore
3394 2198 3546 2252 cibus
3577 2199 3689 2268 spi-

2103 2276 2276 2331 ritalis
2293 2278 2345 2332 in
2362 2278 2626 2346 Ecclesia,
2646 2284 2736 2353 qui
2756 2284 3207 2354 augeatlzetitiam
3235 2290 3400 2343 semel
3432 2299 3689 2360 ctrptam.

2099 2366 2230 2422 Post
2279 2383 2440 2438 quam
2474 2370 2761 2426 lectionem
2804 2373 3007 2429 dicitur
3038 2391 3228 2432 versus
3276 2376 3557 2451 [Dominus
3609 2397 3692 2433 re.

2099 2461 2296 2532 gnavit,
2320 2463 2556 2518 decorem
2581 2465 2796 2539 induit].
2831 2466 2938 2522 Iste
2967 2484 3156 2524 versus
3185 2486 3281 2525 nos
3307 2470 3465 2525 docet
3486 2472 3683 2527 iterum

2088 2551 2301 2609 electos
2327 2555 2652 2611 recitaturos
2682 2557 3016 2628 triumphum
3038 2559 3262 2624 Christi,
3293 2572 3414 2631 post
3454 2559 3683 2618 interfe-

2098 2645 2330 2701 ctionem
2358 2646 2697 2712 Antichristi,
2732 2650 2823 2719 qui
2854 2648 2970 2716 ejus
2999 2660 3241 2721 tempore
3267 2654 3419 2723 quasi
3456 2654 3509 2708 in
3551 2652 3681 2708 lati-

2098 2736 2241 2791 bulis
2284 2737 2535 2792 silebant.
2592 2737 2744 2795 Sicut
2779 2724 2923 2811 'post
2975 2743 3250 2798 tristitiam
3298 2745 3689 2816 discipulorum

2098 2826 2425 2883 Christi‘de
2471 2827 2589 2897 ejus
2636 2839 2829 2895 morte,
2886 2844 3142 2888 renovata
3187 2843 3273 2889 cst
3304 2852 3457 2890 mens
3496 2852 3685 2903 eorum

2099 2916 2282 2973 laetitia
2307 2919 2372 2974 de
2395 2921 2790 2977 resurrectione
2815 2923 2948 2994 ejus,
2979 2934 3039 2979 ut
3064 2925 3404 2981 ruminarent
3440 2944 3678 2991 versum,

2100 3008 2381 3082 [Dominus
2405 3012 2682 3086 regnavit],
2710 3014 2785 3069 ita
2807 3024 2861 3069 et
2890 3025 3011 3086 post
3038 3018 3316 3072 tristitiam
3346 3019 3687 3075 Christiano-

2099 3115 2218 3154 rum
2272 3101 2338 3156 de
2384 3103 2761 3172 persecutione
2802 3105 3157 3171 Antichristi,
3201 3120 3496 3164 renovatur
3538 3127 3689 3166 utens

2097 3204 2285 3245 eorum
2313 3190 2500 3245 ltetitia
2550 3193 2617 3247 de
2646 3193 2763 3263 ejus
2796 3194 3195 3261 interfectione,
3228 3209 3286 3253 ut
3318 3209 3519 3254 canant
3563 3199 3689 3273 [Do-

2096 3284 2269 3336 minus
2313 3284 2565 3354 regnavit,
2618 3286 2855 3340 decorem
2909 3286 3127 3360 induit.]
3163 3289 3291 3343 Post
3321 3289 3422 3345 hoc
3474 3301 3685 3360 tempus

2096 3375 2339 3444 sequitur
2385 3383 2446 3428 ut
2492 3368 2726 3446 hymnus
2769 3378 2981 3433 dicatur
3037 3379 3375 3452 [Benedictus
3430 3383 3685 3438 Dominus

2094 3465 2237 3520 Deus
2268 3464 2459 3532 Israel,
2481 3469 2606 3539 quia
2632 3470 2860 3526 uisitauit
2888 3483 2934 3525 et
2965 3473 3086 3543 fecit
3114 3475 3516 3544 redemptionem
3569 3477 3681 3547 ple-

2095 3559 2174 3613 bis
2203 3558 2366 3629 stur].
2400 3559 2553 3614 Sicut
2605 3576 2672 3616 eo
2703 3570 2969 3634 tempore,
3014 3564 3228 3634 quando
3258 3558 3401 3620 hunc
3450 3567 3687 3623 cantavit

2094 3651 2412 3717 Zacharias,
2438 3653 2491 3707 in
2514 3653 2762 3722 proximo
2786 3664 2905 3709 erat
2925 3653 3125 3710 Christi
3150 3656 3415 3712 adventus
3434 3658 3679 3726 primus:

2096 3746 2169 3800 ita
2200 3755 2275 3809 ,et
2323 3747 2372 3800 in
2401 3747 2697 3803 novissimo
2743 3756 3008 3816 tempore,
3038 3749 3103 3803 de
3132 3765 3241 3818 quo
3265 3751 3513 3819 superius
3544 3752 3677 3814 dixi.

2095 3837 2150 3892 in
2176 3837 2425 3908 proximo
2444 3839 2550 3894 erit
2576 3839 2847 3895 secundus
2869 3841 3135 3895 adventus
3161 3840 3279 3912 ejus
3301 3841 3353 3895 in
3381 3857 3489 3910 quo
3510 3844 3683 3898 sancti

2095 3930 2338 3985 servient
2363 3930 2593 3985 Domino
2630 3931 2747 3985 sine
2775 3930 2992 3996 timore,
3021 3930 3089 3986 de
3118 3947 3281 3987 manu
3335 3932 3684 3988 inimicorum

2095 4021 2333 4088 liberati,
2358 4022 2411 4077 in
2442 4023 2734 4079 sanctitate
2759 4032 2813 4079 et
2835 4021 3047 4092 justitia
3071 4039 3256 4080 coram
3291 4024 3406 4094 ipso
3435 4026 3686 4081 omnibus

2094 4114 2306 4180 diebus,
2343 4121 2401 4169 et
2420 4122 2616 4169 cetera
2640 4115 2782 4185 bona
2805 4106 3389 4171 attribuanturelectis
3417 4117 3531 4179 Dei,
3563 4134 3684 4187 qua:

2092 4206 2148 4260 in
2179 4205 2433 4275 prmsenti
2472 4206 2673 4276 hymno
2700 4214 2992 4260 canuntur.
3022 4205 3205 4276 Usque
3231 4207 3302 4261 ad
3338 4221 3542 4270 versus,
3589 4211 3680 4277 qui

2091 4295 2312 4367 proprie
2338 4293 2604 4349 resultant
2624 4293 2692 4348 de
2722 4291 2954 4361 Joanne,
2994 4294 3047 4349 id
3084 4303 3189 4362 est,
3240 4293 3317 4354 Tu
3371 4312 3503 4367 puer
3545 4296 3681 4352 Pro-

2090 4387 2266 4455 plieta,
2293 4394 2350 4439 et
2383 4385 2655 4457 deinceps.

2713 4473 2943 4531 CAPUT
2978 4476 3065 4531 Ill.
3314 4547 3320 4554 θ

2192 4561 2272 4616 De
2307 4563 2605 4618 nocturnali
2636 4564 2799 4637 ofﬁcio
2843 4567 3272 4638 quotidianarum
3315 4570 3567 4623 noctium.

2158 4655 2430 4711 Numerus
2459 4656 2790 4727 psalmorum
2831 4659 2923 4727 qui
2970 4660 3141 4713 currit
3183 4676 3282 4730 per
3330 4661 3680 4730 quotidianas

2087 4756 2279 4803 noctes
2300 4746 2610 4802 nocturnali‘
2632 4745 2828 4813 ofﬁcio,
2862 4748 2915 4802 id
2940 4759 3044 4813 est,
3076 4749 3462 4815 duodenarius,
3503 4762 3678 4806 certat

2087 4856 2186 4911 per
2211 4839 2419 4896 clerum
2462 4839 2891 4895 ecclesiasticum
2936 4856 3097 4896 orare
3130 4857 3229 4912 pro
3259 4843 3494 4914 propriis
3543 4860 3671 4914 pec-

2087 4933 2246 4998 catis,
2287 4941 2342 4988 et
2378 4948 2477 5003 pro
2503 4948 2692 4988 eorum
2719 4949 2950 5004 quorum
2990 4932 3252 4989 oblationi
3291 4951 3356 4990 us
3399 4944 3660 4991 sustenta-

2090 5034 2180 5080 tur
2229 5026 2486 5082 Ecclesia.
2522 5025 2792 5096 Scriptum
2822 5036 2907 5082 est
2951 5027 3005 5083 in
3061 5027 3354 5098 Evangelia
3402 5027 3668 5085 Joannis.

2090 5117 2280 5174 Nonne
2304 5118 2579 5173 duodecim
2602 5120 2747 5173 liora:
2772 5129 2892 5173 sunt
2916 5119 3061 5173 diei?
3086 5118 3147 5175 Si
3173 5122 3291 5191 quis
3327 5120 3672 5175 ambulaverit

2083 5212 2139 5264 in
2165 5211 2272 5275 die,
2302 5226 2405 5264 non
2451 5211 2690 5280 oﬂ'endit,
2730 5212 2855 5281 quia
2892 5211 3061 5271 lucem
3089 5214 3250 5283 hujus
3277 5213 3461 5268 mundi
3493 5213 3659 5274 videt,

2082 5302 2173 5372 qui
2198 5311 2370 5355 autem
2393 5302 2733 5358 ambulaverit
2756 5304 2811 5357 in
2833 5315 3005 5371 nocte,
3029 5306 3268 5375 o/I’endit,
3296 5305 3420 5375 quia
3448 5303 3542 5359 lus:
3567 5321 3671 5358 non

2082 5401 2158 5445 est
2205 5391 2261 5445 in
2305 5408 2385 5446 eo.
2423 5391 2527 5447 Per
2580 5394 2862 5451 duodecim
2909 5397 3144 5466 psalmos
3193 5394 3671 5466 comprehenditur

2080 5482 2405 5537 universalis
2438 5484 2737 5541 admonitio
2771 5486 2839 5541 ad
2862 5487 3084 5549 clerum,
3120 5495 3175 5540 ut
3204 5471 3543 5541 intercedant
3569 5502 3669 5555 pro

2079 5575 2301 5632 oﬁensis
2326 5576 2669 5646 populorum,
2703 5592 2824 5645 qua:
2850 5576 2904 5630 in
2938 5585 3094 5630 nocte
3121 5585 3438 5644 operantur.
3472 5574 3542 5631 Et
3568 5592 3669 5650 per

2078 5676 2277 5724 statum
2309 5669 2484 5722 noctis
2513 5666 2991 5736 comprehenditur
3016 5664 3250 5734 qualitas
3292 5676 3663 5734 peccatorum,

2080 5764 2291 5818 dicente
2324 5763 2487 5816 Paulo
2514 5763 2568 5815 in
2594 5760 2828 5830 Epistula
2853 5760 2919 5813 ad
2946 5758 3465 5816 Thessalonicenscs
3488 5777 3502 5812 ε
3538 5758 3664 5813 0m-
