4000 6178
379 273 510 329 1251

1402 270 1735 330 ΑΜΑιιΑῐιιι
1773 267 2208 325 PRESBYTER!
2248 265 2589 323 METENSIS

3490 266 3630 320 1251

385 408 472 446 ne:
495 392 632 446 enim
654 408 748 446 vos
789 389 888 462 ﬁlii
925 389 1055 444 lucis
1083 391 1226 453 estis,
1255 401 1302 444 et
1341 388 1442 459 ﬁlii
1469 389 1573 444 diei
1608 406 1624 443 :
1656 405 1760 442 non
1816 387 1947 442 estis
1976 388 2024 446 Α
2053 382 2291 438 vicissim
2329 383 2606 438 dormiunt
2658 380 2877 445 milites,
2906 390 2960 434 et
2997 379 3236 435 vicissim
3283 380 3532 452 vigilant.
3573 382 3618 435 ir

377 483 543 538 noctis
573 499 734 554 neque
759 482 1110 537 tenebrarum.
1137 477 1312 550 Igitur
1336 497 1438 534 non
1466 480 1792 532 dormiamus
1815 479 1950 532 sicut

375 586 424 628 et
456 575 652 638 crcteri,
692 574 780 628 sed
829 571 1096 642 vigilemus
1139 583 1187 626 et
1223 571 1382 626 sobrii
1428 571 1611 624 simus.
1665 569 1769 634 Qui
1812 571 1950 624 enim

375 671 662 733 dormiunt,
709 676 856 721 nocte
899 667 1197 730 dormiunt;
1225 675 1273 720 et
1301 666 1389 737 qui
1435 665 1564 720 ebrii
1614 674 1754 727 sunt,
1807 673 1954 718 nocte

375 761 504 814 ebrii
528 768 669 814 sunt.
708 755 820 812 Nos
862 767 1037 812 autem
1072 759 1158 829 qui
1191 756 1295 811 diei
1335 772 1537 820 sumus,
1565 755 1726 809 sobrii
1765 754 1948 808 simus.

377 852 656 908 Debitores
675 850 820 905 enim
850 863 1036 905 sumus
1059 863 1177 914 nos,
1200 848 1293 918 qui
1323 864 1390 902 ex
1417 846 1780 902 oblationibus
1821 845 1951 900 iide-

375 945 504 998 lium
533 943 782 1008 vivimus,
810 949 921 996 tam
951 941 1050 1010 pro
1093 955 1283 996 eorum
1312 939 1549 1010 peccatis
1593 938 1947 1001 intercedere,

373 1050 533 1105 quam
563 1049 663 1106 pro
691 1032 912 1088 nostris.
960 1031 1036 1087 De
1068 1047 1174 1102 qua
1206 1046 1264 1086 re
1289 1030 1479 1085 scribit
1509 1039 1729 1089 sanctus
1751 1027 1952 1098 Grego-

376 1128 490 1182 rius
536 1126 591 1180 in
631 1124 854 1181 homilia
877 1138 973 1178 sua
1010 1141 1022 1176 :
1060 1121 1359 1178 Pensemus
1393 1119 1545 1188 cujus
1588 1120 1951 1174 damnationis

371 1218 462 1281 sit,
512 1216 630 1270 sine
679 1215 862 1269 labore
899 1213 988 1268 hic
1038 1213 1319 1282 percipere
1369 1211 1674 1266 mercedem
1730 1210 1948 1266 laboris.

375 1306 512 1360 Ecce
559 1321 626 1360 ex
675 1303 948 1358 oblatione
980 1303 1218 1357 fidelium
1264 1301 1534 1356 vivimus:
1569 1303 1662 1358 sed
1711 1301 1950 1371 nunquid

372 1413 471 1469 pro
521 1395 804 1451 animabus
830 1394 1066 1448 ﬁdelium
1095 1393 1437 1448 laboramus?
1482 1393 1566 1447 illa
1606 1394 1660 1448 in
1707 1402 1948 1448 nostrum

375 1488 694 1558 stipendium
737 1485 1020 1549 sumimus,
1051 1500 1170 1555 qua:
1212 1499 1311 1554 pro
1343 1484 1668 1538 redimendis
1714 1484 1952 1554 peccatis

372 1580 481 1634 suis
534 1577 720 1632 ﬁdeles
771 1576 1114 1640 obtulerunt,
1145 1590 1246 1630 nec
1295 1584 1474 1629 tamen
1512 1584 1698 1630 contra
1727 1585 1948 1645 peccata

369 1671 557 1725 eadem
581 1668 665 1724 vel
687 1668 950 1723 orationis
979 1668 1179 1732 studio,
1211 1666 1294 1722 vel
1322 1667 1743 1736 praedicationis,
1776 1676 1835 1720 ut
1878 1667 1954 1721 di-

2053 473 2483 529 Christianorum
2506 489 2636 528 vero
2671 472 2865 527 militia
2891 472 3090 526 dictum
3118 481 3202 526 est
3231 471 3285 525 in
3335 471 3628 544 Evangeli:

2054 565 2217 620 Marci
2248 583 2260 618 :
2305 564 2457 630 Quod
2479 574 2653 618 autent
2674 564 2814 618 vobis
2843 564 2985 628 dico,
3027 562 3262 616 omnibus
3297 562 3440 628 dico,
3487 562 3605 636 Vigt

2051 656 2174 710 tate.
2217 655 2348 710 'l‘res
2372 654 2630 710 lectiones
2657 663 2712 710 et
2735 662 2846 710 tres
2887 654 3216 723 responsorii
3241 669 3340 724 per
3361 657 3612 726 quotidia

2051 765 2150 804 nas
2162 757 2346 806 noctes
2362 748 2846 803 insinuantsancta:
2862 747 3024 818 plebi,
3041 747 3241 802 clerum
3254 747 3514 805 Ecclesiae
3538 750 3618 805 De

2051 842 2118 896 ad
2155 841 2260 896 hoc
2277 856 2398 896 esse
2442 841 2706 895 intentum
2741 847 2800 892 ut
2846 839 3134 895 admoneat
3157 856 3254 911 per
3307 840 3635 906 lectionem.

2052 935 2156 988 hoc
2192 941 2298 998 est,
2325 949 2477 988 suam
2521 933 2822 1014 doctrinam
2853 942 2907 988 et
2934 948 3032 1004 per
3061 937 3487 1005 responsorium,
3527 938 3638 993 hoc

2051 1035 2152 1092 est,
2209 1025 2501 1081 clamorem
2554 1042 2662 1081 non
2694 1043 2918 1096 parvum
2945 1028 3145 1082 mentis
3187 1027 3534 1098 praedicando
3575 1037 3636 1085 et

2051 1118 2386 1175 exhortando
2412 1118 2671 1188 populum
2699 1119 2788 1174 Dei
2814 1120 2884 1174 ad
2908 1118 3139 1190 vigilias,
3177 1120 3222 1173 si
3247 1118 3513 1176 Dominus
3535 1122 3634 1175 do—

2051 1228 2172 1268 mus
2207 1220 2429 1282 repente
2457 1211 2685 1275 venerit,
2737 1227 2860 1267 sero
2885 1227 2952 1266 an
2983 1212 3158 1266 media
3190 1221 3370 1278 nocte,
3401 1229 3469 1268 an
3499 1214 3635 1282 galli

2054 1314 2238 1368 cantu,
2275 1319 2343 1358 an
2393 1317 2571 1367 mane,
2602 1318 2670 1357 ne
2705 1303 2948 1358 inveniat
2986 1317 3112 1357 eum
3157 1303 3536 1359 dormientem.
3571 1306 3637 1360 Si

2051 1394 2194 1449 enim
2229 1394 2435 1449 venerit
2458 1393 2717 1448 Dominus
2743 1393 2934 1447 domus
2965 1393 3262 1448 secundum
3313 1394 3534 1457 Lucam.
3569 1397 3634 1450 in

2051 1484 2286 1540 secunda
2323 1484 2526 1555 vigilia,
2577 1493 2632 1538 et
2662 1483 2706 1538 si
2744 1483 2800 1536 in
2833 1483 2993 1537 tertia
3049 1483 3231 1554 vigilia
3284 1486 3509 1549 venerit,
3571 1496 3636 1540 et

2051 1575 2283 1645 pulsanti
2330 1572 2612 1629 confestim
2653 1572 2924 1644 aperitur,
2973 1572 3115 1627 beati
3160 1583 3290 1628 sunt
3339 1575 3476 1629 servi
3519 1576 3628 1630 illi.

2057 1666 2182 1720 Haec
2209 1674 2294 1720 est
2327 1665 2554 1720 intentio
2598 1665 2726 1720 cieri
2753 1665 2872 1729 Dei,
2907 1674 2966 1719 ut
2992 1665 3034 1719 si
3086 1665 3208 1734 quis
3237 1667 3382 1735 gravi
3430 1682 3636 1720 somno

366 1779 532 1833 gnum
563 1769 665 1826 est,
697 1761 1030 1816 insudamus.
1064 1759 1174 1814 Nos
1197 1758 1393 1815 fratres
1423 1767 1700 1814 cantemus
1741 1760 1796 1814 in
1850 1776 1945 1814 no-
1976 1747 2020 1806 Β
2049 1757 2315 1822 addictus,
2359 1757 2414 1811 in
2470 1758 2644 1828 prima
2681 1757 2866 1827 vigilia
2913 1757 3190 1828 negligens
3235 1759 3525 1822 exstiterit,
3574 1762 3633 1814 in

368 1854 602 1910 cturnali
629 1852 800 1909 ofﬁcio
830 1853 1052 1908 totidem
1092 1854 1350 1924 psalmos,
1386 1861 1517 1922 quot
1549 1854 1698 1908 horae
1738 1863 1866 1908 sunt
1890 1855 1944 1908 in

369 1954 525 2000 nocte
568 1944 929 2014 aequinoctiali
964 1954 1056 1999 :et
1087 1958 1152 1998 ex
1177 1953 1318 2000 statu
1351 1945 1641 2013 temporis,
1674 1946 1947 2000 discamus

370 2036 642 2091 debitores
672 2051 770 2090 nos
795 2051 938 2101 esse,
975 2051 1072 2105 pro
1101 2037 1342 2106 peccatis
1375 2053 1561 2092 eorum
1589 2037 1944 2102 intercedere,

365 2142 596 2194 quorum
626 2125 984 2180 oblationibus
1011 2134 1400 2180 sustentamur.
1447 2125 1510 2178 Et
1539 2141 1605 2180 ex
1635 2127 1782 2199 senis
1808 2127 1948 2179 anti-

368 2216 580 2285 phonis,
646 2231 780 2285 quas
828 2215 1070 2270 vicissim
1133 2215 1284 2269 chori
1336 2230 1434 2284 per
1483 2215 1722 2286 singulos
1756 2231 1947 2270 versus

368 2314 638 2376 repetunt,
665 2307 1042 2372 admonemur,
1072 2317 1132 2361 ut
1180 2316 1366 2361 nostra
1400 2307 1630 2362 intentio
1658 2308 1842 2362 tendat
1881 2308 1946 2362 ad

366 2397 751 2468 perfectionem
803 2397 1068 2453 bonorum
1115 2413 1373 2468 operum,
1427 2398 1519 2468 qui
1566 2415 1664 2469 pro
1718 2399 1946 2453 aliorum

366 2488 607 2557 peccatis
632 2487 900 2542 debitores
947 2501 1134 2541 sumus
1164 2487 1519 2541 intercedere.
1551 2486 1607 2542 Si
1638 2486 1944 2552 fecerimus,

374 2596 478 2633 non
508 2579 614 2634 erit
643 2578 942 2648 periculosa
990 2585 1045 2633 et
1094 2580 1534 2648 reprehensibilis
1562 2590 1807 2651 suscepta
1851 2581 1948 2635 oh-

366 2671 495 2727 latio
537 2670 772 2726 fidclium
801 2686 832 2725 a
867 2671 1046 2737 nobis,
1095 2672 1307 2726 dicente
1357 2669 1644 2743 Evangelio
1686 2691 1698 2726 :
1744 2671 1945 2743 Dignus

362 2771 437 2815 est
483 2762 620 2816 enim
678 2761 949 2832 operarius
995 2762 1108 2816 cibo
1151 2780 1265 2817 suo.
1313 2759 1783 2833 Recordemurque
1827 2780 1947 2818 sen-

367 2854 547 2907 tentia:
573 2850 759 2907 Jacobi
793 2851 1052 2922 apostoli,
1087 2853 1318 2910 dicentis
1346 2871 1360 2908 :
1391 2851 1724 2924 Conﬁtemini
1749 2854 1945 2909 alteru-

364 2954 504 2996 trum
523 2952 734 3013 peccata
764 2953 949 3006 vestra,
981 2955 1124 2998 orate
1146 2962 1240 3015 pro
1268 2947 1509 3010 invicem,
1542 2957 1598 2999 ut
1623 2945 1894 3002 salvemini
1925 2965 1944 3002 :

366 3033 587 3088 multum
625 3036 761 3089 enim
791 3035 923 3089 valet
945 3035 1238 3106 deprecatio
1257 3038 1393 3108 justi
1418 3039 1655 3092 assidua.
1701 3039 1943 3107 Qualita-

2049 1848 2284 1904 secunda
2329 1847 2506 1920 vigilia
2554 1849 2735 1904 solerti
2767 1864 2894 1904 cura
2925 1859 3201 1919 exspectet
3225 1849 3514 1906 Dominum
3549 1866 3636 1904 re-

2046 1947 2344 1993 vertentem
2370 1954 2399 1991 a
2421 1938 2662 2008 nuptiis:
2702 1939 2856 2006 Quod
2881 1939 2926 1993 si
2954 1941 3116 1994 etiam
3147 1941 3198 1994 in
3228 1942 3460 1996 secunda
3494 1943 3635 2013 vigi-

2048 2030 2117 2096 lia
2181 2030 2456 2100 negligens
2503 2031 2793 2096 exstiterit,
2848 2031 3041 2086 saltem
3089 2031 3141 2085 in
3188 2032 3346 2086 tertia
3396 2033 3634 2103 vigilans

2049 2124 2373 2178 inveniatur.
2411 2122 2715 2179 Notandum
2749 2134 2852 2189 est,
2883 2125 3026 2195 quod
3061 2141 3398 2196 unaquaeque
3444 2127 3634 2180 anima

2047 2215 2223 2270 fidelis
2247 2231 2565 2286 quacunque
2585 2216 2673 2270 die
2693 2226 2856 2271 exuta
2885 2215 3044 2271 fuerit
3067 2232 3317 2286 corpore,
3339 2218 3632 2286 septimam

2049 2309 2260 2363 sabbati
2286 2309 2496 2378 recipit,
2529 2319 2582 2363 et
2613 2310 2938 2366 resurrectio
2983 2319 3291 2366 sanctorum
3332 2327 3625 2380 corporum

2047 2409 2291 2454 octavam
2331 2401 2471 2456 diem
2499 2410 2781 2470 exspectat
2807 2420 2820 2457 :
2848 2402 2920 2456 ita
2951 2418 3284 2473 quaecunque
3313 2403 3492 2456 anima
3515 2405 3630 2456 evi-

2049 2492 2298 2562 gilaverit
2327 2509 2355 2547 a
2389 2494 2536 2564 gravi
2575 2510 2767 2548 somno
2803 2495 3142 2564 negligentia:
3173 2511 3270 2565 per
3299 2510 3489 2549 curam
3539 2510 3632 2549 ec-

2048 2582 2434 2644 clesiasticam,
2465 2583 2579 2636 sive
2606 2583 2657 2636 in
2683 2584 2860 2652 prima
2900 2584 3102 2654 vigilia,
3128 2585 3241 2638 sive
3271 2585 3324 2639 in
3363 2585 3625 2646 secunda.

2049 2674 2162 2728 sive
2191 2674 2244 2728 in
2269 2673 2446 2737 tertia,
2481 2675 2660 2729 statim
2689 2676 2908 2746 attingit
2937 2677 3264 2730 matutinum
3311 2686 3526 2747 tempus
3573 2679 3629 2731 in

2049 2772 2242 2834 quarta
2266 2765 2466 2835 vigilia.
2501 2765 2570 2821 Ut
2593 2780 2737 2831 reor,
2761 2776 2948 2822 sancta
2976 2766 3216 2820 Romana
3245 2767 3484 2822 Ecclesia
3525 2770 3628 2823 hoc

2048 2856 2330 2926 speciatim
2372 2857 2527 2911 nobis
2564 2857 2803 2912 insinuat
2827 2873 2923 2929 per
2959 2874 3110 2913 suam
3154 2860 3624 2916 consuetudinem.

2048 2945 2165 3016 Ipsa
2216 2946 2360 3000 enim
2399 2957 2778 3019 quotocunque
2806 2949 2997 3003 ordine
3049 2949 3133 3003 vel
3185 2965 3412 3006 numero
3437 2950 3629 3006 lectio-

2049 3053 2181 3092 num
2204 3038 2400 3093 viderit
2424 3048 2692 3094 maturam
2720 3039 3034 3110 procedere,
3077 3049 3135 3094 ut
3161 3040 3361 3102 audivi,
3401 3042 3632 3097 dimittit

369 3134 473 3179 tem
505 3135 869 3196 peccatorum,
900 3141 1018 3195 qum
1046 3136 1153 3180 tam
1179 3125 1333 3182 facile
1366 3129 1680 3195 remittitur,
1705 3146 1770 3184 ex
1810 3131 1947 3185 scri-
1973 3098 2018 3159 Ο
2051 3129 2362 3182 nocturnale
2389 3128 2641 3190 oﬂicium,
2666 3139 2722 3185 et
2753 3130 2941 3199 incipit
2982 3130 3320 3194 matutinale,
3353 3131 3629 3201 periculo-

367 3219 472 3288 ptis
493 3219 662 3273 sancti
689 3220 859 3288 patris
887 3219 1057 3274 nostri
1081 3219 1238 3274 Bedte
1268 3219 1356 3275 hic
1383 3221 1728 3276 inseruimus.
1761 3223 1818 3278 In
1843 3224 1946 3280 hac

367 3321 548 3367 autem
569 3312 834 3368 sententia
861 3313 1022 3368 debet
1059 3328 1179 3369 esse
1221 3314 1495 3382 discretio,
1547 3323 1607 3370 ut
1633 3317 1946 3386 quotidiana

369 3404 614 3475 leviaque
659 3413 883 3474 peccata
921 3403 1241 3460 alterutrum
1285 3406 1648 3476 coazqualihus
1692 3407 1946 3463 confitea-

369 3511 508 3560 mur,
547 3509 717 3565 eaque
758 3495 1067 3564 quotidiana
1111 3496 1414 3561 credamus,
1441 3499 1688 3553 oratione
1722 3499 1941 3554 salvari.

369 3584 433 3639 Et
468 3593 684 3640 sanctus
709 3585 1037 3655 Augustinus
1063 3585 1117 3639 in
1140 3585 1234 3641 lib.
1265 3586 1614 3642 Enchiridion
1648 3606 1659 3641 :
1700 3587 1778 3643 De
1807 3605 1946 3659 quo-

370 3676 587 3731 tidianis
631 3685 810 3731 autem
857 3677 1110 3731 brevibus
1157 3677 1468 3749 levibusque
1514 3681 1786 3749 peccatis,
1829 3681 1947 3737 sine

368 3767 562 3834 quibus
605 3768 722 3822 haec
757 3767 867 3820 vita
905 3782 1008 3821 non
1035 3768 1253 3823 ducitur
1279 3787 1291 3821 :
1317 3769 1632 3838 quotidiana
1663 3770 1840 3823 oratio
1885 3769 1946 3823 fi-

371 3855 566 3910 delium
593 3855 912 3911 satisfaciat.

984 3947 1210 4004 CAPUT
1241 3949 1334 4004 IV.
1401 4005 1409 4015 ,

375 4035 448 4090 De
471 4052 684 4091 numero
709 4035 983 4092 lectionum
1006 4047 1053 4093 et
1083 4041 1528 4113 responsoriorum
1558 4044 1946 4113 suprascripta-

956 4125 1071 4162 rum
1102 4111 1352 4164 noctium.

443 4219 599 4290 Szepe
651 4217 976 4274 inculcatum
1016 4225 1101 4274 est
1129 4219 1503 4290 responsorios
1551 4221 1702 4291 sequi
1754 4220 1944 4277 lectio-

372 4327 469 4367 nes
526 4321 748 4382 propter
805 4310 1139 4382 disciplinam
1183 4311 1638 4378 ecclesiasticam,
1675 4329 1795 4382 qua:
1839 4327 1945 4367 non

375 4403 491 4457 vult
522 4404 795 4458 auditores
849 4403 983 4472 legis
1031 4411 1236 4458 tantum
1291 4403 1490 4458 habere
1539 4403 1591 4457 in
1616 4419 1711 4457 sua
1740 4403 1945 4467 schola,
1976 4443 2026 4503 D

370 4496 468 4550 sed
493 4495 744 4560 factores,
777 4495 1044 4550 scribente
1085 4506 1273 4550 sancto
1319 4494 1580 4566 Gregorio
1612 4496 1666 4548 in
1697 4497 1810 4550 suis
1858 4511 1944 4550 re-

371 4587 606 4656 sponsis,
655 4588 722 4641 ad
754 4586 1110 4658 Augustinum
1136 4587 1205 4640 ita
1260 4602 1274 4641 :
1323 4585 1458 4644 Nam
1507 4587 1560 4641 in
1611 4587 1742 4657 ipsis
1787 4587 1947 4642 rebus

364 4678 728 4748 spiritalibus,
783 4685 842 4731 ut
889 4677 1162 4747 sapienter
1209 4685 1264 4731 et
1310 4687 1518 4731 mature
1570 4677 1946 4746 disponantur,

286 4793 290 4796 ·
373 4770 674 4839 exemplum
709 4771 923 4824 trahere
946 4785 975 4821 a
1002 4769 1162 4822 rebus
1209 4770 1370 4823 etiam
1402 4766 1706 4822 carnalibus
1757 4782 1946 4836 possu-

377 4879 516 4916 mus.
571 4861 911 4915 Addiscimus
949 4875 1014 4913 ex
1068 4858 1267 4929 vigiliis
1313 4858 1655 4920 militaribus,
1703 4858 1770 4911 ad
1818 4857 1946 4926 quid

376 4951 710 5004 instruamur
733 4963 798 5002 ex
824 4949 996 5002 tribus
1035 4947 1353 5002 lectionibus
1373 4954 1429 4999 et
1456 4947 1829 5015 responsoriis.
1861 4947 1949 5000 Di-

376 5043 452 5096 cit
474 5048 692 5096 sanctus
714 5039 1029 5094 Ambrosius
1056 5057 1069 5093 :
1098 5039 1314 5092 Imitare
1342 5037 1536 5092 milites
1562 5037 1718 5092 istius
1742 5038 1946 5101 muli,

376 5143 434 5187 et
462 5140 515 5186 te
554 5130 776 5185 militem
825 5144 944 5184 esse
989 5128 1189 5183 Christi
1219 5127 1490 5182 existima.
1539 5127 1948 5182 Armiductores

378 5222 774 5276 constituerunt
801 5218 854 5272 in
893 5217 1082 5273 militia
1123 5233 1220 5272 sua
1250 5217 1642 5272 dormientibus
1685 5217 1948 5273 militibus

379 5321 557 5370 castra
594 5311 730 5365 tueri
756 5323 852 5380 per
874 5317 984 5363 tres
1006 5307 1216 5378 vigilias
1239 5307 1295 5360 in
1324 5314 1501 5361 nocte.
1534 5305 1737 5374 Quarta
1765 5317 1944 5363 autem

380 5412 465 5460 est
492 5405 547 5459 in
592 5401 893 5458 matutinali
935 5410 1196 5470 tempore,
1248 5399 1462 5468 quando
1507 5396 1606 5453 nos
1654 5401 1948 5455 matutinos

381 5504 683 5551 cantamus.
728 5493 787 5550 In
815 5493 1127 5548 memoratis
1151 5491 1322 5545 tribus
1351 5491 1550 5561 vigiliis
1579 5492 1768 5562 vigiles
1812 5507 1945 5547 con-

385 5589 559 5643 stituti
603 5597 748 5652 sunt,
789 5587 880 5657 qui
928 5585 1235 5641 custodiunt
1284 5584 1513 5638 militum
1565 5584 1944 5639 dormientium

385 5691 633 5746 mrpora,
662 5690 716 5734 et
740 5679 1120 5749 supellectilem
1146 5693 1354 5732 eorum.
1395 5677 1451 5730 In
1484 5677 1672 5732 militia
1706 5677 1948 5732 saeculari

2048 3233 2166 3273 sum
2199 3227 2282 3273 est
2305 3220 2448 3274 enim
2495 3221 2793 3291 transgredi
2824 3223 3083 3276 terminos
3115 3230 3351 3291 patrum,
3379 3221 3479 3277 hoc
3512 3232 3627 3287 est,

2046 3311 2152 3365 nisi
2175 3318 2270 3365 aut
2298 3310 2351 3364 in
2390 3313 2721 3377 maturitate,
2749 3313 2903 3383 juxta
2942 3313 3323 3368 auctoritatem
3345 3313 3626 3383 propheta:

2049 3402 2216 3457 David
2265 3419 2582 3477 surgamus,
2622 3405 2888 3475 autjnxta
2930 3406 3368 3460 consuetudinem
3419 3415 3630 3461 nostra:

2050 3497 2380 3568 fragilitatis,
2424 3498 2478 3552 in
2516 3498 2806 3570 gallicinio.

2674 3588 2902 3644 CAPUT
2941 3590 3002 3645 Υ.

2171 3677 2248 3731 De
2269 3676 2572 3730 matutinali
2597 3677 2760 3748 oﬂicio
2792 3679 3218 3748 quotidianarum
3247 3680 3498 3734 noctium.

2118 3769 2383 3836 Quoniam
2411 3771 2575 3824 homo
2596 3785 2723 3839 pars
2756 3777 2838 3824 est
2869 3771 3074 3835 mundi,
3111 3771 3250 3839 apud
3285 3770 3508 3825 Graecos
3535 3785 3628 3838 ap-

2047 3859 2280 3929 pellatur
2306 3860 2670 3934 μικρόκοσμος.
2703 3859 2753 3912 id
2775 3868 2880 3916 est.
2911 3862 3087 3914 minor
3112 3861 3347 3915 mundus
3377 3879 3391 3914 :
3425 3867 3478 3916 et
3504 3861 3626 3914 ideo

2050 3966 2157 4006 non
2225 3951 2497 4004 immerito
2545 3950 2706 4004 statui
2763 3959 3062 4020 temporum
3112 3962 3462 4022 comparatur
3514 3961 3624 4007 tota

2049 4043 2219 4098 series
2249 4042 2548 4097 nativitatis
2578 4044 2842 4096 humanae
2872 4041 2985 4097 Nox
3008 4045 3151 4098 enim
3185 4044 3328 4098 dicta
3362 4053 3448 4098 est
3481 4045 3626 4114 quod

2049 4142 2243 4188 noceat
2284 4131 2590 4203 aspectibus
2625 4133 2708 4186 vel
2758 4134 2985 4202 negotiis
3036 4135 3308 4197 humanis,
3347 4136 3464 4189 sive
3496 4137 3623 4204 quia

2050 4223 2196 4279 fures
2251 4224 2596 4292 latronesque
2645 4222 2697 4276 in
2743 4235 2807 4277 ea
2854 4225 3082 4279 nocendi
3113 4225 3233 4280 aliis
3283 4228 3625 4282 occasionem

2051 4314 2450 4368 nanciscantur‘.
2482 4312 2787 4383 Ignorantia
2815 4315 3034 4379 mentis,
3079 4331 3199 4385 qua:
3230 4315 3365 4369 solet
3405 4318 3626 4370 evenire

2052 4419 2119 4460 ex
2148 4403 2390 4458 tenebris
2419 4411 2788 4472 peccatorum,
2825 4413 3171 4474 comparatur
3197 4406 3360 4459 nocti.
3396 4406 3468 4460 De
3516 4423 3626 4475 quo

2051 4504 2274 4566 peccato
2328 4495 2460 4550 dicit
2501 4503 2719 4550 sanctus
2750 4496 3082 4565 Augustinus
3111 4497 3162 4550 in
3201 4497 3340 4552 libro
3369 4497 3627 4552 Encliiri-

2051 4587 2175 4640 dion
2217 4602 2231 4639 :
2257 4585 2477 4639 Duabus
2500 4599 2564 4639 ex
2594 4585 2774 4640 causis
2800 4598 3086 4654 peccamus
3111 4601 3126 4639 :
3157 4597 3252 4640 aut
3278 4588 3520 4641 nondum
3548 4590 3628 4639 vi—

2050 4676 2224 4731 dendo
2253 4675 2382 4744 quid
2405 4673 2583 4731 facere
2623 4676 2933 4738 debeamus,
2962 4685 3056 4730 aut
3078 4692 3183 4730 non
3211 4676 3460 4732 faciendo
3480 4678 3625 4750 quod

2050 4768 2246 4822 debere
2295 4767 2409 4822 fieri
2441 4765 2554 4834 jam
2608 4767 2872 4821 videmus.
2921 4767 3159 4834 Quorum
3214 4769 3442 4824 duorum
3498 4770 3627 4825 illud

2049 4857 2365 4928 ignorantiae
2390 4858 2584 4911 malum
2601 4867 2700 4917 est,
2727 4857 2829 4911 hoc
2850 4857 3200 4913 inﬁrmitatis.
3224 4859 3330 4913 Pro
3347 4860 3436 4915 his
3456 4862 3624 4914 enim.

2053 4962 2283 5016 quorum
2314 4961 2466 5001 mens
2489 4947 2761 5001 obcmcata
2797 4955 2880 5000 est
2928 4947 3233 5018 ignorantia
3271 4960 3627 5018 peccatorum

2052 5047 2213 5093 orant
2239 5038 2594 5094 ecclesiastici
2622 5041 2746 5105 viri,
2777 5050 2840 5095 ut
2861 5050 2916 5096 et
2941 5041 3042 5112 ipsi
3073 5042 3417 5111 resipiscant,
3446 5053 3499 5095 et
3541 5060 3624 5096 co-

2053 5141 2312 5210 gnoscant
2337 5147 2433 5186 sua
2459 5141 2697 5202 peccata.
2728 5133 2938 5189 Talium
2965 5144 3173 5192 mentes
3197 5136 3332 5192 solet
3376 5136 3626 5192 Christus

2052 5231 2270 5293 propter
2294 5237 2444 5277 suam
2472 5225 2896 5279 misericordiam
2912 5226 3394 5281 intervenientibus
3414 5229 3624 5282 meritis

2053 5323 2387 5376 sanctarum,
2434 5313 2658 5368 visitare
2708 5315 3106 5384 quodammodo
3153 5316 3287 5370 hora
3330 5318 3620 5371 matutina.

2055 5404 2374 5458 Matutinum
2426 5413 2510 5458 est
2557 5418 2805 5459 secessus
2860 5406 3227 5469 tenebrarum,
3258 5413 3314 5460 et
3361 5405 3625 5463 adventus

2055 5509 2283 5549 aurorae.
2313 5494 2389 5548 Eo
2418 5505 2656 5564 tempore
2683 5495 2760 5549 sol
2804 5496 3197 5566 appropinquat
3226 5497 3292 5551 ad
3318 5498 3620 5566 superiora.

2054 5596 2114 5641 nt
2139 5586 2370 5657 expellat
2403 5587 2650 5641 tenebras
2671 5602 2701 5640 a
2741 5587 3026 5657 superﬁcie
3058 5595 3234 5641 teme.
3286 5586 3627 5642 Adveniente

2056 5678 2189 5741 sole,
2205 5691 2350 5740 vero,
2365 5674 2835 5747 expellimrcaligo
2853 5677 3166 5747 ignorantia:
3181 5693 3210 5730 a
3227 5685 3403 5729 mente
3432 5679 3618 5732 huma-
