4000 6178
431 302 574 363 Βδό

1451 265 1655 364 usus
1695 308 1781 366 DE
1820 311 2076 368 ORDINE
2113 313 2631 375 ANTIPHONANI.

3549 344 3685 398 Μελ

426 433 521 483 na,
539 416 680 472 sicut
693 416 894 472 factum
911 429 994 474 est
1020 433 1181 490 super
1210 421 1426 476 Petrum
1448 423 1665 492 quando
1687 422 1832 479 ﬂevit
1861 441 2011 479 ama-
2042 432 2085 488 Α
2115 427 2290 493 primo
2315 437 2553 485 tentatus
2595 441 2650 486 et
2689 433 2885 500 victus,
2933 439 3057 494 Vult
3084 441 3277 498 iterum
3308 444 3533 506 Deus‘ut
3569 459 3691 507 tenn

428 525 508 573 re,
556 517 612 564 et
638 507 857 578 quando
905 511 1052 566 misit
1106 511 1248 567 Deus
1279 511 1510 568 Natham
1561 514 1880 583 prophetam
1932 517 2000 571 ad

425 601 614 667 David,
644 609 704 656 ut
732 613 1144 674 recognosceret
1168 614 1450 676 peccatum
1483 622 1659 660 suum.
1693 605 1811 661 Jam
1856 609 2001 662 enim

425 695 750 752 adventante
799 711 993 752 aurora
1047 697 1186 752 dixit
1230 697 1420 764 David,
1459 697 1686 755 Peccavi
1739 700 1998 767 Domino.

423 804 520 861 pro
552 790 644 845 tali
679 799 822 846 statu
851 795 1112 849 mentium
1139 811 1544 861 conversurum,
1593 807 1782 853 cantat
1813 809 1997 855 sancta

422 880 666 938 Ecclesia
696 882 750 937 in
779 885 1082 940 matutinali
1119 893 1363 958 tempore
1402 890 1691 958 psalmum,
1729 891 2000 965 [Miserere

420 974 545 1038 mei,
566 972 757 1047 Deus,]
781 989 942 1044 quem
963 978 1200 1033 cantavit
1220 979 1408 1045 David,
1438 991 1722 1052 postquam
1749 985 2002 1052 cognovit

419 1073 702 1134 peccatum
757 1081 936 1122 suum.
987 1067 1044 1122 ln
1101 1069 1205 1124 isto
1251 1072 1461 1142 psalmo
1509 1072 1644 1129 lides
1702 1075 2000 1144 puriﬁcans

420 1158 606 1222 corda,
657 1158 836 1214 innuit
887 1168 1068 1217 mente
1127 1164 1502 1220 remissionem
1532 1177 1879 1237 peccatorum
1902 1185 2000 1240 per

423 1251 753 1322 symbolum.
779 1252 966 1309 dicens
992 1273 1004 1310 :
1044 1253 1214 1311 Credo
1233 1258 1290 1312 in
1311 1255 1566 1328 Spiritum
1587 1270 1853 1326 sanctum,
1869 1279 1996 1316 san-

416 1351 552 1395 ctam
575 1339 865 1397 Ecclesium
888 1345 1220 1412 catholicam,
1239 1359 1539 1404 sanctorum
1559 1354 1996 1419 communionem,

416 1432 769 1486 remissionem
803 1445 1152 1504 peccatorum.
1177 1436 1330 1494 Sicut
1364 1440 1415 1494 in
1448 1441 1676 1510 psalmo,
1719 1442 1999 1514 [Dominus

417 1521 670 1594 regnavit]
724 1525 816 1594 qui
843 1533 1094 1580 cantatur
1118 1527 1172 1581 in
1196 1528 1364 1583 libera
1395 1540 1574 1595 nocte,
1604 1533 1863 1588 recolitur
1888 1545 1998 1590 sta—

417 1621 502 1667 tus
518 1627 704 1668 eorum
729 1615 818 1684 qui
849 1625 971 1685 post
995 1617 1320 1687 baptismum
1351 1620 1402 1673 in
1434 1635 1592 1675 cursu
1615 1633 1792 1692 empto
1812 1640 1994 1694 perse-

414 1712 604 1760 verant
629 1722 642 1758 :
675 1706 748 1760 ita
773 1706 825 1760 in
856 1707 1080 1776 psalmo,
1105 1707 1378 1780 [Miserere
1401 1712 1523 1778 mei,
1543 1712 1726 1786 Deus,]
1751 1717 1843 1784 qui
1873 1733 1998 1771 can-

413 1805 557 1850 tatur
593 1797 645 1852 in
681 1799 986 1854 servilibus.
1013 1802 1261 1857 noctibus
1290 1819 1510 1870 eorum,
1542 1807 1634 1876 qui
1665 1819 1785 1877 post
1815 1811 1983 1880 bapti-

2093 1804 2204 1850 tum
2229 1799 2298 1852 ab
2323 1799 2576 1860 Habacuc
2610 1811 2869 1878 propheta
2891 1854 2906 1872 .
2952 1817 3018 1871 de
3067 1793 3174 1888 quo
3235 1825 3366 1880 dicit

410 1900 588 1941 smum
617 1887 892 1944 declinant
917 1906 946 1944 a
969 1905 1129 1945 cursu
1155 1906 1268 1954 suo,
1302 1901 1356 1948 et
1386 1905 1574 1965 postea
1599 1912 1696 1966 per
1721 1900 1995 1956 orationes

411 1974 650 2030 ﬁdelium
666 1979 1034 2049 corriguntur.
1048 1989 1102 2035 et
1115 1981 1507 2039 illuminantur.
1525 1986 1653 2042 Post
1668 1990 1992 2045 matutinum

410 2074 623 2136 tempus
660 2070 906 2138 sequitur
928 2070 1239 2127 diluculum.
1270 2072 1571 2131 Dilncnlutn
1592 2086 1674 2132 est
1697 2079 1850 2148 quasi
1882 2077 1992 2146 iam

416 2157 680 2228 incipiens
720 2175 887 2230 parva
923 2159 1013 2214 lux
1037 2163 1162 2217 diei.
1194 2163 1304 2218 Nisi
1335 2165 1450 2220 haec
1477 2181 1606 2236 pars
1627 2169 1894 2237 pertineat
1923 2169 1992 2224 ad

409 2257 644 2313 noctem,
673 2266 777 2304 non
809 2259 968 2305 erunt
995 2260 1203 2322 septem
1234 2263 1416 2324 partes
1439 2257 1612 2311 noctis
1641 2273 1778 2328 quas
1805 2259 1990 2314 docto-

407 2354 496 2394 res
544 2350 900 2405 euumerant,
951 2343 1003 2396 id
1044 2351 1157 2408 est,
1210 2345 1618 2413 crepusculum,
1673 2363 1985 2418 vesperum,

405 2431 786 2498 conticinium,
832 2433 1183 2504 intempesta,
1225 2436 1590 2506 gallicinium,
1626 2441 1982 2505 matutinum,

403 2520 718 2577 diluculum.
763 2523 840 2578 De
890 2526 1080 2579 eadem
1133 2526 1265 2580 hora
1319 2528 1516 2583 dicitur
1547 2529 1600 2582 in
1647 2529 1983 2601 Evangelia:

407 2609 525 2666 Una
560 2611 761 2666 sabbati
781 2613 932 2669 valde
957 2615 1190 2669 diluculo
1215 2619 1423 2672 veniunt
1451 2619 1520 2672 ad
1561 2632 1980 2678 monumentum.

404 2706 606 2762 Eadem
637 2707 767 2762 hora
796 2719 1020 2763 vocatur
1040 2719 1094 2764 et
1123 2726 1302 2765 mane.
1338 2709 1615 2768 Scribitet
1641 2712 1877 2770 Joannes
1917 2716 1984 2771 de

403 2798 590 2855 eadem
620 2800 755 2855 hora
786 2819 798 2855 :
835 2801 1012 2857 Maria
1039 2804 1176 2857 venit
1216 2820 1371 2857 mane
1395 2821 1514 2857 cum
1540 2805 1713 2859 adhuc
1757 2807 1980 2862 tenebrw

402 2904 586 2948 essent.
612 2892 679 2948 Et
701 2892 930 2959 Marcus,
962 2896 1104 2965 quod
1120 2896 1234 2966 jam
1261 2897 1499 2966 pnetulit
1525 2917 1538 2951 ε
1569 2897 1696 2953 Sero
1719 2916 1789 2952 an
1809 2901 1980 2954 media

410 2994 579 3049 nocte,
624 3001 694 3038 an
749 2984 876 3056 galli
936 2995 1094 3040 cantu
1125 3027 1138 3050 ,
1192 3004 1260 3042 an
1318 3005 1491 3042 mane.
1543 2988 1744 3044 Omnes
1789 2992 1980 3060 psalmi

402 3076 492 3144 qui
517 3085 647 3130 sunt
673 3077 834 3147 positi
882 3077 936 3131 in
967 3077 1204 3132 secundo
1253 3079 1443 3134 ordine
1488 3096 1585 3150 per
1636 3081 1977 3152 quotidianas

402 3175 604 3231 noctes,
663 3168 864 3238 aliquid
911 3169 978 3223 de
1029 3184 1188 3225 mane
1262 3147 1536 3227 resonant.
1593 3147 1802 3230 Primus
1851 3147 2054 3231 dicitC

402 3255 686 3328 [Quoniam
713 3259 782 3312 ad
812 3269 860 3312 te
881 3259 1061 3326 orabo,
1093 3259 1334 3327 Domine,
1353 3281 1504 3318 mane
1533 3267 1778 3320 exaudies
1811 3285 1982 3322 vocem

399 3363 568 3402 meam
612 3367 766 3404 mane
789 3364 808 3402 :
849 3350 1029 3405 astabo
1075 3350 1214 3424 tibi].
1250 3351 1533 3410 Secundus
1568 3355 1786 3426 [Emitte
1813 3357 1981 3414 lucem

397 3450 544 3494 tuam
575 3451 622 3494 et
654 3442 922 3496 veritatem
950 3442 1142 3514 tuam].
1176 3444 1392 3501 Tertius
1441 3445 1688 3523 [Exitus;
1715 3450 1976 3512 matutini,

395 3541 444 3584 et
483 3547 691 3599 vespere
737 3530 1062 3606 delectubis].
1110 3534 1348 3603 Quartus
1403 3536 1588 3608 [Mane
1646 3540 1781 3592 sicut
1820 3541 1979 3595 herba

394 3629 650 3685 transeat,
693 3638 847 3676 mane
895 3624 1131 3696 ﬂoreat].
1186 3625 1254 3680 Et
1296 3627 1491 3683 iterum
1531 3627 1758 3700 [Repleti
1801 3648 1980 3686 sumus

393 3710 593 3784 mane].
620 3712 850 3780 Quintus
875 3713 1147 3785 [Auditum
1177 3716 1262 3786 [ac
1286 3719 1414 3772 mihi
1436 3717 1632 3792 mane].
1653 3719 1849 3776 Sextus
1876 3720 1979 3792 [Ad

393 3802 820 3857 annuntiandum
865 3821 1018 3860 mane
1062 3808 1478 3863 misericordiam
1512 3810 1708 3884 tuam].
1762 3811 1820 3866 ln
1876 3822 1979 3868 Isto

394 3890 600 3960 psalmo
649 3903 908 3962 operatur
945 3911 1094 3966 spes,
1140 3897 1195 3953 in
1241 3899 1418 3968 primo
1457 3902 1698 3956 vitantur
1728 3903 1889 3968 mala,
1923 3905 1976 3960 in

394 3982 628 4038 secundo
658 3993 985 4055 appetuntur
1009 3988 1148 4043 bona
1179 4005 1276 4060 per
1306 4006 1477 4060 spem.
1521 3992 1780 4060 Quamvis
1801 3997 1976 4066 poeni-

395 4080 512 4126 tens
542 4089 692 4143 spem
721 4075 936 4141 habeat,
980 4086 1158 4134 tamen
1192 4095 1261 4134 ex
1290 4090 1472 4147 nocte,
1520 4083 1573 4138 id
1610 4092 1716 4149 est,
1760 4101 1824 4140 ex
1851 4101 1978 4156 pec-

392 4171 515 4218 cato
569 4165 732 4220 habet
779 4169 920 4224 unde
975 4171 1242 4226 tristetur.
1295 4173 1370 4228 De
1425 4190 1530 4245 qua
1578 4178 1792 4232 tristitia
1845 4180 1975 4234 dicit

391 4254 678 4324 Apostolus
707 4275 719 4310 :
753 4257 990 4315 Tristitia
1022 4273 1196 4317 autem
1221 4281 1340 4335 qua:
1362 4268 1647 4321 secundum
1672 4268 1837 4324 Deum
1871 4282 1972 4337 est,

389 4347 743 4414 paenitentiam
765 4350 819 4404 in
851 4351 1072 4406 salutem
1101 4355 1338 4410 stabilem
1361 4371 1630 4429 aperatur.
1659 4362 1780 4433 Ipsa
1805 4366 1971 4420 tristi-

393 4437 466 4492 tia
504 4454 632 4508 pars
661 4450 745 4494 est
770 4443 962 4498 noctis.
994 4443 1049 4498 lu
1077 4447 1237 4501 tertio
1264 4449 1455 4506 ordine
1484 4462 1611 4507 sunt
1645 4459 1750 4509 duo
1774 4458 1966 4526 psalmi

393 4529 664 4600 conjuncti
697 4533 878 4588 simul.
912 4535 968 4589 ln
1006 4535 1124 4591 istis
1167 4537 1377 4593 duobus
1417 4543 1726 4600 celebratur
1767 4563 1970 4617 praece-

391 4629 542 4692 ptum
572 4624 896 4691 dilectionis,
930 4629 1071 4696 quod
1099 4636 1181 4683 est
1209 4630 1504 4698 geminum.
1536 4635 1592 4687 ln
1623 4637 1799 4704 primo
1827 4639 1972 4708 psal-

393 4728 482 4768 mo
511 4714 822 4772 dicithomo
849 4717 1087 4773 imbutus
1132 4719 1419 4775 dilectione
1461 4722 1577 4788 Dei,
1611 4724 1796 4796 [Deus,
1831 4729 1972 4786 Deus

391 4821 559 4870 meus,
589 4807 658 4860 ad
680 4817 727 4861 te
747 4807 811 4861 de
841 4807 955 4862 luce
976 4809 1176 4882 vigilo,]
1206 4811 1257 4866 id
1287 4821 1390 4876 est,
1416 4823 1700 4884 postquam
1737 4834 1976 4876 secesse-

391 4903 518 4948 runt
549 4897 782 4952 tenebras
805 4907 860 4952 et
897 4915 1116 4964 aurora,
1144 4903 1291 4956 venit
1313 4903 1457 4970 lidei,
1489 4917 1652 4978 atque
1678 4909 1971 4968 diluculum

390 4989 799 5043 restaurationis
835 5005 934 5059 per
975 5007 1122 5061 spem
1175 4994 1371 5049 bonam
1414 4998 1542 5051 mihi
1588 4999 1782 5066 illuxit,
1817 5003 1886 5057 ad
1917 5013 1970 5058 te

390 5075 568 5146 vigilo,
602 5086 660 5132 et
684 5093 780 5147 per
814 5095 1072 5142 amorem.
1106 5098 1212 5152 quo
1241 5085 1422 5155 rapior
1451 5087 1518 5140 ad
1553 5096 1604 5142 te
1633 5108 1645 5143 :
1695 5088 1869 5146 Sitivit
1912 5095 1967 5147 in

390 5177 436 5221 te
457 5171 636 5224 anima
670 5187 805 5236 mea,
827 5189 982 5244 quam
1016 5176 1373 5246 multipliciter
1391 5181 1484 5235 tibi
1502 5195 1549 5236 et
1569 5201 1692 5239 caro
1730 5203 1866 5242 mea.
1909 5188 1964 5244 lu

386 5261 492 5317 isto
514 5263 721 5332 psalmo
742 5265 959 5320 dilectio
984 5267 1074 5322 Dei
1103 5281 1454 5338 memoratur,
1486 5275 1539 5328 in
1569 5280 1806 5333 secundo
1830 5283 1967 5350 psal-

387 5368 476 5406 mo
498 5354 712 5410 dilectio
741 5357 995 5426 proximi.
1034 5357 1139 5413 lsta
1171 5360 1275 5413 duo
1303 5372 1568 5433 praecepta
1596 5367 1740 5420 nulla
1795 5369 1963 5424 inter-

376 5440 653 5516 ‘positione
692 5448 1090 5520 disjunguntur.
1124 5451 1238 5519 Qua
1279 5464 1499 5524 propter
1543 5474 1650 5512 non
1694 5460 1966 5519 invenitur

385 5537 496 5592 ulla
521 5537 807 5608 disiunctio
852 5543 992 5597 inter
1020 5555 1316 5612 praesentes
1341 5548 1476 5602 duos
1525 5551 1782 5619 psalmos.
1827 5556 1968 5612 Dicit

339 5645 349 5654 '
383 5637 566 5692 divina
591 5638 871 5711 Scriptura
900 5663 911 5697 ε
947 5643 1206 5716 Flagellat
1236 5645 1376 5701 Deus
1399 5665 1602 5704 omnem
1627 5651 1795 5720 ﬁlium
1816 5672 1966 5727 quem

384 5740 586 5811 recipit.
613 5742 717 5799 lste
761 5745 924 5801 homo
970 5747 1126 5818 cujus
1155 5755 1329 5803 status
1372 5765 1516 5806 nunc
1563 5753 1839 5824 recolitur,
1869 5757 1970 5814 fuit

2121 527 2266 579 ptur
2284 528 2338 573 et
2364 520 2564 588 vincat,
2594 532 2754 594 atque
2780 528 3053 596 possideat
3076 535 3402 606 triumphum
3427 542 3679 601 victoriae.

2107 607 2274 678 Hujus
2323 611 2631 670 documenti
2678 633 2842 674 causa
2871 630 2925 676 et
2971 623 3358 685 admonitionis
3385 648 3682 703 sequuntur

2103 701 2337 757 cantica.
2377 717 2498 772 quae
2545 717 2903 766 cantaverunt
2947 722 3132 782 patres
3174 721 3360 782 nostri,
3401 701 3684 794 postquam

2105 793 2294 846 tentati
2322 803 2468 860 sunt,
2500 805 2557 851 et
2581 797 2723 855 Deus
2757 801 3086 872 triumphum
3116 811 3368 876 praestitit
3402 793 3684 873 illisaPri-

2102 898 2250 937 mum
2271 887 2542 943 canticum
2568 890 2728 946 dicit:
2746 891 3034 964 [Conﬁteor
3053 899 3164 962 tibi,
3185 901 3684 976 Domine,quoniam

2101 973 2270 1031 iratus
2299 995 2354 1032 es
2393 981 2568 1054 mihi].
2598 984 2810 1041 Audisti
2847 985 3136 1060 ﬂagellum,
3167 995 3292 1049 audi
3330 973 3679 1069 triumphum.

2101 1065 2394 1126 Conversus
2429 1084 2506 1128 est
2557 1076 2708 1144 furor
2753 1089 2898 1147 tuus,
2953 1096 3002 1139 et
3033 1087 3337 1144 consolatus
3365 1108 3418 1144 es
3464 1109 3564 1147 me.
3617 1095 3682 1150 Et

2100 1156 2298 1214 iterum
2335 1179 2348 1215 :
2387 1161 2736 1223 Fiducialiter
2777 1189 2950 1242 agant.
2979 1186 3156 1231 etnon
3200 1182 3409 1236 timebo.
3463 1183 3526 1236 Et
3577 1185 3680 1240 ite-

2101 1262 2270 1303 rum:
2322 1249 2546 1309 Exsulta
2588 1268 2636 1310 et
2666 1259 2846 1324 lauda,
2883 1264 3138 1321 habitatio
3184 1267 3332 1324 Sion.
3375 1271 3681 1330 Secundum

2101 1339 2369 1395 canticum
2397 1355 2674 1402 cantatum
2713 1364 2798 1406 est
2838 1355 2908 1409 ab
2942 1355 3201 1423 Ezechia,
3244 1371 3526 1432 postquam
3554 1382 3682 1420 cou-

2100 1427 2266 1483 valuit
2317 1432 2384 1487 de
2413 1435 2749 1496 inﬁrmitate.
2784 1441 3024 1502 Tertium
3065 1451 3132 1503 ab
3171 1427 3345 1519 Anna,
3383 1427 3678 1526 postquam

2098 1521 2290 1575 aemula
2323 1523 2438 1591 eius
2463 1528 2743 1588 luuniliata
2775 1546 2877 1599 est,
2903 1547 2957 1593 et
2981 1541 3068 1594 illa
3093 1545 3326 1600 exaltata
3379 1559 3534 1619 partu
3563 1552 3677 1606 lilii.
3723 1557 3727 1561 ’

2099 1610 2360 1677 Quartum
2411 1619 2742 1679 celebratum
2791 1642 2873 1682 est
2929 1641 3212 1703 postquam
3261 1610 3516 1706 prostrati
3557 1656 3684 1701 sunt

2099 1700 2358 1774 Aigyptii,
2407 1712 2498 1778 qui
2529 1718 3000 1785 persequebantur
3047 1700 3300 1794 populum
3355 1733 3465 1788 Dei.
3512 1736 3680 1804 Quin-

3416 1828 3678 1902 Hierony-

2097 1905 2218 1947 mus
2245 1911 2257 1946 :
2291 1895 2512 1952 Interim
2540 1905 2835 1959 secundum
2856 1907 3094 1967 litteram
3127 1929 3382 1974 causatur
3419 1925 3680 1980 adversus

2097 1982 2385 2042 Dominum
2417 1992 2698 2061 prepheta,
2750 2011 2850 2051 cur
2866 1999 3376 2083 :Nabuchodonozor
3420 2014 3680 2083 templum

2094 2087 2270 2135 vastet
2319 2089 2373 2136 et
2408 2082 2628 2151 Judam,
2686 2104 2786 2142 cur
2843 2070 3178 2156 liierusalem
3225 2105 3494 2170 quondam
3531 2070 3680 2164 Iurbs

2093 2169 2304 2228 Domini
2346 2176 2676 2243 destruatur.
2724 2199 2894 2253 quare
2937 2188 3134 2246 clamet
3184 2197 3413 2266 populus
3461 2209 3516 2255 et
3571 2217 3678 2258 non

2092 2265 2375 2332 audiatur,
2435 2271 2764 2328 vociferetur
2823 2279 2890 2333 ad
2955 2265 3591 2359 Dominurnoppressus
3643 2310 3674 2348 a

2089 2355 2380 2426 Chaldmis,
2429 2373 2482 2417 et
2526 2381 2630 2419 non
2672 2369 2948 2427 salvetur:
2985 2389 3152 2444 quare
3191 2355 3507 2454 etiam-ipse
3550 2401 3679 2454 pro-

2087 2451 2273 2519 pheta,
2302 2454 2386 2508 vel
2431 2458 2680 2526 populus,
2713 2477 2778 2516 ex
2815 2463 2969 2532 cujus
3015 2484 3246 2538 persona
3302 2451 3447 2531 nunc
3497 2451 3674 2548 loqui-

2090 2549 2198 2607 tur,
2239 2546 2416 2603 adhuc
2470 2550 2689 2615 vixerit,
2738 2564 2797 2608 ut
2846 2556 3126 2630 hucusque
3167 2566 3458 2632 perductus
3489 2546 3581 2637 sit,
3613 2581 3674 2628 ut

2087 2634 2429 2704 iniquitatem
2495 2641 2751 2707 hostium,
2813 2655 2869 2701 et
2919 2664 3076 2705 suum
3129 2653 3309 2710 videat
3363 2634 3601 2715 laborem
3654 2679 3670 2718 :

2085 2741 2186 2781 cur
2209 2728 2474 2798 iniustitia
2499 2736 2801 2803 praevaleat
2830 2742 3115 2798 adversum
3142 2759 3220 2800 se.
3272 2748 3339 2802 Et
3388 2750 3488 2806 hoc
3542 2753 3674 2809 dicit

2084 2832 2197 2886 pne
2229 2822 2428 2876 mentis
2459 2826 2728 2894 angustia,
2773 2831 3022 2887 nesciens
3069 2851 3261 2892 aurum
3293 2839 3348 2894 in
3382 2842 3505 2912 igne
3534 2859 3667 2900 con-

2083 2906 2222 2974 (lari,
2249 2919 2305 2966 et
2340 2921 2450 2969 tres
2473 2931 2669 2985 pueros
2697 2918 2764 2974 de
2789 2923 3002 2978 camino
3023 2928 3270 2996 puriores
3296 2933 3474 2988 exisse
3509 2951 3672 3005 quam

2082 2999 2512 3060 intraverant.Et
2532 3005 2614 3060 inf
2613 3023 2668 3062 ra
2687 3026 2699 3063 :
2719 3009 2977 3070 Dominus
2990 3024 3174 3071 noster
3185 3019 3362 3076 sciens
3374 3028 3672 3080 clementite

2090 3105 2202 3146 sua:
2223 3095 2468 3163 pondera
2499 3107 2660 3166 atque
2693 3115 2993 3170 mensuras,
3025 3107 3297 3165 interdum
3324 3128 3429 3167 non
3454 3119 3674 3172 exaudit

2087 3184 2437 3254 clamantem,
2484 3198 2544 3245 ut
2573 3207 2696 3246 eum
2743 3197 2936 3264 probet
2983 3207 3039 3253 et
3090 3203 3260 3272 magis
3308 3220 3564 3274 provocet
3603 3211 3670 3262 ad

2088 3279 2404 3346 rogandum,
2433 3292 2488 3336 et
2511 3287 2662 3352 quasi
2698 3288 2820 3359 igne
2845 3299 3152 3356 excoctum,
3179 3294 3464 3364 iustiorem
3493 3308 3546 3353 et
3575 3316 3671 3370 pu-

2088 3369 2287 3426 riorem
2327 3371 2478 3427 facit.
2514 3376 2739 3434 Sextum
2770 3397 2798 3435 a
2831 3381 3035 3453 Moyse,
3063 3386 3156 3453 qui
3187 3396 3412 3444 vexatus
3439 3400 3524 3445 est
3546 3369 3672 3462 pro-

2085 3468 2206 3529 pter
2245 3461 2481 3530 Judteos,
2526 3470 2618 3536 qui
2658 3474 3122 3529 exacerbaverunt
3156 3477 3408 3546 spiritum
3439 3461 3558 3548 ejus
3614 3493 3670 3538 et

2085 3551 2176 3606 tali
2202 3552 2308 3608 line
2331 3557 2676 3615 concluditur
2701 3579 2714 3614 :
2738 3561 3000 3631 Laudate,
3028 3577 3227 3637 gentes,
3256 3571 3505 3641 populum
3531 3573 3666 3643 ejus,

2083 3644 2206 3713 quia
2228 3648 2534 3715 sanguinem
2563 3668 2831 3708 servorum
2861 3672 3081 3711 suorum
3119 3659 3422 3727 ulciscatur,
3465 3676 3514 3717 et
3551 3667 3665 3720 vin-

2083 3735 2280 3792 dictam
2328 3742 2576 3797 retribuet
2612 3746 2666 3799 in
2704 3747 2878 3803 hostes
2921 3766 3134 3818 eorum,
3182 3763 3232 3808 et
3273 3757 3531 3826 propitius
3569 3759 3667 3814 erit

2081 3838 2235 3884 terra
2260 3832 2440 3902 populi
2466 3838 2568 3891 sui.
2598 3836 2726 3894 Post
2752 3841 2868 3896 haec
2903 3843 3132 3912 epinicia
3161 3845 3525 3903 introducitur
3545 3865 3668 3922 per-

2081 3937 2214 3978 sona
2234 3927 2577 3986 exhortantis
2603 3933 2672 3987 ad
2694 3932 2908 3990 laudem
2941 3931 3212 4008 Dei'iuxta
3243 3939 3545 3998 Psalmistae
3572 3959 3668 4000 vo-

2079 4028 2220 4081 cem,
2262 4019 2626 4079 dicentisdn
2669 4024 2898 4082 Domino
2947 4027 3256 4086 laudabitur
3309 4035 3487 4090 anima
3525 4054 3664 4102 mea.

2078 4105 2304 4162 audiant
2331 4115 2592 4168 mansueti
2616 4125 2668 4169 et
2700 4116 2962 4172 (tutentur.
3007 4120 3346 4192 Magni/irate
3376 4125 3661 4184 Dominum

2077 4208 2296 4260 mecum,
2339 4207 2390 4252 et
2423 4201 2713 4256 exaltemus
2746 4221 2934 4260 nomen
2967 4208 3084 4278 ejus
3112 4211 3167 4263 in
3196 4211 3434 4267 invicem.
3470 4215 3528 4269 ln
3560 4217 3665 4273 isto

2075 4287 2266 4343 ordine
2303 4289 2496 4360 incipit
2531 4293 2813 4352 exhortari
2853 4309 3135 4358 consortes
3161 4312 3217 4357 et
3249 4306 3501 4363 concives
3538 4323 3664 4366 suos

2076 4377 2144 4430 ad
2186 4377 2402 4434 laudem
2446 4395 2648 4440 sancire
2680 4386 2985 4457 Trinitatis,
3021 4409 3141 4463 qum
3170 4408 3421 4467 separata
3450 4411 3533 4456 est
3568 4405 3662 4457 tri-

2074 4464 2174 4520 bus
2218 4471 2482 4536 personis,
2522 4483 2577 4528 et
2599 4475 2886 4546 conjuncta
2940 4482 2994 4537 in
3039 4499 3146 4539 una
3194 4488 3492 4560 eademque
3533 4496 3659 4549 sub-

2077 4560 2297 4614 stantia.
2346 4561 2472 4620 ldeo
2502 4573 2614 4622 tres
2642 4570 2835 4639 psalmi
2864 4574 2956 4643 qui
2986 4575 3142 4632 laude
3181 4579 3362 4635 divina
3388 4584 3530 4651 pleni
3562 4587 3649 4640 hu-

2069 4647 2162 4718 jus
2199 4653 2594 4714 exhortationis
2628 4661 2748 4716 vice
2789 4674 3079 4732 canuntur,
3111 4680 3382 4726 canuntur
3409 4675 3528 4731 sine
3557 4678 3634 4732 ali-

2034 4791 2041 4798 .
2077 4758 2179 4813 qua
2216 4745 2562 4804 delunctione
2595 4755 2734 4821 apud
2771 4765 3015 4811 nostram
3054 4759 3373 4816 Ecclesium.
3402 4765 3530 4821 Post
3558 4768 3646 4830 hor

2076 4839 2336 4906 psalmos,
2364 4842 2454 4911 qui
2486 4843 2645 4898 tinem
2682 4844 2888 4902 faciunt
2921 4849 3188 4919 Psalterii,
3218 4865 3272 4908 et
3294 4858 3538 4926 perfecte
3563 4878 3657 4919 re-

2079 4939 2381 4987 stauratum
2440 4934 2711 4992 hominem
2767 4952 3112 5011 monstrant,
3169 4951 3416 5019 sequitur
3471 4954 3653 5012 lectio.

2077 5019 2293 5076 Etenim
2332 5024 2635 5094 perfectum
2675 5031 2950 5089 hominem
2987 5039 3182 5107 oppido
3205 5041 3435 5100 delectat
3461 5047 3657 5104 docere

2075 5121 2129 5165 et
2172 5113 2463 5171 admonere
2503 5119 2857 5192 negligentes,
2907 5143 3061 5184 more
3106 5131 3296 5200 David,
3347 5137 3440 5206 qui
3481 5139 3656 5195 tribus

2074 5205 2320 5262 versibus
2347 5220 2613 5266 memorat
2637 5219 3044 5276 renovationem
3077 5227 3277 5282 mentis
3303 5205 3436 5293 suae,
3464 5229 3515 5282 id
3544 5239 3651 5293 est,

2072 5295 2179 5352 Cor
2208 5301 2462 5358 mundum
2496 5323 2616 5360 crea
2645 5309 2703 5363 in
2731 5326 2831 5376 me,
2857 5311 3034 5382 Deus;
3063 5325 3138 5384 et,
3179 5318 3264 5373 Ne
3292 5321 3542 5390 proficias
3570 5337 3651 5376 me

2067 5407 2100 5444 a
2126 5389 2264 5460 facie
2292 5403 2418 5460 tua;
2446 5404 2522 5461 et,
2555 5397 2734 5455 Redde
2763 5404 2894 5457 mihi
2921 5405 3162 5461 ltetitiam
3192 5389 3446 5462 salutaris
3466 5411 3568 5477 tui,
3593 5421 3653 5464 et

2067 5483 2212 5539 illico
2259 5485 2571 5559 subiungit:
2598 5489 2826 5547 Daceam
2868 5496 3076 5567 iniquos
3112 5497 3220 5552 vias
3246 5506 3389 5563 tuas,
3426 5509 3475 5552 et
3504 5501 3649 5570 impii

2069 5575 2138 5630 ad
2165 5586 2213 5630 te
2242 5588 2624 5633 convertentur.
2658 5581 2789 5635 Post
2837 5583 3123 5640 lectionem
3160 5587 3406 5655 sequitur
3435 5603 3645 5646 versus.

2071 5664 2268 5724 Nostra
2299 5670 2576 5740 provincia
2623 5671 2780 5726 solita
2817 5684 2903 5727 est
2945 5690 3042 5744 per
3077 5691 3266 5732 omnes
3307 5679 3651 5748 quotidianas

2073 5772 2261 5820 noctes
2287 5778 2486 5819 canere
2518 5765 2571 5819 in
2602 5764 2706 5819 isto
2741 5766 2933 5822 ordine
2966 5784 3129 5839 super
3170 5768 3190 5832 Ι
3200 5769 3382 5840 Forte,
3411 5771 3649 5847 semper}
