4000 6178
430 282 560 337 MSS

1448 273 1777 330 AMALARH
1817 272 2248 329 PRESBYTERI
2290 270 2631 327 METENSIS

3532 266 3675 322 {256

421 410 633 448 vorsum
681 394 882 465 Repleti
927 411 1106 448 sumus
1157 410 1310 448 mane
1357 393 1718 448 misericordia
1775 401 1886 444 tua.
1936 391 1993 443 ln
2023 403 2068 459 Α
2100 387 2312 441 Etenim
2339 385 2598 457 psalmus,
2618 384 2766 438 Beati
2788 383 3133 450 immaculati,
3152 383 3341 455 plenus
3364 391 3451 439 est
3472 383 3680 438 sanctis

421 486 669 540 Romano
714 501 840 540 vero
870 485 1261 555 Antiphonario
1311 485 1488 540 inveni
1539 485 1736 554 plures.
1792 481 1994 536 Idcirco

419 577 589 646 cmpit
631 593 697 631 ex
738 575 839 630 hoc
868 593 1064 632 canere
1091 593 1308 634 versum
1339 579 1392 632 in
1424 579 1721 632 matutinis.
1753 577 1992 642 Domine,

420 669 712 724 meditabor
747 670 803 722 in
845 679 914 736 te,
962 687 1062 742 per
1107 672 1400 726 secundam
1445 672 1634 727 feriam
1673 681 1729 727 et
1758 673 1991 726 tertiam.

421 757 622 828 Repleti
673 776 852 814 sumus
901 761 1266 816 misericordia
1313 773 1444 827 tua,
1501 778 1598 832 per
1636 773 1882 832 quartam
1941 771 1997 816 et

336 891 342 895 .
419 849 660 916 quintam
720 848 942 915 feriam,
1006 851 1279 924 [Auditam
1329 853 1414 923 fac
1463 839 1590 908 mihi
1642 852 1840 924 mane],
1899 869 1996 923 per

422 948 628 994 sextam
673 950 729 995 et
783 943 1089 1012 septimam.
1138 943 1340 999 Omnes
1372 945 1458 999 isti
1490 959 1678 999 versus
1704 952 1996 1014 precantur

416 1034 554 1086 bona
585 1032 795 1086 Domini
825 1049 946 1102 qua:
973 1035 1279 1089 necessaria
1308 1045 1434 1089 sunt
1463 1047 1646 1089 mente
1671 1050 1992 1090 conversum

417 1124 653 1178 retinere
687 1124 742 1178 in
785 1125 1053 1180 matutina
1091 1127 1223 1180 hora
1265 1143 1724 1196 unumquemque,
1751 1127 1862 1181 sive
1892 1141 1993 1195 pro

415 1218 670 1286 prtesenti
725 1219 1103 1283 conversione,
1143 1221 1258 1274 sive
1291 1235 1390 1290 pro
1419 1219 1600 1273 futuro
1633 1234 1812 1283 mane,
1850 1219 1995 1287 quod

413 1318 756 1380 exspectatur
778 1310 830 1363 in
858 1312 1276 1365 resurrectione.
1311 1311 1440 1366 Post
1467 1312 1566 1365 hos
1591 1311 1788 1382 gradus
1811 1326 1995 1365 ascen-

413 1398 560 1456 ditur
582 1400 649 1453 ad
680 1400 852 1470 ipsum
881 1401 1168 1454 Dominum
1207 1410 1449 1455 nostrum
1481 1401 1664 1455 Jesum
1695 1400 1988 1463 Christum,

344 1510 346 1512 ν
413 1488 506 1557 qui
536 1490 780 1544 visitavit
804 1499 860 1545 et
883 1490 1011 1545 fecit
1039 1492 1462 1562 redemptionem
1490 1492 1662 1561 plebis
1691 1507 1820 1546 sum.
1851 1491 1992 1563 Apo-

414 1581 637 1649 stropha
684 1580 744 1635 lit
792 1583 858 1637 de
899 1597 1164 1638 converso
1208 1585 1422 1638 homine
1471 1600 1570 1655 per
1615 1585 1990 1654 paenitentiam

414 1671 483 1725 ad
521 1671 890 1743 evangelicum
933 1674 1133 1736 virum,
1177 1676 1269 1746 qui
1317 1676 1636 1732 exhortatus
1659 1685 1742 1731 est
1771 1676 1992 1731 laudare

2099 479 2358 542 moribus,
2388 494 2484 548 per
2518 493 2654 546 quos
2679 484 2894 547 oportet
2925 475 3203 531 ambulare
3233 489 3681 544 unumquemque

2097 572 2188 642 qui
2240 571 2411 642 legem
2455 571 2664 627 Domini
2719 579 2895 626 certat
2936 570 3176 641 implere.
3228 570 3500 632 Psalmus,
3534 568 3681 623 Dm

2098 669 2152 722 in
2189 668 2395 721 nomine
2422 677 2511 720 tuo
2531 665 2734 720 salvum
2766 682 2845 719 me
2877 663 2982 732 fac,
3017 664 3109 733 qui
3137 663 3473 734 praeponitur
3494 671 3680 717 cente-

2097 761 2236 813 simo
2279 767 2472 814 octavo
2511 758 2745 821 decimo,
2773 772 2880 811 non
2925 765 3007 811 est
3044 758 3117 810 ita
3153 757 3476 827 praepositus
3519 755 3678 826 quasi

2097 853 2434 905 necessarius
2499 851 2569 904 sit
2634 858 2846 903 tantum
2893 849 2984 902 uni
3050 849 3190 918 parti
3243 848 3350 902 diei
3401 862 3524 917 qua:
3587 861 3681 898 vo-

2095 952 2252 996 catur
2303 943 2498 1013 prima,
2540 945 2634 998 sed
2690 945 2784 998 loti
2833 945 3008 1013 spatio
3050 942 3178 997 diei.
3224 941 3398 997 Homo
3451 942 3544 1011 qui
3591 942 3680 995 in-

2095 1034 2226 1104 cipit
2276 1035 2558 1090 ambulare
2604 1036 2657 1089 in
2719 1036 2836 1105 lege
2887 1035 3119 1096 Domini,
3160 1034 3301 1089 sciat
3343 1049 3402 1088 se
3453 1047 3521 1086 ex
3564 1047 3678 1086 una

2093 1135 2247 1196 parte
2277 1127 2477 1182 habere
2504 1126 2733 1188 leonem,
2766 1135 2820 1180 et
2847 1142 2911 1180 ex
2949 1127 3118 1181 altera
3151 1134 3306 1196 parte
3335 1126 3676 1180 draconem:

2095 1218 2304 1274 leonem
2332 1218 2386 1272 in
2420 1217 2622 1287 apertis
2656 1218 3145 1287 persecutionibus,
3181 1217 3470 1271 draconem
3505 1217 3561 1271 in
3593 1216 3682 1271 in-

2094 1309 2270 1364 sidiis.
2301 1309 2529 1376 Quando
2562 1309 2797 1363 insidiati
2839 1318 2966 1364 sunt
3003 1309 3173 1364 David
3209 1309 3427 1378 Ziphzei,
3460 1316 3522 1363 ut
3548 1324 3680 1363 eum

2095 1400 2636 1468 comprehenderent,
2685 1409 2734 1453 et
2785 1400 3058 1454 traderent
3091 1401 3144 1454 in
3175 1417 3364 1455 manus
3391 1400 3542 1464 Saul,
3575 1401 3680 1470 qui

2093 1506 2218 1546 eum
2258 1491 2475 1546 volebat
2503 1493 2775 1557 occidere,
2802 1493 3041 1546 cantavit
3067 1492 3331 1562 psalmum
3371 1493 3567 1558 istum;
3618 1503 3684 1547 et

2094 1601 2192 1640 nos
2219 1585 2435 1656 quando
2482 1585 2798 1640 inchoamus
2847 1585 2902 1639 in
2943 1585 3118 1656 prima
3167 1585 3298 1640 hora
3348 1585 3449 1640 diei
3493 1585 3684 1639 vitare

2093 1676 2496 1746 persecutiones
2525 1685 2580 1749 et
2609 1676 2831 1730 insidias
2857 1675 3076 1740 diaboli,
3101 1683 3379 1730 cantemus
3405 1674 3682 1746 psalmum

413 1774 658 1819 sanctam
679 1765 1002 1822 Trinitatem
1023 1783 1121 1838 pro
1141 1768 1418 1824 beneﬁciis
1436 1770 1691 1839 praestitis
1705 1783 1990 1835 converso,
2021 1761 2068 1820 B
2097 1784 2195 1838 pro
2224 1776 2335 1823 toto
2357 1768 2552 1822 itinere
2580 1769 2706 1833 diei,
2738 1767 2901 1833 Deus,
2936 1769 2991 1821 in
3021 1769 3227 1822 nomine
3248 1779 3339 1822 tuo
3364 1767 3569 1823 salvum
3597 1787 3683 1822 me

412 1865 467 1910 et
495 1857 654 1910 dicit:
683 1856 994 1913 Benedictus
1031 1859 1287 1914 Dominus
1328 1861 1468 1915 Deus
1494 1861 1685 1926 Israel,
1721 1863 1844 1932 quia
1875 1862 1995 1915 risi-

411 1949 538 2002 tavit
564 1949 828 2004 miseriam
851 1951 1162 2017 humanam,
1188 1963 1234 2006 et
1259 1953 1379 2022 fecit
1405 1954 1807 2024 redemptionem
1828 1953 1990 2021 illius,

408 2039 544 2092 sicut
574 2040 777 2094 locutus
819 2052 894 2095 est
935 2059 1027 2112 per
1071 2060 1128 2097 os
1173 2054 1497 2097 sanctorum.
1549 2043 1653 2097 Per
1699 2059 1886 2098 eorum
1933 2060 1995 2099 os

412 2131 686 2198 promisit,
725 2131 778 2186 in
815 2148 1138 2202 quacunque
1167 2134 1252 2188 die
1279 2133 1474 2204 impius
1516 2149 1811 2190 conversus
1851 2144 1995 2188 esset

410 2223 480 2276 ab
529 2223 808 2292 impietate
850 2240 968 2289 sua,
1015 2227 1158 2294 quod
1182 2242 1371 2281 omnes
1415 2227 1691 2297 injustilize
1721 2227 1837 2296 ejus
1863 2226 1996 2281 obli-

411 2313 558 2366 vioni
599 2315 963 2369 traderentur.
1009 2316 1368 2386 Reddiditque
1409 2315 1812 2386 jusjurandum,
1851 2317 1996 2388 quod

402 2407 607 2476 juravit
654 2407 930 2463 Abraham
974 2411 1112 2479 patri
1158 2419 1368 2477 nostro,
1418 2411 1670 2466 daturum
1717 2424 1776 2464 sc
1815 2411 1992 2476 nobis,

411 2499 515 2552 hoc
539 2509 642 2563 est,
669 2510 728 2554 ut
757 2499 874 2555 sine
907 2502 1102 2557 timore
1128 2501 1194 2557 de
1223 2519 1383 2558 manu
1414 2503 1752 2558 inimicorum
1784 2513 1996 2558 nostro-

416 2607 536 2646 rum
580 2592 792 2648 liberati
831 2596 1139 2651 serviamus
1180 2595 1408 2653 Domino
1449 2598 1501 2653 in
1539 2597 1749 2666 justitia
1783 2606 1837 2653 et
1871 2612 1996 2652 san-

408 2684 624 2749 ctitate;
655 2702 720 2740 ac
747 2687 792 2741 si
829 2687 974 2744 dicat
1010 2688 1416 2744 ecclesiasticus
1445 2689 1528 2743 vir
1555 2707 1566 2742 :
1592 2687 1698 2743 iste
1724 2689 1815 2758 qui
1845 2687 1994 2742 inﬁr-

412 2790 532 2828 mus
561 2773 682 2838 fuit,
715 2777 960 2846 profecto
995 2777 1216 2832 sanitati
1245 2777 1486 2832 redditus
1514 2788 1617 2833 est.
1646 2777 1846 2834 Omnes
1870 2793 1997 2849 par-

409 2873 491 2919 tes
519 2867 710 2929 noctis,
756 2867 910 2935 cujus
935 2869 1168 2938 caligine
1212 2869 1315 2924 iste
1355 2870 1677 2925 obscuratus
1705 2876 1847 2934 erat,
1900 2884 1993 2924 re-

407 2953 576 3022 pulsa:
611 2966 753 3012 sunt.
796 2957 1036 3027 Agamus
1065 2959 1174 3013 Deo
1201 2959 1405 3028 gratias
1434 2959 1689 3028 quoniam
1719 2974 1864 3013 nunc
1891 2971 1982 3028 po-

411 3046 540 3100 terit
567 3047 819 3118 deinceps
848 3049 1053 3104 servire
1084 3049 1314 3105 Domino
1343 3061 1399 3105 et
1428 3051 1655 3105 honeste
1683 3051 1992 3117 ambulare,

2097 1860 2201 1929 fac,
2235 1871 2282 1913 et
2308 1860 2362 1912 in
2384 1861 2573 1912 virtute
2600 1868 2691 1913 tua
2725 1859 2888 1912 libera
2918 1876 3017 1913 me.
3052 1859 3230 1926 Quare
3258 1861 3396 1915 hoc?
3423 1861 3679 1931 quoniam

2095 1950 2252 2005 alieni
2283 1952 2680 2005 insurrexerunt
2725 1951 3000 2005 adversum
3040 1968 3142 2016 me,
3183 1959 3236 2006 et
3271 1961 3490 2006 cetera.
3535 1951 3681 2018 Quid

2095 2043 2238 2098 enim
2263 2044 2449 2098 volunt
2473 2044 2684 2114 precari
2713 2043 3054 2098 ambulantes
3079 2059 3178 2115 per
3202 2043 3369 2109 viam,
3401 2045 3506 2099 nisi
3531 2045 3681 2114 quod

2096 2152 2328 2208 sequens
2365 2154 2554 2192 versus
2591 2145 2880 2202 monstrat,
2927 2137 3111 2192 dicens
3139 2156 3150 2190 :
3183 2137 3367 2191 Averte
3397 2136 3542 2191 mala
3575 2139 3683 2190 ini-

2094 2232 2244 2287 micis
2281 2232 2432 2294 meis,
2468 2241 2514 2283 et
2556 2231 2611 2283 in
2655 2230 2869 2284 veritate
2913 2239 3005 2282 tua
3046 2229 3286 2300 disperde
3312 2229 3451 2283 illos.
3482 2227 3543 2282 In
3571 2229 3683 2283 isto

2094 2321 2301 2392 psalmo
2351 2331 2564 2375 oratum
2614 2329 2699 2374 est
2738 2336 2838 2391 pro
2887 2319 3133 2375 custodia
3177 2320 3458 2389 utriusque
3500 2322 3682 2390 partis

2094 2414 2216 2468 vim.
2249 2412 2305 2467 ln
2336 2413 2508 2481 prima
2553 2420 2709 2481 parte
2754 2411 2968 2482 psalmi,
3019 2409 3170 2464 Beati
3211 2409 3562 2471 immaculati,
3598 2410 3682 2463 in-

2094 2514 2300 2560 tramus
2349 2505 2402 2559 in
2444 2504 2585 2558 viam
2627 2502 2862 2560 Domini.
2911 2501 3041 2568 Qua:
3085 2501 3155 2555 sit
3202 2499 3428 2554 intentio
3482 2501 3680 2554 ambu-

2094 2598 2262 2664 landi,
2293 2614 2392 2670 per
2413 2598 2572 2652 istum
2595 2597 2859 2668 psalmum
2886 2611 2949 2650 ex
2973 2593 3157 2648 verbis
3184 2594 3356 2648 sancti
3391 2593 3680 2664 Augustini

2093 2690 2402 2745 cdocemur.
2445 2688 2583 2742 Dicit
2627 2687 2768 2741 inter
2807 2692 3002 2740 cmtera
3035 2684 3090 2738 in
3117 2691 3350 2738 tractatu
3387 2683 3681 2752 praesentis

2093 2783 2286 2853 psalmi
2317 2799 2330 2836 :
2363 2781 2498 2835 Nam
2540 2778 2787 2851 profecto
2825 2778 2915 2848 qui
2945 2777 3293 2842 exhortatur,
3341 2776 3394 2830 id
3445 2775 3578 2846 agit,
3617 2784 3683 2830 ut

2094 2873 2364 2927 excitetur
2389 2870 2636 2925 voluntas
2667 2868 2784 2938 ejus
2808 2883 2933 2923 cum
2971 2882 3080 2937 quo
3121 2867 3252 2938 agit,
3285 2866 3351 2920 ad
3382 2865 3512 2920 illud
3553 2880 3682 2936 pro-

2093 2973 2216 3035 pter
2253 2965 2397 3035 quod
2437 2961 2833 3019 exhortationis
2880 2960 3169 3015 adhibetur
3230 2959 3546 3029 alloquium.
3609 2957 3684 3014 Ut

2095 3054 2223 3125 quid
2273 3071 2402 3126 ergo
2452 3053 2732 3110 nobiscum
2767 3053 2966 3123 agitur,
3005 3061 3065 3106 ut
3093 3051 3322 3107 velimus
3367 3052 3494 3121 quid
3539 3051 3680 3107 velle

409 3135 553 3190 sicut
578 3136 731 3191 decet
757 3137 810 3190 in
843 3139 948 3192 die.
982 3138 1132 3192 Dona
1171 3139 1264 3194 Dei
1291 3156 1412 3210 quae
1440 3141 1492 3195 in
1518 3141 1621 3196 isto
1643 3141 1843 3211 hymno
1881 3157 1995 3197 me—
2022 3137 2067 3198 C
2098 3162 2204 3202 non
2226 3162 2514 3218 possumus
2543 3146 2644 3200 nisi
2673 3145 2798 3216 quia
2827 3159 3016 3200 omnes
3043 3144 3262 3214 quidem
3287 3143 3684 3199 beatitudinem

412 3237 697 3282 morantur
725 3229 920 3298 partim
952 3230 1186 3300 percipit
1223 3240 1409 3286 sancta
1455 3232 1696 3287 Ecclesia
1732 3232 1784 3286 in
1816 3233 1994 3302 primo

413 3319 648 3374 adventu
692 3320 928 3389 Domini,
973 3322 1068 3377 sed
1107 3321 1320 3392 plenius
1359 3323 1588 3394 accipiet
1632 3323 1687 3378 in
1733 3324 1989 3378 secundo.

1026 3412 1258 3469 CAPUT
1313 3412 1400 3468 ’(1.

940 3501 1018 3556 De
1063 3503 1303 3558 cursibus
1343 3503 1466 3558 diei.

409 3655 412 3658 .
488 3611 712 3682 PrOprie
752 3613 946 3684 vulgus
996 3629 1212 3668 omnem
1256 3614 1423 3680 diem,
1473 3614 1604 3670 solis
1651 3601 2029 3685 praesentiam.

409 3719 575 3772 supra
616 3713 809 3767 terras,
847 3705 1100 3774 appellat.
1129 3705 1209 3759 Ex
1239 3706 1341 3761 hac
1371 3705 1688 3760 deﬁnitione
1724 3707 1886 3761 datur
1915 3708 1995 3762 in-

415 3797 580 3866 telligi
630 3798 774 3851 diem
815 3797 1106 3852 duodecim
1152 3799 1411 3852 horarum
1441 3798 1682 3864 inchoari
1711 3800 1905 3855 debere
1925 3800 1994 3854 ab

411 3895 534 3940 ortu
561 3886 712 3950 solis,
743 3895 798 3940 et
824 3887 968 3941 ﬁniri
1002 3889 1055 3942 in
1086 3887 1202 3956 ejus
1229 3904 1446 3944 occasu.
1481 3888 1640 3944 Mane
1660 3899 1746 3945 est
1771 3890 1992 3961 quidam

411 3978 640 4049 angulus
683 3980 863 4034 noctis
911 3989 966 4034 et
1013 3981 1141 4035 diei.
1191 3981 1497 4036 Diluculum
1528 3993 1584 4038 et
1614 3993 1836 4039 exortus
1867 3985 1995 4040 solis

2095 3238 2504 3308 concupiscunt.
2535 3237 2628 3290 sed
2661 3250 2896 3306 quonam
2938 3234 3100 3288 modo
3141 3233 3210 3287 ad
3237 3248 3356 3287 eam
3387 3232 3684 3302 pervenia-

2098 3340 2203 3396 tur,
2243 3329 2459 3400 plurimi
2503 3327 2788 3382 nesciunt?
2824 3327 3056 3396 Ideoque
3102 3323 3209 3379 hoc
3247 3324 3400 3379 docet
3439 3325 3543 3378 iste
3576 3324 3683 3394 qui

2095 3427 2249 3490 dicit,
2282 3425 2432 3479 Beati
2467 3421 2791 3478 immaculati
2833 3421 2888 3474 in
2929 3420 3032 3483 via,
3070 3418 3160 3490 qui
3191 3416 3457 3471 ambulant
3480 3417 3539 3470 in
3571 3417 3684 3487 lege

2096 3516 2327 3570 Domini.
2371 3515 2650 3582 Tanquam
2681 3513 2888 3566 diceret
2915 3529 2928 3564 :
2961 3508 3086 3564 Scio
3108 3510 3236 3579 quid
3265 3509 3420 3570 velis,
3450 3509 3683 3563 beatitu-

2096 3609 2276 3661 dinem
2315 3606 2547 3676 qumris;
2591 3605 2634 3659 si
2666 3619 2795 3674 ergo
2827 3618 2946 3656 esse
2983 3602 3067 3656 vis
3097 3603 3306 3663 beatus,
3339 3610 3460 3654 esto
3495 3601 3685 3654 imma-

2095 3699 2325 3754 cm‘atus.
2365 3697 2498 3752 lllud
2525 3697 2671 3751 enim
2699 3709 2909 3761 omnes,
2933 3695 3039 3749 hoc
3065 3702 3244 3748 autem
3279 3695 3437 3764 pauci
3469 3693 3682 3756 volunt,

2095 3793 2210 3845 sine
2239 3806 2347 3861 quo
2386 3804 2492 3844 non
2523 3788 2842 3859 pervenitur
2877 3787 2944 3842 ad
2983 3786 3116 3842 illud
3154 3786 3299 3856 quod
3343 3801 3541 3842 omnes
3587 3803 3684 3843 vo-

2094 3883 2232 3938 lunt.
2272 3883 2378 3938 Sed
2404 3881 2495 3937 ubi
2527 3882 2631 3936 erit
2657 3881 2886 3950 quisque
2911 3877 3313 3943 immaculatus,
3339 3878 3448 3932 nisi
3475 3879 3532 3932 in
3562 3879 3686 3932 via?

2095 3977 2150 4032 ln
2175 3991 2278 4046 qua
2309 3977 2415 4041 via,
2443 3975 2548 4030 nisi
2573 3974 2626 4029 in
2657 3973 2774 4044 lege
2797 3971 3045 4027 Domini?
3083 3970 3548 4026 Sermocinationi
3579 3971 3680 4025 hu-

414 4084 574 4124 mane
600 4076 883 4134 vocantur,
916 4077 978 4122 ut
1006 4069 1240 4139 prmtuli,
1293 4071 1346 4125 in
1393 4070 1703 4141 Evangelia.
1753 4071 1874 4128 Jam
1919 4075 1998 4128 di-
2090 4067 2180 4138 jus
2206 4067 2338 4136 legis
2360 4067 2732 4122 commisimus
2761 4080 2858 4118 nos
2881 4079 2977 4134 per
2996 4063 3226 4134 primam
3253 4070 3462 4132 partem
3487 4061 3684 4132 psalmi

411 4169 558 4215 ctum
582 4168 664 4215 est
687 4161 754 4216 de
785 4176 944 4216 mane
977 4161 1029 4215 in
1068 4161 1458 4230 superioribus,
1485 4160 1617 4216 Cum
1645 4164 1819 4217 adhuc
1856 4173 1996 4218 tene-

413 4253 522 4307 brae
563 4263 752 4306 essent.
795 4253 860 4307 Et
896 4253 1094 4307 iterum
1132 4253 1353 4318 dicitur,
1408 4263 1456 4307 et
1495 4252 1647 4307 valde
1689 4271 1844 4308 mane
1887 4271 1995 4308 una

410 4343 748 4398 sabbatorum
785 4343 994 4397 veniunt
1020 4342 1090 4396 ad
1117 4353 1532 4407 monumentum,
1568 4357 1682 4398 orto
1717 4345 1824 4411 iam
1864 4344 1992 4400 sole.

415 4433 484 4489 Et
513 4435 711 4488 iterum
741 4453 754 4488 :
789 4432 971 4489 Simile
995 4446 1071 4490 est
1097 4452 1312 4506 regnum
1338 4435 1582 4490 ctelorum
1610 4440 1809 4491 homini
1831 4438 1997 4508 patri-

417 4527 670 4599 familias,
699 4529 789 4600 qui
818 4529 946 4582 exiit
967 4528 1136 4600 primo
1157 4545 1311 4582 mane
1334 4528 1624 4582 conducere
1649 4531 1916 4599 operarios
1937 4530 1993 4583 in

413 4625 618 4678 rineam
644 4640 794 4677 suam
821 4640 838 4677 :
862 4622 1214 4678 Conventione
1236 4632 1409 4677 autem
1434 4623 1575 4692 facta
1601 4640 1716 4676 cum
1741 4625 1992 4693 aperariis

414 4734 479 4771 cur
500 4717 718 4771 denario
768 4718 982 4771 diurno.
1038 4716 1116 4769 Ex
1169 4715 1276 4770 isto
1321 4715 1518 4769 diurno
1569 4713 1886 4783 intelligitur
1936 4713 1990 4767 in

405 4805 556 4874 justo
592 4806 710 4862 loco
741 4823 898 4861 mane
935 4807 1212 4877 pertinere
1235 4807 1303 4859 ad
1332 4805 1496 4859 diem.
1527 4803 1798 4873 Scriptum
1827 4810 1911 4856 est
1939 4803 1990 4857 in

414 4897 586 4952 altero
637 4899 926 4969 Evnngelio
957 4915 971 4952 :
1003 4898 1064 4953 Si
1103 4900 1219 4969 quis
1253 4897 1594 4952 ambulaverit
1645 4898 1698 4950 in
1735 4896 1842 4958 die,
1889 4912 1991 4949 non

414 4987 652 5056 o/fendit.
683 4987 992 5044 Conventus
1018 4996 1331 5044 sanctorum
1361 4987 1609 5048 fratrum,
1642 4987 1734 5055 qni
1763 5001 1992 5056 congre-

414 5089 574 5151 gatur
608 5081 782 5149 prima
816 5081 972 5143 hora,
1004 5081 1166 5134 tertia
1193 5095 1258 5134 ac
1283 5086 1459 5142 sexta,
1491 5085 1652 5147 atque
1683 5093 1844 5140 nona,
1875 5077 1992 5132 illo-

414 5189 534 5229 rum
562 5180 763 5227 statum
795 5172 846 5226 in
873 5157 971 5225 suo
999 5171 1175 5226 ollicio
1215 5170 1427 5234 recolit,
1468 5170 1562 5238 qui
1600 5178 1726 5239 post
1763 5168 1993 5224 ablutio-

419 5283 543 5322 nem
594 5280 766 5333 aquae,
800 5264 913 5318 sive
955 5273 1078 5333 post
1123 5263 1412 5316 sanitatem
1456 5270 1728 5331 receptam
1757 5276 1855 5330 per
1878 5275 1992 5330 pm-

415 5359 720 5423 nitentiam,
753 5359 870 5414 sine
901 5357 1288 5412 retractatione
1315 5364 1541 5412 currunt
1571 5373 1667 5426 per
1700 5357 1840 5410 viam
1883 5355 1991 5410 Do-

418 5451 570 5514 mini,
616 5451 720 5504 hoc
767 5459 869 5514 est,
920 5466 1019 5520 per
1062 5449 1234 5518 legem
1279 5445 1398 5515 ejus
1450 5448 1662 5502 scilicet
1709 5462 1880 5516 usque
1925 5445 1988 5500 ad

422 5555 724 5608 vesperum,
752 5540 802 5594 id
835 5553 938 5603 est,
971 5555 1144 5609 usque
1172 5538 1238 5592 ad
1274 5538 1434 5593 linem
1462 5539 1585 5592 vita:
1613 5554 1742 5592 sum.
1780 5538 1854 5591 De
1886 5553 1994 5607 quo

420 5644 580 5682 cursu
632 5630 828 5687 Paulus
873 5633 1087 5686 dicebat
1134 5631 1187 5685 in
1233 5630 1546 5684 novissimis
1592 5630 1705 5685 suis
1757 5628 1990 5681 diebus:

422 5716 697 5774 Certamen
721 5733 823 5774 cert
835 5725 909 5776 ari
917 5765 930 5787 ,
953 5740 1166 5777 cursum
1190 5722 1568 5787 consummari,
1601 5723 1754 5792 ﬁdem
1774 5720 1992 5775 servari.

2096 4159 2274 4214 octavi
2323 4157 2517 4213 decimi
2563 4157 2616 4210 in
2646 4156 2820 4225 prima
2870 4155 3005 4208 hora
3055 4152 3180 4206 diei.
3229 4151 3334 4206 Per
3383 4153 3687 4206 secundam

2095 4260 2305 4322 partem
2335 4250 2696 4318 anticipamus
2724 4247 3014 4303 secundam
3045 4253 3253 4316 partem
3279 4245 3386 4299 diei
3412 4262 3426 4298 :
3453 4245 3601 4298 sicut
3628 4244 3686 4298 in

2097 4345 2267 4416 prima
2301 4351 2474 4413 parte,
2519 4342 2593 4396 ita
2635 4342 2689 4395 in
2719 4356 2784 4396 ea
2824 4339 3052 4394 facimus
3087 4336 3420 4391 mentionem
3460 4335 3526 4389 de
3566 4333 3688 4406 lege

2099 4437 2333 4493 Domini.
2364 4433 2552 4489 Revela
2580 4433 2760 4490 oculos
2786 4449 2943 4490 meos,
2972 4441 3018 4484 et
3043 4429 3382 4484 considerabo
3413 4429 3682 4482 mirabilia

2101 4525 2168 4579 de
2213 4524 2324 4594 lege
2366 4533 2476 4578 tua.
2523 4522 2592 4578 Et
2640 4525 2878 4578 iterum:
2923 4518 3073 4573 Viam
3103 4517 3396 4586 iniquitatis
3434 4534 3619 4572 amore
3651 4537 3684 4570 ιι

2094 4618 2220 4680 me,‘
2243 4626 2288 4669 et
2305 4613 2414 4686 lege
2429 4625 2519 4667 tua
2540 4615 2784 4668 miserere
2806 4611 2926 4666 mei.
2950 4612 3145 4667 Versus
3163 4609 3252 4678 qui
3279 4607 3553 4678 sequitur,
3577 4607 3685 4662 Es-

2095 4721 2279 4776 surge,
2320 4703 2561 4768 Domine,
2595 4703 2792 4772 adjura
2834 4719 2947 4764 nos,
2979 4701 3120 4756 sicut
3150 4708 3204 4754 et
3224 4698 3485 4767 psalmus,
3517 4697 3682 4760 Dens,

2094 4799 2148 4852 in
2178 4798 2388 4852 nomine
2426 4807 2516 4850 tuo
2559 4794 2760 4849 salvum
2809 4811 2890 4848 me
2928 4794 3036 4864 fac,
3079 4793 3317 4863 pertinet
3345 4791 3414 4845 ad
3446 4792 3685 4860 spatium

2097 4891 2264 4943 totius
2310 4887 2487 4942 diurni
2530 4886 2766 4950 itineris,
2799 4886 2875 4940 sic
2911 4886 3097 4950 et-iste
3129 4899 3317 4939 versus
3343 4885 3591 4953 pertinet
3618 4884 3689 4938 ad

2099 4979 2426 5042 orationem,
2473 4987 2533 5032 ut
2581 4977 2843 5032 Dominus
2886 4977 2957 5030 sit
3003 4978 3084 5031 sui
3143 4977 3324 5047 gregis
3363 4989 3464 5044 per
3509 4983 3685 5028 totum

2100 5085 2316 5126 cursum
2344 5070 2556 5124 itineris
2598 5067 2828 5137 adjutor,
2876 5080 2931 5124 et
2973 5069 3232 5123 liberator
3267 5075 3492 5138 propter
3523 5082 3683 5119 suam

2101 5161 2554 5216 misericordiam.
2605 5159 2789 5214 Tertia
2833 5176 2959 5230 pars
3005 5159 3291 5214 memorati
3319 5157 3513 5228 psalmi
3544 5158 3690 5213 cele.

2101 5259 2292 5312 bratur
2323 5257 2374 5310 in
2405 5257 2538 5310 hora
2578 5257 2737 5310 tertia
2782 5257 2908 5319 diei,
2955 5272 3166 5310 necnon
3194 5263 3249 5310 et
3279 5253 3354 5309 ibi
3383 5254 3596 5308 mentio
3627 5251 3689 5306 fit

2103 5350 2168 5404 de
2215 5349 2330 5419 lege
2384 5347 2500 5411 Dei,
2551 5347 2822 5402 dicendo:
2856 5345 3044 5416 Legem
3075 5363 3207 5416 pone
3254 5345 3403 5409 mihi,
3435 5343 3686 5404 Domine,

2099 5444 2236 5497 viam
2269 5443 2713 5512 justiﬁeationum
2755 5452 2987 5495 tuarum.
3031 5441 3094 5494 Et
3135 5441 3330 5493 iterum
3367 5451 3382 5490 :
3430 5437 3512 5490 Da
3557 5435 3687 5490 mihi

2099 5533 2435 5590 intellectum.
2485 5543 2532 5586 et
2578 5533 2854 5586 scrutabor
2907 5531 3070 5602 legem
3123 5542 3299 5592 tuam,
3357 5537 3414 5582 et
3461 5536 3681 5582 caetera.

2103 5626 2306 5691 Quarta
2357 5640 2482 5694 pars
2526 5625 2715 5694 psalmi
2751 5633 3006 5680 cantatur
3026 5640 3127 5693 pro
3155 5631 3344 5692 quarta
3374 5621 3512 5675 hora
3553 5619 3680 5674 diei.

2107 5719 2174 5773 Et
2224 5719 2293 5773 ibi
2344 5718 2548 5772 mentio
2579 5719 2636 5772 tit
2668 5719 2732 5772 de
2759 5717 2876 5788 lege
2904 5717 3115 5772 Domini
3144 5733 3158 5768 :
3193 5714 3372 5769 Portio
3413 5729 3531 5766 mea
3573 5711 3651 5764 Do
