4000 6178
394 256 530 312 liii?

1422 257 1629 314 LIBER
1668 259 1756 314 DE
1795 257 2054 315 ORIHNE
2088 257 2585 317 ANTIPBONAR-ll

3515 268 3656 327 ηδε

374 370 554 436 mine.
577 367 691 427 dixi
715 367 977 425 custodire
1006 367 1167 439 legem
1194 376 1368 441 gnam.
1400 367 1599 436 Quinta
1626 382 1755 440 pars
1776 369 1971 440 psalmi
1998 380 2049 439 Α
2076 386 2179 426 nus
2207 382 2417 427 secreto
2445 386 2476 426 a
2501 371 2781 443 discipulis
2830 371 2897 429 de
2937 376 3404 434 consummatione
3450 381 3658 450 saeculi,

394 462 607 519 canitur
633 476 733 531 pro
770 462 959 533 quinta
1006 462 1140 517 hora
1187 460 1314 517 diei.
1362 462 1430 517 Et
1470 463 1545 517 ibi
1588 464 1797 519 mentio
1827 464 1980 521 ﬁtdc

394 553 513 623 lege
534 552 750 609 Domini
775 570 788 606 :
817 549 1167 623 Consulatum
1186 563 1259 608 est
1282 553 1416 608 sicut
1442 551 1525 607 lac
1545 571 1636 609 cor
1659 571 1860 620 eorum,
1886 572 1979 626 ego

394 667 513 705 vero
551 648 714 719 legem
746 658 891 704 tuam
933 649 1216 705 meditatus
1243 665 1380 707 sum.
1412 649 1480 709 Et
1498 649 1695 704 iterum
1722 667 1737 703 :
1772 649 1979 705 Bonum

394 742 525 809 mild
564 740 648 795 lea:
688 740 935 795 oriatui.
983 740 1173 796 Lectio
1208 756 1338 810 quas
1383 741 1587 812 legitur.
1614 756 1712 812 per
1740 741 1979 812 singulos

395 846 590 887 cursus
614 830 717 885 hoc
746 830 922 895 docet,
965 838 1024 884 ut
1061 831 1494 901 quandocunque
1528 831 1843 901 congregati
1866 830 1982 887 fue-

396 923 504 979 rint
533 921 711 976 sancti
737 921 864 986 viri,
889 922 1129 991 exceptis
1154 923 1313 981 bonis
1337 921 1612 992 operibus,
1645 938 1765 993 qua:
1793 937 1977 977 secum

395 1013 597 1085 singuli
647 1013 868 1067 student
910 1026 1092 1085 agere,
1121 1014 1323 1082 passim
1351 1012 1533 1069 divino
1558 1010 1829 1081 colloquio
1856 1013 1980 1067 reti-

398 1107 661 1167 ciantura
683 1105 743 1160 ιη
796 1114 950 1161 sexta
1000 1115 1156 1176 parte
1196 1106 1390 1176 psalmi
1423 1106 1657 1163 intratur
1680 1104 1747 1160 ad
1768 1114 1977 1163 sextam

395 1197 585 1253 horam
617 1196 743 1251 diei.
772 1195 837 1250 Et
861 1196 937 1253 ibi
958 1196 1164 1251 mentio
1189 1196 1248 1253 lit
1273 1196 1341 1251 de
1368 1195 1485 1266 lege
1508 1195 1741 1253 Domini.
1769 1194 1980 1253 Narra-

395 1297 577 1359 uertrat
600 1289 730 1343 mihi
752 1287 919 1359 iniqui
939 1287 1419 1357 fabulationes,setl
1443 1303 1556 1351 ,non
1586 1297 1640 1341 ut
1663 1285 1749 1341 lea;
1774 1296 1888 1340 tua.
1911 1286 1979 1340 Et

396 1377 595 1451 iterum
614 1360 637 1431 ﬂ:
670 1377 792 1431 Nisi
825 1379 967 1448 quod
993 1377 1081 1435 lea:
1107 1388 1213 1443 tua,
1235 1377 1509 1433 meditatio
1532 1393 1648 1431 mea
1669 1384 1767 1442 est,
1794 1384 1850 1431 et
1877 1390 1979 1431 ca:—

399 1478 539 1525 tera.
564 1467 802 1539 Septima
836 1484 964 1538 pars
992 1469 1189 1540 psalmi
1219 1469 1435 1527 canitur
1460 1483 1560 1538 pro
1579 1468 1815 1539 septima
1838 1469 1978 1524 hora

399 1560 528 1633 diei.
573 1558 640 1614 Et
679 1559 753 1615 ibi
796 1560 1005 1617 mentio
1048 1568 1134 1615 est
1172 1560 1239 1616 de
1279 1560 1398 1632 lege
1434 1558 1671 1615 Domini.
1702 1557 1976 1624 Quomodo

370 1642 567 1715 ‘dileai
601 1651 765 1725 legem
790 1661 979 1718 damn,
1018 1652 1269 1716 Domine,
1311 1661 1421 1707 tota
1443 1649 1531 1706 die
1552 1651 1976 1722 meditationtea

2080 462 2223 517 inter
2272 463 2439 519 multa
2474 455 2611 534 'quze
2660 464 2871 521 locutus
2902 474 3007 532 cst,
3064 465 3168 522 hoc
3221 450 3608 540 quoquedixit
3636 493 3655 531 :

2082 551 2226 609 Tunc
2256 553 2428 609 simile
2460 554 2807 613 mstimabitur
2842 571 3057 627 regnum
3080 556 3326 612 ccelorum
3350 561 3527 616 decent
3549 564 3658 619 uir-

2080 644 2391 715 ginibus,et
2417 654 2637 702 caetera.
2685 647 2750 701 Et
2782 647 2921 703 infra
2948 666 2960 701 :
2987 646 3249 705 Videntur
3294 652 3479 723 itaque
3516 658 3654 713 mihi

2081 735 2320 805 quinque
2358 737 2598 808 virgines
2634 738 2943 809 signiﬁcare
2968 740 3211 811 quinque
3238 745 3493 813 partitam
3522 763 3656 804 con-

2080 825 2367 885 tinentiam
2392 844 2422 883 a
2451 831 2635 889 carnis
2663 831 2930 889 illecebris
2961 851 2973 887 :
3006 836 3364 894 continendus
3393 848 3483 895 est
3513 844 3657 899 enim

2081 915 2274 971 animm
2312 920 2600 988 appetitus,
2637 921 2742 976 hoc
2770 930 2871 986 est,
2907 937 2938 976 a
2964 922 3236 993 voluptate
3271 927 3575 995 oculorum,
3625 948 3663 986 υ,

2079 1001 2354 1076 voluptate
2397 1009 2633 1073 aurium,
2663 1025 2694 1064 a
2725 1011 2997 1082 voluptate
3032 1013 3342 1082 cll‘aciendi,
3384 1022 3655 1087 gustandi,

2083 1097 2354 1177 tangendi.
2399 1096 2504 1153 Sed
2544 1101 2671 1169 quia
2716 1101 2819 1156 ista
2859 1105 3191 1161 continentia
3237 1109 3438 1177 partim
3476 1126 3660 1169 coram

2082 1174 2285 1240 Dec‘ﬁt
2316 1196 2374 1241 ut
2402 1188 2475 1243 illi
2519 1189 2796 1259 placentur
2841 1195 3118 1253 interioris
3144 1174 3341 1267 gaudio
3378 1202 3660 1258 conscien-

2081 1275 2190 1340 tim,
2220 1277 2414 1345 partim
2442 1293 2627 1335 coram
2659 1282 2989 1350 hominibus,
3025 1294 3235 1341 tantum
3260 1297 3322 1343 ut
3349 1290 3520 1362 gloria
3549 1292 3653 1347 hu-

2081 1378 2241 1418 mana
2267 1365 2529 1435 capiatur,
2556 1370 2794 1441 quinque
2819 1371 3075 1429 dicuntur
3097 1376 3390 1446 sapientes,
3417 1389 3472 1435 et
3500 1382 3661 1452 quin-

2079 1455 2433 1533 questulue:
2469 1468 2711 1530 utraeque
2752 1473 2932 1518 tamen
2972 1465 3230 1537 virgines,
3272 1469 3398 1539 quia
3424 1479 3657 1543 utraque

2081 1545 2413 1634 continentia
2459 1560 2562 1618 est,
2610 1555 2860 1622 quamvis
2887 1558 3115 1615 adverso
3147 1558 3335 1617 fomite
3365 1564 3655 1634 gaudeant.

2081 1631 2183 1724 Qui
2223 1650 2406 1693 coram
2438 1638 2556 1695 Deo
2596 1644 2832 1712 gaudent
2869 1645 3091 1716 gloriari
3126 1650 3195 1705 de
3220 1653 3345 1709 suis
3373 1631 3654 1724 operibus,

396 1752 495 1801 αι,
526 1722 728 1798 θεμένα
748 1757 877 1814 pars
896 1742 1088 1813 psalmi
1112 1758 1213 1813 pm
1233 1751 1426 1798 octava
1447 1741 1581 1798 hom
1607 1741 1714 1798 die;
1742 1741 1974 1801 enim...
2004 1734 2052 1794 Β
2080 1722 2155 1778 illi
2184 1726 2597 1785 ambulaverunt
2626 1746 2725 1800 per
2748 1732 2892 1787 diem
2920 1734 2973 1788 in
3001 1735 3120 1808 lege
3146 1753 3269 1803 sua,
3310 1722 3429 1811 ipsi
3459 1759 3657 1800 vocan-

395 1834 493 1891 Est
525 1843 581 1891 et
618 1835 696 1893 ibi
740 1836 945 1895 mentio
970 1835 1038 1891 de
1065 1835 1184 1906 lege
1209 1834 1465 1891 Domini:
1493 1833 1714 1905 Iniquus
1736 1834 1859 1891 odio
1881 1834 1979 1889 lla-

395 1927 506 1991 (tua,
528 1934 583 1983 et
613 1926 779 1997 legem
813 1936 959 1985 tuam
987 1926 1173 1985 dilexi.
1199 1927 1428 1983 lnnona
1459 1928 1594 1985 hora
1630 1927 1739 1984 diei
1765 1927 1981 1987 canitur

394 2030 539 2083 nona
586 2032 721 2091 pars
768 2016 1001 2087 psalmi;
1042 2018 1123 2077 ibi
1173 2019 1439 2082 habemus
1495 2017 1671 2089 legem
1717 2018 1994 2078 Domini;

391 2109 613 2175 Iustitia
642 2120 769 2179 tua,
801 2110 1015 2181 justitia
1054 2111 1111 2164 in
1148 2118 1508 2178 teletam,“
1535 2108 1622 2165 lea:
1643 2119 1743 2174 tua
1764 2111 1973 2171 veritas.

394 2199 619 2257 Decima
660 2214 788 2271 pars
822 2201 1018 2272 psalmi
1051 2202 1269 2257 cam'tur
1292 2217 1394 2273 pro
1420 2202 1808 2273 decimaparte
1837 2203 1977 2263 diei:

394 2289 475 2347 lbi
522 2299 608 2349 est
649 2291 855 2357 mentio
894 2293 961 2348 de
1008 2292 1129 2365 lege
1164 2292 1422 2350 Domini:
1459 2290 1590 2351 Vide
1625 2292 1978 2355 humilitatem

395 2398 587 2455 meant,
619 2391 667 2438 et
687 2383 828 2455 eripe
851 2400 953 2450 me,
987 2386 1117 2455 quia
1140 2384 1304 2455 legent
1324 2393 1472 2443 tuam
1491 2400 1597 2439 non
1622 2378 1738 2439 sum
1761 2382 1973 2442 oblitus.

395 2471 697 2545 Undecima
726 2488 859 2547 pars
888 2474 1085 2544 psalmi
1124 2476 1475 2546 canituropro
1511 2476 1797 2541 undecima
1840 2476 1977 2534 hora

392 2561 740 2637 dieigjtltmibi
785 2562 1158 2637 habemusde
1198 2564 1315 2633 lege
1354 2564 1608 2620 Domini;
1632 2564 1975 2637 litigauimus;

392 2652 516 2723 odio
550 2651 723 2726 habui
749 2662 799 2709 et
828 2654 1349 2721 abominatus.sum,
1395 2653 1558 2726 legent
1603 2664 1778 2717 autem
1827 2665 1974 2713 tuam

393 2722 575 2815 dilexi;
608 2722 936 2814 ’thitcrum
984 2760 998 2807 :_
1049 2742 1170 2798 Pax
1205 2741 1371 2799 multa
1417 2722 1755 2816 diligentibus
1807 2744 1974 2815 legem

393 2820 830 2907 tuam,;l)ontine.
876 2833 935 2888 ln
973 2834 1289 2892 duodecima
1329 2836 1461 2891 hora
1492 2835 1608 2891 dici.
1647 2836 1827 2893 reddit
1871 2836 1976 2893 Do-

390 2906 573 2995 minus
596 2906 862 2993 operariis
893 2926 1006 2982 suis
1047 2927 1333 2982 denarium
1372 2927 1725 2997 promissum.
1769 2926 1977 2999 Scripsi

392 3016 704 3083 nuperrime
751 3017 805 3071 in
856 3017 1038 3073 libello
1083 3016 1303 3073 olllciali
1362 3018 1428 3073 de
1476 3019 1785 3088 vespertina
1840 3020 1975 3076 hora

2082 1824 2171 1875 tur
2198 1818 2471 1888 sapientes
2493 1821 2753 1892 virgines.
2783 1824 2904 1880 leue
2931 1828 3203 1897 sapientes
3228 1831 3468 1903 virgines
3491 1834 3658 1891 habe-

2079 1905 2212 1963 bunt
2234 1910 2483 1967 veniente
2505 1926 2704 1981 sponso
2730 1915 3007 1984 lampades
3029 1919 3084 1973 in
3112 1921 3507 1979 manibuscum
3537 1926 3661 1982 oleo

2079 1997 2135 2053 in
2191 1997 2298 2054 ﬁne
2345 2001 2552 2056 mundi.
2611 2002 2717 2058 Per
2770 2003 3046 2075 lampades
3108 2008 3463 2083 designantur
3515 2014 3693 2087 bona.

2077 2102 2264 2159 opera,
2312 2104 2433 2161 quae
2484 2107 2670 2150 secum
2716 2096 2946 2167 quisque
2984 2098 3146 2156 habet
3186 2101 3279 2172 qui
3310 2118 3372 2159 ea
3399 2115 3659 2174 operatus

2077 2189 2185 2247 est,
2213 2190 2268 2237 et
2294 2197 2402 2238 mm
2445 2186 2696 2254 quaesivit
2743 2189 3155 2247 retributionem
3200 2208 3303 2263 pro
3358 2195 3464 2252 illis
3505 2196 3658 2253 falla-

2077 2285 2215 2337 cem.
2265 2271 2441 2329 Simili
2487 2278 2648 2334 modo
2694 2291 2796 2348 per
2840 2281 3078 2350 psalmos
3123 2284 3476 2357 designantur
3516 2290 3657 2348 bona

2076 2376 2260 2437 Opera.
2294 2363 2543 2437 Quinque
2582 2369 2853 2440 virginum
2896 2373 3013 2428 vice
3054 2375 3108 2429 in
3158 2377 3453 2434 novissima
3501 2391 3658 2451 parte

2079 2456 2188 2523 diei
2237 2458 2477 2530 quinque
2520 2461 2760 2530 psalmos
2808 2466 2956 2521 canit
3001 2468 3223 2534 chorus,
3269 2484 3337 2526 ac
3378 2472 3425 2527 si
3470 2481 3657 2529 teneat

2076 2551 2448 2622 unusquisque
2490 2566 2679 2609 secum
2702 2570 2822 2610 sua
2859 2556 3003 2613 bona
3036 2573 3200 2629 opera
3241 2576 3363 2631 quae
3400 2573 3661 2633 operatus

2075 2647 2163 2695 est
2187 2656 2286 2713 per
2313 2642 2552 2714 quinque
2597 2659 2793 2703 sensus
2829 2647 3093 2717 corporis,
3125 2665 3249 2705 cum
3272 2651 3481 2722 quibus
3498 2656 3657 2725 quasi

2076 2729 2403 2807 quibusdam
2449 2732 2785 2804 lampadibus
2823 2735 3152 2795 habentibus
3176 2739 3354 2797 oleum
3384 2743 3438 2798 in
3464 2759 3547 2810 se,
3576 2745 3657 2800 fe-

2077 2821 2284 2877 stinant
2327 2823 2511 2897 venire
2545 2825 2760 2882 obviam
2798 2841 3014 2897 sponso.
3052 2828 3157 2897 Qui
3193 2832 3340 2889 enim
3377 2822 3659 2892 contendit

2077 2911 2296 2969 obviam
2338 2928 2538 2984 sponso
2576 2916 2785 2985 venire,
2816 2921 3017 2989 gradus
3044 2924 3379 2984 ascensionis
3419 2928 3659 3000 disponit

2082 3000 2135 3055 in
2162 3000 2326 3075 corde
2353 3019 2471 3059 suo.
2503 3004 2712 3063 Idcirco
2736 3024 2845 3064 non
2871 3011 3076 3081 absque
3095 3014 3435 3083 providentia
3459 3019 3659 3088 psalmi

393 3081 542 3177 ipim
569 3105 956 3179 etymologiam
983 3106 1226 3178 ejusdem
1253 3107 1511 3173 “omnis,
1626 3116 1729 3173 εει,
1762 3123 1976 3185 φερε,
2003 3081 2048 3155 C
2078 3092 2385 3185 quindecim
2413 3097 2679 3168 graduum
2706 3098 3057 3157 includuntur
3085 3081 3141 3160 in
3172 3081 3519 3178 vespertina-li
3548 3111 3661 3168 olli-

398 3192 509 3246 tina
551 3195 685 3249 hora
718 3195 874 3265 juxta
923 3211 1079 3255 suam
1127 3194 1509 3267 etymologiam
1553 3204 1639 3252 est
1678 3205 1800 3266 post
1845 3197 1976 3253 solis

395 3287 727 3354 cccubitum,
754 3295 811 3341 et
835 3288 1073 3357 pertinet
1108 3287 1177 3341 ad
1214 3295 1450 3345 noctem.
1480 3286 1539 3342 Si
1562 3288 1686 3357 quis
1713 3289 1977 3357 vesperti-

396 3378 519 3437 ualc
549 3377 782 3434 cilicium
809 3378 863 3434 in
898 3393 962 3434 ea
991 3381 1126 3434 hora
1160 3378 1543 3445 celebraverit,
1585 3379 1730 3434 unde
1771 3389 1978 3450 etymo-

396 3468 595 3540 logiam
621 3471 807 3535 habet,
836 3470 887 3524 id
911 3479 1014 3535 est,
1038 3469 1256 3540 quando
1279 3469 1438 3526 stella
1463 3485 1584 3540 quae
1612 3468 1815 3540 Vesper
1838 3484 1977 3527 nun-

394 3567 626 3629 cupatur
659 3568 901 3630 apparet,
941 3560 1107 3615 habet
1129 3560 1183 3614 in
1205 3559 1388 3615 libello
1417 3558 1637 3615 clliciali
1662 3560 1729 3615 de
1752 3574 1820 3615 eo
1840 3560 1977 3615 scri-

392 3656 549 3720 ptum
589 3649 734 3718 quod
775 3647 923 3717 potui
952 3648 1197 3703 sentire:
1232 3664 1331 3703 nos
1363 3664 1494 3706 vero
1522 3648 1822 3719 saepissime
1844 3649 1978 3705 sole-

394 3752 518 3791 mus
547 3737 907 3807 vespertiuale
937 3736 1173 3795 cilicium
1201 3737 1479 3794 celebrare
1507 3749 1634 3795 ante
1657 3739 1790 3796 solis
1812 3755 1977 3797 occu-

394 3826 590 3883 bitum.
643 3827 711 3884 Ut
752 3829 887 3884 crdo
921 3829 1013 3883 ille
1055 3829 1113 3883 in
1152 3838 1339 3885 nostra
1374 3828 1613 3887 Ecclesia
1646 3830 1973 3897 celebretur,

395 3919 488 3988 qui
510 3918 815 3993 descriptus
839 3927 922 3997 est
947 3921 1003 3976 in
1023 3919 1163 3976 libro
1191 3920 1380 3976 Esdra:
1404 3939 1417 3975 :
1447 3920 1650 3987 Quater
1669 3920 1725 3981 in
1743 3922 1828 3977 die
1851 3939 1976 3979 eon-

395 4010 680 4089 ﬁtebaumr
698 4004 924 4067 Domino
949 4023 1162 4083 peccata
1207 4030 1325 4079 sua,
1358 4022 1570 4085 oportet
1601 4016 1975 4085 vespertinum

395 4100 627 4157 cilicium
659 4113 974 4175 computare
998 4105 1064 4160 ad
1095 4114 1303 4176 partem
1347 4107 1472 4163 diei.
1524 4107 1787 4165 Dominus
1828 4108 1973 4166 Beda

395 4180 460 4249 ex
488 4197 690 4265 scripto
713 4195 873 4265 hujus
910 4196 1152 4252 historiae
1188 4198 1319 4255 dicit
1348 4198 1639 4256 inclcvisse
1679 4211 1972 4257 consuetu-

395 4284 576 4339 dinem
605 4285 659 4339 in
684 4296 868 4341 nostra
903 4287 1162 4355 Ecclesia,
1197 4296 1516 4358 utquatucr
1541 4290 1802 4345 lectiones
1827 4291 1969 4348 reci-

395 4382 576 4428 tentnr
613 4374 872 4431 fratribus
914 4377 969 4431 in
999 4376 1105 4443 die,
1136 4377 1278 4447 quod
1309 4392 1418 4432 non
1451 4379 1512 4433 ﬁt
1550 4379 1655 4435 nisi
1691 4366 1851 4436 lectio
1878 4395 1970 4434 ve—

394 4466 702 4536 spertinalis
732 4476 1077 4538 computetur
1121 4468 1261 4539 parti
1307 4468 1436 4535 diei,
1475 4486 1600 4526 cum
1643 4470 1968 4528 lectionibus

392 4554 461 4610 de
499 4571 666 4623 nona,
693 4565 748 4612 et
776 4567 953 4624 sexta,
973 4570 1039 4620 et
1067 4557 1245 4613 tertia.
1278 4558 1336 4612 ln
1360 4559 1539 4628 prima
1573 4574 1682 4615 non
1708 4561 1995 4617 recitatur

394 4644 575 4701 lectio.
617 4646 867 4704 Ofﬁcium
915 4651 1151 4721 primum
1203 4652 1311 4707 diei
1360 4652 1684 4709 inchoamus
1738 4656 1808 4710 ab
1843 4664 1970 4710 ortu

392 4737 541 4793 solis.
572 4739 1000 4808 V'espertinalcm
1030 4742 1278 4813 synaxim
1303 4741 1513 4814 egimus
1543 4744 1690 4798 circa
1717 4743 1970 4807 duodeci-

392 4816 536 4882 mam
578 4830 790 4897 horam,
834 4846 955 4901 quae
994 4832 1128 4886 hora
1163 4841 1247 4888 est
1268 4833 1411 4889 circa
1460 4833 1623 4888 linem
1651 4833 1778 4889 diei.
1812 4833 1969 4891 Finis

392 4917 499 4973 diei
524 4908 705 4989 potest
730 4918 1152 4991 uniuscujusque
1189 4922 1425 4979 hominis
1456 4923 1617 4978 linem
1642 4922 1963 4994 designare:

391 5008 509 5063 dies
534 5011 679 5064 enim
706 5011 926 5081 ponitur
966 5026 1063 5080 pro
1097 5020 1209 5068 toto
1253 5022 1497 5085 tempore
1524 5015 1684 5071 unius
1710 5015 1965 5071 hominis.

394 5098 548 5155 Unde
581 5101 711 5156 dicit
742 5102 1003 5158 Dominus
1032 5104 1088 5159 in
1118 5104 1409 5176 Evangelio
1434 5121 1449 5159 :
1477 5105 1564 5160 Me
1603 5116 1802 5178 oportet
1844 5125 1968 5177 ore-

395 5193 508 5246 rari
541 5209 697 5261 opera
738 5194 852 5264 ejus
901 5195 991 5266 qui
1013 5195 1169 5275 .misit
1218 5213 1335 5263 me,
1378 5197 1541 5252 donec
1580 5199 1690 5252 dies
1733 5208 1846 5264 est;
1887 5215 1968 5254 ve-

393 5291 497 5348 niet
540 5287 672 5361 liora
714 5290 925 5360 quando
977 5307 1125 5361 nemo
1184 5292 1372 5365 poterit
1423 5292 1651 5361 operari.
1700 5290 1843 5349 Dicit
1888 5291 1968 5347 sic

394 5395 612 5441 sanctus
636 5382 988 5454 Augustinus,
1022 5382 1111 5439 ubi
1141 5383 1359 5451 exponit
1383 5383 1704 5437 sententiam
1726 5384 1968 5454 Evange—e

395 5477 453 5532 lii
501 5477 848 5547 de.quinque
874 5472 1184 5544 ,virginibus
1232 5472 1560 5542 sapientibus
1596 5488 1826 5542 quarum
1870 5473 1969 5529 dea

393 5566 611 5629 vctioni.
655 5565 909 5649 optabam
970 5578 1287 5633 comparare
1324 5577 1526 5617 eorum
1581 5563 1672 5632 qui
1726 5563 1966 5631 quinque

392 5657 631 5728 psabucs
669 5662 889 5713 cantant
924 5668 1178 5724 vesperae.
1216 5652 1347 5708 Nam
1388 5653 1748 5725 interrogatus
1778 5655 1962 5713 Domi-

793 5750 1068 5810 Pnnos.
1119 5745 1245 5807 CV.

2076 3182 2180 3237 cio.
2212 3183 2280 3237 Et
2307 3186 2560 3254 quoniam
2588 3188 2646 3243 hi
2677 3205 2784 3245 non
2819 3190 3095 3249 sufﬁciunt
3124 3195 3192 3251 ad
3214 3213 3502 3256 numerum
3537 3202 3658 3259 die-

2075 3288 2200 3330 rum
2234 3285 2467 3347 septem,
2512 3277 2836 3336 altrinsecus
2880 3295 3235 3341 assumuntur
3272 3290 3369 3359 qui
3411 3293 3659 3351 derclicti

2076 3373 2201 3419 sunt
2241 3379 2271 3418 a
2300 3366 2516 3422 cancris
2560 3367 2777 3424 ofﬁciis.
2823 3371 2953 3427 Post
2995 3375 3099 3430 bos
3134 3377 3372 3446 psalmos
3409 3386 3656 3452 sequitur

2074 3454 2442 3511 confabulatio
2476 3469 2788 3538 sanctorum
2825 3470 3008 3519 mutua
3036 3481 3136 3536 per
3162 3467 3472 3539 lectionem,
3506 3484 3567 3530 ut
3590 3492 3659 3532 ea

2075 3547 2470 3604 admoneantur
2494 3553 2763 3620 quomodo
2789 3564 3038 3611 ornatum
3076 3559 3240 3615 animi
3276 3564 3361 3618 sui
3392 3581 3655 3624 renovent

2034 3640 2048 3654 '
2075 3645 2130 3693 et
2157 3648 2485 3710 componant
2526 3657 2588 3698 se
2636 3643 2776 3700 sicut
2803 3656 3018 3716 oportet
3049 3650 3235 3706 ornari
3284 3654 3526 3725 singulos
3562 3661 3657 3728 qui

2076 3730 2283 3787 intrant
2315 3735 2660 3803 praesentiam
2697 3736 2859 3807 regis.
2896 3738 3098 3797 Versus
3129 3742 3221 3811 qui
3236 3756 3567 3814 sequuntur,
3599 3750 3656 3804 id

2075 3830 2179 3889 est,
2207 3826 2517 3895 vespertina
2541 3827 2737 3894 oratio,
2759 3837 2834 3893 et,
2857 3827 3137 3901 Dirigutur
3156 3835 3327 3888 oratio
3351 3851 3489 3903 mea,
3518 3840 3660 3894 sicut

2072 3914 2344 3970 incensum
2376 3917 2431 3970 in
2461 3928 2739 3988 conspectu
2774 3928 2883 3983 tuo,
2915 3920 3132 3990 pulsant
3157 3924 3356 3981 ostium
3385 3929 3658 3985 conclavis

2075 4005 2165 4060 ubi
2195 4021 2289 4060 rex
2315 4007 2484 4061 sedet.
2519 4006 2652 4062 Nam
2687 4008 2740 4063 in
2771 4009 3018 4066 Romano
3054 4013 3434 4082 antipbcnaric
3471 4017 3655 4077 inueni

2073 4110 2294 4162 versus,
2349 4096 2612 4153 Exaltabo
2661 4107 2734 4165 te,
2785 4098 2929 4155 Deus
2978 4118 3147 4168 meas,
3208 4120 3299 4157 rex
3343 4122 3526 4171 meus;
3562 4119 3652 4171 et,

2073 4188 2301 4261 Magnus
2316 4189 2580 4253 Dominus
2609 4200 2817 4256 noster;
2846 4192 2941 4247 sed
2973 4208 3110 4263 quos
3137 4194 3372 4263 praetuli,
3413 4197 3514 4266 ipsi
3539 4201 3654 4255 evi-

2072 4280 2263 4337 denter
2307 4282 2701 4347 demonstrant,
2746 4291 3010 4352 quantum
3064 4283 3181 4340 ﬁeri
3235 4295 3438 4357 potest,
3480 4300 3651 4348 totam

2072 4371 2411 4426 devotionem
2458 4372 2832 4442 vespertinalis
2869 4371 3051 4429 cilicii.
3087 4374 3217 4433 Post
3242 4379 3345 4434 hoc
3373 4380 3428 4435 in
3451 4381 3654 4453 hymno

2072 4461 2382 4533 evangelico
2410 4477 2569 4533 quem
2609 4464 2849 4519 cantavit
2881 4474 3067 4522 sancta
3096 4465 3288 4535 Maria,
3319 4471 3519 4527 chorus
3544 4474 3655 4527 vir-

2071 4554 2254 4623 ginum
2299 4568 2483 4609 secum
2520 4554 2708 4611 recolit
2748 4556 2877 4612 illnc
2918 4573 2979 4617 se
3016 4568 3270 4628 oportere
3298 4567 3646 4633 contendere,

2071 4663 2179 4717 quo
2204 4648 2483 4718 prmcessit
2518 4648 2681 4719 Virgo
2718 4650 3009 4721 virginum,
3058 4653 3162 4708 hoc
3199 4662 3300 4718 est,
3335 4655 3387 4710 in
3416 4671 3653 4726 prasen-

2074 4741 2203 4799 tiam
2247 4738 2565 4797 Salvatcris.
2614 4739 2813 4798 Sancta
2858 4742 3022 4798 Maria
3046 4785 3061 4811 ,
3108 4754 3401 4816 postquam
3446 4750 3653 4806 audivit

2070 4831 2449 4893 salutationem
2484 4833 2820 4904 archangeli,
2871 4844 2933 4891 et
2968 4835 3115 4892 illius
3142 4840 3311 4894 verba
3339 4840 3561 4896 retinuit
3594 4843 3655 4899 in

2070 4922 2233 4978 cordo
2279 4939 2397 4989 suo,
2445 4925 2684 4980 cantavit
2727 4935 3073 4995 praesentet!»
3097 4928 3383 4999 hymnum,
3426 4931 3480 4985 id
3514 4942 3647 4997 est,

2074 5011 2378 5084 Magniﬁca:
2404 5015 2590 5069 anima
2615 5032 2730 5070 mea
2756 5015 3063 5073 Dominum.
3094 5019 3221 5074 ideo
3239 5035 3392 5075 enim
3417 5021 3553 5076 dixit
3578 5022 3648 5078 de

2071 5119 2151 5169 se.
2180 5101 2318 5167 Quia
2343 5104 2564 5175 respexit
2588 5102 2934 5161 humilitatem
2959 5105 3173 5161 ancilla
3194 5124 3330 5174 ruat,
3356 5124 3478 5163 ecce
3509 5108 3646 5162 enim

2070 5211 2145 5249 ex,
2172 5195 2279 5251 hoc.
2310 5195 2517 5249 beatam
2559 5213 2642 5253 me
2672 5197 2849 5252 dicent
2878 5213 3066 5255 omnes
3101 5201 3481 5270 generationes.
3510 5200 3647 5256 Nam

2070 5296 2124 5341 et
2171 5288 2370 5345 chorus
2429 5287 2699 5358 virginum
2744 5289 2794 5347 si
2836 5299 3138 5360 postquam
3190 5291 3423 5346 audierit
3444 5292 3653 5346 .verba'

2068 5377 2347 5448 Evangelii
2403 5377 2651 5445 dicentis,
2680 5380 2960 5446 ,Attendite
3006 5398 3070 5434 ne
3109 5380 3359 5449 faciatis:
3374 5380 3655 5449 justitiam

2069 5479 2289 5526 uestram
2328 5485 2505 5523 coram
2533 5470 2864 5538 horninibus,
2886 5482 2947 5525 ut
2973 5471 3250 5525 videamini
3276 5471 3345 5529 ab
3360 5472 3473 5537 eis,
3492 5474 3644 5528 reti:-

2068 5562 2250 5618 nuerit
2278 5564 2332 5615 in
2357 5560 2521 5616 corde
2561 5576 2709 5627 suo,'_
2728 5563 2927 5618 beatus
2952 5561 3236 5617 vocabitur
3264 5563 3638 5632 apudoumes.

2068 5653 2146 5711 De
2165 5653 2357 5713 eadem
2388 5667 2449 5708 re
2480 5652 2744 5721 scriptum
2773 5661 2857 5707 est
2889 5653 2946 5723 in
2974 5651 3267 5721 Evangelia
3294 5651 3454 5709 Lucae
3480 5671 3492 5708 :
3531 5652 3644 5711 Ex-

3168 5743 3357 5818 to,
