4000 6178
357 267 492 322 i939
1387 260 1716 316 AMALARII
1754 255 2192 313 PRESBYTER!
2233 255 2574 311 METENSIS
3485 260 3626 314 I260

352 381 535 435 follem
557 365 796 450 quadam
820 377 1008 432 mulier
1029 395 1198 433 vocem
1219 377 1281 432 de
1310 378 1483 444 turba,
1506 380 1638 433 dixit
1661 378 1775 434 illi:
1798 376 1934 431 Bea-
1960 380 2010 438 Α
2036 381 2225 429 nostro
2240 383 2526 429 versentur
2545 373 2708 429 verba
2739 373 2932 444 psalmi
2962 375 3268 445 praesentis,
3288 375 3342 430 in
3364 391 3475 446 quo
3498 381 3636 433 scri—

351 481 434 524 tus
463 479 636 523 uenter
662 470 752 538 qui
782 477 831 522 te
863 468 1108 537 portavit,
1156 476 1206 520 et
1242 466 1403 520 ubera
1437 484 1556 538 qua:
1595 467 1784 521 suxisti
1814 483 1832 520 :
1861 465 1924 519 At
2013 472 2178 536 'ptum
2208 474 2330 519 est:
2365 463 2650 533 Susceptor
2676 478 2822 516 meus
2854 480 2908 518 es
2932 472 3008 530 tu,
3036 473 3085 517 et
3131 463 3394 535 refugium
3424 482 3635 533 meum,

349 561 508 616 Iesus
543 559 675 614 dixit
714 560 758 612 ei
785 572 802 609 .'
827 557 1096 622 Quinimo,
1147 557 1284 612 beati
1327 560 1418 628 qui
1461 559 1686 612 audiunt
1716 556 1926 612 uerbum
2034 556 2172 610 Deus
2198 572 2379 610 meus:
2425 555 2640 625 sperabo
2669 557 2722 610 in
2757 573 2901 623 eum,
2947 559 3194 627 quoniam
3220 560 3332 628 ipse
3375 559 3628 615 biberari:

352 652 474 715 Dei,
503 658 553 704 et
584 647 882 703 custodiunt
912 645 1066 702 illud.
1099 647 1263 702 Beata
1292 647 1491 702 dicitur
1521 655 1710 702 sancta
1737 644 1926 709 Maria,
2034 665 2116 703 me
2140 650 2204 703 de
2232 648 2419 720 laqueo
2461 651 2782 714 venantium,
2808 659 2858 702 et
2883 667 2916 704 a
2939 650 3092 704 verba
3115 666 3322 720 aspero.
3391 651 3450 705 In
3483 652 3642 706 initio

352 742 482 812 quia
534 741 739 796 audivit
787 739 1165 794 salutationem
1221 739 1437 812 angeli;
1496 739 1692 794 beatus
1733 735 1934 792 dicitur
2037 739 2476 807 Quadragesima:
2513 738 2714 809 legitur
2738 740 3112 811 Evangelium,
3144 742 3341 812 iu'quo
3373 742 3648 797 Domi-u‘

348 835 554 888 chorus
584 831 874 902 virginum,
901 831 1028 900 quia
1056 831 1260 886 audivit
1291 847 1321 884 a
1349 831 1578 886 Domino
1605 828 1931 885 sententiam
2043 838 2280 885 tentatus
2305 837 2411 896 est,
2436 829 2528 899 qui
2557 844 2654 884 sua
2686 831 2982 885 tenta-tione
3010 841 3253 886 nostram
3277 833 3638 889 temaionem

355 925 724 996 evangelicam
765 939 929 996 supra
977 925 1259 995 scriptam,
1310 931 1367 978 et
1424 921 1717 979 custodivit
1765 920 1930 976 illam.
2039 921 2234 978 devicit
2257 921 2282 974 ?
2307 928 2364 975 ut
2389 921 2778 975 admoneamur
2797 935 2865 976 ex
2885 935 2970 986 eo,
2998 922 3142 991 quod
3162 921 3434 992 praecipue
3458 923 3514 978 in
3543 923 3641 978 illo

355 1017 548 1071 Cantet
589 1016 791 1072 chorus
829 1014 1104 1085 virginum
1151 1016 1432 1087 hymnum,
1485 1027 1646 1083 quem
1697 1011 1936 1067 cantavit
2047 1023 2373 1084 temporese
2410 1012 2576 1069 infert
2623 1013 2872 1069 diabolus
2891 1015 2960 1069 ad
2983 1014 3274 1070 tentandos
3291 1014 3496 1072 Christi
3520 1032 3643 1072 scn-

359 1110 519 1180 Virgo
562 1108 853 1180 virginum,
905 1115 962 1163 et
1003 1107 1149 1162 omni
1186 1108 1305 1162 nisu
1343 1107 1469 1162 illuc
1512 1105 1806 1162 contendat
1852 1103 1934 1158 in-
2041 1120 2180 1160 vos:
2213 1113 2421 1159 tractus
2437 1119 2568 1160 vero
2595 1113 2862 1159 monstrat
2892 1106 3074 1173 nobis,
3114 1121 3276 1177 quem
3299 1123 3518 1163 muru-
3541 1108 3641 1164 do-

359 1211 502 1254 trare
525 1214 633 1269 quo
657 1199 906 1270 pervenit
934 1206 1122 1253 sancta
1162 1197 1352 1252 Maria.

929 1288 1158 1344 CAPUT
1215 1287 1322 1342 Vll.

911 1378 990 1434 De
1027 1379 1383 1449 completorio.

430 1474 649 1543 Septem
697 1470 892 1527 ofﬁciis
939 1470 1402 1533 commemoratis,
1456 1469 1522 1524 de
1567 1469 1764 1538 quibus
1810 1467 1944 1523 dicit

361 1565 650 1635 Propheta,
699 1559 899 1632 Septies
929 1562 986 1615 in
1011 1560 1097 1614 die
1125 1559 1336 1613 laudem
1367 1559 1479 1614 dixi
1518 1560 1647 1625 tibi;
1673 1567 1726 1614 et
1755 1558 1808 1614 in
1837 1559 1944 1614 alio

363 1658 501 1720 loco,
535 1652 853 1709 Benedieam
891 1650 1177 1705 Dominum
1209 1651 1264 1703 in
1290 1651 1432 1704 omni
1464 1660 1713 1721 tempore,
1746 1666 1947 1719 semper

2041 1196 2267 1250 beamus
2284 1209 2558 1267 opponere
2571 1201 2760 1250 contra
2785 1195 2907 1266 ejus
2925 1197 3304 1252 tentationem.
3352 1195 3482 1254 Post
3501 1216 3642 1270 qua-

2046 1286 2297 1359 draginta
2344 1287 2483 1353 dies,
2531 1287 2586 1341 id
2633 1297 2740 1353 est,
2776 1287 2835 1342 in
2875 1285 3185 1344 Parascevo
3226 1291 3442 1345 canitur
3489 1292 3641 1346 idem

2047 1385 2254 1432 tractus
2287 1375 2445 1446 juxta
2473 1391 2686 1432 morem
2728 1379 3014 1448 antiquum
3050 1376 3311 1435 Romanae
3353 1382 3640 1438 Ecclesiae.

2047 1466 2149 1534 Qui
2180 1475 2352 1521 status
2369 1466 2563 1522 recolit
2579 1466 2824 1523 ordine
2843 1477 3148 1540 temporum
3178 1479 3235 1525 et
3260 1487 3456 1527 rerum.
3482 1472 3649 1528 Post-

2045 1573 2208 1627 quam
2235 1557 2379 1611 enim
2406 1557 2667 1612 Dominus
2696 1558 2962 1629 jejunavit
3017 1562 3374 1632 quadraginta
3417 1561 3648 1628 diebus,

2029 1647 2219 1724 ‘cmpit
2243 1662 2366 1701 eum
2393 1647 2644 1704 diabolus
2662 1657 2897 1716 tentare,
2928 1659 2985 1706 et
3011 1653 3252 1707 cantavit
3282 1653 3334 1708 ei
3357 1667 3552 1708 versus
3573 1654 3648 1710 α

362 1749 481 1803 laus
508 1746 623 1817 ejus
656 1745 712 1798 in
743 1759 832 1798 ore
862 1757 1013 1806 meo;
1039 1749 1095 1796 et
1124 1741 1226 1795 alia
1257 1739 1567 1810 Scriptura,
1616 1738 1816 1811 Septies
1849 1757 1941 1795 ea—
1972 1731 2017 1791 B
2044 1738 2297 1810 praesenti
2321 1747 2517 1794 tractu.
2555 1739 2624 1794 Et
2643 1741 2872 1796 secessit
2895 1741 3074 1798 victus
3096 1743 3165 1798 ad
3188 1752 3417 1814 tempus,
3437 1759 3653 1814 usque-

363 1839 438 1891 .iit
462 1837 641 1907 justus
676 1834 732 1888 in
760 1831 868 1897 die,
894 1841 942 1886 et
967 1831 1206 1902 resurgit,
1236 1838 1478 1884 remanet
1503 1839 1776 1895 octavum,
1801 1830 1946 1900 quod

361 1935 589 1984 vocatur
627 1924 1058 1994 completorium.
1104 1922 1162 1976 ln
1191 1938 1256 1977 eo
1287 1936 1498 1976 summa
1551 1921 1812 1992 perfectio
1863 1929 1946 1977 est

363 2028 682 2075 eaeterorum
713 2015 1037 2071 ofﬁciorum.
1065 2013 1196 2080 Quae
1223 2013 1370 2068 enim
1400 2021 1609 2083 septem
1639 2011 1945 2066 ofﬁciorum

359 2112 562 2184 gradus
590 2106 918 2180 proﬁciendo
951 2113 1264 2175 operantur,
1311 2106 1429 2160 haec
1462 2112 1689 2160 octavus
1717 2103 1945 2159 demon-

281 2241 288 2247 .
365 2207 504 2254 strat
551 2196 874 2269 perfectum,
926 2194 980 2248 id
1021 2201 1124 2258 est,
1167 2200 1623 2248 consummatum.
1652 2191 1800 2248 Istud
1827 2191 1949 2248 ofﬁ-

364 2291 507 2344 cium
539 2287 607 2342 ad
639 2293 858 2340 noctem
889 2282 1146 2353 pertinet,
1187 2283 1284 2340 sed
1322 2290 1546 2353 propter
1579 2281 1831 2338 effectum
1862 2286 1946 2340 sui

368 2380 627 2444 nominis,
671 2377 724 2432 in
757 2377 863 2431 ﬁne
901 2385 1224 2432 caeterorum
1265 2374 1569 2430 ofﬁciorum
1607 2375 1848 2446 ponitur.
1889 2375 1947 2431 In

366 2473 472 2529 isto
511 2469 850 2526 consumitur
891 2482 1036 2533 esus,
1083 2475 1265 2538 potus,
1317 2475 1371 2522 et
1422 2467 1658 2533 collatio,
1698 2477 1753 2522 et
1786 2481 1950 2524 omne

365 2574 656 2618 commune
695 2571 848 2628 opus,
892 2555 1074 2610 omnia
1127 2557 1370 2611 membra
1423 2556 1870 2626 derclinquuntur
1916 2571 1948 2612 a

365 2651 598 2723 suﬂ‘ugio
647 2651 922 2705 humano:
950 2647 1048 2702 soli
1095 2647 1228 2712 Deo,
1253 2647 1346 2716 qui
1375 2661 1483 2702 non
1511 2647 1729 2714 dormit,
1771 2663 1949 2720 neque

368 2743 649 2808 dormitat,
693 2741 1130 2796 committuntur.
1173 2739 1411 2794 Somnus
1458 2741 1602 2796 enim
1643 2748 1726 2796 est
1767 2742 1946 2814 imago

372 2837 582 2893 mortis.
610 2836 818 2892 Idcirco
839 2833 1050 2904 aliquos
1075 2833 1312 2904 psalmos
1341 2833 1395 2888 in
1425 2833 1529 2888 isto
1558 2832 1738 2889 ofﬁcio
1761 2843 1946 2890 canta-

369 2943 510 2992 mus,
532 2941 670 2998 quos
695 2925 932 2981 solemus
955 2931 1180 2979 cantare
1207 2923 1260 2978 in
1288 2931 1446 2979 nocte
1469 2923 1708 2990 sabbati,
1731 2925 1947 2994 quando

362 3020 623 3076 Dominus
653 3017 918 3087 requievit
963 3017 1018 3070 in
1059 3016 1326 3086 sepulcro,
1358 3024 1414 3070 et
1444 3032 1580 3086 quos
1616 3018 1729 3086 ipse
1756 3027 1942 3072 canta-

2049 1833 2178 1886 dum
2202 1832 2400 1886 iterum
2424 1841 2812 1898 reverteretur,
2830 1849 2935 1888 non
2950 1832 3066 1902 jam
3079 1836 3147 1890 ad
3170 1836 3516 1902 tentandum,
3543 1838 3648 1892 sed

2048 1923 2117 1980 ad
2155 1925 2587 1995 persequendum
2615 1941 2714 1999 per
2737 1929 2981 1983 membra
3011 1945 3129 1995 sua,
3173 1929 3316 1986 sicut
3337 1929 3539 1998 legitur
3585 1931 3648 1984 in

2047 2017 2299 2085 passione
2347 2017 2562 2085 fecisse,
2599 2031 2720 2089 qua:
2761 2019 3007 2091 sequitur
3032 2030 3160 2092 post
3210 2030 3465 2076 tractum.
3531 2019 3651 2078 nos

2049 2119 2181 2162 vero
2201 2108 2420 2177 quando
2462 2113 2842 2180 persequimur
2871 2127 2900 2166 a
2929 2112 3188 2168 membris
3224 2112 3422 2168 diaboli
3471 2127 3653 2184 usque

2049 2203 2118 2258 ad
2130 2204 2475 2275 martyrium,
2490 2204 2844 2261 nihilominus
2865 2205 3214 2277 frequentare
3233 2215 3448 2276 oportet
3472 2209 3648 2263 verba

2053 2302 2277 2361 tractus,
2306 2310 2426 2365 quae
2447 2295 2635 2352 dicunt
2666 2315 2679 2350 :
2707 2297 2830 2368 Ipse
2855 2297 3093 2353 liberauit
3137 2314 3222 2353 me
3244 2298 3309 2353 de
3339 2297 3528 2370 laqueo
3559 2316 3652 2354 ee-

2050 2385 2311 2451 rrantium,
2335 2394 2384 2440 et
2405 2402 2450 2441 αα
2465 2387 2615 2442 verbo
2637 2403 2846 2458 aspero,
2863 2405 2895 2442 a
2917 2389 3110 2459 sagitta
3130 2388 3340 2444 volante
3365 2406 3460 2460 per
3472 2390 3646 2457 diem,

2053 2489 2086 2528 ο
2109 2465 2320 2546 negotio.
2338 2477 2734 2546 perambulante
2761 2479 2818 2533 in
2844 2479 3088 2543 tenebris,
3116 2497 3149 2533 a
3175 2481 3332 2534 ruina
3358 2491 3410 2535 et
3441 2481 3651 2536 dmo-

2054 2564 2144 2618 uio
2177 2564 2494 2620 meridiana.
2543 2565 2808 2624 Cantautr
2827 2569 2992 2624 etiam
3020 2579 3248 2639 quartus
3291 2571 3536 2641 psalmus
3584 2574 3648 2630 in

2054 2656 2424 2726 completorio,
2455 2669 2678 2730 propter
2697 2662 2863 2718 verba
2898 2661 2954 2716 in
2983 2662 3180 2732 quibus
3223 2664 3558 2730 continetur,
3588 2665 3649 2720 in

2054 2747 2294 2802 noctibus
2315 2749 2544 2804 extollite
2559 2767 2748 2806 manus
2770 2762 2966 2807 uestras
2992 2754 3046 2807 in
3061 2763 3270 2820 sancta,
3285 2765 3330 2809 et
3361 2756 3651 2811 benedieite

2053 2838 2358 2894 Dominum.
2415 2840 2660 2907 Quatuor
2687 2842 2952 2900 elementa
2978 2853 3124 2910 sunt,
3179 2859 3277 2915 pro
3305 2847 3504 2916 quibus
3549 2862 3651 2903 eu-

2055 2929 2229 2985 stodia
2251 2931 2577 3000 postulatur.
2632 2931 2993 3000 Quamobrem
3030 2943 3265 3004 quatuor
3286 2935 3525 3006 psaimos
3547 2951 3647 2991 ca-

2053 3019 2257 3084 nimus,
2278 3020 2392 3075 sive
2420 3021 2544 3090 quia
2575 3031 2806 3091 quatuor
2832 3021 3029 3093 vigilia!
3049 3024 3468 3080 celebrabantur
3499 3025 3649 3095 apud

362 3113 442 3165 vit
467 3110 522 3164 in
550 3083 812 3173 cruce,-et
842 3115 1027 3162 nostra
1055 3083 1297 3160 Ecclesia
1326 3083 1478 3160 canit
1504 3107 1558 3160 in
1589 3083 1770 3163 ofﬁcio
1799 3123 1943 3164 mor-
1975 3083 2022 3149 ο
2055 3109 2308 3178 antiquos
2355 3111 2410 3164 in
2439 3117 2614 3165 nocte.
2660 3111 2984 3167 Petitionem
3031 3123 3271 3168 nostram
3302 3121 3354 3170 in
3383 3118 3649 3185 praesenti

365 3213 600 3255 tuorum.
659 3197 926 3263 Psalmus,
987 3194 1120 3251 Cum
1173 3197 1493 3263 invocarem,
1546 3199 1812 3252 exaudivit
1867 3216 1950 3255 me

369 3294 507 3348 Deus
545 3292 774 3363 justitiw
808 3307 957 3355 mem,
1011 3297 1264 3344 cantatur
1305 3289 1359 3344 in
1399 3299 1556 3346 nocte
1599 3291 1808 3346 sabbati
1836 3305 1947 3346 me‘

369 3392 596 3438 morata.
619 3383 740 3452 Ipse
768 3389 1021 3436 cantatur
1043 3379 1096 3434 in
1126 3379 1478 3449 completorio
1503 3389 1726 3451 propter
1745 3383 1947 3436 oratio-

365 3488 488 3529 nem
512 3489 674 3542 quam
698 3475 750 3526 in
774 3487 834 3528 se
853 3471 1113 3537 continet,
1129 3469 1197 3526 In
1217 3473 1413 3542 pacein
1435 3472 1660 3542 idipsum
1687 3471 1946 3525 dormiam

362 3572 413 3617 et
449 3564 784 3635 requiescam.
819 3561 1089 3626 Psalmus,
1116 3561 1182 3614 In
1205 3572 1270 3624 te,
1309 3560 1554 3626 Domine,
1577 3561 1801 3631 speravi,
1829 3575 1952 3615 can-

367 3664 510 3711 tatus
529 3663 614 3711 est
639 3669 669 3710 a
695 3655 913 3711 Christo
935 3655 990 3708 in
1008 3669 1192 3720 cruce,
1217 3664 1273 3708 et
1294 3654 1347 3708 in
1370 3667 1434 3709 eo
1456 3653 1576 3709 loco
1600 3653 1692 3707 ubi
1722 3667 1780 3708 se
1802 3667 1952 3708 com-

371 3745 651 3800 mendavit
679 3744 831 3799 Patri
862 3745 1065 3810 dicens,
1076 3745 1142 3799 In
1172 3761 1360 3799 manus
1382 3754 1500 3800 tuas
1521 3745 1824 3800 commendo
1845 3745 1952 3815 spi-

370 3835 529 3888 ritum
549 3849 740 3898 meum,
767 3835 956 3889 ﬁnitur
977 3835 1030 3889 in
1052 3836 1155 3890 isto
1175 3835 1374 3890 ofﬁcio.
1398 3835 1662 3901 Psalmus,
1687 3835 1792 3901 Qui
1809 3835 1952 3889 habi-

370 3932 446 3975 tat
474 3923 531 3976 in
549 3923 820 3991 adiutorio
842 3924 1118 3989 Altissimi,
1154 3935 1365 3980 scutum
1397 3935 1482 3980 est
1511 3935 1700 3981 contra
1727 3926 1952 3982 insidias

372 4012 591 4068 diaboli.
621 4013 766 4080 Quot
786 4014 1016 4069 latentes
1037 4015 1249 4069 insidiae
1269 4024 1496 4084 possunt
1519 4018 1770 4088 ingruere
1790 4033 1952 4088 super

374 4101 711 4157 dormientes
736 4117 834 4173 per
859 4104 1032 4174 ipsum
1066 4106 1362 4170 diabolum,
1379 4115 1430 4160 et
1454 4121 1548 4175 per
1569 4122 1664 4160 sua
1682 4107 1948 4173 membra,

368 4201 425 4248 et
442 4193 686 4264 pericula
701 4197 968 4250 vermium
993 4213 1055 4253 ac
1079 4199 1394 4262 bestiarum,
1441 4215 1546 4254 non
1586 4198 1740 4254 valeo
1767 4201 1951 4269 expla-

370 4299 520 4339 nare.
571 4283 774 4339 Contra
811 4302 947 4355 quas
976 4302 1216 4356 praesens
1239 4290 1478 4359 psalmus
1501 4290 1666 4345 habet
1710 4305 1950 4361 congrua

369 4373 535 4427 verba
592 4374 646 4426 in
692 4375 959 4441 oratione,
1005 4377 1282 4432 dicentia:
1331 4377 1492 4433 Scuto
1528 4379 1874 4434 circumdabit
1901 4390 1950 4434 te

371 4465 558 4518 ueritas
583 4465 720 4533 ejus,
761 4484 865 4521 non
889 4469 1091 4523 timebis
1130 4489 1162 4524 a
1195 4473 1380 4526 timore
1409 4483 1682 4527 nocturno.
1737 4474 1949 4529 Etenim

370 4555 639 4610 veraciter
673 4556 904 4613 dicimus
937 4556 1205 4613 Salvatori
1237 4569 1425 4618 nostro
1457 4577 1473 4616 :
1523 4561 1692 4634 Super
1717 4565 1950 4634 aspidem

368 4655 414 4696 et
439 4645 742 4702 basiliscum
773 4650 1086 4718 ambulabis,
1113 4661 1161 4706 et
1183 4655 1512 4710 conculcabis
1533 4655 1731 4710 leonem
1759 4667 1807 4710 et
1826 4658 1952 4711 dra-

368 4750 568 4790 canem.
625 4737 742 4794 Non
775 4741 954 4798 recolo
977 4751 1159 4797 utrum
1181 4745 1516 4815 scripsissem
1543 4747 1597 4801 in
1627 4747 1806 4802 libello
1829 4746 1947 4803 σπι-

367 4822 492 4877 ciali
546 4835 641 4882 aut
696 4829 750 4884 in
781 4831 971 4888 altero.
1046 4834 1122 4889 De
1166 4836 1359 4891 ordine
1399 4837 1686 4893 cantatorii
1708 4851 1945 4906 sensum,

367 4927 530 4983 quem
554 4917 687 4973 mihi
715 4921 1081 4980 misericordia
1111 4927 1321 4982 Domini
1347 4930 1680 4986 ministravit
1711 4933 1757 4987 si
1787 4948 1949 4990 verus

367 5009 474 5068 est,
505 5016 572 5093 eo
617 5013 860 5078 tempore
886 5015 1104 5082 quando
1132 5018 1449 5086 deprecatus
1477 5035 1597 5074 sum
1641 5038 1739 5093 pro
1766 5021 1948 5081 ofﬁcio

367 5092 726 5162 completorii,
767 5099 888 5154 ideo
913 5116 1017 5156 non
1045 5120 1133 5161 me
1158 5107 1303 5178 piget
1330 5108 1462 5164 illud
1492 5092 1734 5167 scribere
1757 5113 1812 5167 in
1843 5115 1948 5170 isto

371 5184 488 5239 loco
511 5186 761 5254 quamvis
801 5192 1052 5261 proprius
1094 5196 1166 5251 sit
1207 5200 1540 5268 temporibus
1574 5202 1702 5269 illis,
1732 5207 1945 5275 quando

366 5275 722 5345 tractus,Qtti
740 5279 940 5334 habitat
963 5280 1018 5337 in
1047 5285 1317 5356 adjutorio
1341 5289 1620 5359 ditissimi,
1648 5304 1902 5352 cantatur
1928 5317 1940 5350 :

365 5371 635 5428 Admonet
665 5387 767 5428 nos
796 5379 1022 5441 tractus,
1051 5374 1157 5442 Qui
1181 5378 1382 5434 habitat
1417 5383 1472 5437 in
1494 5385 1764 5455 adjutorio
1785 5389 1947 5444 Altis-

364 5460 506 5524 siau',
525 5467 584 5517 ut
607 5462 1034 5534 quotiescunque
1057 5465 1304 5524 diabolus
1330 5471 1485 5526 nobis
1511 5477 1838 5543 persuadere
1860 5495 1950 5533 vo-

366 5545 546 5635 luerit,
573 5546 774 5622 lingvas
799 5552 1077 5610 hominum
1101 5559 1477 5626 wewmbere,
1504 5562 1606 5619 sibi
1640 5580 1738 5635 per
1767 5565 1946 5635 gulam

366 5643 422 5694 οι
453 5633 669 5694 inanem
689 5642 942 5713 gloriam,
969 5652 1132 5712 atque
1170 5647 1473 5717 avaritiam,
1499 5633 1658 5708 toties
1703 5655 1759 5710 in
1775 5633 1947 5712 corde

2054 3200 2404 3270 completorio
2426 3201 2630 3272 eliquat
2666 3217 2884 3270 versus,
2911 3203 3130 3259 Custodi
3162 3223 3263 3268 me,
3304 3207 3541 3270 Domine,
3586 3218 3651 3262 ut

2053 3291 2307 3362 pupillam
2342 3292 2503 3355 oculi,
2554 3294 2650 3348 sub
2693 3295 2880 3349 umbra
2919 3295 3128 3350 alarum
3178 3307 3391 3352 tuarum
3429 3308 3651 3370 protege

2054 3400 2153 3438 me.
2215 3385 2285 3441 Ut
2307 3385 2448 3441 fessa
2473 3388 2716 3443 membra
2737 3390 2917 3459 quiete
2944 3376 3242 3461 potizintur,
3271 3393 3438 3448 credit
3462 3394 3649 3449 seboc

2054 3485 2242 3530 sancta
2267 3477 2508 3532 Ecclesia
2529 3479 2804 3549 profusius
2825 3483 3122 3551 percipere,
3152 3483 3197 3537 si
3219 3483 3518 3553 evangelici
3540 3486 3646 3540 viri

2055 3565 2326 3622 Simeonis
2352 3568 2672 3623 memoriam
2714 3569 2908 3626 fecerit
2934 3589 2946 3625 :
2977 3582 3163 3627 cantat
3216 3574 3336 3628 ideo
3379 3575 3646 3645 hymnum

2052 3671 2213 3726 quem
2243 3657 2463 3714 Simeon
2505 3661 2763 3727 cantavit,
2795 3671 3083 3733 postquam
3105 3663 3382 3720 Christum
3415 3668 3552 3721 vidit
3589 3677 3646 3722 et

2053 3748 2307 3817 suscepit,
2350 3757 2512 3818 atque
2542 3751 2862 3821 deprecatus
2886 3763 2970 3809 est
2999 3769 3189 3825 pacem
3226 3757 3642 3826 sempiternam.

2050 3836 2110 3892 In
2143 3838 2247 3892 isto
2269 3838 2452 3894 ofﬁcio
2487 3851 2541 3896 ct
2575 3843 2627 3896 in
2653 3845 2851 3912 prima,
2884 3862 2991 3901 non
3034 3855 3121 3903 est
3161 3847 3532 3906 confabulatio
3570 3852 3648 3907 le-

2051 3930 2275 3992 ctionis;
2304 3930 2467 3985 habet
2489 3941 2667 3988 tamen
2695 3937 3139 3994 consuetudinem
3167 3950 3353 3995 nostra
3379 3942 3646 4008 Ecclesia,

2052 4029 2112 4075 ut
2142 4031 2261 4090 post
2289 4021 2528 4079 ofﬁcium
2558 4025 2767 4096 primat,
2805 4031 3132 4086 conveniant
3155 4033 3210 4086 in
3249 4049 3417 4088 unum
3449 4034 3650 4091 fratres

2050 4113 2117 4165 ad
2141 4113 2446 4181 lectionem,
2467 4125 2522 4170 et
2548 4127 2675 4172 ante
2704 4120 2846 4175 istud
2873 4121 3114 4177 ofﬁcium
3140 4125 3412 4181 similiter.
3458 4127 3649 4184 Lectio

2049 4213 2132 4258 est
2161 4207 2405 4274 qumdam
2432 4207 2656 4265 refectio
2679 4214 2893 4268 mentis.
2921 4213 2980 4268 In
3008 4216 3185 4285 prima
3219 4218 3491 4290 dirigatur
3511 4235 3646 4290 grex

2051 4293 2262 4348 Domini
2287 4296 2339 4349 in
2370 4297 2475 4361 via,
2504 4307 2563 4352 ut
2597 4301 2780 4356 veniat
2806 4303 2873 4358 ad
2896 4299 3117 4374 pascua.
3141 4305 3411 4375 Operetur
3439 4309 3647 4378 primo.

2055 4393 2114 4467 ut
2141 4394 2326 4454 postea
2357 4388 2646 4457 impleatur
2666 4391 2958 4449 refectione
2983 4395 3037 4450 in
3063 4396 3198 4452 hora
3225 4399 3406 4453 tertia.
3453 4399 3512 4452 ln
3539 4399 3647 4454 isto

2054 4488 2184 4531 vero
2199 4476 2374 4533 olllcio
2406 4493 2859 4538 consummantur
2879 4487 3058 4540 omnia
3087 4487 3228 4542 sicut
3252 4490 3497 4558 praedixi.
3530 4491 3649 4546 Hoc

2054 4568 2244 4637 incipit
2275 4569 2390 4625 ﬁeri
2408 4586 2437 4625 a
2461 4574 2636 4642 primo
2662 4575 2869 4644 psalmo
2893 4577 2986 4632 ubi
3014 4577 3228 4645 dicitur,
3251 4580 3318 4634 In
3335 4597 3466 4651 pace
3491 4583 3549 4637 in
3565 4585 3644 4636 id-

2053 4658 2224 4726 ipsum
2263 4659 2525 4715 dormiam
2569 4674 2620 4717 et
2669 4667 2986 4736 requiescam
3027 4680 3046 4719 :
3089 4668 3154 4722 Et
3184 4670 3239 4723 in
3271 4672 3534 4736 secundo,
3576 4673 3643 4727 In

2053 4763 2244 4805 manus
2277 4759 2396 4807 tuas
2425 4757 2727 4811 commendo
2761 4759 3004 4829 spiritum
3039 4776 3232 4815 meum.
3292 4761 3425 4818 Post
3476 4765 3641 4819 istam

2052 4843 2573 4900 commendationem
2601 4861 2708 4901 non
2738 4857 2823 4903 est
2851 4849 3009 4915 ordo,
3031 4858 3089 4904 ut
3120 4861 3382 4921 sequatur
3411 4852 3642 4910 collatio

2055 4939 2315 4984 consueta
2351 4949 2366 4985 :
2396 4933 2492 4987 sed
2539 4939 2913 4993 tantummodo
2935 4939 3230 5010 postulatio
3262 4956 3360 5009 pro
3385 4946 3638 4999 custodia

2055 5017 2398 5086 deprecetur.

2654 5118 2883 5176 CAPUT
2913 5121 3042 5177 VIII.

2406 5207 2487 5263 De
2514 5211 2696 5274 cilicio,
2726 5210 3066 5281 Aspidens-a
3092 5215 3266 5285 longe.

2123 5295 2351 5367 Propter
2387 5315 2624 5366 versum,
2679 5304 2771 5372 qui
2815 5307 3145 5376 prmponitur
3179 5309 3234 5361 in
3283 5312 3636 5379 vespertinali

2053 5387 2266 5458 synaxi,
2285 5386 2500 5455 Rorate,
2517 5390 2651 5456 ccli,
2667 5391 2906 5464 desuper,
2928 5393 3116 5451 ciliciis
3137 5405 3421 5454 cantorum
3448 5402 3515 5457 de
3541 5403 3637 5456 ad—

2053 5487 2217 5534 ventu
2256 5478 2491 5547 Domini,
2549 5493 2840 5553 sequentes
2868 5502 3059 5543 versus
3113 5489 3281 5544 simili
3310 5492 3473 5548 modo
3497 5507 3634 5564 pra-

2051 5578 2215 5640 pono,
2245 5573 2338 5640 qui
2366 5581 2704 5643 curruntper
2717 5590 2878 5632 omne
2892 5585 3101 5648 tempus
3126 5580 3389 5637 adventus
3415 5584 3629 5639 Domini

2055 5663 2108 5716 in
2137 5664 2436 5720 nocturnali
2461 5665 2662 5726 ofﬁcio,
2713 5677 2767 5725 et
2790 5671 3119 5740 matutinali,
3145 5687 3209 5729 ac
3256 5675 3626 5742 vesper-tinnit.
