4000 6178
416 255 543 308 1201

1439 258 1641 316 LIBER
1680 260 1770 315 DE
1808 258 2065 316 OBDINE
2104 259 2613 318 ANTlPllONARﬂ.

3529 270 3668 325 ηεξ

409 364 527 418 Non
550 363 615 418 de
634 364 862 437 singulis
897 367 1258 437 responsoriis
1280 370 1538 440 proposui
1574 372 1777 436 dicere,
1807 372 1900 428 sed
1920 373 1989 428 de
2016 380 2068 439 Α
2093 371 2148 425 in
2168 379 2425 426 contextu
2454 372 2734 429 librorum.
2804 373 2933 430 Post
2964 376 3109 433 hunc
3153 379 3400 450 sequitur
3428 396 3443 435 :
3485 382 3680 439 Audite

410 460 636 530 singulis
664 462 863 518 ofﬁciis
902 462 1316 519 Dominicalium
1345 467 1602 520 noctium.
1653 466 1835 521 Prima
1887 467 1993 523 duo

408 554 777 621 responsoria,
807 553 862 611 id
883 564 967 609 est
995 569 1010 608 :
1046 554 1316 624 Aspiciens
1342 574 1374 609 a
1404 563 1645 628 longe,et
1666 558 1993 629 Aspiciebam

407 643 464 695 in
479 642 593 696 visst
622 644 812 710 noctis,
843 646 861 665 "
895 642 1065 715 ﬁgunt
1088 646 1141 699 in
1156 646 1340 715 capite
1361 647 1483 701 libri
1536 662 1825 716 personam
1849 648 1994 705 illius

407 731 632 798 Christi,
660 735 750 803 qui
778 742 864 790 est
889 734 1031 789 Deus
1050 745 1104 790 et
1125 737 1287 790 homo
1309 745 1365 790 et
1383 753 1478 791 rex
1503 738 1843 793 universalis.
1882 738 1993 792 Hu-

400 820 494 891 jus
530 824 821 879 adventum
852 832 1027 879 certat
1052 841 1197 880 nunc
1223 836 1410 882 sancta
1441 828 1681 883 Ecclesia
1713 827 1990 897 divulgare

407 915 569 985 longe
598 915 832 985 lateque.
885 916 944 969 ln
970 917 1148 986 primo
1173 918 1517 988 responsorio
1542 918 1841 973 introducit
1861 933 1991 974 ean-

408 1016 495 1061 tor
520 1007 666 1061 dicta
695 1021 790 1061 seu
812 1006 953 1061 facta
974 1006 1199 1063 Joannis
1224 1010 1599 1079 praecursoris.
1650 1009 1731 1063 Ex
1754 1023 1988 1079 persona

404 1096 629 1153 Joannis
655 1106 834 1169 potest
855 1098 981 1164 dici,
1020 1099 1290 1168 Aspiciens
1344 1119 1378 1155 a
1430 1100 1600 1172 longe,
1628 1102 1838 1157 scilicet
1865 1111 1988 1157 tan-

406 1196 521 1242 tum
546 1203 576 1241 a
606 1187 1034 1258 longequantum
1056 1189 1434 1245 distatcmlum
1456 1206 1485 1246 a
1509 1200 1674 1246 terra.
1710 1192 1828 1263 Ipse
1844 1194 1987 1248 enim

404 1278 642 1335 Ioannes
668 1280 801 1333 dicit
828 1279 893 1334 de
915 1295 974 1334 se
1001 1298 1016 1332 :
1048 1280 1152 1345 Qui
1174 1281 1238 1335 de
1260 1291 1402 1336 terra
1429 1292 1525 1348 est,
1553 1283 1619 1337 de
1653 1293 1795 1338 terra
1820 1285 1989 1355 loqui-

405 1381 485 1424 tut
517 1387 536 1435 ;
562 1371 629 1425 de
655 1369 894 1435 Christo,
919 1373 999 1426 sic
1024 1389 1038 1424 :
1069 1370 1173 1436 Qui
1195 1371 1261 1424 de
1285 1371 1412 1425 coelo
1438 1374 1594 1437 venit,
1624 1388 1783 1443 super
1810 1357 1988 1428 omnes

405 1471 481 1516 est
510 1475 528 1512 :
568 1460 708 1528 Quid
747 1460 1058 1530 aspicienda
1081 1461 1299 1526 viderit,
1323 1461 1658 1517 subinfertnr
1684 1476 1699 1515 :
1746 1463 1886 1518 Ecce
1910 1463 1989 1517 vi-

404 1553 510 1608 deo
540 1553 635 1608 Dei
671 1553 966 1623 potentiam
1002 1552 1331 1608 venientem.
1390 1554 1467 1608 De
1506 1554 1698 1609 eadem
1744 1555 1986 1624 potentia

404 1645 542 1701 dicit
569 1652 790 1700 sanctus
810 1638 1109 1714 Gregorius
1128 1644 1186 1699 in
1231 1644 1452 1700 homilia
1475 1659 1573 1700 sua
1593 1644 1714 1700 vice
1749 1659 1986 1714 praeur-

2099 461 2307 515 verbum
2343 462 2571 517 Domini.
2637 464 2739 531 Qui
2766 466 3017 535 quamvis
3062 470 3334 538 posterior
3370 471 3442 526 sit
3468 472 3523 527 in
3552 488 3680 529 eon-

2098 559 2247 605 textu
2274 553 2637 623 responsorio,
2667 554 2804 609 Ecce
2827 556 2973 626 virgo
3010 559 3287 629 concipiet,
3341 570 3521 618 tamen
3546 579 3679 619 con-

2094 643 2421 697 venientiam
2462 643 2626 698 habet
2661 644 2895 715 aliquam
2924 655 2983 701 ut
3023 660 3387 718 praeponatur.
3455 652 3517 706 ln
3558 654 3677 724 ipso

2091 736 2237 789 enim
2292 737 2651 805 respondetur
2707 739 2906 810 Moysis
2955 741 3324 811 deprecationi
3392 746 3673 804 dicentis:

2093 826 2343 894 Obsecro,
2388 829 2634 896 Domine,
2678 834 2824 887 mitte
2856 851 3011 905 quem
3040 838 3296 892 missuras
3322 856 3377 893 es
3401 853 3422 892 :
3450 855 3573 897 eum
3597 843 3680 899 cli-

2089 919 2186 984 cit,
2236 921 2430 975 Audite
2459 922 2677 978 uerbum
2708 924 2941 986 Domini.
2981 939 3176 998 gentes.
3214 931 3282 985 Et
3310 930 3453 989 infra
3482 951 3495 986 :
3550 934 3673 990 Sal-

2088 1017 2241 1063 sator
2268 1019 2445 1065 noster
2484 1011 2737 1071 adveniet.
2804 1016 2873 1070 Et
2894 1018 3111 1073 iterum.
3138 1019 3405 1078 Convenit
3450 1026 3673 1093 rationi,

2091 1108 2149 1154 ut
2196 1103 2551 1172 responsorii,
2597 1106 2689 1174 qui
2738 1117 3060 1178 conceptum
3092 1121 3295 1169 sanctus
3335 1115 3677 1188 Μαι-ἱερῆε-

2090 1189 2361 1256 nuntiant,
2398 1190 2732 1262 coniunctim
2754 1208 3026 1265 ponantur
3054 1218 3068 1254 :
3102 1201 3517 1274 Respensorius,
3541 1207 3677 1264 Ecce

2089 1279 2240 1348 uirgo
2264 1281 2542 1352 concipiet,
2594 1292 2780 1353 aperte
2813 1288 2880 1342 de
2920 1302 3210 1359 conspectu
3255 1303 3460 1351 sanctae
3489 1296 3674 1355 Maria

2088 1368 2377 1437 prophetat
2401 1388 2415 1424 :
2442 1369 2687 1441 Sequens
2705 1389 2856 1443 vero,
2885 1376 3081 1442 Hissus
3104 1391 3180 1435 est
3194 1378 3411 1439 Gabriel
3433 1386 3673 1457 angelus,

2088 1472 2152 1511 ea
2193 1472 2315 1526 qua
2341 1461 2658 1529 prophetuta
2706 1476 2855 1532 sunt,
2898 1471 3188 1536 pmscntia
3220 1481 3503 1529 monstrat.
3542 1476 3667 1542 Are,

2088 1550 2472 1621 gratiaplena,
2505 1554 2753 1611 ordinem
2787 1568 3074 1619 contextus
3111 1572 3279 1620 tenet.
3327 1564 3674 1637 Compositus

2089 1655 2222 1696 vero
2249 1644 2648 1713 responsorius,
2681 1645 2901 1716 Suscipe
2926 1652 3155 1719 uerbum,
3181 1656 3326 1725 virgo
3356 1656 3555 1724 Maria,
3582 1674 3675 1715 su-

404 1735 549 1792 sorls
578 1752 592 1788 :
642 1733 746 1801 Qui
794 1742 851 1789 et
886 1734 1249 1789 humilitatem
1272 1750 1449 1801 suam,
1482 1745 1540 1790 et
1561 1735 1863 1791 divinitatis
1887 1751 1985 1806 po-
2012 1724 2059 1783 Β
2087 1733 2394 1800 perioribus
2414 1734 2732 1803 concinens,
2768 1738 2836 1793 de
2866 1738 3110 1799 Romano
3134 1743 3189 1797 in
3217 1724 3464 1800 nostrum
3496 1756 3675 1806 trans-

403 1825 629 1881 tentiam
657 1824 1031 1891 considerans,
1049 1825 1176 1880 dicit
1203 1841 1216 1878 :
1251 1822 1357 1890 Qui
1382 1824 1448 1879 de
1475 1835 1618 1880 terra
1637 1837 1734 1891 est,
1756 1825 1822 1881 tle
1842 1836 1984 1881 terra

401 1917 656 1989 loquitur,
700 1925 756 1971 et
800 1925 1020 1973 caetera.
1061 1916 1364 1987 Sequitur:
1410 1917 1478 1971 Et
1516 1917 1767 1973 nebulam
1809 1924 1982 1972 totam

401 2019 605 2065 terram
634 2016 922 2079 tegentem,
972 2007 1024 2063 id
1050 2016 1155 2073 est,
1189 2008 1346 2064 video
1389 2008 1674 2079 caliginem
1720 2006 1983 2080 ignoran-

400 2104 497 2157 tite
516 2111 787 2171 tegentem
812 2110 1025 2157 terrena
1059 2101 1220 2156 corda
1249 2100 1582 2166 Judreorum,
1615 2102 1709 2171 qui
1735 2116 1978 2172 praesens

400 2203 510 2249 tem
539 2194 709 2249 Deum
740 2208 848 2248 non
883 2202 1216 2264 cognoscunt
1237 2193 1291 2247 in
1321 2193 1538 2248 nomine
1580 2190 1815 2249 Christo.
1874 2194 1983 2248 lste

400 2285 776 2356 responsorius
822 2284 1060 2338 divinam
1113 2291 1363 2338 naturam
1408 2284 1463 2339 in
1507 2283 1728 2340 Christo
1769 2284 1977 2339 recolit.

398 2376 541 2434 Dicit
561 2376 815 2443 Joannes,
845 2375 1066 2446 Dirigite
1087 2377 1224 2431 viam
1252 2375 1484 2431 Domini.
1533 2375 1685 2443 Quod
1720 2376 1980 2445 sicexpo-

397 2468 484 2525 nit
509 2475 731 2523 sanctus
758 2444 1100 2537 Cregorius\
1130 2466 1227 2521 Via
1255 2465 1468 2521 Domini
1497 2467 1566 2521 ad
1588 2482 1685 2521 cor
1701 2444 1977 2537 dirigitur,

397 2574 524 2617 eum
534 2560 777 2615 veritatis
795 2573 975 2615 sermo
998 2558 1275 2613 humiliter
1287 2559 1503 2613 auditur
1522 2576 1537 2625 ;
1554 2560 1833 2628 hucusque
1844 2559 1979 2615 Cre-

397 2650 535 2722 gorii
568 2667 581 2704 :
614 2648 840 2716 Quando
864 2648 1107 2703 veritatis
1139 2663 1322 2704 sermo
1351 2649 1418 2703 ad
1473 2663 1570 2704 cor
1600 2648 1767 2712 vadit,
1823 2648 1980 2703 Chri-

398 2747 514 2795 stus
540 2737 687 2811 vadit
706 2738 773 2793 ad
799 2746 1033 2792 mentem
1064 2738 1300 2792 hominis
1326 2755 1339 2801 ;
1365 2753 1487 2793 cum
1516 2739 1655 2794 idem
1678 2753 1860 2795 sermo
1880 2739 1981 2793 hu.

400 2828 605 2883 utiliter
630 2827 864 2892 auditur,
892 2841 989 2882 cor
1010 2826 1246 2883 hominis
1295 2827 1516 2882 Christo
1554 2827 1768 2882 obviam
1807 2828 1975 2882 vadit.

400 2920 505 2975 Iste
524 2934 714 2975 sensus
740 2918 1000 2974 recolitur
1022 2919 1076 2972 in
1106 2919 1454 2989 responsorio
1493 2919 1706 2974 dicente
1742 2937 1754 2972 :
1779 2917 1862 2973 Ite
1888 2918 1978 2972 ob-

2086 1821 2229 1878 latus
2260 1829 2366 1879 est.
2400 1823 2659 1894 Sequitur
2686 1825 2840 1893 ordo,
2863 1835 2927 1883 ut
2942 1839 3066 1900 post
3082 1832 3423 1903 evangelicae
3444 1849 3673 1908 respon-

2084 1914 2260 1970 sorios
2295 1923 2555 1985 sequatur
2585 1918 2915 1987 apostolicus
2940 1961 2956 1988 ,
3020 1920 3351 1980 Salutarem
3391 1937 3666 1999 exspecta;

2081 2021 2200 2063 tuus
2234 2005 2521 2063 Dominum
2570 2009 2753 2064 Iesum
2780 2009 3070 2067 Christum.
3146 2014 3378 2088 Propter
3420 2029 3666 2092 emptum

2081 2096 2326 2153 ordinem
2352 2101 2827 2171 responsoriorum
2875 2113 3178 2175 sequuntur
3599 2115 3671 2170 sd

2082 2188 2316 2263 tertiam
2344 2199 2403 2245 et
2426 2200 2660 2258 sextam,
2691 2207 2758 2250 ac
2800 2210 3017 2252 nonam.

2081 2285 2190 2367 stat
2227 2279 2285 2334 in
2335 2282 2514 2352 capite
2540 2283 2689 2338 tertii
2730 2285 3038 2355 voluminis,
3064 2291 3209 2360 quod
3246 2303 3476 2352 vocatur
3517 2297 3661 2367 apud

2081 2366 2356 2427 Romanos
2378 2370 2823 2444 Antiphonarius,
2844 2380 3183 2449 praeponitur
3194 2385 3388 2453 primis

2081 2462 2189 2525 nis,
2216 2461 2272 2517 id
2303 2470 2390 2518 est
2417 2480 2433 2516 :
2456 2462 2526 2519 In
2560 2463 2657 2519 illa
2677 2465 2765 2521 die
2788 2466 3062 2524 stillabant
3089 2482 3289 2529 montes
3313 2474 3666 2545 dulcedinem,

2078 2560 2155 2616 et,
2185 2553 2504 2622 fecundare,
2537 2565 2701 2626 atque
2738 2559 2954 2614 caeteris
2989 2564 3343 2631 sequentibus
3382 2566 3438 2622 in
3485 2577 3671 2627 nostra

2078 2643 2495 2712 Antiphonario.
2570 2645 2755 2703 Currit
2796 2649 2938 2705 idem
2967 2654 3101 2709 ordo
3142 2655 3571 2725 antiphonarum
3611 2662 3667 2716 in

2080 2741 2266 2789 nostro
2292 2734 2710 2804 Aatiphonario,
2761 2739 2853 2807 qui
2884 2742 3194 2797 continetur
3225 2744 3281 2799 in
3307 2745 3554 2805 Romano
3574 2764 3668 2807 us-

2079 2838 2186 2895 que
2212 2825 2280 2880 ad
2300 2826 2671 2896 antiphonam,
2694 2829 2923 2900 Angelus
2938 2831 3153 2887 Domini
3177 2836 3437 2892 nuntiavit
3450 2839 3664 2897 Harios.

2081 2917 2215 2972 Dein
2238 2918 2568 2989 ordo,quem
2587 2922 2896 2991 accepimus
2918 2923 2986 2979 de
2996 2924 3222 2982 Mettensi
3242 2927 3656 2998 Antiphonario.

401 3011 924 3080 riamei.Sequitur:
955 3009 1212 3075 Etdicite,
1243 3010 1449 3064 Nuntia
1467 3011 1613 3065 nobis
1633 3011 1680 3064 si
1707 3019 1763 3063 tu
1790 3027 1843 3064 es
1869 3011 1978 3080 ipse
2011 3075 2048 3085 _
2080 3010 2138 3065 ln
2186 3012 2291 3066 isto
2312 3012 2496 3069 ofﬁcio
2528 3014 2851 3085 autiphonas
2892 3019 3096 3073 mutavi
3138 3019 3207 3072 de
3228 3021 3378 3077 urbis
3412 3022 3668 3081 Metcnsis

398 3103 488 3169 qui
518 3075 829 3173 regnaturus
848 3118 902 3156 es
922 3103 978 3155 in
1005 3101 1194 3171 populo
1209 3100 1398 3156 Israel.
1453 3102 1657 3172 Nempe
1683 3075 1978 3171 pracursor
2005 3075 2049 3136 C
2077 3101 2474 3173 Antiphonario
2504 3104 2557 3159 in
2588 3075 2835 3162 nostrum
2857 3106 3312 3179 Antiphonarium
3338 3075 3341 3076 ν

399 3191 554 3244 mittit
583 3190 863 3261 discipulos
890 3205 1012 3244 suos
1043 3188 1112 3242 ad
1136 3187 1424 3253 Christum,
1466 3199 1528 3242 ut
1549 3189 1729 3243 dicant
1754 3191 1801 3242 ei
1833 3203 1852 3240 :
1898 3188 1975 3242 Tu

396 3294 453 3335 es
475 3282 562 3352 qui
600 3290 848 3335 venturus
869 3296 942 3342 es,
974 3296 1045 3332 an
1067 3279 1232 3332 alium
1269 3286 1627 3347 exspectamus
1659 3278 1685 3331 7
1714 3276 1871 3332 Unde
1897 3278 1976 3333 sic

398 3371 592 3428 beatus
616 3371 908 3441 Gregorius
935 3387 948 3422 :
981 3370 1134 3424 Sicut
1152 3384 1251 3439 pro
1269 3368 1581 3423 hominibus
1606 3367 1760 3422 nasci
1788 3369 1977 3439 digna-

398 3468 487 3515 tus
511 3474 589 3522 es,
616 3475 683 3513 an
713 3460 874 3514 etiam
888 3471 988 3527 pro
1002 3457 1307 3513 hominibus
1324 3457 1462 3512 mori
1478 3456 1719 3528 digneris
1739 3456 1972 3512 insinua.

396 3549 517 3605 Non
544 3548 813 3603 immerito
835 3547 1188 3618 interrogatio
1210 3548 1497 3618 praeposita
1528 3548 1584 3603 in
1632 3549 1976 3617 responsorio

397 3636 627 3694 Joannis
643 3637 1050 3709 interrogationi
1069 3646 1436 3709 comparatur.
1481 3637 1584 3705 Qui
1605 3639 1750 3693 enim
1804 3639 1976 3694 nesci-

398 3727 476 3783 vit
497 3736 678 3782 utrum
704 3729 841 3782 mori
864 3728 1178 3799 dignaretur
1197 3727 1444 3785 Christus
1467 3744 1568 3800 pro
1588 3729 1785 3800 populo
1811 3730 1977 3786 Israel

397 3824 494 3873 aut
517 3832 614 3887 per
633 3831 692 3873 se
715 3818 784 3873 ad
828 3818 1067 3873 claustra
1094 3818 1289 3873 inferni
1316 3820 1668 3885 descendere,
1711 3820 1827 3889 ipse
1879 3835 1978 3890 po.

399 3915 543 3963 terat
570 3907 824 3980 [nescire]
855 3916 1035 3963 utrum
1055 3908 1301 3966 Christus
1329 3925 1425 3980 per
1457 3927 1519 3967 se
1560 3912 1721 3967 vellet
1748 3927 1977 3982 regnare

399 3999 455 4053 in
504 3997 701 4068 populo
720 3999 909 4066 Israel,
954 4015 1023 4054 an
1052 4016 1152 4070 per
1177 4001 1332 4067 alios,
1378 4003 1519 4058 sicut
1554 4017 1653 4072 per
1676 4003 1875 4058 multos
1896 4003 1977 4058 fe-

397 4087 491 4141 cit.
556 4086 615 4141 ln
642 4088 881 4144 secundo
926 4091 1273 4158 responsorio
1324 4091 1704 4148 manifestatur
1740 4093 1974 4148 humana

399 4177 672 4241 nativitas,
708 4178 935 4234 dicendo
967 4197 980 4232 :
1014 4179 1081 4233 Et
1107 4196 1222 4235 ecce
1247 4182 1305 4235 in
1327 4182 1549 4236 nubibus
1572 4182 1684 4237 cali
1712 4183 1857 4251 filius
1882 4184 1971 4237 Ito-

397 4272 553 4326 minis
582 4272 736 4338 venit,
780 4281 945 4342 atque
992 4273 1117 4329 inde
1164 4275 1523 4342 respondetur
1567 4275 1831 4345 superiori
1887 4289 1974 4330 re-

2078 3189 2214 3245 leria
2246 3230 2263 3256 ,
2326 3193 2632 3249 invenimus
2672 3195 2727 3249 in
2790 3206 3093 3252 memorato
3152 3199 3551 3272 Antiphonario
3606 3207 3662 3261 in

2078 3289 2271 3349 quarta
2300 3281 2431 3335 feria
2468 3284 2841 3352 antiphonam,
2880 3284 3056 3341 Veniet
3080 3287 3270 3357 fortior
3312 3308 3393 3347 me
3419 3304 3535 3364 post
3555 3312 3659 3361 tne,

2078 3371 2146 3426 de
2189 3371 2369 3426 verbis
2395 3372 2570 3441 sancti
2612 3371 2840 3429 Joannis
2864 3374 3140 3446 Baptistae.
3222 3379 3292 3434 Et
3330 3381 3384 3434 in
3415 3388 3663 3454 sequenti

2077 3459 2414 3515 hcbdomada
2444 3462 2796 3532 antiphonam
2823 3465 2890 3519 de
2918 3465 3054 3521 lsaia
3084 3469 3371 3538 propheta,
3424 3470 3534 3527 Vox
3552 3474 3666 3530 ela-

2077 3553 2290 3607 mantis.
2342 3552 2635 3610 lteservavi
2661 3570 2757 3611 eas
2786 3572 2956 3628 usque
2977 3557 3046 3613 ad
3067 3559 3196 3615 illud
3218 3568 3431 3632 tempus
3443 3568 3658 3634 quando

2077 3643 2271 3716 legitur
2298 3646 2649 3719 Evangelium
2679 3649 2745 3704 de
2764 3648 2988 3715 Joanne,
3015 3651 3161 3708 unde
3196 3654 3327 3725 ipsa:
3347 3658 3656 3727 antiphonaa

2078 3747 2523 3809 assumptmsunt.
2553 3741 2618 3795 Et
2639 3743 2790 3812 posui
2805 3742 3019 3798 delsala
3035 3745 3320 3815 propheta,
3346 3746 3659 3818 Egredietsr

2072 3834 2217 3904 virga
2239 3834 2305 3888 de
2336 3834 2512 3889 radice
2549 3834 2717 3903 Iesse,
2744 3836 2801 3892 in
2826 3836 2962 3892 feria
2992 3847 3188 3908 quarta
3208 3841 3369 3911 primi
3403 3842 3571 3900 ofﬁcii
3595 3854 3652 3901 et

2074 3926 2344 3996 praecipue
2372 3927 2425 3980 in
2452 3925 2587 3981 feria
2609 3936 2803 3997 quarta
2830 3929 2964 3984 etin
2986 3930 3120 3986 feria
3144 3939 3298 3988 sexta
3335 3934 3402 3990 de
3422 3935 3656 3992 adventu

2035 4012 2040 4017 ’
2074 4017 2287 4072 Domini
2309 4018 2465 4088 posui
2492 4019 2820 4088 antiphonas
2844 4019 2911 4075 de
2933 4022 3228 4092 prophetis,
3245 4025 3496 4092 quoniam
3527 4027 3657 4097 ipszc

2074 4104 2293 4162 feriaein
2325 4109 2607 4177 prophetia
2636 4109 2838 4165 Christi
2864 4122 2919 4165 et
2960 4112 3211 4167 Ecclesiae
3238 4115 3562 4170 exstiterunt
3588 4117 3658 4172 ab

2073 4192 2248 4249 initio.
2308 4194 2467 4250 Feria
2504 4204 2695 4267 quanta
2724 4197 2806 4253 sol
2851 4205 2907 4252 et
2944 4199 3071 4253 luna
3106 4200 3367 4255 collocata
3421 4210 3550 4258 sunt
3593 4200 3653 4260 in

2074 4283 2230 4349 coelo,
2265 4300 2386 4353 qum
2434 4294 2563 4340 sunt
2610 4287 2663 4339 in
2720 4288 3003 4357 prophetia
3031 4289 3233 4345 Christi
3270 4298 3328 4346 et
3372 4292 3650 4351 Ecclesizn.

399 4364 699 4468 sponsorio,
745 4364 889 4471 quod
904 4364 1231 4471 'inter‘rog'at,
1283 4366 1327 4419 si
1374 4365 1624 4422 Christus
1662 4367 1854 4423 debeat
1879 4382 1970 4471 re:
1995 4414 2049 4471 Β
2076 4373 2238 4427 Sexta
2263 4373 2418 4438 feria,
2445 4376 2607 4431 homo
2631 4378 2722 4447 qni
2759 4378 2859 4433 fuit
2896 4378 3068 4434 forma
3090 4379 3256 4436 futuri
3284 4383 3474 4450 Adam,
3500 4400 3652 4441 crea-

396 4469 564 4522 gnare
588 4455 643 4509 in
670 4455 864 4525 popqu
902 4455 1086 4511 lsrael.
1146 4455 1249 4510 lste
1279 4459 1653 4526 responsorius
1696 4460 1866 4514 dicit:
1901 4458 1971 4512 Et
1995 4455 2046 4471 "
2076 4470 2164 4516 tus
2188 4472 2293 4517 est.
2403 4532 2406 4534 γ

395 4546 579 4599 datum
604 4555 679 4599 est
706 4547 754 4599 ei
777 4562 991 4616 regnum
1023 4555 1071 4599 et
1097 4546 1285 4610 honor,
1310 4556 1358 4599 et
1392 4562 1495 4600 non
1520 4546 1689 4600 solum
1714 4558 1770 4601 ut
1799 4556 1971 4617 regnet

347 4702 355 4706 λ
397 4637 451 4689 in
476 4635 671 4706 populo
700 4635 891 4701 Israel,
942 4635 1034 4690 sed
1078 4645 1132 4690 ut
1177 4635 1342 4690 tribus
1379 4633 1610 4690 Iudaica
1658 4647 1707 4690 et
1748 4635 1972 4708 populus

399 4723 569 4781 Israel
593 4734 642 4779 et
679 4741 855 4781 omnes
895 4725 1091 4797 lingua:
1118 4726 1345 4781 serviant
1372 4726 1440 4779 ei.
1495 4725 1659 4797 Signo
1688 4727 1864 4797 posito
1917 4728 1972 4782 in

396 4813 807 4880 eminenliloco,
836 4815 888 4869 id
916 4823 1020 4880 est,
1054 4815 1399 4871 manifestato
1439 4829 1584 4886 rege,
1610 4816 1705 4886 qui
1744 4815 1889 4872 Deus
1916 4825 1973 4872 et

397 4904 560 4959 homo
580 4911 688 4971 est,
701 4913 991 4974 sequentes
1018 4907 1347 4976 responsorii
1370 4913 1591 4962 currant
1614 4920 1711 4976 per
1728 4906 1977 4962 ordinem

398 4992 655 5051 librorum
676 5003 733 5049 et
763 4994 1131 5058 historiarum.
1151 4997 1243 5053 ubi
1269 4998 1374 5053 hoc
1397 4999 1703 5068 perspicere
1723 5012 1976 5055 occurre-

397 5083 471 5137 rit
503 5085 680 5139 nobis.
736 5083 837 5140 Hic
862 5088 1181 5152 notandum,
1215 5087 1365 5157 quod
1399 5089 1769 5147 inditl’erenter
1790 5090 1849 5145 in
1875 5105 1976 5146 an-

397 5175 702 5246 tiphonario
725 5176 904 5247 posita
925 5186 1052 5233 sunt
1082 5179 1247 5234 verba
1299 5180 1522 5235 secundi
1560 5183 1832 5238 adventus
1845 5180 1970 5237 Sal-

397 5265 604 5321 vatoris
631 5274 689 5321 et
733 5267 914 5338 primi.
971 5266 1136 5322 Mults
1181 5269 1327 5323 enim
1367 5270 1685 5339 prophetsta
1732 5281 1860 5327 sunt
1898 5273 1970 5328 de

399 5354 576 5426 primo
602 5356 836 5413 adventu
889 5357 1125 5423 Domini,
1146 5367 1201 5414 et
1220 5360 1386 5414 multa
1421 5360 1487 5415 de
1506 5361 1763 5426 secundo,
1794 5377 1861 5418 es
1885 5363 1977 5418 his

396 5456 522 5516 qua:
545 5444 602 5500 in
626 5446 861 5503 adventu
883 5448 1092 5503 Domini
1130 5456 1415 5505 canuntur.
1473 5449 1602 5506 Post
1628 5453 1972 5524 praescriptos

397 5531 536 5588 duos
567 5537 938 5606 responsorios
964 5536 1245 5608 sequitur:
1290 5536 1534 5601 Obsecro,
1561 5539 1804 5607 Domine,
1827 5543 1973 5599 mitte

393 5639 551 5682 dum
574 5628 833 5685 missurus
861 5647 936 5697 es,
978 5631 1043 5685 de
1076 5640 1273 5686 nostra.
1338 5630 1455 5702 Ipse
1476 5640 1558 5687 est
1587 5633 1732 5688 enim
1764 5635 1970 5704 primus

2682 4536 2908 4594 CAPUT
2955 4540 3046 4595 ιχ.

2110 4622 2185 4677 De
2217 4627 2565 4694 responsorio,
2597 4628 2957 4699 Hierusalem,
2986 4635 3094 4691 cito
3113 4635 3294 4691 veniet
3329 4637 3476 4694 salus
3504 4647 3610 4695 tus.

2143 4736 2360 4794 Priores
2400 4742 2730 4810 responsorii
2779 4758 2847 4798 ex
2899 4760 3128 4814 persona
3171 4748 3498 4806 familiarum
3552 4750 3653 4808 Dei

2074 4829 2275 4883 eantati
2300 4839 2445 4896 sunt,
2468 4832 2571 4887 hoc
2584 4840 2690 4899 est,
2708 4848 2775 4889 ex
2795 4849 3027 4903 persona
3050 4836 3549 4896 Ecclesiasticorum
3569 4844 3652 4898 vi-

2077 4932 2281 4972 rorum.
2324 4919 2451 4975 ideo
2480 4920 2644 4991 aliqui
2669 4926 2997 4992 responsorii
3019 4926 3087 4982 de
3116 4918 3318 4983 collato
3357 4929 3458 4985 sibi
3489 4930 3651 4986 bene-

2076 5005 2199 5061 licio
2220 5006 2438 5062 sibimet
2454 5012 2900 5078 congratulando,
2915 5016 3145 5084 propriae
3164 5032 3410 5088 persona
3425 5020 3655 5090 loquun-~

2074 5101 2183 5150 tur.
2229 5092 2401 5151 Sicuti
2427 5105 2512 5153 est
2539 5098 2595 5154 in
2623 5100 2798 5167 primo
2819 5105 3191 5172 responsorio:
3224 5107 3362 5163 Ecce
3382 5109 3532 5163 uideo
3549 5108 3652 5163 Dei

2071 5187 2357 5257 potentiam
2393 5189 2719 5258 seuientem;
2759 5200 2818 5247 et
2839 5193 2899 5248 in
2926 5197 3164 5252 secundo
3195 5213 3211 5253 :
3244 5199 3568 5267 Aspiciebmu
3593 5198 3654 5253 iss

2070 5278 2184 5333 uisu
2208 5280 2609 5347 ηοαὶιναοεοι
2640 5284 2701 5339 its
2742 5285 2967 5342 nusz
3013 5286 3129 5342 eali
3147 5287 3294 5357 ﬁlius
3313 5287 3539 5343 liminis
3568 5301 3674 5343 ων

2073 5368 2192 5435 κῧὶ
2238 5377 2297 5424 ει
2320 5368 2653 5430 Subolem
2703 5386 3061 5445 exspectamus
3082 5416 3097 5439 ,
3144 5359 3428 5430 Dominum
3467 5375 3652 5431 lem

2072 5457 2358 5516 Christum.
2422 5461 2492 5517 Et
2513 5463 2725 5535 loyses
2758 5467 2872 5535 ipse
2896 5482 2993 5537 per
3037 5481 3097 5521 se
3122 5465 3382 5536 loquitur,
3421 5464 3654 5525 mnuum

2072 5547 2295 5605 dicens:
2325 5548 2574 5620 Obsecro,
2606 5554 2849 5620 Domine,
2886 5555 3030 5609 mitte
3065 5570 3218 5626 quem
3264 5554 3524 5611 missurus
3568 5570 3650 5611 as.

2072 5638 2141 5695 At
2169 5640 2227 5696 in
2253 5644 2510 5714 prasenti
2532 5644 2871 5703 hebdomsda
2912 5643 3151 5716 loquitur
3192 5654 3286 5702 aut
3321 5644 3655 5708 ecdcslasti-
3764 5700 3771 5715 ,
