4000 6178
375 253 516 310 1263

1409 255 1739 313 AMALARII
1778 254 2212 312 PRESBYTER!
2252 253 2592 312 METENSIS

3493 247 3634 303 lilii

368 382 470 422 cus
493 367 710 430 chorus,
742 372 835 420 aut
864 365 1211 434 propheticus
1241 363 1434 434 aliquis
1457 381 1637 422 sermo
1667 367 1948 421 internun-
1980 370 2028 428 Α
2056 381 2224 435 usque
2252 366 2318 419 ad
2343 365 2691 434 antipltonam
2722 381 2732 416 :
2775 363 2890 416 Hoc
2935 372 3011 417 est
3061 362 3433 416 testimonium.
3503 360 3639 413 Dein

371 456 490 510 eius
517 455 583 509 ad
615 453 966 518 Hierusalem,
1014 469 1134 522 quae
1155 454 1429 522 quondam
1481 464 1600 509 erat
1637 454 1947 523 metropolis

369 555 426 600 et
445 545 636 599 civitas
662 543 824 616 Regis
847 545 1052 613 magni,
1083 551 1138 598 et
1164 559 1260 614 per
1288 543 1624 599 Hierusalem
1654 544 1721 598 ad
1752 545 1951 614 prima-

371 646 456 692 tes
491 637 654 691 totius
674 635 768 690 Dei
794 636 1014 691 l’amosa:
1028 637 1482 708 congregationis.
1512 635 1778 692 Absentia
1803 638 1947 694 enim

370 727 570 782 Christi
604 741 944 795 nequaquam
973 726 1091 781 sine
1145 728 1368 782 tristitia
1407 736 1583 798 potest
1628 727 1902 784 recordari
1933 745 1946 781 :

370 817 462 872 illo
504 816 665 872 modo
705 816 998 887 loquuntur
1051 828 1348 888 praesentes
1396 819 1746 888 responsorii,
1796 819 1950 888 quasi

368 907 710 962 consolantes
741 907 848 963 sint
869 907 1126 977 populum
1157 909 1225 963 de
1241 908 1476 964 adventu
1507 908 1672 979 Regis
1694 917 1749 963 et
1769 907 1951 963 defen—

369 999 510 1054 soris
538 999 621 1054 sui
647 1016 660 1052 :
694 996 1052 1063 Hierusalem,
1082 999 1185 1052 cito
1207 999 1373 1052 veniet
1398 997 1543 1052 salus
1568 1010 1681 1052 tua.
1742 997 1855 1053 Hoc
1882 997 1954 1052 lo-

369 1091 582 1157 quitur,
634 1088 827 1144 Civitas
861 1088 1222 1155 Hierusalem,
1260 1091 1492 1160 idipsum
1539 1090 1701 1144 simili
1749 1091 1947 1146 modo:

370 1181 507 1235 Ecce
532 1180 788 1235 Dominus
815 1181 996 1242 ueniet,
1041 1190 1089 1234 et
1129 1196 1306 1234 omnes
1349 1182 1519 1234 sancti
1547 1181 1662 1250 ejus
1707 1199 1828 1236 cum
1866 1198 1946 1235 eo.

367 1269 624 1336 Quartus,
657 1267 806 1324 Sicut
839 1279 1009 1322 mater
1040 1268 1344 1323 consolatur
1369 1269 1508 1337 ﬁlios
1543 1287 1690 1336 suos,
1718 1270 1953 1325 consola-

370 1371 458 1413 tur
483 1360 616 1413 ciues
647 1369 694 1413 et
722 1359 915 1413 vicinos
938 1357 1468 1429 Hierosolgmitanos.
1521 1359 1772 1427 Quintus,
1818 1360 1950 1416 Hie-

369 1447 599 1504 rusalem
617 1448 878 1518 plantabis
906 1449 1107 1502 vineam
1130 1449 1186 1502 in
1212 1449 1472 1503 montibus
1519 1450 1624 1504 tuis
1649 1463 1666 1501 :
1695 1450 1763 1504 de
1802 1450 1952 1506 Jere—

369 1536 499 1600 mia,
565 1535 877 1592 consolatur
922 1539 1164 1604 captivos
1219 1536 1310 1606 qui
1365 1548 1521 1591 erant
1565 1537 1618 1592 in
1658 1537 1948 1610 Babylone.

371 1627 590 1690 Sextus,
627 1625 785 1696 Virgo
808 1625 1003 1692 Israel,
1031 1626 1226 1681 iterum
1258 1626 1323 1680 de
1347 1625 1608 1694 Ieremia,
1639 1628 1951 1684 consolatur

2053 453 2307 508 Metensis
2333 454 2736 524 Antiphonarii,
2785 455 2990 509 certavi
3037 454 3089 507 in
3148 454 3247 506 ista
3290 451 3641 507 hebdomada

2051 548 2374 618 antipbonas
2423 548 2663 602 inserere
2693 548 2759 601 de
2787 547 3004 616 proprio
3044 545 3353 616 Evangelia,
3398 545 3471 599 de
3507 559 3642 614 pro-

2050 639 2228 709 phetis
2263 653 2328 694 ea
2371 652 2493 708 quae
2526 637 2819 707 plurimum
2848 637 3199 692 consolantur
3239 635 3638 706 pusillanimes.

2674 741 2904 796 CAPUT
2929 741 3018 794 XI.

2286 814 2363 867 De
2393 813 2757 884 responsoriis,
2788 812 2978 866 Canite
3007 810 3133 865 tuba
3157 811 3210 866 in
3237 809 3390 866 Sion.

2120 905 2177 959 In
2202 905 2303 960 hac
2324 903 2659 960 bebdomada
2681 903 3028 957 continentur
3051 903 3262 956 mixtim
3284 902 3342 956 in
3370 901 3642 956 Romanis

2051 994 2412 1050 voluminibus
2440 993 2805 1064 responsorii,
2857 1007 2992 1061 quos
3043 992 3280 1047 solemus
3308 1000 3536 1047 cantare
3583 993 3641 1046 in

2052 1086 2351 1150 Dominica,
2378 1101 2499 1155 quae
2525 1085 2688 1139 habet
2714 1084 2950 1155 primum
2973 1083 3375 1152 responsorium
3424 1081 3639 1154 [Canite

2051 1173 2222 1248 tuba],
2262 1183 2318 1230 et
2343 1174 2440 1240 illi,
2473 1190 2614 1244 quos
2640 1189 2738 1244 per
2782 1182 3072 1242 sequentes
3099 1183 3287 1227 noctes
3314 1172 3455 1226 infra
3504 1173 3641 1227 beb-

2051 1266 2334 1323 domadam
2371 1266 2624 1322 distincte
2674 1266 2940 1321 canimus.
3013 1265 3338 1319 Prmtermisi
3385 1265 3641 1319 ordinem

2050 1357 2357 1422 confusum,
2404 1363 2460 1412 et
2515 1364 2744 1412 conatus
2766 1371 2886 1409 sum
2933 1353 3187 1410 ordinare
3223 1369 3506 1408 numerum
3544 1369 3643 1409 re-

2051 1451 2458 1521 sponsoriorum
2495 1467 2507 1504 :
2547 1449 2639 1520 qui
2674 1448 2960 1504 distinctus
2991 1455 3077 1502 est
3105 1464 3136 1502 a
3158 1447 3354 1502 nostris
3380 1462 3411 1500 a
3444 1446 3642 1502 Domi-

2051 1542 2171 1596 nica
2221 1549 2380 1596 nocte
2434 1555 2532 1611 per
2566 1539 2730 1595 ferias
2776 1539 3031 1610 singulas,
3092 1548 3152 1593 ut
3186 1540 3242 1593 in
3282 1539 3647 1608 sequentibus

2053 1632 2380 1686 continetur.
2439 1630 2742 1686 Prmsentes
2769 1629 3099 1698 responsorii
3123 1637 3179 1684 et
3202 1629 3479 1698 sequentis
3502 1629 3644 1683 heb-

369 1726 554 1779 dccem
598 1724 792 1788 tribus,
823 1737 988 1793 super
1015 1737 1152 1793 quas
1181 1723 1427 1791 regnavit
1451 1724 1641 1779 domus
1666 1725 1946 1796 Ephraim.
1980 1707 2026 1765 Β
2054 1725 2318 1790 domanda»,
2353 1732 2566 1779 certant
2595 1723 2994 1778 multitudinem
3042 1723 3227 1793 populi
3278 1737 3640 1794 congregare,

367 1814 526 1869 Juxta
554 1813 798 1869 ordinem
829 1813 1124 1884 prophetia:
1164 1812 1435 1879 Jeremiae,
1459 1822 1616 1869 stant
1649 1813 1738 1869 isti
1762 1815 1869 1870 duo
1895 1815 1949 1870 in

367 1906 680 1976 supradicto
697 1905 908 1960 ordine.
966 1903 1376 1974 Responsorius,
1428 1905 1742 1975 Egredietttr
1770 1905 1952 1960 Domi-

368 2014 465 2053 nus
497 1996 563 2051 de
588 1994 854 2061 Samaria,
883 1999 1213 2050 mentionem
1235 1995 1365 2050 facit
1392 1996 1724 2061 Bethlebem,
1753 1996 1818 2050 de
1843 2012 1949 2066 qua

367 2102 524 2159 reges
549 2086 761 2144 oriundi
791 2093 919 2140 sunt
939 2086 1032 2155 qui
1055 2084 1314 2155 regebant
1337 2086 1592 2156 populum
1635 2085 1755 2152 Dei,
1804 2086 1950 2141 scili-

368 2188 476 2244 cet,
527 2179 697 2234 David
723 2186 776 2233 et
813 2176 1061 2233 Christus
1109 2193 1207 2233 rex
1248 2193 1457 2249 regum.
1532 2177 1947 2247 Responsorius,

268 2282 274 2288 ‘
366 2267 665 2324 Bethlehem
694 2268 874 2322 civitas
896 2265 995 2322 Dei
1021 2268 1232 2333 summi,
1260 2268 1497 2322 declarat
1537 2267 1831 2322 dominium
1861 2282 1950 2323 rc-

365 2359 450 2429 gis
470 2374 678 2430 regum,
709 2359 941 2429 ideoque
969 2357 1218 2427 subjunsi
1250 2357 1398 2414 illum
1426 2358 1616 2428 priori.
1647 2357 1952 2428 Responso-

367 2455 504 2519 rius,
531 2454 668 2508 Ecce
720 2454 885 2509 veniet
942 2452 1198 2506 Dominus
1247 2461 1507 2521 protector
1547 2461 1739 2517 noster,
1790 2449 1954 2506 habet

370 2546 507 2600 inse
533 2553 764 2600 stemma
812 2559 1024 2615 regum,
1077 2543 1302 2613 ideoque
1339 2543 1602 2612 sequitur,
1652 2541 1953 2596 Bethlehem

366 2635 787 2704 responsorium.
838 2634 1160 2704 Autipltonm
1173 2632 1374 2687 vadunt
1405 2648 1503 2702 per
1529 2631 1776 2687 ordinem
1790 2629 1948 2699 juxta

371 2723 672 2780 Romanum
718 2723 1202 2794 Antiphonarium,
1251 2738 1548 2792 usquequo,
1592 2722 1873 2777 Benedicta
1896 2730 1954 2774 tu

367 2816 504 2868 inter
541 2813 808 2869 mulieres.
859 2813 1061 2869 Deinde
1113 2814 1362 2884 sequitur
1390 2815 1524 2869 ordo
1568 2811 1821 2868 Metensis
1846 2808 1957 2865 An-

371 2905 686 2974 tiphonarii.
749 2904 1065 2973 Ubicunque
1113 2904 1305 2974 potui,
1357 2904 1557 2960 inserui
1611 2903 1952 2973 antipbonas,

2052 1822 2116 1870 ut
2140 1822 2339 1885 praesto
2367 1815 2478 1869 sint
2503 1824 2558 1870 et
2607 1815 2782 1883 parati
2813 1814 2881 1869 ad
2917 1814 3318 1886 suscipiendum
3345 1815 3643 1870 Dominum

2027 1961 2029 1963 ,
2053 1905 2412 1960 dominorum.
2444 1904 2650 1960 Idcirco
2670 1905 2888 1974 plurimi
2923 1903 3127 1978 [Ecce],
3159 1906 3304 1976 quod
3329 1916 3411 1962 est
3435 1909 3640 1963 adver-

2053 1997 2204 2052 bium
2233 1997 2740 2063 demonstrativum,
2769 1998 3052 2053 continent
3089 1998 3144 2052 in
3177 2013 3256 2062 se,
3296 1999 3438 2054 sicut
3458 2009 3546 2054 est
3585 2000 3642 2054 in

2055 2085 2401 2156 responsorio
2455 2084 2674 2158 [Canite
2701 2085 2828 2140 tuba
2875 2087 2931 2140 in
2976 2086 3108 2142 Sion
3134 2127 3150 2152 ,
3188 2087 3325 2147 Ecce
3350 2086 3497 2142 Deus
3529 2088 3646 2142 sal-

2053 2186 2202 2232 sator
2253 2177 2447 2250 noster]
2483 2197 2495 2231 :
2535 2186 2590 2232 et
2622 2178 2676 2232 in
2713 2178 3056 2248 responsorio
3087 2176 3296 2249 [Clama
3332 2179 3386 2231 in
3420 2178 3646 2247 fortitu-

2054 2267 2212 2322 dine:
2237 2284 2354 2322 ecce
2397 2267 2537 2323 Deus
2572 2277 2749 2324 noster
2769 2285 2922 2340 quem
2950 2267 3400 2338 exspectabamus]
3431 2285 3445 2321 :
3488 2277 3544 2324 et
3584 2269 3644 2323 in

2055 2359 2400 2429 responsorio
2455 2359 2615 2432 [Ecce
2654 2360 2772 2430 jam
2827 2359 2991 2415 veniet
3035 2359 3301 2430 plenitudo
3340 2360 3638 2432 temporis].

2054 2449 2271 2505 Primus
2305 2450 2678 2520 responsorius
2721 2449 2940 2522 [Canite
2983 2450 3105 2504 tuba
3140 2451 3195 2504 in
3234 2448 3434 2522 Sion],
3488 2466 3643 2505 com-

2055 2548 2238 2595 monet
2265 2539 2429 2605 cives,
2455 2550 2512 2594 ut
2539 2541 2715 2596 sciant
2736 2541 2878 2612 regis
2892 2541 3205 2606 adventum,
3229 2552 3283 2596 et
3312 2543 3640 2598 annuntient

2057 2629 2207 2685 illum
2257 2630 2466 2684 vicinis.
2541 2630 2820 2686 Secundus
2881 2620 3256 2701 responsorius
3311 2630 3639 2703 [Intuemini

2054 2728 2282 2790 quantus
2303 2719 2368 2773 sit
2389 2718 2648 2790 gloriosus
2671 2719 2814 2792 iste],
2830 2720 3083 2777 admonet
3101 2723 3450 2778 considerare
3463 2723 3635 2787 cives,

2055 2809 2196 2879 quod
2223 2809 2362 2865 ultra
2391 2825 2547 2881 reges
2575 2811 2646 2866 sit
2672 2811 2794 2876 iste,
2817 2813 2909 2882 qui
2932 2812 3232 2882 ingreditur
3259 2813 3327 2867 ad
3350 2812 3639 2867 salvandas

2057 2909 2262 2971 gentes.
2332 2900 2546 2957 Tertius
2598 2902 2974 2971 responsorius
3009 2901 3167 2974 [Non
3219 2902 3494 2972 auferetur
3525 2919 3640 2958 sce-

368 3008 489 3061 quze
521 2995 849 3065 praeconium
882 2994 1084 3049 habent
1112 2994 1475 3050 deelaratioue
1502 3001 1558 3049 et
1583 2994 1955 3050 consolatione
2056 3000 2230 3061 ptrum
2251 2991 2316 3046 de
2341 2991 2534 3065 Iuda],
2556 2993 2715 3048 docet
2751 3008 2905 3062 reges
2931 2991 3241 3048 Judreorum
3291 3009 3389 3048 suo
3416 2993 3472 3047 in
3500 3002 3640 3048 tem-

369 3083 729 3151 llierusalem,
763 3084 814 3140 id
847 3093 952 3151 est,
977 3086 1210 3155 primatu
1231 3087 1324 3156 qui
1348 3087 1619 3142 desiderat
1663 3087 1952 3142 adventum
1981 3065 2026 3128 Ο
2057 3097 2188 3154 pore
2219 3083 2467 3139 deiicere.
2513 3084 2748 3152 Quartus
2781 3084 2990 3158 [Clama
3023 3085 3078 3140 in
3101 3085 3454 3159 fortitudine],
3488 3102 3637 3141 nun-

373 3176 606 3232 Domini.

991 3268 1220 3326 CAPUT
1256 3268 1301 3325 Χ

369 3355 450 3412 De
479 3358 842 3429 responsoriis,
865 3357 1109 3415 Gaudete
1129 3359 1439 3431 in_Domino
1464 3373 1693 3431 semper,
1718 3369 1786 3427 et,
1812 3360 1952 3416 Ecce

872 3431 1154 3500 apparebit
1178 3429 1454 3486 Dominus.

439 3540 496 3595 ln
526 3539 751 3598 "stensi
781 3541 1178 3612 Antipbonario
1209 3557 1368 3614 quem
1392 3543 1515 3613 legi,
1555 3557 1661 3598 non
1710 3543 1953 3599 contine-

373 3642 462 3685 tur
493 3632 890 3702 responsorius,
912 3631 1160 3688 Gaudete
1183 3633 1239 3686 in
1289 3631 1558 3686 Domino:
1601 3632 1696 3688 sed
1746 3632 1814 3687 de
1850 3630 1952 3687 Ro-

371 3737 531 3778 meno
547 3723 808 3778 transtuli
834 3723 983 3778 illum
1021 3725 1078 3780 in
1096 3731 1360 3780 nostrum.
1408 3723 1511 3780 Per
1531 3731 1825 3794 praesentes
1867 3736 1954 3778 re-

368 3813 681 3880 sponsorios
710 3812 949 3882 loquitur
985 3814 1214 3868 nuncius
1242 3814 1335 3869 Dei
1360 3813 1427 3868 ad
1463 3827 1729 3884 pauperes
1757 3819 1810 3868 et
1839 3811 1950 3883 μιθ-

365 3901 510 3964 bern,
534 3915 656 3968 qua:
682 3899 839 3955 facile
876 3902 1202 3972 opprimitur
1235 3918 1266 3956 a
1310 3902 1641 3971 potentibus.
1699 3901 1852 3958 Sicut
1893 3903 1948 3958 in

365 3990 638 4060 prioribus
663 3993 1020 4060 responsoriis
1041 3995 1349 4049 consolatus
1391 4004 1478 4049 est
1513 3994 1831 4065 dignitatem
1854 4011 1949 4065 po-

364 4084 598 4150 testatis,
617 4084 690 4139 ita
719 4083 773 4138 in
798 4085 919 4140 istis
943 4086 1254 4142 consolatur
1277 4085 1574 4155 subjectam
1596 4087 1828 4156 plebem.
1844 4089 1948 4144 Re-

366 4173 702 4242 sponsorius,
731 4171 962 4229 Gaudete
988 4175 1044 4229 in
1065 4175 1310 4240 Domino,
1326 4175 1516 4246 plenus
1542 4185 1624 4232 est
1645 4177 1949 4233 consolato-

367 4267 462 4322 riis
487 4267 685 4322 verbis.
733 4268 874 4322 Ecce
901 4270 1169 4339 apparebit
1191 4269 1468 4335 Dominus,
1501 4270 1610 4339 ipse
1651 4272 1864 4342 conligit
1890 4274 1946 4326 in

363 4358 530 4427 rapite
565 4373 733 4428 regem
768 4374 966 4428 regum,
999 4360 1089 4430 qui
1114 4369 1364 4415 venturus
1395 4370 1469 4415 est
1497 4361 1718 4416 liberare
1749 4378 1944 4432 paupe-

363 4465 442 4502 res
469 4457 517 4502 et
540 4449 754 4520 afﬂictos
779 4450 842 4503 de
858 4467 1016 4504 manu
1039 4453 1284 4520 potentiw
1308 4453 1598 4508 swcularis.
1640 4453 1939 4523 Utrumque

361 4537 733 4592 demonstrant
779 4547 1074 4608 praesentes
1117 4544 1463 4611 reSponsorii,
1496 4551 1550 4598 et
1592 4544 1937 4599 liberatorem

361 4635 646 4683 venturum
678 4645 994 4701 pauperum,
1048 4639 1102 4686 et
1139 4633 1386 4688 eumdem
1418 4636 1665 4704 proximo
1699 4643 1938 4704 tempore

359 4729 667 4776 venturum.
709 4721 825 4780 Hoc
853 4733 1027 4780 certat
1051 4724 1228 4782 facere
1248 4727 1515 4782 secundus
1543 4729 1932 4796 responsorius,

361 4807 532 4876 Prope
553 4821 628 4864 est
653 4821 707 4866 ut
736 4815 901 4870 veniat
933 4824 1133 4885 tempus
1167 4817 1283 4886 ejus
1307 4834 1325 4880 ;
1353 4825 1407 4870 et
1436 4818 1648 4882 tertius,
1683 4817 1785 4883 Qui
1815 4836 1938 4873 oen-

359 4912 512 4952 turus
563 4910 681 4966 est;
736 4903 840 4958 hoc
880 4906 1044 4959 etiam
1079 4915 1324 4976 quartus,
1365 4907 1610 4976 ﬁgypte,
1637 4908 1744 4962 noli
1789 4911 1934 4978 ﬂere.

361 4987 581 5044 Orietur
603 4989 776 5055 stella,
813 4993 1062 5048 transtuli
1114 4995 1179 5050 de
1206 4996 1326 5050 aliis
1353 4997 1712 5065 responset-iis
1753 4997 1841 5053 hic
1879 4999 1934 5053 in

357 5079 604 5149 quintum
633 5081 902 5146 ordinem,
927 5091 985 5136 ut
1009 5099 1076 5139 ex
1102 5100 1168 5140 eo
1197 5086 1483 5156 eliquetur,
1517 5087 1609 5156 qui
1641 5088 1714 5142 sit
1735 5087 1822 5144 ille
1843 5091 1934 5160 qui

356 5174 414 5229 in
437 5173 704 5244 superiori
726 5177 1074 5244 responsorio
1099 5179 1273 5233 dictus
1306 5188 1392 5234 est
1417 5179 1724 5235 dominator
1753 5198 1766 5234 :
1798 5181 1936 5236 Ante

357 5265 512 5335 cujus
559 5274 888 5337 conspectum
942 5277 1180 5332 movetur
1232 5270 1426 5340 abyssi.
1481 5269 1783 5342 Sequentes
1848 5290 1935 5329 re-

358 5357 622 5425 sponsorii
670 5363 798 5414 sunt
828 5357 1011 5422 iidem,
1053 5359 1147 5430 qui
1195 5359 1250 5414 in
1292 5362 1504 5418 castoris
1528 5362 1934 5434 A‘ntiphanariis

239 5456 246 5463 ‘
359 5447 721 5504 continentur.
795 5448 1096 5520 Excipitur,
1153 5448 1421 5504 Ltetetttur
1459 5452 1573 5506 celi
1615 5463 1664 5506 et
1711 5453 1934 5508 exsultet

358 5546 518 5603 terra,
559 5538 650 5600 qui
679 5554 789 5600 prce
822 5539 1065 5595 omnibus
1103 5539 1264 5594 corda
1291 5558 1579 5612 pauperum
1611 5543 1928 5598 consolatur.

358 5624 677 5695 Antiphone
697 5629 945 5687 ordinem
968 5630 1192 5688 Romani
1226 5631 1598 5702 Antiphonarii
1637 5645 1934 5705 sequuntur

2056 3175 2154 3230 tiat
2179 3176 2381 3232 civitati
2409 3176 2744 3234 Hierusalem
2771 3192 2950 3249 regem
2979 3177 3137 3249 longo
3174 3186 3416 3247 tempore
3439 3193 3640 3248 esspe~

2053 3274 2279 3335 ctutum,
2323 3269 2378 3323 in
2414 3268 2619 3326 foribus
2648 3285 2785 3325 esse.
2830 3269 3064 3337 Quintus
3089 3271 3342 3326 adrnbnet
3380 3269 3545 3334 cives,
3573 3279 3639 3324 ut

2053 3370 2114 3411 se
2135 3358 2370 3414 vestiant
2396 3359 2572 3430 dignis
2600 3361 2938 3416 vestimentis
2983 3360 3052 3414 ad
3080 3359 3480 3428 suscipiendum
3506 3367 3637 3414 tan-

2053 3457 2166 3503 tum
2193 3463 2395 3520 regem,
2436 3450 2490 3506 id
2513 3459 2618 3517 est,
2649 3458 2708 3504 ut
2741 3451 2997 3506 vicesima
3015 3460 3212 3521 quarta
3242 3451 3330 3506 die
3359 3449 3630 3519 jejunent.

2052 3539 2357 3594 Notandum
2386 3541 2528 3610 quod
2565 3541 2667 3596 iste
2693 3541 3072 3610 responsorius
3094 3543 3392 3596 cauebatur
3420 3541 3476 3595 in
3501 3539 3632 3595 Gal-

2051 3629 2140 3685 liis
2159 3638 2348 3685 octava
2377 3631 2583 3686 decima
2621 3631 2708 3686 die
2735 3631 2930 3686 decimi
2945 3631 3165 3686 mensis.
3222 3630 3329 3685 Pro
3386 3648 3499 3702 quo
3551 3633 3633 3686 in-

2049 3723 2173 3776 veni
2209 3724 2469 3793 scriptum
2496 3723 2552 3777 in
2603 3721 2871 3788 Romano,
2906 3723 3161 3778 vicesima
3191 3732 3391 3791 quarta
3419 3723 3510 3777 die
3537 3725 3633 3778 de-

2050 3813 2177 3868 cimi
2205 3813 2406 3868 mensis
2436 3830 2450 3866 :
2479 3827 2689 3869 necnon
2720 3821 2776 3868 et
2806 3814 2872 3868 de
2897 3814 3015 3882 ipso
3043 3813 3370 3883 interrogavi
3413 3824 3633 3883 apxto—

2050 3903 2213 3958 licum
2258 3902 2600 3973 Gregorium.
2661 3902 2763 3969 Qui
2812 3905 3128 3972 respondit:
3186 3902 3303 3957 Non
3343 3914 3635 3960 cantamus

2049 4001 2240 4048 octava
2292 3993 2502 4048 decima
2557 3992 2644 4049 die
2706 3992 2899 4048 decimi
2959 3993 3182 4054 mensis,
3235 3994 3331 4049 sed
3369 3996 3631 4051 vicesima

2048 4093 2242 4153 quarta
2299 4084 2404 4138 die.
2449 4082 2658 4139 Sextus
2706 4085 3078 4154 responsorius
3115 4083 3276 4157 [Ecce
3301 4083 3423 4155 jam
3461 4090 3635 4141 veniet

2047 4172 2315 4241 plenitudo
2353 4173 2643 4246 temporis],
2677 4175 2915 4229 ostendit
2943 4173 3158 4230 modum
3187 4177 3466 4247 ingressus
3510 4194 3633 4232 ma-

2047 4262 2178 4315 ximi
2207 4263 2368 4332 regis.
2425 4263 2558 4319 Tres
2575 4265 2720 4318 enim
2748 4265 3122 4334 responsorios
3147 4276 3434 4334 sequentes
3445 4268 3632 4337 aptavi

2046 4354 2436 4408 convenientiae
2481 4355 2768 4425 evangelii,
2825 4357 2966 4425 quod
3002 4355 3056 4410 in
3087 4357 3306 4426 prepria
3339 4355 3626 4412 Dominiea

2045 4445 2258 4517 legitur.
2312 4445 2660 4520 Evangelium
2690 4449 2822 4504 dicit
2846 4463 2913 4504 ex
2942 4465 3170 4519 persona
3193 4449 3416 4505 Joannis
3442 4450 3632 4520 Bapti-

2045 4545 2142 4592 stae
2173 4555 2185 4591 :
2225 4537 2340 4608 Ego
2364 4554 2463 4593 eoa:
2485 4538 2761 4593 clamantis
2790 4541 2844 4594 in
2872 4540 3098 4605 deserto,
3128 4551 3310 4610 parate
3357 4543 3496 4594 viam
3520 4542 3629 4596 Do—

2043 4630 2192 4694 mini,
2230 4630 2362 4684 sicut
2388 4630 2512 4684 dicit
2539 4629 2715 4685 Isaias
2741 4631 3010 4702 propheta.
3036 4630 3432 4700 llesponsorius
3457 4634 3630 4702 septi-

2043 4737 2163 4777 mus
2199 4721 2334 4778 dicit
2367 4721 2502 4794 [Rex
2529 4731 2702 4776 noster
2720 4722 2952 4776 adveniet
2988 4720 3249 4787 Christus,
3277 4739 3430 4792 quem
3451 4722 3626 4777 Joan-

2045 4831 2132 4869 nes
2173 4815 2474 4884 prtedicavit
2532 4832 2780 4884 sponsum
2838 4832 2949 4870 esse
2987 4814 3301 4887 venturum].
3373 4815 3626 4887 Evange—

2042 4905 2172 4960 lium
2207 4906 2335 4960 dicit
2363 4924 2377 4960 :
2437 4903 2539 4969 Qui
2569 4917 2683 4974 post
2732 4922 2813 4958 me
2843 4906 2999 4969 venit,
3052 4913 3172 4958 ante
3202 4921 3281 4956 me
3317 4903 3493 4971 factu
3523 4916 3624 4968 est,

2041 4999 2192 5068 cujus
2221 5013 2312 5068 ego
2353 5013 2459 5051 non
2497 5012 2614 5052 sum
2643 4997 2832 5068 dignus
2867 5005 2923 5049 ut
2951 4996 3146 5050 solvam
3173 4996 3286 5065 ejus
3335 4997 3624 5065 corrigiam

2039 5087 2395 5142 calceamenti.
2419 5087 2812 5158 Responsorius
2847 5095 3073 5142 octavus
3097 5087 3231 5142 dicit
3258 5085 3420 5157 [Ecce
3436 5087 3625 5157 Agnus

2038 5175 2157 5241 Dei,
2187 5193 2302 5230 ecce
2333 5177 2421 5248 qui
2451 5177 2587 5230 tollit
2615 5187 2824 5247 peccata
2865 5178 3069 5242 mundi,
3100 5193 3216 5232 ecce
3250 5176 3316 5230 de
3337 5194 3443 5248 quo
3479 5179 3627 5231 dice-

2037 5267 2153 5320 bam
2183 5266 2342 5332 nobis,
2386 5267 2480 5337 qui
2530 5276 2647 5337 post
2693 5283 2774 5320 me
2801 5266 2957 5332 venit,
3011 5277 3133 5321 ante
3163 5267 3446 5337 mefactus
3493 5268 3620 5339 est].

2036 5355 2220 5411 Nonus
2248 5356 2623 5425 responsorius
2651 5357 2786 5411 dicit
2834 5355 2944 5427 [Me
2988 5366 3188 5426 oportet
3215 5357 3405 5422 minui,
3462 5358 3620 5411 illum

2036 5459 2209 5503 autem
2235 5465 2461 5503 crescere
2487 5461 2506 5500 :
2535 5449 2624 5519 qui
2649 5457 2764 5518 post
2794 5463 2876 5502 me
2893 5449 3049 5514 venit,
3080 5457 3199 5501 ante
3218 5463 3298 5500 me
3319 5447 3497 5516 factus
3518 5459 3618 5511 est,

2036 5541 2187 5610 cujus
2219 5558 2320 5596 non
2349 5557 2466 5596 sum
2494 5541 2684 5610 dignus
2711 5541 2988 5610 corrigiam
3008 5539 3343 5594 calceamentt
3368 5542 3487 5607 ejus
3509 5541 3622 5594 sol-

2037 5634 2193 5706 vere].
2244 5634 2564 5704 Antiphona:
2592 5633 2794 5690 vadunt
2829 5646 2925 5702 per
2953 5632 3196 5688 ordinem
3229 5631 3387 5702 juxta
3418 5630 3620 5686 Roma-
