  <div class='ocr_page' id='page_1' title='image "/cluster/home/n/w/nwhite01/storage/ocr_20150623/105/hvd.32044054759709/640.png"; bbox 0 0 4000 6178; ppageno 0'>
   <div class='ocr_carea' id='block_1_1' title="bbox 381 378 522 432">
    <p class='ocr_par' dir='ltr' id='par_1_1' title="bbox 381 378 522 432">
     <span class='ocr_line' id='line_1_1' title="bbox 381 378 522 432; baseline -0.007 0"><span class='ocrx_word' id='word_1_1' title='bbox 381 378 522 432; x_wconf 65' lang='lat'><strong>£263</strong></span> 
     </span>
    </p>
   </div>
   <div class='ocr_carea' id='block_1_2' title="bbox 1411 368 2581 430">
    <p class='ocr_par' dir='ltr' id='par_1_2' title="bbox 1411 368 2581 430">
     <span class='ocr_line' id='line_1_2' title="bbox 1411 368 2581 430; baseline -0.002 0"><span class='ocrx_word' id='word_1_2' title='bbox 1411 374 1610 430; x_wconf 79' lang='lat' dir='ltr'><strong>LIBER</strong></span> <span class='ocrx_word' id='word_1_3' title='bbox 1649 375 1737 430; x_wconf 86' lang='lat' dir='ltr'><strong>DE</strong></span> <span class='ocrx_word' id='word_1_4' title='bbox 1776 373 2032 430; x_wconf 82' lang='lat' dir='ltr'><strong>ORDINE</strong></span> <span class='ocrx_word' id='word_1_5' title='bbox 2072 368 2581 430; x_wconf 80' lang='lat' dir='ltr'><strong>ANTIPIIONARII.</strong></span> 
     </span>
    </p>
   </div>
   <div class='ocr_carea' id='block_1_3' title="bbox 3506 378 3644 434">
    <p class='ocr_par' dir='ltr' id='par_1_3' title="bbox 3506 378 3644 434">
     <span class='ocr_line' id='line_1_3' title="bbox 3506 378 3644 434; baseline -0.014 -2"><span class='ocrx_word' id='word_1_6' title='bbox 3506 378 3644 434; x_wconf 66' lang='lat'><strong>1:263</strong></span> 
     </span>
    </p>
   </div>
   <div class='ocr_carea' id='block_1_4' title="bbox 379 487 3646 561">
    <p class='ocr_par' dir='ltr' id='par_1_4' title="bbox 379 487 3646 561">
     <span class='ocr_line' id='line_1_4' title="bbox 379 487 3646 561; baseline 0 -14"><span class='ocrx_word' id='word_1_7' title='bbox 379 508 507 547; x_wconf 87' lang='lat' dir='ltr'><strong>num</strong></span> <span class='ocrx_word' id='word_1_8' title='bbox 562 491 1037 561; x_wconf 71' lang='lat' dir='ltr'><strong>Antiphouarium</strong></span> <span class='ocrx_word' id='word_1_9' title='bbox 1093 504 1266 560; x_wconf 87' lang='lat' dir='ltr'><strong>usque</strong></span> <span class='ocrx_word' id='word_1_10' title='bbox 1315 490 1384 544; x_wconf 87' lang='lat' dir='ltr'><strong>ad</strong></span> <span class='ocrx_word' id='word_1_11' title='bbox 1421 489 1789 558; x_wconf 87' lang='lat' dir='ltr'><strong>antiphonam.</strong></span> <span class='ocrx_word' id='word_1_12' title='bbox 1819 487 1956 541; x_wconf 85' lang='lat' dir='ltr'><strong><em>Ecce</em></strong></span> <span class='ocrx_word' id='word_1_13' title='bbox 1983 488 2032 548; x_wconf 78' lang='grc' dir='ltr'>Α</span> <span class='ocrx_word' id='word_1_14' title='bbox 2059 487 2125 540; x_wconf 87' lang='lat' dir='ltr'><strong>Et</strong></span> <span class='ocrx_word' id='word_1_15' title='bbox 2161 488 2416 557; x_wconf 82' lang='lat' dir='ltr'><strong>quoniam</strong></span> <span class='ocrx_word' id='word_1_16' title='bbox 2461 503 2559 558; x_wconf 88' lang='lat' dir='ltr'><strong>per</strong></span> <span class='ocrx_word' id='word_1_17' title='bbox 2609 489 3019 559; x_wconf 82' lang='lat' dir='ltr'><strong>conceptionem</strong></span> <span class='ocrx_word' id='word_1_18' title='bbox 3075 499 3129 544; x_wconf 87' lang='lat' dir='ltr'><strong>et</strong></span> <span class='ocrx_word' id='word_1_19' title='bbox 3172 499 3385 559; x_wconf 78' lang='lat' dir='ltr'><strong>partum</strong></span> <span class='ocrx_word' id='word_1_20' title='bbox 3436 504 3646 549; x_wconf 68' lang='lat' dir='ltr'><strong>sanctae-</strong></span> 
     </span>
    </p>
   </div>
   <div class='ocr_carea' id='block_1_5' title="bbox 380 581 955 653">
    <p class='ocr_par' dir='ltr' id='par_1_5' title="bbox 380 581 955 653">
     <span class='ocr_line' id='line_1_5' title="bbox 380 581 955 653; baseline -0.003 -17"><span class='ocrx_word' id='word_1_21' title='bbox 380 582 649 653; x_wconf 75' lang='lat' dir='ltr'><strong>apparebit</strong></span> <span class='ocrx_word' id='word_1_22' title='bbox 680 581 955 636; x_wconf 76' lang='lat' dir='ltr'><strong>Dominus.</strong></span> 
     </span>
    </p>
   </div>
   <div class='ocr_carea' id='block_1_6' title="bbox 977 689 1354 747">
    <p class='ocr_par' dir='ltr' id='par_1_6' title="bbox 977 689 1354 747">
     <span class='ocr_line' id='line_1_6' title="bbox 977 689 1354 747; baseline -0.008 -1"><span class='ocrx_word' id='word_1_23' title='bbox 977 689 1204 747; x_wconf 76' lang='lat' dir='ltr'><strong>CAPUT</strong></span> <span class='ocrx_word' id='word_1_24' title='bbox 1243 690 1354 744; x_wconf 79' lang='lat' dir='ltr'><strong>XII.</strong></span> 
     </span>
    </p>
   </div>
   <div class='ocr_carea' id='block_1_7' title="bbox 451 803 1958 876">
    <p class='ocr_par' dir='ltr' id='par_1_7' title="bbox 451 803 1958 876">
     <span class='ocr_line' id='line_1_7' title="bbox 451 803 1958 876; baseline -0.004 -14"><span class='ocrx_word' id='word_1_25' title='bbox 451 806 847 876; x_wconf 39' lang='lat' dir='ltr'><strong>De,antipltonis</strong></span> <span class='ocrx_word' id='word_1_26' title='bbox 869 805 1124 876; x_wconf 88' lang='lat' dir='ltr'><strong>feriarum</strong></span> <span class='ocrx_word' id='word_1_27' title='bbox 1147 804 1201 856; x_wconf 88' lang='lat' dir='ltr'><strong>in</strong></span> <span class='ocrx_word' id='word_1_28' title='bbox 1225 805 1464 876; x_wconf 65' lang='lat' dir='ltr'><strong>proxima</strong></span> <span class='ocrx_word' id='word_1_29' title='bbox 1488 803 1816 858; x_wconf 83' lang='lat' dir='ltr'><strong>ltebdomada</strong></span> <span class='ocrx_word' id='word_1_30' title='bbox 1839 811 1958 857; x_wconf 88' lang='lat' dir='ltr'><strong>ante</strong></span> 
     </span>
    </p>
   </div>
   <div class='ocr_carea' id='block_1_8' title="bbox 873 873 1461 930">
    <p class='ocr_par' dir='ltr' id='par_1_8' title="bbox 873 873 1461 930">
     <span class='ocr_line' id='line_1_8' title="bbox 873 873 1461 930; baseline -0.007 0"><span class='ocrx_word' id='word_1_31' title='bbox 873 875 1193 930; x_wconf 73' lang='lat' dir='ltr'><strong>nativitatem</strong></span> <span class='ocrx_word' id='word_1_32' title='bbox 1232 873 1461 927; x_wconf 80' lang='lat' dir='ltr'><strong>Domini.</strong></span> 
     </span>
    </p>
   </div>
   <div class='ocr_carea' id='block_1_9' title="bbox 447 985 1958 1056">
    <p class='ocr_par' dir='ltr' id='par_1_9' title="bbox 447 985 1958 1056">
     <span class='ocr_line' id='line_1_9' title="bbox 447 985 1958 1056; baseline -0.002 -16"><span class='ocrx_word' id='word_1_33' title='bbox 447 988 549 1042; x_wconf 89' lang='lat' dir='ltr'><strong>Per</strong></span> <span class='ocrx_word' id='word_1_34' title='bbox 577 995 782 1056; x_wconf 91' lang='lat' dir='ltr'><strong>septem</strong></span> <span class='ocrx_word' id='word_1_35' title='bbox 819 986 934 1042; x_wconf 88' lang='lat' dir='ltr'><strong>dies</strong></span> <span class='ocrx_word' id='word_1_36' title='bbox 963 995 1291 1042; x_wconf 78' lang='lat' dir='ltr'><strong>renovantur</strong></span> <span class='ocrx_word' id='word_1_37' title='bbox 1336 986 1646 1056; x_wconf 76' lang='lat' dir='ltr'><strong>antiphonm</strong></span> <span class='ocrx_word' id='word_1_38' title='bbox 1680 985 1745 1040; x_wconf 88' lang='lat' dir='ltr'><strong>de</strong></span> <span class='ocrx_word' id='word_1_39' title='bbox 1783 993 1958 1038; x_wconf 91' lang='lat' dir='ltr'><strong>matu-</strong></span> 
     </span>
    </p>
   </div>
   <div class='ocr_carea' id='block_1_10' title="bbox 379 1077 1956 1149">
    <p class='ocr_par' dir='ltr' id='par_1_10' title="bbox 379 1077 1956 1149">
     <span class='ocr_line' id='line_1_10' title="bbox 379 1077 1956 1149; baseline -0.002 -16"><span class='ocrx_word' id='word_1_40' title='bbox 379 1080 502 1134; x_wconf 86' lang='lat' dir='ltr'><strong>tinis</strong></span> <span class='ocrx_word' id='word_1_41' title='bbox 551 1079 604 1133; x_wconf 90' lang='lat' dir='ltr'><strong>in</strong></span> <span class='ocrx_word' id='word_1_42' title='bbox 655 1079 907 1134; x_wconf 88' lang='lat' dir='ltr'><strong>omnibus</strong></span> <span class='ocrx_word' id='word_1_43' title='bbox 958 1079 1368 1149; x_wconf 84' lang='lat' dir='ltr'><strong>Antiphonariis</strong></span> <span class='ocrx_word' id='word_1_44' title='bbox 1427 1087 1552 1133; x_wconf 90' lang='lat' dir='ltr'><strong>ante</strong></span> <span class='ocrx_word' id='word_1_45' title='bbox 1609 1077 1956 1134; x_wconf 85' lang='lat' dir='ltr'><strong>Nativitatem</strong></span> 
     </span>
    </p>
   </div>
   <div class='ocr_carea' id='block_1_11' title="bbox 376 1169 1956 1240">
    <p class='ocr_par' dir='ltr' id='par_1_11' title="bbox 376 1169 1956 1240">
     <span class='ocr_line' id='line_1_11' title="bbox 376 1169 1956 1240; baseline -0.001 -15"><span class='ocrx_word' id='word_1_46' title='bbox 376 1170 608 1235; x_wconf 85' lang='lat' dir='ltr'><strong>Domini,</strong></span> <span class='ocrx_word' id='word_1_47' title='bbox 640 1171 695 1226; x_wconf 88' lang='lat' dir='ltr'><strong>id</strong></span> <span class='ocrx_word' id='word_1_48' title='bbox 728 1179 832 1236; x_wconf 90' lang='lat' dir='ltr'><strong>est,</strong></span> <span class='ocrx_word' id='word_1_49' title='bbox 873 1185 902 1224; x_wconf 92' lang='lat' dir='ltr'><strong>a</strong></span> <span class='ocrx_word' id='word_1_50' title='bbox 944 1171 1117 1240; x_wconf 90' lang='lat' dir='ltr'><strong>prima</strong></span> <span class='ocrx_word' id='word_1_51' title='bbox 1152 1172 1477 1240; x_wconf 89' lang='lat' dir='ltr'><strong>antiphona,</strong></span> <span class='ocrx_word' id='word_1_52' title='bbox 1516 1169 1700 1224; x_wconf 91' lang='lat' dir='ltr'><strong>Canite</strong></span> <span class='ocrx_word' id='word_1_53' title='bbox 1737 1169 1862 1223; x_wconf 89' lang='lat' dir='ltr'><strong>tuba</strong></span> <span class='ocrx_word' id='word_1_54' title='bbox 1899 1169 1956 1223; x_wconf 85' lang='lat' dir='ltr'><strong>in</strong></span> 
     </span>
    </p>
   </div>
   <div class='ocr_carea' id='block_1_12' title="bbox 377 1261 1954 1333">
    <p class='ocr_par' dir='ltr' id='par_1_12' title="bbox 377 1261 1954 1333">
     <span class='ocr_line' id='line_1_12' title="bbox 377 1261 1954 1333; baseline -0.004 -13"><span class='ocrx_word' id='word_1_55' title='bbox 377 1263 528 1328; x_wconf 77' lang='lat' dir='ltr'><strong>Sion,</strong></span> <span class='ocrx_word' id='word_1_56' title='bbox 557 1263 626 1317; x_wconf 91' lang='lat' dir='ltr'><strong>de</strong></span> <span class='ocrx_word' id='word_1_57' title='bbox 654 1263 934 1318; x_wconf 89' lang='lat' dir='ltr'><strong>Dominica</strong></span> <span class='ocrx_word' id='word_1_58' title='bbox 960 1271 1121 1318; x_wconf 85' lang='lat' dir='ltr'><strong>nocte</strong></span> <span class='ocrx_word' id='word_1_59' title='bbox 1141 1278 1311 1333; x_wconf 88' lang='lat' dir='ltr'><strong>usque</strong></span> <span class='ocrx_word' id='word_1_60' title='bbox 1346 1263 1414 1319; x_wconf 87' lang='lat' dir='ltr'><strong>ad</strong></span> <span class='ocrx_word' id='word_1_61' title='bbox 1446 1263 1676 1332; x_wconf 82' lang='lat' dir='ltr'><strong>primam</strong></span> <span class='ocrx_word' id='word_1_62' title='bbox 1704 1261 1954 1331; x_wconf 88' lang='lat' dir='ltr'><strong>autipho-</strong></span> 
     </span>
    </p>
   </div>
   <div class='ocr_carea' id='block_1_13' title="bbox 373 1352 1948 1426">
    <p class='ocr_par' dir='ltr' id='par_1_13' title="bbox 373 1352 1948 1426">
     <span class='ocr_line' id='line_1_13' title="bbox 373 1352 1948 1426; baseline -0.001 -18"><span class='ocrx_word' id='word_1_63' title='bbox 373 1369 519 1419; x_wconf 87' lang='lat' dir='ltr'><strong>nam,</strong></span> <span class='ocrx_word' id='word_1_64' title='bbox 564 1352 789 1425; x_wconf 65' lang='lat' dir='ltr'><strong>[Iudaea</strong></span> <span class='ocrx_word' id='word_1_65' title='bbox 841 1363 889 1409; x_wconf 89' lang='lat' dir='ltr'><strong>et</strong></span> <span class='ocrx_word' id='word_1_66' title='bbox 932 1353 1354 1426; x_wconf 84' lang='lat' dir='ltr'><strong>Hierusalem,]</strong></span> <span class='ocrx_word' id='word_1_67' title='bbox 1401 1355 1468 1410; x_wconf 92' lang='lat' dir='ltr'><strong>de</strong></span> <span class='ocrx_word' id='word_1_68' title='bbox 1515 1353 1723 1408; x_wconf 77' lang='lat' dir='ltr'><strong>sabbati</strong></span> <span class='ocrx_word' id='word_1_69' title='bbox 1770 1360 1948 1408; x_wconf 89' lang='lat' dir='ltr'><strong>nocte.</strong></span> 
     </span>
    </p>
   </div>
   <div class='ocr_carea' id='block_1_14' title="bbox 377 1441 1953 1515">
    <p class='ocr_par' dir='ltr' id='par_1_14' title="bbox 377 1441 1953 1515">
     <span class='ocr_line' id='line_1_14' title="bbox 377 1441 1953 1515; baseline -0.003 -16"><span class='ocrx_word' id='word_1_70' title='bbox 377 1443 720 1514; x_wconf 86' lang='lat' dir='ltr'><strong>Septiformis</strong></span> <span class='ocrx_word' id='word_1_71' title='bbox 743 1443 991 1514; x_wconf 76' lang='lat' dir='ltr'><strong>spiritus,</strong></span> <span class='ocrx_word' id='word_1_72' title='bbox 1021 1443 1176 1513; x_wconf 78' lang='lat' dir='ltr'><strong>cujus</strong></span> <span class='ocrx_word' id='word_1_73' title='bbox 1186 1461 1323 1515; x_wconf 90' lang='lat' dir='ltr'><strong>opus</strong></span> <span class='ocrx_word' id='word_1_74' title='bbox 1345 1452 1430 1498; x_wconf 89' lang='lat' dir='ltr'><strong>est</strong></span> <span class='ocrx_word' id='word_1_75' title='bbox 1450 1444 1733 1513; x_wconf 84' lang='lat' dir='ltr'><strong>conceptio</strong></span> <span class='ocrx_word' id='word_1_76' title='bbox 1756 1441 1814 1496; x_wconf 92' lang='lat' dir='ltr'><strong>S.</strong></span> <span class='ocrx_word' id='word_1_77' title='bbox 1846 1441 1953 1495; x_wconf 79' lang='lat' dir='ltr'><strong>Ma-</strong></span> 
     </span>
    </p>
   </div>
   <div class='ocr_carea' id='block_1_15' title="bbox 377 1535 1953 1605">
    <p class='ocr_par' dir='ltr' id='par_1_15' title="bbox 377 1535 1953 1605">
     <span class='ocr_line' id='line_1_15' title="bbox 377 1535 1953 1605; baseline -0.001 -16"><span class='ocrx_word' id='word_1_78' title='bbox 377 1537 468 1590; x_wconf 76' lang='lat' dir='ltr'><strong>ria:</strong></span> <span class='ocrx_word' id='word_1_79' title='bbox 511 1545 565 1590; x_wconf 92' lang='lat' dir='ltr'><strong>et</strong></span> <span class='ocrx_word' id='word_1_80' title='bbox 609 1543 820 1604; x_wconf 90' lang='lat' dir='ltr'><strong>partus,</strong></span> <span class='ocrx_word' id='word_1_81' title='bbox 868 1535 1024 1590; x_wconf 90' lang='lat' dir='ltr'><strong>nobis</strong></span> <span class='ocrx_word' id='word_1_82' title='bbox 1047 1537 1114 1590; x_wconf 90' lang='lat' dir='ltr'><strong>ad</strong></span> <span class='ocrx_word' id='word_1_83' title='bbox 1162 1537 1479 1592; x_wconf 86' lang='lat' dir='ltr'><strong>memoriam</strong></span> <span class='ocrx_word' id='word_1_84' title='bbox 1529 1535 1808 1591; x_wconf 84' lang='lat' dir='ltr'><strong>reducitur</strong></span> <span class='ocrx_word' id='word_1_85' title='bbox 1856 1549 1953 1605; x_wconf 90' lang='lat' dir='ltr'><strong>per</strong></span> 
     </span>
    </p>
   </div>
   <div class='ocr_carea' id='block_1_16' title="bbox 371 1624 1950 1697">
    <p class='ocr_par' dir='ltr' id='par_1_16' title="bbox 371 1624 1950 1697">
     <span class='ocr_line' id='line_1_16' title="bbox 371 1624 1950 1697; baseline -0.003 -16"><span class='ocrx_word' id='word_1_86' title='bbox 371 1627 738 1697; x_wconf 82' lang='lat' dir='ltr'><strong>septenarium</strong></span> <span class='ocrx_word' id='word_1_87' title='bbox 770 1641 1074 1681; x_wconf 86' lang='lat' dir='ltr'><strong>numerum.</strong></span> <span class='ocrx_word' id='word_1_88' title='bbox 1119 1625 1273 1682; x_wconf 89' lang='lat' dir='ltr'><strong>Unde</strong></span> <span class='ocrx_word' id='word_1_89' title='bbox 1308 1633 1364 1681; x_wconf 90' lang='lat' dir='ltr'><strong>et</strong></span> <span class='ocrx_word' id='word_1_90' title='bbox 1389 1625 1579 1681; x_wconf 89' lang='lat' dir='ltr'><strong>eadem</strong></span> <span class='ocrx_word' id='word_1_91' title='bbox 1614 1624 1950 1679; x_wconf 87' lang='lat' dir='ltr'><strong>hebdomada</strong></span> 
     </span>
    </p>
   </div>
   <div class='ocr_carea' id='block_1_17' title="bbox 371 1713 1950 1784">
    <p class='ocr_par' dir='ltr' id='par_1_17' title="bbox 371 1713 1950 1784">
     <span class='ocr_line' id='line_1_17' title="bbox 371 1713 1950 1784; baseline 0 -17"><span class='ocrx_word' id='word_1_92' title='bbox 371 1714 568 1784; x_wconf 82' lang='lat' dir='ltr'><strong>legitur</strong></span> <span class='ocrx_word' id='word_1_93' title='bbox 609 1714 776 1768; x_wconf 89' lang='lat' dir='ltr'><strong>Isaias</strong></span> <span class='ocrx_word' id='word_1_94' title='bbox 822 1716 1104 1784; x_wconf 85' lang='lat' dir='ltr'><strong>propheta,</strong></span> <span class='ocrx_word' id='word_1_95' title='bbox 1143 1715 1234 1783; x_wconf 84' lang='lat' dir='ltr'><strong>qui</strong></span> <span class='ocrx_word' id='word_1_96' title='bbox 1281 1723 1534 1769; x_wconf 90' lang='lat' dir='ltr'><strong>numerat</strong></span> <span class='ocrx_word' id='word_1_97' title='bbox 1575 1722 1780 1783; x_wconf 87' lang='lat' dir='ltr'><strong>septem</strong></span> <span class='ocrx_word' id='word_1_98' title='bbox 1811 1713 1950 1769; x_wconf 87' lang='lat' dir='ltr'><strong>dona</strong></span> 
     </span>
    </p>
   </div>
   <div class='ocr_carea' id='block_1_18' title="bbox 371 1802 2681 1916">
    <p class='ocr_par' dir='ltr' id='par_1_18' title="bbox 371 1802 2681 1916">
     <span class='ocr_line' id='line_1_18' title="bbox 371 1802 2681 1916; baseline 0.002 -59"><span class='ocrx_word' id='word_1_99' title='bbox 371 1802 606 1873; x_wconf 84' lang='lat' dir='ltr'><strong>Spiritus</strong></span> <span class='ocrx_word' id='word_1_100' title='bbox 642 1804 816 1858; x_wconf 85' lang='lat' dir='ltr'><strong>sancti</strong></span> <span class='ocrx_word' id='word_1_101' title='bbox 844 1804 898 1858; x_wconf 89' lang='lat' dir='ltr'><strong>in</strong></span> <span class='ocrx_word' id='word_1_102' title='bbox 930 1803 1512 1916; x_wconf 27' lang='lat' dir='ltr'><strong>sextalferiafquando</strong></span> <span class='ocrx_word' id='word_1_103' title='bbox 1534 1805 1746 1916; x_wconf 72' lang='lat' dir='ltr'><strong>primus</strong></span> <span class='ocrx_word' id='word_1_104' title='bbox 1787 1805 1949 1859; x_wconf 91' lang='lat' dir='ltr'><strong>homo</strong></span> <span class='ocrx_word' id='word_1_105' title='bbox 1976 1830 2024 1889; x_wconf 74' lang='grc' dir='ltr'><strong>Β</strong></span> 
     </span>
    </p>
   </div>
   <div class='ocr_carea' id='block_1_19' title="bbox 370 1896 1948 1965">
    <p class='ocr_par' dir='ltr' id='par_1_19' title="bbox 370 1896 1948 1965">
     <span class='ocr_line' id='line_1_19' title="bbox 370 1896 1948 1965; baseline 0.001 -16"><span class='ocrx_word' id='word_1_106' title='bbox 370 1904 586 1951; x_wconf 87' lang='lat' dir='ltr'><strong>creatus</strong></span> <span class='ocrx_word' id='word_1_107' title='bbox 630 1903 734 1961; x_wconf 91' lang='lat' dir='ltr'><strong>est,</strong></span> <span class='ocrx_word' id='word_1_108' title='bbox 776 1910 936 1965; x_wconf 83' lang='lat' dir='ltr'><strong>quem</strong></span> <span class='ocrx_word' id='word_1_109' title='bbox 987 1896 1146 1950; x_wconf 88' lang='lat' dir='ltr'><strong>modo</strong></span> <span class='ocrx_word' id='word_1_110' title='bbox 1175 1897 1315 1950; x_wconf 81' lang='lat' dir='ltr'><strong>venit</strong></span> <span class='ocrx_word' id='word_1_111' title='bbox 1358 1896 1628 1952; x_wconf 89' lang='lat' dir='ltr'><strong>secundus</strong></span> <span class='ocrx_word' id='word_1_112' title='bbox 1661 1896 1824 1952; x_wconf 89' lang='lat' dir='ltr'><strong>homo</strong></span> <span class='ocrx_word' id='word_1_113' title='bbox 1863 1913 1948 1951; x_wconf 85' lang='lat' dir='ltr'><strong>re-</strong></span> 
     </span>
    </p>
   </div>
   <div class='ocr_carea' id='block_1_20' title="bbox 369 1985 1950 2058">
    <p class='ocr_par' dir='ltr' id='par_1_20' title="bbox 369 1985 1950 2058">
     <span class='ocr_line' id='line_1_20' title="bbox 369 1985 1950 2058; baseline 0 -18"><span class='ocrx_word' id='word_1_114' title='bbox 369 1985 627 2041; x_wconf 82' lang='lat' dir='ltr'><strong>formare.</strong></span> <span class='ocrx_word' id='word_1_115' title='bbox 674 1987 937 2057; x_wconf 87' lang='lat' dir='ltr'><strong>Congruit</strong></span> <span class='ocrx_word' id='word_1_116' title='bbox 962 1987 1108 2042; x_wconf 90' lang='lat' dir='ltr'><strong>enim</strong></span> <span class='ocrx_word' id='word_1_117' title='bbox 1138 1987 1320 2042; x_wconf 87' lang='lat' dir='ltr'><strong>itineri</strong></span> <span class='ocrx_word' id='word_1_118' title='bbox 1352 1994 1558 2052; x_wconf 90' lang='lat' dir='ltr'><strong>nostro,</strong></span> <span class='ocrx_word' id='word_1_119' title='bbox 1588 2002 1696 2056; x_wconf 90' lang='lat' dir='ltr'><strong>quo</strong></span> <span class='ocrx_word' id='word_1_120' title='bbox 1724 2001 1950 2058; x_wconf 82' lang='lat' dir='ltr'><strong>pergen-</strong></span> 
     </span>
    </p>
   </div>
   <div class='ocr_carea' id='block_1_21' title="bbox 370 2080 1950 2152">
    <p class='ocr_par' dir='ltr' id='par_1_21' title="bbox 370 2080 1950 2152">
     <span class='ocr_line' id='line_1_21' title="bbox 370 2080 1950 2152; baseline 0.001 -18"><span class='ocrx_word' id='word_1_121' title='bbox 370 2081 498 2135; x_wconf 89' lang='lat' dir='ltr'><strong>dum</strong></span> <span class='ocrx_word' id='word_1_122' title='bbox 523 2089 607 2136; x_wconf 89' lang='lat' dir='ltr'><strong>est</strong></span> <span class='ocrx_word' id='word_1_123' title='bbox 633 2082 850 2137; x_wconf 86' lang='lat' dir='ltr'><strong>obviam</strong></span> <span class='ocrx_word' id='word_1_124' title='bbox 881 2081 1098 2137; x_wconf 87' lang='lat' dir='ltr'><strong>Christo</strong></span> <span class='ocrx_word' id='word_1_125' title='bbox 1127 2080 1343 2146; x_wconf 88' lang='lat' dir='ltr'><strong>infanti,</strong></span> <span class='ocrx_word' id='word_1_126' title='bbox 1377 2081 1738 2152; x_wconf 77' lang='lat' dir='ltr'><strong>frequentatio</strong></span> <span class='ocrx_word' id='word_1_127' title='bbox 1773 2089 1950 2150; x_wconf 90' lang='lat' dir='ltr'><strong>septe-</strong></span> 
     </span>
    </p>
   </div>
   <div class='ocr_carea' id='block_1_22' title="bbox 371 2169 1950 2241">
    <p class='ocr_par' dir='ltr' id='par_1_22' title="bbox 371 2169 1950 2241">
     <span class='ocr_line' id='line_1_22' title="bbox 371 2169 1950 2241; baseline 0.002 -18"><span class='ocrx_word' id='word_1_128' title='bbox 371 2169 510 2224; x_wconf 89' lang='lat' dir='ltr'><strong>narii</strong></span> <span class='ocrx_word' id='word_1_129' title='bbox 546 2171 780 2236; x_wconf 89' lang='lat' dir='ltr'><strong>numeri,</strong></span> <span class='ocrx_word' id='word_1_130' title='bbox 830 2179 1099 2241; x_wconf 85' lang='lat' dir='ltr'><strong>quatenus</strong></span> <span class='ocrx_word' id='word_1_131' title='bbox 1139 2185 1205 2225; x_wconf 92' lang='lat' dir='ltr'><strong>eo</strong></span> <span class='ocrx_word' id='word_1_132' title='bbox 1236 2171 1506 2227; x_wconf 84' lang='lat' dir='ltr'><strong>discamus</strong></span> <span class='ocrx_word' id='word_1_133' title='bbox 1543 2185 1766 2227; x_wconf 87' lang='lat' dir='ltr'><strong>necesse</strong></span> <span class='ocrx_word' id='word_1_134' title='bbox 1795 2171 1950 2226; x_wconf 88' lang='lat' dir='ltr'><strong>nobis</strong></span> 
     </span>
    </p>
   </div>
   <div class='ocr_carea' id='block_1_23' title="bbox 366 2259 1949 2331">
    <p class='ocr_par' dir='ltr' id='par_1_23' title="bbox 366 2259 1949 2331">
     <span class='ocr_line' id='line_1_23' title="bbox 366 2259 1949 2331; baseline 0 -17"><span class='ocrx_word' id='word_1_135' title='bbox 366 2274 488 2314; x_wconf 87' lang='lat' dir='ltr'><strong>esse</strong></span> <span class='ocrx_word' id='word_1_136' title='bbox 530 2261 745 2329; x_wconf 87' lang='lat' dir='ltr'><strong>precari</strong></span> <span class='ocrx_word' id='word_1_137' title='bbox 787 2261 925 2315; x_wconf 86' lang='lat' dir='ltr'><strong>dona</strong></span> <span class='ocrx_word' id='word_1_138' title='bbox 964 2260 1296 2331; x_wconf 87' lang='lat' dir='ltr'><strong>septiformis</strong></span> <span class='ocrx_word' id='word_1_139' title='bbox 1333 2259 1590 2331; x_wconf 88' lang='lat' dir='ltr'><strong>Spiritus,</strong></span> <span class='ocrx_word' id='word_1_140' title='bbox 1642 2261 1837 2330; x_wconf 85' lang='lat' dir='ltr'><strong>quibus</strong></span> <span class='ocrx_word' id='word_1_141' title='bbox 1865 2273 1949 2314; x_wconf 88' lang='lat' dir='ltr'><strong>re-</strong></span> 
     </span>
    </p>
   </div>
   <div class='ocr_carea' id='block_1_24' title="bbox 368 2349 1949 2420">
    <p class='ocr_par' dir='ltr' id='par_1_24' title="bbox 368 2349 1949 2420">
     <span class='ocr_line' id='line_1_24' title="bbox 368 2349 1949 2420; baseline 0.002 -19"><span class='ocrx_word' id='word_1_142' title='bbox 368 2349 552 2403; x_wconf 90' lang='lat' dir='ltr'><strong>novati</strong></span> <span class='ocrx_word' id='word_1_143' title='bbox 580 2357 634 2403; x_wconf 92' lang='lat' dir='ltr'><strong>et</strong></span> <span class='ocrx_word' id='word_1_144' title='bbox 670 2349 881 2417; x_wconf 88' lang='lat' dir='ltr'><strong>ornati,</strong></span> <span class='ocrx_word' id='word_1_145' title='bbox 919 2366 1205 2420; x_wconf 86' lang='lat' dir='ltr'><strong>possumus</strong></span> <span class='ocrx_word' id='word_1_146' title='bbox 1231 2351 1390 2420; x_wconf 84' lang='lat' dir='ltr'><strong>digne</strong></span> <span class='ocrx_word' id='word_1_147' title='bbox 1412 2349 1725 2419; x_wconf 70' lang='lat' dir='ltr'><strong>prmsentari</strong></span> <span class='ocrx_word' id='word_1_148' title='bbox 1749 2357 1949 2419; x_wconf 86' lang='lat' dir='ltr'><strong>myste-</strong></span> 
     </span>
    </p>
   </div>
   <div class='ocr_carea' id='block_1_25' title="bbox 369 2439 1950 2513">
    <p class='ocr_par' dir='ltr' id='par_1_25' title="bbox 369 2439 1950 2513">
     <span class='ocr_line' id='line_1_25' title="bbox 369 2439 1950 2513; baseline 0.002 -21"><span class='ocrx_word' id='word_1_149' title='bbox 369 2439 466 2494; x_wconf 85' lang='lat' dir='ltr'><strong>riis</strong></span> <span class='ocrx_word' id='word_1_150' title='bbox 507 2441 806 2496; x_wconf 84' lang='lat' dir='ltr'><strong>nativitatis</strong></span> <span class='ocrx_word' id='word_1_151' title='bbox 847 2439 1072 2513; x_wconf 82' lang='lat' dir='ltr'><strong>Christi.</strong></span> <span class='ocrx_word' id='word_1_152' title='bbox 1127 2443 1341 2498; x_wconf 89' lang='lat' dir='ltr'><strong>Etenim</strong></span> <span class='ocrx_word' id='word_1_153' title='bbox 1387 2449 1586 2497; x_wconf 69' lang='lat' dir='ltr'><strong>sancta:</strong></span> <span class='ocrx_word' id='word_1_154' title='bbox 1639 2440 1840 2507; x_wconf 83' lang='lat' dir='ltr'><strong>Mariae,</strong></span> <span class='ocrx_word' id='word_1_155' title='bbox 1889 2448 1950 2496; x_wconf 88' lang='lat' dir='ltr'><strong>ut</strong></span> 
     </span>
    </p>
   </div>
   <div class='ocr_carea' id='block_1_26' title="bbox 367 2532 1948 2602">
    <p class='ocr_par' dir='ltr' id='par_1_26' title="bbox 367 2532 1948 2602">
     <span class='ocr_line' id='line_1_26' title="bbox 367 2532 1948 2602; baseline 0.003 -18"><span class='ocrx_word' id='word_1_156' title='bbox 367 2532 631 2601; x_wconf 87' lang='lat' dir='ltr'><strong>potuisset</strong></span> <span class='ocrx_word' id='word_1_157' title='bbox 668 2532 784 2602; x_wconf 89' lang='lat' dir='ltr'><strong>ipsa</strong></span> <span class='ocrx_word' id='word_1_158' title='bbox 810 2534 1041 2598; x_wconf 77' lang='lat' dir='ltr'><strong>eum,-id</strong></span> <span class='ocrx_word' id='word_1_159' title='bbox 1065 2542 1170 2599; x_wconf 92' lang='lat' dir='ltr'><strong>est,</strong></span> <span class='ocrx_word' id='word_1_160' title='bbox 1216 2533 1495 2589; x_wconf 87' lang='lat' dir='ltr'><strong>Christum</strong></span> <span class='ocrx_word' id='word_1_161' title='bbox 1536 2533 1820 2588; x_wconf 89' lang='lat' dir='ltr'><strong>Dominum</strong></span> <span class='ocrx_word' id='word_1_162' title='bbox 1853 2548 1948 2588; x_wconf 89' lang='lat' dir='ltr'><strong>no-</strong></span> 
     </span>
    </p>
   </div>
   <div class='ocr_carea' id='block_1_27' title="bbox 367 2621 1947 2692">
    <p class='ocr_par' dir='ltr' id='par_1_27' title="bbox 367 2621 1947 2692">
     <span class='ocr_line' id='line_1_27' title="bbox 367 2621 1947 2692; baseline 0.003 -19"><span class='ocrx_word' id='word_1_163' title='bbox 367 2629 543 2674; x_wconf 86' lang='lat' dir='ltr'><strong>strum</strong></span> <span class='ocrx_word' id='word_1_164' title='bbox 579 2621 855 2691; x_wconf 87' lang='lat' dir='ltr'><strong>suscipere</strong></span> <span class='ocrx_word' id='word_1_165' title='bbox 897 2631 949 2677; x_wconf 85' lang='lat' dir='ltr'><strong>et</strong></span> <span class='ocrx_word' id='word_1_166' title='bbox 979 2632 1219 2692; x_wconf 91' lang='lat' dir='ltr'><strong>portare,</strong></span> <span class='ocrx_word' id='word_1_167' title='bbox 1258 2631 1314 2678; x_wconf 91' lang='lat' dir='ltr'><strong>et</strong></span> <span class='ocrx_word' id='word_1_168' title='bbox 1351 2622 1469 2677; x_wconf 84' lang='lat' dir='ltr'><strong>ﬁeri</strong></span> <span class='ocrx_word' id='word_1_169' title='bbox 1514 2621 1630 2690; x_wconf 88' lang='lat' dir='ltr'><strong>ejus</strong></span> <span class='ocrx_word' id='word_1_170' title='bbox 1667 2623 1947 2679; x_wconf 87' lang='lat' dir='ltr'><strong>habitacu-</strong></span> 
     </span>
    </p>
   </div>
   <div class='ocr_carea' id='block_1_28' title="bbox 368 2708 1945 2783">
    <p class='ocr_par' dir='ltr' id='par_1_28' title="bbox 368 2708 1945 2783">
     <span class='ocr_line' id='line_1_28' title="bbox 368 2708 1945 2783; baseline 0.004 -22"><span class='ocrx_word' id='word_1_171' title='bbox 368 2708 501 2775; x_wconf 88' lang='lat' dir='ltr'><strong>lum,</strong></span> <span class='ocrx_word' id='word_1_172' title='bbox 533 2709 670 2764; x_wconf 91' lang='lat' dir='ltr'><strong>idem</strong></span> <span class='ocrx_word' id='word_1_173' title='bbox 707 2709 940 2780; x_wconf 86' lang='lat' dir='ltr'><strong>Spiritus</strong></span> <span class='ocrx_word' id='word_1_174' title='bbox 975 2721 1196 2768; x_wconf 86' lang='lat' dir='ltr'><strong>sanctus</strong></span> <span class='ocrx_word' id='word_1_175' title='bbox 1233 2711 1597 2775; x_wconf 77' lang='lat' dir='ltr'><strong>obumbravit.</strong></span> <span class='ocrx_word' id='word_1_176' title='bbox 1641 2711 1945 2783; x_wconf 82' lang='lat' dir='ltr'><strong>Responso-</strong></span> 
     </span>
    </p>
   </div>
   <div class='ocr_carea' id='block_1_29' title="bbox 368 2799 1944 2875">
    <p class='ocr_par' dir='ltr' id='par_1_29' title="bbox 368 2799 1944 2875">
     <span class='ocr_line' id='line_1_29' title="bbox 368 2799 1944 2875; baseline 0.005 -23"><span class='ocrx_word' id='word_1_177' title='bbox 368 2799 498 2864; x_wconf 89' lang='lat' dir='ltr'><strong>rios,</strong></span> <span class='ocrx_word' id='word_1_178' title='bbox 529 2809 586 2855; x_wconf 92' lang='lat' dir='ltr'><strong>ut</strong></span> <span class='ocrx_word' id='word_1_179' title='bbox 607 2801 862 2863; x_wconf 74' lang='lat' dir='ltr'><strong>dixi.non</strong></span> <span class='ocrx_word' id='word_1_180' title='bbox 889 2804 1070 2860; x_wconf 86' lang='lat' dir='ltr'><strong>inveni</strong></span> <span class='ocrx_word' id='word_1_181' title='bbox 1099 2805 1381 2861; x_wconf 88' lang='lat' dir='ltr'><strong>distinctos</strong></span> <span class='ocrx_word' id='word_1_182' title='bbox 1404 2805 1472 2860; x_wconf 91' lang='lat' dir='ltr'><strong>ah</strong></span> <span class='ocrx_word' id='word_1_183' title='bbox 1502 2804 1739 2875; x_wconf 80' lang='lat' dir='ltr'><strong>antiquis</strong></span> <span class='ocrx_word' id='word_1_184' title='bbox 1767 2804 1944 2860; x_wconf 90' lang='lat' dir='ltr'><strong>Patri—</strong></span> 
     </span>
    </p>
   </div>
   <div class='ocr_carea' id='block_1_30' title="bbox 370 2891 1946 2972">
    <p class='ocr_par' dir='ltr' id='par_1_30' title="bbox 370 2891 1946 2972">
     <span class='ocr_line' id='line_1_30' title="bbox 370 2891 1946 2972; baseline 0.007 -27"><span class='ocrx_word' id='word_1_185' title='bbox 370 2891 470 2946; x_wconf 90' lang='lat' dir='ltr'><strong>hus</strong></span> <span class='ocrx_word' id='word_1_186' title='bbox 495 2907 592 2962; x_wconf 90' lang='lat' dir='ltr'><strong>per</strong></span> <span class='ocrx_word' id='word_1_187' title='bbox 617 2892 785 2950; x_wconf 85' lang='lat' dir='ltr'><strong>ferias</strong></span> <span class='ocrx_word' id='word_1_188' title='bbox 821 2907 1170 2965; x_wconf 86' lang='lat' dir='ltr'><strong>memoratas,</strong></span> <span class='ocrx_word' id='word_1_189' title='bbox 1199 2901 1322 2956; x_wconf 87' lang='lat' dir='ltr'><strong>ideo</strong></span> <span class='ocrx_word' id='word_1_190' title='bbox 1350 2900 1484 2956; x_wconf 91' lang='lat' dir='ltr'><strong>sileo</strong></span> <span class='ocrx_word' id='word_1_191' title='bbox 1505 2902 1571 2956; x_wconf 91' lang='lat' dir='ltr'><strong>de</strong></span> <span class='ocrx_word' id='word_1_192' title='bbox 1592 2901 1690 2956; x_wconf 88' lang='lat' dir='ltr'><strong>eis.</strong></span> <span class='ocrx_word' id='word_1_193' title='bbox 1717 2899 1946 2972; x_wconf 86' lang='lat' dir='ltr'><strong>[Nasce-</strong></span> 
     </span>
    </p>
   </div>
   <div class='ocr_carea' id='block_1_31' title="bbox 370 2982 1946 3064">
    <p class='ocr_par' dir='ltr' id='par_1_31' title="bbox 370 2982 1946 3064">
     <span class='ocr_line' id='line_1_31' title="bbox 370 2982 1946 3064; baseline 0.01 -31"><span class='ocrx_word' id='word_1_194' title='bbox 370 2991 457 3033; x_wconf 87' lang='lat' dir='ltr'><strong>tur</strong></span> <span class='ocrx_word' id='word_1_195' title='bbox 484 2982 628 3038; x_wconf 88' lang='lat' dir='ltr'><strong>nobis</strong></span> <span class='ocrx_word' id='word_1_196' title='bbox 666 2987 971 3060; x_wconf 83' lang='lat' dir='ltr'><strong>parvulus,]</strong></span> <span class='ocrx_word' id='word_1_197' title='bbox 1009 2989 1189 3046; x_wconf 87' lang='lat' dir='ltr'><strong>inveni</strong></span> <span class='ocrx_word' id='word_1_198' title='bbox 1241 2993 1384 3048; x_wconf 85' lang='lat' dir='ltr'><strong>inter</strong></span> <span class='ocrx_word' id='word_1_199' title='bbox 1431 2993 1806 3064; x_wconf 86' lang='lat' dir='ltr'><strong>responsorios</strong></span> <span class='ocrx_word' id='word_1_200' title='bbox 1851 2993 1946 3063; x_wconf 86' lang='lat' dir='ltr'><strong>qui</strong></span> 
     </span>
    </p>
   </div>
   <div class='ocr_carea' id='block_1_32' title="bbox 372 3076 1946 3160">
    <p class='ocr_par' dir='ltr' id='par_1_32' title="bbox 372 3076 1946 3160">
     <span class='ocr_line' id='line_1_32' title="bbox 372 3076 1946 3160; baseline 0.009 -30"><span class='ocrx_word' id='word_1_201' title='bbox 372 3076 572 3134; x_wconf 81' lang='lat' dir='ltr'><strong>habent</strong></span> <span class='ocrx_word' id='word_1_202' title='bbox 620 3081 834 3136; x_wconf 89' lang='lat' dir='ltr'><strong>initium</strong></span> <span class='ocrx_word' id='word_1_203' title='bbox 859 3098 891 3137; x_wconf 88' lang='lat' dir='ltr'><strong>a</strong></span> <span class='ocrx_word' id='word_1_204' title='bbox 940 3083 1162 3156; x_wconf 79' lang='lat' dir='ltr'><strong>[Canite</strong></span> <span class='ocrx_word' id='word_1_205' title='bbox 1189 3086 1312 3140; x_wconf 86' lang='lat' dir='ltr'><strong>tuba</strong></span> <span class='ocrx_word' id='word_1_206' title='bbox 1346 3087 1403 3141; x_wconf 90' lang='lat' dir='ltr'><strong>in</strong></span> <span class='ocrx_word' id='word_1_207' title='bbox 1431 3085 1582 3160; x_wconf 89' lang='lat' dir='ltr'><strong>Sion]</strong></span> <span class='ocrx_word' id='word_1_208' title='bbox 1615 3088 1668 3142; x_wconf 92' lang='lat' dir='ltr'><strong>in</strong></span> <span class='ocrx_word' id='word_1_209' title='bbox 1698 3086 1946 3145; x_wconf 83' lang='lat' dir='ltr'><strong>Romano</strong></span> 
     </span>
    </p>
   </div>
   <div class='ocr_carea' id='block_1_33' title="bbox 368 3169 1941 3248">
    <p class='ocr_par' dir='ltr' id='par_1_33' title="bbox 368 3169 1941 3248">
     <span class='ocr_line' id='line_1_33' title="bbox 368 3169 1941 3248; baseline 0.007 -25"><span class='ocrx_word' id='word_1_210' title='bbox 368 3169 778 3241; x_wconf 83' lang='lat' dir='ltr'><strong>Antiphonario,</strong></span> <span class='ocrx_word' id='word_1_211' title='bbox 811 3182 866 3230; x_wconf 90' lang='lat' dir='ltr'><strong>et</strong></span> <span class='ocrx_word' id='word_1_212' title='bbox 909 3176 962 3231; x_wconf 90' lang='lat' dir='ltr'><strong>in</strong></span> <span class='ocrx_word' id='word_1_213' title='bbox 993 3175 1218 3232; x_wconf 81' lang='lat' dir='ltr'><strong>Metensi</strong></span> <span class='ocrx_word' id='word_1_214' title='bbox 1257 3176 1647 3248; x_wconf 85' lang='lat' dir='ltr'><strong>Antiphonario</strong></span> <span class='ocrx_word' id='word_1_215' title='bbox 1689 3179 1834 3236; x_wconf 91' lang='lat' dir='ltr'><strong>inter</strong></span> <span class='ocrx_word' id='word_1_216' title='bbox 1864 3180 1941 3234; x_wconf 85' lang='lat' dir='ltr'><strong>fe-</strong></span> 
     </span>
    </p>
   </div>
   <div class='ocr_carea' id='block_1_34' title="bbox 370 3259 1941 3337">
    <p class='ocr_par' dir='ltr' id='par_1_34' title="bbox 370 3259 1941 3337">
     <span class='ocr_line' id='line_1_34' title="bbox 370 3259 1941 3337; baseline 0.008 -25"><span class='ocrx_word' id='word_1_217' title='bbox 370 3259 478 3315; x_wconf 88' lang='lat' dir='ltr'><strong>rias</strong></span> <span class='ocrx_word' id='word_1_218' title='bbox 497 3263 752 3332; x_wconf 91' lang='lat' dir='ltr'><strong>positum,</strong></span> <span class='ocrx_word' id='word_1_219' title='bbox 779 3273 839 3319; x_wconf 90' lang='lat' dir='ltr'><strong>ut</strong></span> <span class='ocrx_word' id='word_1_220' title='bbox 867 3281 1010 3331; x_wconf 89' lang='lat' dir='ltr'><strong>reor,</strong></span> <span class='ocrx_word' id='word_1_221' title='bbox 1035 3267 1162 3336; x_wconf 88' lang='lat' dir='ltr'><strong>quia</strong></span> <span class='ocrx_word' id='word_1_222' title='bbox 1189 3268 1254 3322; x_wconf 91' lang='lat' dir='ltr'><strong>de</strong></span> <span class='ocrx_word' id='word_1_223' title='bbox 1276 3266 1457 3322; x_wconf 89' lang='lat' dir='ltr'><strong>futuro</strong></span> <span class='ocrx_word' id='word_1_224' title='bbox 1477 3269 1739 3337; x_wconf 80' lang='lat' dir='ltr'><strong>scriptum</strong></span> <span class='ocrx_word' id='word_1_225' title='bbox 1773 3278 1857 3325; x_wconf 91' lang='lat' dir='ltr'><strong>est</strong></span> <span class='ocrx_word' id='word_1_226' title='bbox 1884 3271 1941 3326; x_wconf 86' lang='lat' dir='ltr'><strong>in</strong></span> 
     </span>
    </p>
   </div>
   <div class='ocr_carea' id='block_1_35' title="bbox 366 3352 1941 3431">
    <p class='ocr_par' dir='ltr' id='par_1_35' title="bbox 366 3352 1941 3431">
     <span class='ocr_line' id='line_1_35' title="bbox 366 3352 1941 3431; baseline 0.008 -26"><span class='ocrx_word' id='word_1_227' title='bbox 366 3352 756 3423; x_wconf 83' lang='lat' dir='ltr'><strong>Antiphonario</strong></span> <span class='ocrx_word' id='word_1_228' title='bbox 800 3356 1089 3427; x_wconf 75' lang='lat' dir='ltr'><strong>[Nascetur</strong></span> <span class='ocrx_word' id='word_1_229' title='bbox 1136 3359 1282 3413; x_wconf 87' lang='lat' dir='ltr'><strong>nobis</strong></span> <span class='ocrx_word' id='word_1_230' title='bbox 1316 3359 1622 3431; x_wconf 59' lang='lat' dir='ltr'><strong>parvulus]</strong></span> <span class='ocrx_word' id='word_1_231' title='bbox 1652 3359 1763 3416; x_wconf 85' lang='lat' dir='ltr'><strong>Nos</strong></span> <span class='ocrx_word' id='word_1_232' title='bbox 1796 3362 1941 3417; x_wconf 88' lang='lat' dir='ltr'><strong>enim</strong></span> 
     </span>
    </p>
   </div>
   <div class='ocr_carea' id='block_1_36' title="bbox 365 3441 1943 3520">
    <p class='ocr_par' dir='ltr' id='par_1_36' title="bbox 365 3441 1943 3520">
     <span class='ocr_line' id='line_1_36' title="bbox 365 3441 1943 3520; baseline 0.008 -25"><span class='ocrx_word' id='word_1_233' title='bbox 365 3441 592 3513; x_wconf 81' lang='lat' dir='ltr'><strong>legimus</strong></span> <span class='ocrx_word' id='word_1_234' title='bbox 628 3444 822 3500; x_wconf 86' lang='lat' dir='ltr'><strong>Isaiam</strong></span> <span class='ocrx_word' id='word_1_235' title='bbox 860 3449 1208 3518; x_wconf 86' lang='lat' dir='ltr'><strong>prophetam,</strong></span> <span class='ocrx_word' id='word_1_236' title='bbox 1248 3449 1392 3504; x_wconf 89' lang='lat' dir='ltr'><strong>unde</strong></span> <span class='ocrx_word' id='word_1_237' title='bbox 1434 3449 1537 3505; x_wconf 87' lang='lat' dir='ltr'><strong>iste</strong></span> <span class='ocrx_word' id='word_1_238' title='bbox 1569 3453 1943 3520; x_wconf 87' lang='lat' dir='ltr'><strong>responsorius</strong></span> 
     </span>
    </p>
   </div>
   <div class='ocr_carea' id='block_1_37' title="bbox 365 3539 1942 3608">
    <p class='ocr_par' dir='ltr' id='par_1_37' title="bbox 365 3539 1942 3608">
     <span class='ocr_line' id='line_1_37' title="bbox 365 3539 1942 3608; baseline 0.009 -22"><span class='ocrx_word' id='word_1_239' title='bbox 365 3541 678 3604; x_wconf 86' lang='lat' dir='ltr'><strong>assumptus</strong></span> <span class='ocrx_word' id='word_1_240' title='bbox 702 3545 787 3591; x_wconf 87' lang='lat' dir='ltr'><strong>est</strong></span> <span class='ocrx_word' id='word_1_241' title='bbox 835 3546 890 3592; x_wconf 90' lang='lat' dir='ltr'><strong>et</strong></span> <span class='ocrx_word' id='word_1_242' title='bbox 935 3539 1212 3595; x_wconf 88' lang='lat' dir='ltr'><strong>inventum</strong></span> <span class='ocrx_word' id='word_1_243' title='bbox 1259 3549 1343 3598; x_wconf 90' lang='lat' dir='ltr'><strong>est</strong></span> <span class='ocrx_word' id='word_1_244' title='bbox 1396 3543 1452 3598; x_wconf 88' lang='lat' dir='ltr'><strong>in</strong></span> <span class='ocrx_word' id='word_1_245' title='bbox 1493 3542 1608 3608; x_wconf 91' lang='lat' dir='ltr'><strong>illo,</strong></span> <span class='ocrx_word' id='word_1_246' title='bbox 1653 3549 1709 3598; x_wconf 90' lang='lat' dir='ltr'><strong>et</strong></span> <span class='ocrx_word' id='word_1_247' title='bbox 1741 3544 1797 3599; x_wconf 89' lang='lat' dir='ltr'><strong>in</strong></span> <span class='ocrx_word' id='word_1_248' title='bbox 1833 3543 1942 3600; x_wconf 84' lang='lat' dir='ltr'><strong>He-</strong></span> 
     </span>
    </p>
   </div>
   <div class='ocr_carea' id='block_1_38' title="bbox 364 3625 1943 3706">
    <p class='ocr_par' dir='ltr' id='par_1_38' title="bbox 364 3625 1943 3706">
     <span class='ocr_line' id='line_1_38' title="bbox 364 3625 1943 3706; baseline 0.009 -28"><span class='ocrx_word' id='word_1_249' title='bbox 364 3625 556 3680; x_wconf 88' lang='lat' dir='ltr'><strong>braica</strong></span> <span class='ocrx_word' id='word_1_250' title='bbox 609 3627 979 3695; x_wconf 80' lang='lat' dir='ltr'><strong>translatione,</strong></span> <span class='ocrx_word' id='word_1_251' title='bbox 1033 3641 1089 3687; x_wconf 86' lang='lat' dir='ltr'><strong>et</strong></span> <span class='ocrx_word' id='word_1_252' title='bbox 1134 3631 1508 3704; x_wconf 75' lang='lat' dir='ltr'><strong>Septuaginta,</strong></span> <span class='ocrx_word' id='word_1_253' title='bbox 1557 3637 1625 3691; x_wconf 91' lang='lat' dir='ltr'><strong>de</strong></span> <span class='ocrx_word' id='word_1_254' title='bbox 1668 3638 1943 3706; x_wconf 84' lang='lat' dir='ltr'><strong>praeterito</strong></span> 
     </span>
    </p>
   </div>
   <div class='ocr_carea' id='block_1_39' title="bbox 365 3717 1944 3798">
    <p class='ocr_par' dir='ltr' id='par_1_39' title="bbox 365 3717 1944 3798">
     <span class='ocr_line' id='line_1_39' title="bbox 365 3717 1944 3798; baseline 0.009 -28"><span class='ocrx_word' id='word_1_255' title='bbox 365 3717 441 3771; x_wconf 87' lang='lat' dir='ltr'><strong>ibi</strong></span> <span class='ocrx_word' id='word_1_256' title='bbox 491 3717 694 3774; x_wconf 88' lang='lat' dir='ltr'><strong>dictum</strong></span> <span class='ocrx_word' id='word_1_257' title='bbox 734 3734 854 3775; x_wconf 88' lang='lat' dir='ltr'><strong>esse</strong></span> <span class='ocrx_word' id='word_1_258' title='bbox 899 3719 1109 3792; x_wconf 86' lang='lat' dir='ltr'><strong>[Natus</strong></span> <span class='ocrx_word' id='word_1_259' title='bbox 1156 3733 1232 3778; x_wconf 85' lang='lat' dir='ltr'><strong>est</strong></span> <span class='ocrx_word' id='word_1_260' title='bbox 1273 3724 1482 3798; x_wconf 85' lang='lat' dir='ltr'><strong>nobis.]</strong></span> <span class='ocrx_word' id='word_1_261' title='bbox 1530 3724 1712 3783; x_wconf 83' lang='lat' dir='ltr'><strong>Secuti</strong></span> <span class='ocrx_word' id='word_1_262' title='bbox 1757 3743 1944 3784; x_wconf 88' lang='lat' dir='ltr'><strong>sumus</strong></span> 
     </span>
    </p>
   </div>
   <div class='ocr_carea' id='block_1_40' title="bbox 365 3810 1943 3883">
    <p class='ocr_par' dir='ltr' id='par_1_40' title="bbox 365 3810 1943 3883">
     <span class='ocr_line' id='line_1_40' title="bbox 365 3810 1943 3883; baseline 0.008 -21"><span class='ocrx_word' id='word_1_263' title='bbox 365 3810 685 3877; x_wconf 83' lang='lat' dir='ltr'><strong>prophetam</strong></span> <span class='ocrx_word' id='word_1_264' title='bbox 704 3852 719 3876; x_wconf 95' lang='lat'><strong>,</strong></span> <span class='ocrx_word' id='word_1_265' title='bbox 749 3821 804 3866; x_wconf 90' lang='lat' dir='ltr'><strong>et</strong></span> <span class='ocrx_word' id='word_1_266' title='bbox 828 3813 1144 3883; x_wconf 87' lang='lat' dir='ltr'><strong>scripsimus</strong></span> <span class='ocrx_word' id='word_1_267' title='bbox 1186 3815 1339 3871; x_wconf 87' lang='lat' dir='ltr'><strong>illum</strong></span> <span class='ocrx_word' id='word_1_268' title='bbox 1365 3817 1423 3872; x_wconf 89' lang='lat' dir='ltr'><strong>in</strong></span> <span class='ocrx_word' id='word_1_269' title='bbox 1454 3827 1616 3874; x_wconf 89' lang='lat' dir='ltr'><strong>nocte</strong></span> <span class='ocrx_word' id='word_1_270' title='bbox 1639 3819 1943 3876; x_wconf 89' lang='lat' dir='ltr'><strong>nativitatis</strong></span> 
     </span>
    </p>
   </div>
   <div class='ocr_carea' id='block_1_41' title="bbox 366 3899 1947 3979">
    <p class='ocr_par' dir='ltr' id='par_1_41' title="bbox 366 3899 1947 3979">
     <span class='ocr_line' id='line_1_41' title="bbox 366 3899 1947 3979; baseline 0.009 -26"><span class='ocrx_word' id='word_1_271' title='bbox 366 3899 580 3956; x_wconf 88' lang='lat' dir='ltr'><strong>Domini</strong></span> <span class='ocrx_word' id='word_1_272' title='bbox 621 3903 837 3971; x_wconf 88' lang='lat' dir='ltr'><strong>quando</strong></span> <span class='ocrx_word' id='word_1_273' title='bbox 871 3903 1122 3975; x_wconf 88' lang='lat' dir='ltr'><strong>leguntur</strong></span> <span class='ocrx_word' id='word_1_274' title='bbox 1163 3907 1329 3963; x_wconf 86' lang='lat' dir='ltr'><strong>verba</strong></span> <span class='ocrx_word' id='word_1_275' title='bbox 1377 3911 1704 3979; x_wconf 89' lang='lat' dir='ltr'><strong>responsorii</strong></span> <span class='ocrx_word' id='word_1_276' title='bbox 1735 3911 1789 3966; x_wconf 87' lang='lat' dir='ltr'><strong>in</strong></span> <span class='ocrx_word' id='word_1_277' title='bbox 1817 3926 1947 3966; x_wconf 90' lang='lat' dir='ltr'><strong>noc-</strong></span> 
     </span>
    </p>
   </div>
   <div class='ocr_carea' id='block_1_42' title="bbox 365 3993 1945 4073">
    <p class='ocr_par' dir='ltr' id='par_1_42' title="bbox 365 3993 1945 4073">
     <span class='ocr_line' id='line_1_42' title="bbox 365 3993 1945 4073; baseline 0.009 -27"><span class='ocrx_word' id='word_1_278' title='bbox 365 3994 564 4048; x_wconf 91' lang='lat' dir='ltr'><strong>turnali</strong></span> <span class='ocrx_word' id='word_1_279' title='bbox 588 3993 788 4062; x_wconf 86' lang='lat' dir='ltr'><strong>officio,</strong></span> <span class='ocrx_word' id='word_1_280' title='bbox 837 4005 894 4052; x_wconf 86' lang='lat' dir='ltr'><strong>et</strong></span> <span class='ocrx_word' id='word_1_281' title='bbox 927 3999 981 4052; x_wconf 93' lang='lat' dir='ltr'><strong>in</strong></span> <span class='ocrx_word' id='word_1_282' title='bbox 1005 4000 1238 4055; x_wconf 87' lang='lat' dir='ltr'><strong>lectione</strong></span> <span class='ocrx_word' id='word_1_283' title='bbox 1282 4001 1347 4056; x_wconf 90' lang='lat' dir='ltr'><strong>ad</strong></span> <span class='ocrx_word' id='word_1_284' title='bbox 1378 4003 1598 4058; x_wconf 88' lang='lat' dir='ltr'><strong>missam</strong></span> <span class='ocrx_word' id='word_1_285' title='bbox 1632 4022 1645 4057; x_wconf 91' lang='lat'>:</span> <span class='ocrx_word' id='word_1_286' title='bbox 1674 4004 1945 4073; x_wconf 66' lang='lat' dir='ltr'><strong>praecipue</strong></span> 
     </span>
    </p>
   </div>
   <div class='ocr_carea' id='block_1_43' title="bbox 364 4087 1946 4160">
    <p class='ocr_par' dir='ltr' id='par_1_43' title="bbox 364 4087 1946 4160">
     <span class='ocr_line' id='line_1_43' title="bbox 364 4087 1946 4160; baseline 0.007 -21"><span class='ocrx_word' id='word_1_287' title='bbox 364 4100 490 4139; x_wconf 87' lang='lat' dir='ltr'><strong>cum</strong></span> <span class='ocrx_word' id='word_1_288' title='bbox 527 4087 770 4142; x_wconf 89' lang='lat' dir='ltr'><strong>audirem</strong></span> <span class='ocrx_word' id='word_1_289' title='bbox 799 4088 949 4144; x_wconf 89' lang='lat' dir='ltr'><strong>illum</strong></span> <span class='ocrx_word' id='word_1_290' title='bbox 985 4091 1139 4160; x_wconf 89' lang='lat' dir='ltr'><strong>prius</strong></span> <span class='ocrx_word' id='word_1_291' title='bbox 1174 4092 1229 4146; x_wconf 93' lang='lat' dir='ltr'><strong>in</strong></span> <span class='ocrx_word' id='word_1_292' title='bbox 1259 4093 1541 4148; x_wconf 87' lang='lat' dir='ltr'><strong>nativitate</strong></span> <span class='ocrx_word' id='word_1_293' title='bbox 1581 4094 1792 4149; x_wconf 89' lang='lat' dir='ltr'><strong>Domini</strong></span> <span class='ocrx_word' id='word_1_294' title='bbox 1817 4110 1946 4150; x_wconf 86' lang='lat' dir='ltr'><strong>can-</strong></span> 
     </span>
    </p>
   </div>
   <div class='ocr_carea' id='block_1_44' title="bbox 364 4175 1946 4256">
    <p class='ocr_par' dir='ltr' id='par_1_44' title="bbox 364 4175 1946 4256">
     <span class='ocr_line' id='line_1_44' title="bbox 364 4175 1946 4256; baseline 0.008 -29"><span class='ocrx_word' id='word_1_295' title='bbox 364 4182 506 4240; x_wconf 87' lang='lat' dir='ltr'><strong>tare,</strong></span> <span class='ocrx_word' id='word_1_296' title='bbox 536 4175 614 4230; x_wconf 92' lang='lat' dir='ltr'><strong>sic</strong></span> <span class='ocrx_word' id='word_1_297' title='bbox 642 4184 822 4234; x_wconf 90' lang='lat' dir='ltr'><strong>tamen</strong></span> <span class='ocrx_word' id='word_1_298' title='bbox 849 4187 909 4232; x_wconf 91' lang='lat' dir='ltr'><strong>ut</strong></span> <span class='ocrx_word' id='word_1_299' title='bbox 932 4196 1102 4250; x_wconf 90' lang='lat' dir='ltr'><strong>usque</strong></span> <span class='ocrx_word' id='word_1_300' title='bbox 1129 4183 1288 4237; x_wconf 89' lang='lat' dir='ltr'><strong>modo</strong></span> <span class='ocrx_word' id='word_1_301' title='bbox 1313 4191 1564 4238; x_wconf 88' lang='lat' dir='ltr'><strong>cantatus</strong></span> <span class='ocrx_word' id='word_1_302' title='bbox 1586 4194 1688 4250; x_wconf 90' lang='lat' dir='ltr'><strong>est,</strong></span> <span class='ocrx_word' id='word_1_303' title='bbox 1721 4183 1946 4256; x_wconf 85' lang='lat' dir='ltr'><strong>[Nasce-</strong></span> 
     </span>
    </p>
   </div>
   <div class='ocr_carea' id='block_1_45' title="bbox 364 4267 1943 4346">
    <p class='ocr_par' dir='ltr' id='par_1_45' title="bbox 364 4267 1943 4346">
     <span class='ocr_line' id='line_1_45' title="bbox 364 4267 1943 4346; baseline 0.009 -28"><span class='ocrx_word' id='word_1_304' title='bbox 364 4274 452 4318; x_wconf 80' lang='lat' dir='ltr'><strong>tur</strong></span> <span class='ocrx_word' id='word_1_305' title='bbox 481 4267 670 4339; x_wconf 87' lang='lat' dir='ltr'><strong>nobis,]</strong></span> <span class='ocrx_word' id='word_1_306' title='bbox 717 4284 878 4338; x_wconf 84' lang='lat' dir='ltr'><strong>quem</strong></span> <span class='ocrx_word' id='word_1_307' title='bbox 907 4287 1008 4326; x_wconf 82' lang='lat' dir='ltr'><strong>nos</strong></span> <span class='ocrx_word' id='word_1_308' title='bbox 1035 4273 1362 4330; x_wconf 84' lang='lat' dir='ltr'><strong>mutavimus</strong></span> <span class='ocrx_word' id='word_1_309' title='bbox 1394 4275 1553 4345; x_wconf 81' lang='lat' dir='ltr'><strong>juxta</strong></span> <span class='ocrx_word' id='word_1_310' title='bbox 1581 4275 1775 4332; x_wconf 86' lang='lat' dir='ltr'><strong>Isaiam</strong></span> <span class='ocrx_word' id='word_1_311' title='bbox 1815 4291 1943 4346; x_wconf 89' lang='lat' dir='ltr'><strong>pro-</strong></span> 
     </span>
    </p>
   </div>
   <div class='ocr_carea' id='block_1_46' title="bbox 364 4358 1200 4436">
    <p class='ocr_par' dir='ltr' id='par_1_46' title="bbox 364 4358 1200 4436">
     <span class='ocr_line' id='line_1_46' title="bbox 364 4358 1200 4436; baseline 0.007 -25"><span class='ocrx_word' id='word_1_312' title='bbox 364 4358 606 4427; x_wconf 82' lang='lat' dir='ltr'><strong>phetam,</strong></span> <span class='ocrx_word' id='word_1_313' title='bbox 639 4358 852 4431; x_wconf 83' lang='lat' dir='ltr'><strong>[Natus</strong></span> <span class='ocrx_word' id='word_1_314' title='bbox 881 4371 956 4416; x_wconf 85' lang='lat' dir='ltr'><strong>est</strong></span> <span class='ocrx_word' id='word_1_315' title='bbox 995 4362 1200 4436; x_wconf 87' lang='lat' dir='ltr'><strong>nobis.]</strong></span> 
     </span>
    </p>
   </div>
   <div class='ocr_carea' id='block_1_47' title="bbox 951 4490 1349 4548">
    <p class='ocr_par' dir='ltr' id='par_1_47' title="bbox 951 4490 1349 4548">
     <span class='ocr_line' id='line_1_47' title="bbox 951 4490 1349 4548; baseline 0.005 -2"><span class='ocrx_word' id='word_1_316' title='bbox 951 4490 1178 4548; x_wconf 84' lang='lat' dir='ltr'><strong>CAPUT</strong></span> <span class='ocrx_word' id='word_1_317' title='bbox 1215 4493 1349 4548; x_wconf 79' lang='lat' dir='ltr'><strong>XIII.</strong></span> 
     </span>
    </p>
   </div>
   <div class='ocr_carea' id='block_1_48' title="bbox 531 4599 1771 4675">
    <p class='ocr_par' dir='ltr' id='par_1_48' title="bbox 531 4599 1771 4675">
     <span class='ocr_line' id='line_1_48' title="bbox 531 4599 1771 4675; baseline 0.006 -23"><span class='ocrx_word' id='word_1_318' title='bbox 531 4599 608 4655; x_wconf 86' lang='lat' dir='ltr'><strong>De</strong></span> <span class='ocrx_word' id='word_1_319' title='bbox 644 4602 941 4673; x_wconf 84' lang='lat' dir='ltr'><strong>antiphonis</strong></span> <span class='ocrx_word' id='word_1_320' title='bbox 967 4620 1081 4674; x_wconf 70' lang='lat' dir='ltr'><strong>qua:</strong></span> <span class='ocrx_word' id='word_1_321' title='bbox 1116 4604 1170 4657; x_wconf 90' lang='lat' dir='ltr'><strong>in</strong></span> <span class='ocrx_word' id='word_1_322' title='bbox 1206 4604 1462 4675; x_wconf 86' lang='lat' dir='ltr'><strong>principio</strong></span> <span class='ocrx_word' id='word_1_323' title='bbox 1491 4605 1677 4660; x_wconf 80' lang='lat' dir='ltr'><strong>habent</strong></span> <span class='ocrx_word' id='word_1_324' title='bbox 1707 4607 1771 4661; x_wconf 92' lang='lat'><strong>0.</strong></span> 
     </span>
    </p>
   </div>
   <div class='ocr_carea' id='block_1_49' title="bbox 435 4730 1941 4808">
    <p class='ocr_par' dir='ltr' id='par_1_49' title="bbox 435 4730 1941 4808">
     <span class='ocr_line' id='line_1_49' title="bbox 435 4730 1941 4808; baseline 0.009 -24"><span class='ocrx_word' id='word_1_325' title='bbox 435 4730 760 4801; x_wconf 66' lang='lat' dir='ltr'><strong>Antiphonta</strong></span> <span class='ocrx_word' id='word_1_326' title='bbox 783 4749 904 4804; x_wconf 79' lang='lat' dir='ltr'><strong>quae</strong></span> <span class='ocrx_word' id='word_1_327' title='bbox 942 4743 1210 4791; x_wconf 84' lang='lat' dir='ltr'><strong>canuntur</strong></span> <span class='ocrx_word' id='word_1_328' title='bbox 1237 4751 1334 4808; x_wconf 90' lang='lat' dir='ltr'><strong>per</strong></span> <span class='ocrx_word' id='word_1_329' title='bbox 1369 4748 1691 4808; x_wconf 64' lang='lat' dir='ltr'><strong>praesentem</strong></span> <span class='ocrx_word' id='word_1_330' title='bbox 1739 4740 1941 4797; x_wconf 85' lang='lat' dir='ltr'><strong>hebdo-</strong></span> 
     </span>
    </p>
   </div>
   <div class='ocr_carea' id='block_1_50' title="bbox 365 4824 1942 4898">
    <p class='ocr_par' dir='ltr' id='par_1_50' title="bbox 365 4824 1942 4898">
     <span class='ocr_line' id='line_1_50' title="bbox 365 4824 1942 4898; baseline 0.008 -18"><span class='ocrx_word' id='word_1_331' title='bbox 365 4824 580 4880; x_wconf 83' lang='lat' dir='ltr'><strong>madam</strong></span> <span class='ocrx_word' id='word_1_332' title='bbox 605 4841 726 4880; x_wconf 91' lang='lat' dir='ltr'><strong>cum</strong></span> <span class='ocrx_word' id='word_1_333' title='bbox 755 4829 954 4898; x_wconf 85' lang='lat' dir='ltr'><strong>hymno</strong></span> <span class='ocrx_word' id='word_1_334' title='bbox 978 4837 1179 4886; x_wconf 63' lang='lat' dir='ltr'><strong>sanctae</strong></span> <span class='ocrx_word' id='word_1_335' title='bbox 1216 4830 1428 4898; x_wconf 80' lang='lat' dir='ltr'><strong>Mariae,</strong></span> <span class='ocrx_word' id='word_1_336' title='bbox 1445 4839 1501 4887; x_wconf 89' lang='lat' dir='ltr'><strong>et</strong></span> <span class='ocrx_word' id='word_1_337' title='bbox 1521 4831 1723 4888; x_wconf 75' lang='lat' dir='ltr'><strong>habent</strong></span> <span class='ocrx_word' id='word_1_338' title='bbox 1750 4848 1942 4892; x_wconf 87' lang='lat' dir='ltr'><strong>omnes</strong></span> 
     </span>
    </p>
   </div>
   <div class='ocr_carea' id='block_1_51' title="bbox 365 4914 1941 4998">
    <p class='ocr_par' dir='ltr' id='par_1_51' title="bbox 365 4914 1941 4998">
     <span class='ocr_line' id='line_1_51' title="bbox 365 4914 1941 4998; baseline 0.008 -29"><span class='ocrx_word' id='word_1_339' title='bbox 365 4914 412 4969; x_wconf 88' lang='grc' dir='ltr'>Ο</span> <span class='ocrx_word' id='word_1_340' title='bbox 428 4915 482 4970; x_wconf 89' lang='lat' dir='ltr'><strong>in</strong></span> <span class='ocrx_word' id='word_1_341' title='bbox 508 4917 704 4985; x_wconf 86' lang='lat' dir='ltr'><strong>capite,</strong></span> <span class='ocrx_word' id='word_1_342' title='bbox 721 4918 931 4989; x_wconf 81' lang='lat' dir='ltr'><strong>signum</strong></span> <span class='ocrx_word' id='word_1_343' title='bbox 947 4921 1218 4988; x_wconf 85' lang='lat' dir='ltr'><strong>quoddam</strong></span> <span class='ocrx_word' id='word_1_344' title='bbox 1233 4923 1547 4980; x_wconf 82' lang='lat' dir='ltr'><strong>admirabile</strong></span> <span class='ocrx_word' id='word_1_345' title='bbox 1567 4932 1622 4979; x_wconf 91' lang='lat' dir='ltr'><strong>et</strong></span> <span class='ocrx_word' id='word_1_346' title='bbox 1650 4925 1941 4998; x_wconf 82' lang='lat' dir='ltr'><strong>investiga-</strong></span> 
     </span>
    </p>
   </div>
   <div class='ocr_carea' id='block_1_52' title="bbox 363 5004 1941 5087">
    <p class='ocr_par' dir='ltr' id='par_1_52' title="bbox 363 5004 1941 5087">
     <span class='ocr_line' id='line_1_52' title="bbox 363 5004 1941 5087; baseline 0.009 -28"><span class='ocrx_word' id='word_1_347' title='bbox 363 5004 471 5061; x_wconf 84' lang='lat' dir='ltr'><strong>bile</strong></span> <span class='ocrx_word' id='word_1_348' title='bbox 491 5009 782 5063; x_wconf 84' lang='lat' dir='ltr'><strong>ostendunt</strong></span> <span class='ocrx_word' id='word_1_349' title='bbox 810 5011 966 5065; x_wconf 91' lang='lat' dir='ltr'><strong>nobis</strong></span> <span class='ocrx_word' id='word_1_350' title='bbox 992 5011 1050 5066; x_wconf 91' lang='lat' dir='ltr'><strong>in</strong></span> <span class='ocrx_word' id='word_1_351' title='bbox 1079 5013 1164 5068; x_wconf 88' lang='lat' dir='ltr'><strong>his</strong></span> <span class='ocrx_word' id='word_1_352' title='bbox 1187 5013 1376 5069; x_wconf 89' lang='lat' dir='ltr'><strong>diebus</strong></span> <span class='ocrx_word' id='word_1_353' title='bbox 1403 5014 1687 5070; x_wconf 85' lang='lat' dir='ltr'><strong>celebrari.</strong></span> <span class='ocrx_word' id='word_1_354' title='bbox 1729 5017 1806 5071; x_wconf 90' lang='lat' dir='ltr'><strong>De</strong></span> <span class='ocrx_word' id='word_1_355' title='bbox 1833 5033 1941 5087; x_wconf 89' lang='lat' dir='ltr'><strong>quo</strong></span> 
     </span>
    </p>
   </div>
   <div class='ocr_carea' id='block_1_53' title="bbox 365 5093 1943 5174">
    <p class='ocr_par' dir='ltr' id='par_1_53' title="bbox 365 5093 1943 5174">
     <span class='ocr_line' id='line_1_53' title="bbox 365 5093 1943 5174; baseline 0.008 -25"><span class='ocrx_word' id='word_1_356' title='bbox 365 5093 520 5165; x_wconf 84' lang='lat' dir='ltr'><strong>signo</strong></span> <span class='ocrx_word' id='word_1_357' title='bbox 557 5098 691 5154; x_wconf 90' lang='lat' dir='ltr'><strong>dicit</strong></span> <span class='ocrx_word' id='word_1_358' title='bbox 735 5099 902 5156; x_wconf 83' lang='lat' dir='ltr'><strong>Isaias</strong></span> <span class='ocrx_word' id='word_1_359' title='bbox 956 5102 1260 5170; x_wconf 82' lang='lat' dir='ltr'><strong>propheta:</strong></span> <span class='ocrx_word' id='word_1_360' title='bbox 1294 5101 1519 5174; x_wconf 84' lang='lat' dir='ltr'><strong>Propter</strong></span> <span class='ocrx_word' id='word_1_361' title='bbox 1545 5105 1642 5159; x_wconf 84' lang='lat' dir='ltr'><strong>hoc</strong></span> <span class='ocrx_word' id='word_1_362' title='bbox 1679 5107 1820 5161; x_wconf 81' lang='lat' dir='ltr'><strong>vobis</strong></span> <span class='ocrx_word' id='word_1_363' title='bbox 1844 5108 1943 5163; x_wconf 80' lang='lat' dir='ltr'><strong>da-</strong></span> 
     </span>
    </p>
   </div>
   <div class='ocr_carea' id='block_1_54' title="bbox 365 5187 1943 5269">
    <p class='ocr_par' dir='ltr' id='par_1_54' title="bbox 365 5187 1943 5269">
     <span class='ocr_line' id='line_1_54' title="bbox 365 5187 1943 5269; baseline 0.009 -30"><span class='ocrx_word' id='word_1_364' title='bbox 365 5187 438 5240; x_wconf 93' lang='lat' dir='ltr'><strong>bit</strong></span> <span class='ocrx_word' id='word_1_365' title='bbox 487 5187 744 5245; x_wconf 82' lang='lat' dir='ltr'><strong>Dominus</strong></span> <span class='ocrx_word' id='word_1_366' title='bbox 769 5191 1000 5262; x_wconf 78' lang='lat' dir='ltr'><strong>signum,</strong></span> <span class='ocrx_word' id='word_1_367' title='bbox 1028 5193 1163 5247; x_wconf 83' lang='lat' dir='ltr'><strong>Ecce</strong></span> <span class='ocrx_word' id='word_1_368' title='bbox 1216 5195 1358 5264; x_wconf 81' lang='lat' dir='ltr'><strong>uirgo</strong></span> <span class='ocrx_word' id='word_1_369' title='bbox 1405 5198 1657 5267; x_wconf 78' lang='lat' dir='ltr'><strong>concipiet</strong></span> <span class='ocrx_word' id='word_1_370' title='bbox 1681 5208 1729 5252; x_wconf 82' lang='lat' dir='ltr'><strong>et</strong></span> <span class='ocrx_word' id='word_1_371' title='bbox 1775 5201 1943 5269; x_wconf 86' lang='lat' dir='ltr'><strong>pariet</strong></span> 
     </span>
    </p>
   </div>
   <div class='ocr_carea' id='block_1_55' title="bbox 361 5274 1941 5362">
    <p class='ocr_par' dir='ltr' id='par_1_55' title="bbox 361 5274 1941 5362">
     <span class='ocr_line' id='line_1_55' title="bbox 361 5274 1941 5362; baseline 0.011 -32"><span class='ocrx_word' id='word_1_372' title='bbox 361 5274 555 5344; x_wconf 74' lang='lat' dir='ltr'><strong>filium.</strong></span> <span class='ocrx_word' id='word_1_373' title='bbox 604 5279 680 5336; x_wconf 89' lang='lat' dir='ltr'><strong>De</strong></span> <span class='ocrx_word' id='word_1_374' title='bbox 705 5296 813 5350; x_wconf 86' lang='lat' dir='ltr'><strong>quo</strong></span> <span class='ocrx_word' id='word_1_375' title='bbox 841 5291 998 5352; x_wconf 86' lang='lat' dir='ltr'><strong>partu</strong></span> <span class='ocrx_word' id='word_1_376' title='bbox 1027 5284 1158 5339; x_wconf 89' lang='lat' dir='ltr'><strong>dicit</strong></span> <span class='ocrx_word' id='word_1_377' title='bbox 1183 5283 1426 5342; x_wconf 71' lang='lat' dir='ltr'><strong>Joannes</strong></span> <span class='ocrx_word' id='word_1_378' title='bbox 1468 5287 1726 5357; x_wconf 79' lang='lat' dir='ltr'><strong>Baptista,</strong></span> <span class='ocrx_word' id='word_1_379' title='bbox 1775 5290 1941 5362; x_wconf 84' lang='lat' dir='ltr'><strong>Cujus</strong></span> 
     </span>
    </p>
   </div>
   <div class='ocr_carea' id='block_1_56' title="bbox 363 5372 1942 5445">
    <p class='ocr_par' dir='ltr' id='par_1_56' title="bbox 363 5372 1942 5445">
     <span class='ocr_line' id='line_1_56' title="bbox 363 5372 1942 5445; baseline 0.008 -20"><span class='ocrx_word' id='word_1_380' title='bbox 363 5386 471 5425; x_wconf 78' lang='lat' dir='ltr'><strong>non</strong></span> <span class='ocrx_word' id='word_1_381' title='bbox 498 5389 615 5426; x_wconf 85' lang='lat' dir='ltr'><strong>sum</strong></span> <span class='ocrx_word' id='word_1_382' title='bbox 643 5373 832 5444; x_wconf 80' lang='lat' dir='ltr'><strong>dignus</strong></span> <span class='ocrx_word' id='word_1_383' title='bbox 851 5372 1047 5428; x_wconf 75' lang='lat' dir='ltr'><strong>soluere</strong></span> <span class='ocrx_word' id='word_1_384' title='bbox 1071 5375 1352 5445; x_wconf 78' lang='lat' dir='ltr'><strong>corrigiam</strong></span> <span class='ocrx_word' id='word_1_385' title='bbox 1379 5375 1736 5432; x_wconf 79' lang='lat' dir='ltr'><strong>calceamenti.</strong></span> <span class='ocrx_word' id='word_1_386' title='bbox 1769 5379 1830 5445; x_wconf 91' lang='grc' dir='ltr'><strong>Ο,</strong></span> <span class='ocrx_word' id='word_1_387' title='bbox 1859 5381 1942 5436; x_wconf 88' lang='lat' dir='ltr'><strong>in-</strong></span> 
     </span>
    </p>
   </div>
   <div class='ocr_carea' id='block_1_57' title="bbox 364 5459 1942 5528">
    <p class='ocr_par' dir='ltr' id='par_1_57' title="bbox 364 5459 1942 5528">
     <span class='ocr_line' id='line_1_57' title="bbox 364 5459 1942 5528; baseline 0.008 -14"><span class='ocrx_word' id='word_1_388' title='bbox 364 5459 611 5528; x_wconf 73' lang='lat' dir='ltr'><strong>teriectio</strong></span> <span class='ocrx_word' id='word_1_389' title='bbox 651 5471 736 5518; x_wconf 89' lang='lat' dir='ltr'><strong>est</strong></span> <span class='ocrx_word' id='word_1_390' title='bbox 784 5463 1124 5519; x_wconf 87' lang='lat' dir='ltr'><strong>admirantis.</strong></span> <span class='ocrx_word' id='word_1_391' title='bbox 1177 5463 1283 5519; x_wconf 89' lang='lat' dir='ltr'><strong>Per</strong></span> <span class='ocrx_word' id='word_1_392' title='bbox 1326 5464 1457 5520; x_wconf 90' lang='lat' dir='ltr'><strong>illud</strong></span> <span class='ocrx_word' id='word_1_393' title='bbox 1486 5465 1530 5522; x_wconf 93' lang='lat'><strong>0</strong></span> <span class='ocrx_word' id='word_1_394' title='bbox 1558 5467 1727 5523; x_wconf 89' lang='lat' dir='ltr'><strong>voluit</strong></span> <span class='ocrx_word' id='word_1_395' title='bbox 1752 5477 1942 5526; x_wconf 85' lang='lat' dir='ltr'><strong>cautor</strong></span> 
     </span>
    </p>
   </div>
   <div class='ocr_carea' id='block_1_58' title="bbox 363 5551 1943 5628">
    <p class='ocr_par' dir='ltr' id='par_1_58' title="bbox 363 5551 1943 5628">
     <span class='ocr_line' id='line_1_58' title="bbox 363 5551 1943 5628; baseline 0.008 -24"><span class='ocrx_word' id='word_1_396' title='bbox 363 5551 618 5608; x_wconf 87' lang='lat' dir='ltr'><strong>intimare</strong></span> <span class='ocrx_word' id='word_1_397' title='bbox 647 5553 810 5608; x_wconf 87' lang='lat' dir='ltr'><strong>verba</strong></span> <span class='ocrx_word' id='word_1_398' title='bbox 853 5555 1134 5623; x_wconf 86' lang='lat' dir='ltr'><strong>sequentia</strong></span> <span class='ocrx_word' id='word_1_399' title='bbox 1175 5555 1446 5624; x_wconf 88' lang='lat' dir='ltr'><strong>pertinere</strong></span> <span class='ocrx_word' id='word_1_400' title='bbox 1471 5557 1538 5611; x_wconf 91' lang='lat' dir='ltr'><strong>ad</strong></span> <span class='ocrx_word' id='word_1_401' title='bbox 1581 5557 1816 5628; x_wconf 88' lang='lat' dir='ltr'><strong>aliquam</strong></span> <span class='ocrx_word' id='word_1_402' title='bbox 1845 5562 1943 5616; x_wconf 86' lang='lat' dir='ltr'><strong>mi-</strong></span> 
     </span>
    </p>
   </div>
   <div class='ocr_carea' id='block_1_59' title="bbox 364 5643 1940 5716">
    <p class='ocr_par' dir='ltr' id='par_1_59' title="bbox 364 5643 1940 5716">
     <span class='ocr_line' id='line_1_59' title="bbox 364 5643 1940 5716; baseline 0.008 -20"><span class='ocrx_word' id='word_1_403' title='bbox 364 5643 591 5698; x_wconf 84' lang='lat' dir='ltr'><strong>rabilem</strong></span> <span class='ocrx_word' id='word_1_404' title='bbox 611 5646 896 5712; x_wconf 83' lang='lat' dir='ltr'><strong>visionem,</strong></span> <span class='ocrx_word' id='word_1_405' title='bbox 945 5663 1064 5716; x_wconf 74' lang='lat' dir='ltr'><strong>qua:</strong></span> <span class='ocrx_word' id='word_1_406' title='bbox 1095 5646 1212 5716; x_wconf 90' lang='lat' dir='ltr'><strong>plus</strong></span> <span class='ocrx_word' id='word_1_407' title='bbox 1247 5649 1479 5716; x_wconf 88' lang='lat' dir='ltr'><strong>pertinet</strong></span> <span class='ocrx_word' id='word_1_408' title='bbox 1513 5651 1579 5706; x_wconf 89' lang='lat' dir='ltr'><strong>ad</strong></span> <span class='ocrx_word' id='word_1_409' title='bbox 1611 5653 1807 5708; x_wconf 78' lang='lat' dir='ltr'><strong>ruentis</strong></span> <span class='ocrx_word' id='word_1_410' title='bbox 1851 5671 1940 5709; x_wconf 89' lang='lat' dir='ltr'><strong>ru-</strong></span> 
     </span>
    </p>
   </div>
   <div class='ocr_carea' id='block_1_60' title="bbox 363 5732 1934 5807">
    <p class='ocr_par' dir='ltr' id='par_1_60' title="bbox 363 5732 1934 5807">
     <span class='ocr_line' id='line_1_60' title="bbox 363 5732 1934 5807; baseline 0.008 -20"><span class='ocrx_word' id='word_1_411' title='bbox 363 5732 737 5807; x_wconf 75' lang='lat' dir='ltr'><strong>minatiottsm,</strong></span> <span class='ocrx_word' id='word_1_412' title='bbox 795 5750 957 5806; x_wconf 85' lang='lat' dir='ltr'><strong>quam</strong></span> <span class='ocrx_word' id='word_1_413' title='bbox 995 5735 1062 5793; x_wconf 86' lang='lat' dir='ltr'><strong>ad</strong></span> <span class='ocrx_word' id='word_1_414' title='bbox 1106 5737 1502 5796; x_wconf 82' lang='lat' dir='ltr'><strong>conciouatoris</strong></span> <span class='ocrx_word' id='word_1_415' title='bbox 1551 5741 1934 5799; x_wconf 85' lang='lat' dir='ltr'><strong>narrationem.</strong></span> 
     </span>
    </p>
   </div>
   <div class='ocr_carea' id='block_1_61' title="bbox 1968 3176 2013 3238">
    <p class='ocr_par' dir='ltr' id='par_1_61' title="bbox 1968 3176 2013 3238">
     <span class='ocr_line' id='line_1_61' title="bbox 1968 3176 2013 3238; baseline 0 0"><span class='ocrx_word' id='word_1_416' title='bbox 1968 3176 2013 3238; x_wconf 92' lang='lat' dir='ltr'><strong>C</strong></span> 
     </span>
    </p>
   </div>
   <div class='ocr_carea' id='block_1_62' title="bbox 1967 4517 2020 4577">
    <p class='ocr_par' dir='ltr' id='par_1_62' title="bbox 1967 4517 2020 4577">
     <span class='ocr_line' id='line_1_62' title="bbox 1967 4517 2020 4577; baseline 0 0"><span class='ocrx_word' id='word_1_417' title='bbox 1967 4517 2020 4577; x_wconf 91' lang='lat' dir='ltr'><strong>D</strong></span> 
     </span>
    </p>
   </div>
   <div class='ocr_carea' id='block_1_63' title="bbox 2065 577 3637 657">
    <p class='ocr_par' dir='ltr' id='par_1_63' title="bbox 2065 577 3637 657">
     <span class='ocr_line' id='line_1_63' title="bbox 2065 577 3637 657; baseline 0.007 -26"><span class='ocrx_word' id='word_1_418' title='bbox 2065 577 2244 634; x_wconf 70' lang='lat' dir='ltr'><strong>Maria:</strong></span> <span class='ocrx_word' id='word_1_419' title='bbox 2269 578 2410 635; x_wconf 87' lang='lat' dir='ltr'><strong>facta</strong></span> <span class='ocrx_word' id='word_1_420' title='bbox 2437 588 2524 636; x_wconf 89' lang='lat' dir='ltr'><strong>est</strong></span> <span class='ocrx_word' id='word_1_421' title='bbox 2563 582 2678 636; x_wconf 64' lang='lat' dir='ltr'><strong>haec</strong></span> <span class='ocrx_word' id='word_1_422' title='bbox 2719 582 3028 648; x_wconf 88' lang='lat' dir='ltr'><strong>admlratio,</strong></span> <span class='ocrx_word' id='word_1_423' title='bbox 3079 583 3313 652; x_wconf 83' lang='lat' dir='ltr'><strong>amplius</strong></span> <span class='ocrx_word' id='word_1_424' title='bbox 3332 595 3637 657; x_wconf 78' lang='lat' dir='ltr'><strong>congruunt</strong></span> 
     </span>
    </p>
   </div>
   <div class='ocr_carea' id='block_1_64' title="bbox 2063 673 3646 750">
    <p class='ocr_par' dir='ltr' id='par_1_64' title="bbox 2063 673 3646 750">
     <span class='ocr_line' id='line_1_64' title="bbox 2063 673 3646 750; baseline 0.006 -25"><span class='ocrx_word' id='word_1_425' title='bbox 2063 681 2371 727; x_wconf 78' lang='lat' dir='ltr'><strong>memoratae</strong></span> <span class='ocrx_word' id='word_1_426' title='bbox 2421 673 2728 743; x_wconf 67' lang='lat' dir='ltr'><strong>antiphonaa</strong></span> <span class='ocrx_word' id='word_1_427' title='bbox 2774 675 2974 744; x_wconf 86' lang='lat' dir='ltr'><strong>hymno</strong></span> <span class='ocrx_word' id='word_1_428' title='bbox 3020 684 3219 731; x_wconf 75' lang='lat' dir='ltr'><strong>sanctte</strong></span> <span class='ocrx_word' id='word_1_429' title='bbox 3257 676 3437 733; x_wconf 73' lang='lat' dir='ltr'><strong>Maria:</strong></span> <span class='ocrx_word' id='word_1_430' title='bbox 3474 697 3646 750; x_wconf 81' lang='lat' dir='ltr'><strong>quam</strong></span> 
     </span>
    </p>
   </div>
   <div class='ocr_carea' id='block_1_65' title="bbox 2061 761 3639 841">
    <p class='ocr_par' dir='ltr' id='par_1_65' title="bbox 2061 761 3639 841">
     <span class='ocr_line' id='line_1_65' title="bbox 2061 761 3639 841; baseline 0.006 -25"><span class='ocrx_word' id='word_1_431' title='bbox 2061 761 2355 818; x_wconf 67' lang='lat' dir='ltr'><strong>Zachariae.</strong></span> <span class='ocrx_word' id='word_1_432' title='bbox 2390 765 2457 819; x_wconf 88' lang='lat' dir='ltr'><strong>Et</strong></span> <span class='ocrx_word' id='word_1_433' title='bbox 2498 766 2544 821; x_wconf 90' lang='lat' dir='ltr'><strong>si</strong></span> <span class='ocrx_word' id='word_1_434' title='bbox 2573 768 2694 836; x_wconf 90' lang='lat' dir='ltr'><strong>quis</strong></span> <span class='ocrx_word' id='word_1_435' title='bbox 2727 767 2959 822; x_wconf 90' lang='lat' dir='ltr'><strong>voluerit</strong></span> <span class='ocrx_word' id='word_1_436' title='bbox 3004 774 3252 823; x_wconf 85' lang='lat' dir='ltr'><strong>octavam</strong></span> <span class='ocrx_word' id='word_1_437' title='bbox 3287 769 3639 841; x_wconf 84' lang='lat' dir='ltr'><strong>addere-pro-</strong></span> 
     </span>
    </p>
   </div>
   <div class='ocr_carea' id='block_1_66' title="bbox 2059 854 3646 930">
    <p class='ocr_par' dir='ltr' id='par_1_66' title="bbox 2059 854 3646 930">
     <span class='ocr_line' id='line_1_66' title="bbox 2059 854 3646 930; baseline 0.006 -25"><span class='ocrx_word' id='word_1_438' title='bbox 2059 862 2179 922; x_wconf 87' lang='lat' dir='ltr'><strong>pter</strong></span> <span class='ocrx_word' id='word_1_439' title='bbox 2203 867 2466 907; x_wconf 85' lang='lat' dir='ltr'><strong>summam</strong></span> <span class='ocrx_word' id='word_1_440' title='bbox 2495 854 2862 924; x_wconf 84' lang='lat' dir='ltr'><strong>perfectionis,</strong></span> <span class='ocrx_word' id='word_1_441' title='bbox 2896 856 3056 912; x_wconf 89' lang='lat' dir='ltr'><strong>habet</strong></span> <span class='ocrx_word' id='word_1_442' title='bbox 3085 858 3353 914; x_wconf 89' lang='lat' dir='ltr'><strong>rationem</strong></span> <span class='ocrx_word' id='word_1_443' title='bbox 3390 871 3646 930; x_wconf 86' lang='lat' dir='ltr'><strong>apertam-</strong></span> 
     </span>
    </p>
   </div>
   <div class='ocr_carea' id='block_1_67' title="bbox 2060 948 3637 1018">
    <p class='ocr_par' dir='ltr' id='par_1_67' title="bbox 2060 948 3637 1018">
     <span class='ocr_line' id='line_1_67' title="bbox 2060 948 3637 1018; baseline 0.007 -21"><span class='ocrx_word' id='word_1_444' title='bbox 2060 957 2221 1012; x_wconf 88' lang='lat' dir='ltr'><strong>quam</strong></span> <span class='ocrx_word' id='word_1_445' title='bbox 2275 953 2497 1002; x_wconf 89' lang='lat' dir='ltr'><strong>sanctus</strong></span> <span class='ocrx_word' id='word_1_446' title='bbox 2542 948 2870 1018; x_wconf 83' lang='lat' dir='ltr'><strong>Augustinus</strong></span> <span class='ocrx_word' id='word_1_447' title='bbox 2921 950 3109 1006; x_wconf 85' lang='lat' dir='ltr'><strong>scribit</strong></span> <span class='ocrx_word' id='word_1_448' title='bbox 3137 952 3202 1006; x_wconf 92' lang='lat' dir='ltr'><strong>de</strong></span> <span class='ocrx_word' id='word_1_449' title='bbox 3246 965 3491 1007; x_wconf 90' lang='lat' dir='ltr'><strong>sermone</strong></span> <span class='ocrx_word' id='word_1_450' title='bbox 3534 953 3637 1008; x_wconf 83' lang='lat' dir='ltr'><strong>Do-</strong></span> 
     </span>
    </p>
   </div>
   <div class='ocr_carea' id='block_1_68' title="bbox 2059 1034 3632 1111">
    <p class='ocr_par' dir='ltr' id='par_1_68' title="bbox 2059 1034 3632 1111">
     <span class='ocr_line' id='line_1_68' title="bbox 2059 1034 3632 1111; baseline 0.006 -24"><span class='ocrx_word' id='word_1_451' title='bbox 2059 1034 2190 1088; x_wconf 86' lang='lat' dir='ltr'><strong>mini</strong></span> <span class='ocrx_word' id='word_1_452' title='bbox 2216 1035 2270 1088; x_wconf 90' lang='lat' dir='ltr'><strong>in</strong></span> <span class='ocrx_word' id='word_1_453' title='bbox 2296 1044 2500 1098; x_wconf 90' lang='lat' dir='ltr'><strong>monte,</strong></span> <span class='ocrx_word' id='word_1_454' title='bbox 2531 1037 2719 1092; x_wconf 85' lang='lat' dir='ltr'><strong>dicens</strong></span> <span class='ocrx_word' id='word_1_455' title='bbox 2745 1055 2756 1090; x_wconf 95' lang='lat'><strong>:</strong></span> <span class='ocrx_word' id='word_1_456' title='bbox 2783 1037 2935 1092; x_wconf 84' lang='lat' dir='ltr'><strong>Beati</strong></span> <span class='ocrx_word' id='word_1_457' title='bbox 2960 1055 3088 1110; x_wconf 86' lang='lat' dir='ltr'><strong>ergo</strong></span> <span class='ocrx_word' id='word_1_458' title='bbox 3110 1040 3199 1111; x_wconf 82' lang='lat' dir='ltr'><strong>qui</strong></span> <span class='ocrx_word' id='word_1_459' title='bbox 3226 1044 3632 1111; x_wconf 80' lang='lat' dir='ltr'><strong>persecutionem</strong></span> 
     </span>
    </p>
   </div>
   <div class='ocr_carea' id='block_1_69' title="bbox 2056 1125 3638 1201">
    <p class='ocr_par' dir='ltr' id='par_1_69' title="bbox 2056 1125 3638 1201">
     <span class='ocr_line' id='line_1_69' title="bbox 2056 1125 3638 1201; baseline 0.006 -24"><span class='ocrx_word' id='word_1_460' title='bbox 2056 1125 2336 1194; x_wconf 88' lang='lat' dir='ltr'><strong>patiuntur</strong></span> <span class='ocrx_word' id='word_1_461' title='bbox 2355 1136 2564 1196; x_wconf 83' lang='lat' dir='ltr'><strong>propter</strong></span> <span class='ocrx_word' id='word_1_462' title='bbox 2581 1127 2870 1197; x_wconf 81' lang='lat' dir='ltr'><strong>justitiam,</strong></span> <span class='ocrx_word' id='word_1_463' title='bbox 2912 1131 3160 1200; x_wconf 84' lang='lat' dir='ltr'><strong>quoniam</strong></span> <span class='ocrx_word' id='word_1_464' title='bbox 3188 1132 3420 1201; x_wconf 84' lang='lat' dir='ltr'><strong>ipsorum</strong></span> <span class='ocrx_word' id='word_1_465' title='bbox 3455 1141 3528 1187; x_wconf 84' lang='lat' dir='ltr'><strong>est</strong></span> <span class='ocrx_word' id='word_1_466' title='bbox 3555 1150 3638 1187; x_wconf 86' lang='lat' dir='ltr'><strong>re-</strong></span> 
     </span>
    </p>
   </div>
   <div class='ocr_carea' id='block_1_70' title="bbox 2055 1214 3634 1290">
    <p class='ocr_par' dir='ltr' id='par_1_70' title="bbox 2055 1214 3634 1290">
     <span class='ocr_line' id='line_1_70' title="bbox 2055 1214 3634 1290; baseline 0.006 -24"><span class='ocrx_word' id='word_1_467' title='bbox 2055 1229 2214 1283; x_wconf 83' lang='lat' dir='ltr'><strong>gnum</strong></span> <span class='ocrx_word' id='word_1_468' title='bbox 2235 1214 2507 1268; x_wconf 60' lang='lat' dir='ltr'><strong>«caelorum.</strong></span> <span class='ocrx_word' id='word_1_469' title='bbox 2537 1215 2663 1270; x_wconf 71' lang='lat' dir='ltr'><strong>Hmc</strong></span> <span class='ocrx_word' id='word_1_470' title='bbox 2681 1226 2873 1272; x_wconf 86' lang='lat' dir='ltr'><strong>octava</strong></span> <span class='ocrx_word' id='word_1_471' title='bbox 2911 1220 3199 1284; x_wconf 89' lang='lat' dir='ltr'><strong>sententia,</strong></span> <span class='ocrx_word' id='word_1_472' title='bbox 3231 1235 3350 1289; x_wconf 62' lang='lat' dir='ltr'><strong>quas</strong></span> <span class='ocrx_word' id='word_1_473' title='bbox 3374 1221 3440 1275; x_wconf 92' lang='lat' dir='ltr'><strong>ad</strong></span> <span class='ocrx_word' id='word_1_474' title='bbox 3471 1231 3634 1290; x_wconf 88' lang='lat' dir='ltr'><strong>caput</strong></span> 
     </span>
    </p>
   </div>
   <div class='ocr_carea' id='block_1_71' title="bbox 2056 1304 3634 1382">
    <p class='ocr_par' dir='ltr' id='par_1_71' title="bbox 2056 1304 3634 1382">
     <span class='ocr_line' id='line_1_71' title="bbox 2056 1304 3634 1382; baseline 0.007 -25"><span class='ocrx_word' id='word_1_475' title='bbox 2056 1304 2196 1358; x_wconf 86' lang='lat' dir='ltr'><strong>redit</strong></span> <span class='ocrx_word' id='word_1_476' title='bbox 2240 1305 2648 1377; x_wconf 84' lang='lat' dir='ltr'><strong>perfectumque</strong></span> <span class='ocrx_word' id='word_1_477' title='bbox 2698 1309 2971 1364; x_wconf 88' lang='lat' dir='ltr'><strong>hominem</strong></span> <span class='ocrx_word' id='word_1_478' title='bbox 3018 1310 3276 1365; x_wconf 85' lang='lat' dir='ltr'><strong>declarat.</strong></span> <span class='ocrx_word' id='word_1_479' title='bbox 3329 1312 3634 1382; x_wconf 82' lang='lat' dir='ltr'><strong>Antiphona</strong></span> 
     </span>
    </p>
   </div>
   <div class='ocr_carea' id='block_1_72' title="bbox 2054 1395 3640 1469">
    <p class='ocr_par' dir='ltr' id='par_1_72' title="bbox 2054 1395 3640 1469">
     <span class='ocr_line' id='line_1_72' title="bbox 2054 1395 3640 1469; baseline 0.007 -23"><span class='ocrx_word' id='word_1_480' title='bbox 2054 1407 2174 1462; x_wconf 71' lang='lat' dir='ltr'><strong>quae</strong></span> <span class='ocrx_word' id='word_1_481' title='bbox 2197 1395 2370 1463; x_wconf 90' lang='lat' dir='ltr'><strong>prima</strong></span> <span class='ocrx_word' id='word_1_482' title='bbox 2399 1404 2486 1451; x_wconf 90' lang='lat' dir='ltr'><strong>est</strong></span> <span class='ocrx_word' id='word_1_483' title='bbox 2523 1412 2590 1452; x_wconf 83' lang='lat' dir='ltr'><strong>ex</strong></span> <span class='ocrx_word' id='word_1_484' title='bbox 2618 1407 2740 1453; x_wconf 86' lang='lat' dir='ltr'><strong>octo</strong></span> <span class='ocrx_word' id='word_1_485' title='bbox 2781 1399 3138 1469; x_wconf 65' lang='lat' dir='ltr'><strong>praesentibus</strong></span> <span class='ocrx_word' id='word_1_486' title='bbox 3159 1400 3214 1454; x_wconf 88' lang='lat' dir='ltr'><strong>in</strong></span> <span class='ocrx_word' id='word_1_487' title='bbox 3247 1410 3501 1456; x_wconf 73' lang='lat' dir='ltr'><strong>contextu</strong></span> <span class='ocrx_word' id='word_1_488' title='bbox 3531 1403 3640 1458; x_wconf 80' lang='lat' dir='ltr'><strong>Au-</strong></span> 
     </span>
    </p>
   </div>
   <div class='ocr_carea' id='block_1_73' title="bbox 2054 1483 3636 1562">
    <p class='ocr_par' dir='ltr' id='par_1_73' title="bbox 2054 1483 3636 1562">
     <span class='ocr_line' id='line_1_73' title="bbox 2054 1483 3636 1562; baseline 0.008 -25"><span class='ocrx_word' id='word_1_489' title='bbox 2054 1483 2370 1552; x_wconf 86' lang='lat' dir='ltr'><strong>tiphonarii,</strong></span> <span class='ocrx_word' id='word_1_490' title='bbox 2392 1495 2447 1541; x_wconf 91' lang='lat' dir='ltr'><strong>et</strong></span> <span class='ocrx_word' id='word_1_491' title='bbox 2483 1488 2816 1554; x_wconf 83' lang='lat' dir='ltr'><strong>inscribitur,</strong></span> <span class='ocrx_word' id='word_1_492' title='bbox 2853 1489 2934 1562; x_wconf 90' lang='lat' dir='ltr'><strong>[O</strong></span> <span class='ocrx_word' id='word_1_493' title='bbox 2960 1492 3240 1562; x_wconf 85' lang='lat' dir='ltr'><strong>sapientia,</strong></span> <span class='ocrx_word' id='word_1_494' title='bbox 3273 1509 3392 1562; x_wconf 74' lang='lat' dir='ltr'><strong>qua:</strong></span> <span class='ocrx_word' id='word_1_495' title='bbox 3431 1509 3497 1547; x_wconf 75' lang='lat' dir='ltr'><strong>ea:</strong></span> <span class='ocrx_word' id='word_1_496' title='bbox 3545 1512 3636 1549; x_wconf 84' lang='lat' dir='ltr'><strong>ore</strong></span> 
     </span>
    </p>
   </div>
   <div class='ocr_carea' id='block_1_74' title="bbox 2054 1574 3638 1651">
    <p class='ocr_par' dir='ltr' id='par_1_74' title="bbox 2054 1574 3638 1651">
     <span class='ocr_line' id='line_1_74' title="bbox 2054 1574 3638 1651; baseline 0.007 -24"><span class='ocrx_word' id='word_1_497' title='bbox 2054 1574 2308 1630; x_wconf 81' lang='lat' dir='ltr'><strong>Altissimi</strong></span> <span class='ocrx_word' id='word_1_498' title='bbox 2356 1578 2642 1650; x_wconf 83' lang='lat' dir='ltr'><strong>prodisti,]</strong></span> <span class='ocrx_word' id='word_1_499' title='bbox 2687 1581 2882 1649; x_wconf 83' lang='lat' dir='ltr'><strong>partim</strong></span> <span class='ocrx_word' id='word_1_500' title='bbox 2929 1591 3206 1651; x_wconf 87' lang='lat' dir='ltr'><strong>assumpta</strong></span> <span class='ocrx_word' id='word_1_501' title='bbox 3253 1593 3340 1638; x_wconf 86' lang='lat' dir='ltr'><strong>est</strong></span> <span class='ocrx_word' id='word_1_502' title='bbox 3386 1600 3456 1640; x_wconf 79' lang='lat' dir='ltr'><strong>ex</strong></span> <span class='ocrx_word' id='word_1_503' title='bbox 3497 1584 3638 1640; x_wconf 86' lang='lat' dir='ltr'><strong>libro</strong></span> 
     </span>
    </p>
   </div>
   <div class='ocr_carea' id='block_1_75' title="bbox 2053 1663 3634 1743">
    <p class='ocr_par' dir='ltr' id='par_1_75' title="bbox 2053 1663 3634 1743">
     <span class='ocr_line' id='line_1_75' title="bbox 2053 1663 3634 1743; baseline 0.006 -24"><span class='ocrx_word' id='word_1_504' title='bbox 2053 1663 2178 1720; x_wconf 84' lang='lat' dir='ltr'><strong>Jesu</strong></span> <span class='ocrx_word' id='word_1_505' title='bbox 2209 1666 2303 1721; x_wconf 88' lang='lat' dir='ltr'><strong>filii</strong></span> <span class='ocrx_word' id='word_1_506' title='bbox 2334 1665 2560 1733; x_wconf 89' lang='lat' dir='ltr'><strong>Sirach,</strong></span> <span class='ocrx_word' id='word_1_507' title='bbox 2606 1670 2806 1737; x_wconf 89' lang='lat' dir='ltr'><strong>partim</strong></span> <span class='ocrx_word' id='word_1_508' title='bbox 2851 1685 2922 1725; x_wconf 78' lang='lat' dir='ltr'><strong>ex</strong></span> <span class='ocrx_word' id='word_1_509' title='bbox 2965 1669 3262 1741; x_wconf 86' lang='lat' dir='ltr'><strong>Sapientia,</strong></span> <span class='ocrx_word' id='word_1_510' title='bbox 3309 1689 3429 1742; x_wconf 74' lang='lat' dir='ltr'><strong>qua:</strong></span> <span class='ocrx_word' id='word_1_511' title='bbox 3472 1675 3634 1743; x_wconf 81' lang='lat' dir='ltr'><strong>vulgo</strong></span> 
     </span>
    </p>
   </div>
   <div class='ocr_carea' id='block_1_76' title="bbox 2055 1755 3633 1830">
    <p class='ocr_par' dir='ltr' id='par_1_76' title="bbox 2055 1755 3633 1830">
     <span class='ocr_line' id='line_1_76' title="bbox 2055 1755 3633 1830; baseline 0.008 -22"><span class='ocrx_word' id='word_1_512' title='bbox 2055 1755 2370 1818; x_wconf 77' lang='lat' dir='ltr'><strong>inscribitur</strong></span> <span class='ocrx_word' id='word_1_513' title='bbox 2395 1756 2719 1814; x_wconf 82' lang='lat' dir='ltr'><strong>Salomonis.</strong></span> <span class='ocrx_word' id='word_1_514' title='bbox 2759 1760 2879 1830; x_wconf 85' lang='lat' dir='ltr'><strong>Ipsa</strong></span> <span class='ocrx_word' id='word_1_515' title='bbox 2915 1762 3057 1816; x_wconf 87' lang='lat' dir='ltr'><strong>enim</strong></span> <span class='ocrx_word' id='word_1_516' title='bbox 3095 1763 3419 1818; x_wconf 85' lang='lat' dir='ltr'><strong>mirabiliter</strong></span> <span class='ocrx_word' id='word_1_517' title='bbox 3449 1763 3633 1820; x_wconf 85' lang='lat' dir='ltr'><strong>laudat</strong></span> 
     </span>
    </p>
   </div>
   <div class='ocr_carea' id='block_1_77' title="bbox 2721 1853 3636 1923">
    <p class='ocr_par' dir='ltr' id='par_1_77' title="bbox 2721 1853 3636 1923">
     <span class='ocr_line' id='line_1_77' title="bbox 2721 1853 3636 1923; baseline 0.007 -18"><span class='ocrx_word' id='word_1_518' title='bbox 2721 1853 2981 1923; x_wconf 88' lang='lat' dir='ltr'><strong>scriptum</strong></span> <span class='ocrx_word' id='word_1_519' title='bbox 3008 1861 3094 1910; x_wconf 88' lang='lat' dir='ltr'><strong>est</strong></span> <span class='ocrx_word' id='word_1_520' title='bbox 3112 1855 3167 1908; x_wconf 90' lang='lat' dir='ltr'><strong>in</strong></span> <span class='ocrx_word' id='word_1_521' title='bbox 3198 1855 3338 1909; x_wconf 85' lang='lat' dir='ltr'><strong>libro</strong></span> <span class='ocrx_word' id='word_1_522' title='bbox 3373 1855 3502 1911; x_wconf 78' lang='lat' dir='ltr'><strong>Jesu</strong></span> <span class='ocrx_word' id='word_1_523' title='bbox 3531 1857 3636 1911; x_wconf 78' lang='lat' dir='ltr'><strong>lilii</strong></span> 
     </span>
    </p>
   </div>
   <div class='ocr_carea' id='block_1_78' title="bbox 2051 1935 3634 2018">
    <p class='ocr_par' dir='ltr' id='par_1_78' title="bbox 2051 1935 3634 2018">
     <span class='ocr_line' id='line_1_78' title="bbox 2051 1935 3634 2018; baseline 0.008 -28"><span class='ocrx_word' id='word_1_524' title='bbox 2051 1935 2243 1993; x_wconf 89' lang='lat' dir='ltr'><strong>Sirach</strong></span> <span class='ocrx_word' id='word_1_525' title='bbox 2279 1938 2346 1993; x_wconf 89' lang='lat' dir='ltr'><strong>de</strong></span> <span class='ocrx_word' id='word_1_526' title='bbox 2367 1937 2524 1995; x_wconf 90' lang='lat' dir='ltr'><strong>laude</strong></span> <span class='ocrx_word' id='word_1_527' title='bbox 2550 1941 2843 2010; x_wconf 66' lang='lat' dir='ltr'><strong>sapientius,</strong></span> <span class='ocrx_word' id='word_1_528' title='bbox 2879 1943 2988 2015; x_wconf 80' lang='lat' dir='ltr'><strong>Ego</strong></span> <span class='ocrx_word' id='word_1_529' title='bbox 3015 1959 3080 1999; x_wconf 76' lang='lat' dir='ltr'><strong>ea:</strong></span> <span class='ocrx_word' id='word_1_530' title='bbox 3115 1960 3204 1998; x_wconf 86' lang='lat' dir='ltr'><strong>ore</strong></span> <span class='ocrx_word' id='word_1_531' title='bbox 3229 1945 3488 2000; x_wconf 79' lang='lat' dir='ltr'><strong>Altissimi</strong></span> <span class='ocrx_word' id='word_1_532' title='bbox 3511 1964 3634 2018; x_wconf 49' lang='lat' dir='ltr'><strong>pro-</strong></span> 
     </span>
    </p>
   </div>
   <div class='ocr_carea' id='block_1_79' title="bbox 2048 2029 3629 2101">
    <p class='ocr_par' dir='ltr' id='par_1_79' title="bbox 2048 2029 3629 2101">
     <span class='ocr_line' id='line_1_79' title="bbox 2048 2029 3629 2101; baseline 0.006 -19"><span class='ocrx_word' id='word_1_533' title='bbox 2048 2029 2144 2096; x_wconf 89' lang='lat' dir='ltr'><strong>dii,</strong></span> <span class='ocrx_word' id='word_1_534' title='bbox 2183 2031 2526 2101; x_wconf 82' lang='lat' dir='ltr'><strong>primogenita</strong></span> <span class='ocrx_word' id='word_1_535' title='bbox 2557 2042 2680 2087; x_wconf 86' lang='lat' dir='ltr'><strong>ante</strong></span> <span class='ocrx_word' id='word_1_536' title='bbox 2714 2051 2919 2088; x_wconf 85' lang='lat' dir='ltr'><strong>omnem</strong></span> <span class='ocrx_word' id='word_1_537' title='bbox 2962 2045 3280 2090; x_wconf 82' lang='lat' dir='ltr'><strong>creaturam.</strong></span> <span class='ocrx_word' id='word_1_538' title='bbox 3328 2035 3443 2092; x_wconf 87' lang='lat' dir='ltr'><strong>Non</strong></span> <span class='ocrx_word' id='word_1_539' title='bbox 3483 2039 3629 2094; x_wconf 88' lang='lat' dir='ltr'><strong>enim</strong></span> 
     </span>
    </p>
   </div>
   <div class='ocr_carea' id='block_1_80' title="bbox 2048 2122 3638 2201">
    <p class='ocr_par' dir='ltr' id='par_1_80' title="bbox 2048 2122 3638 2201">
     <span class='ocr_line' id='line_1_80' title="bbox 2048 2122 3638 2201; baseline 0.006 -24"><span class='ocrx_word' id='word_1_540' title='bbox 2048 2122 2289 2194; x_wconf 88' lang='lat' dir='ltr'><strong>cogitare</strong></span> <span class='ocrx_word' id='word_1_541' title='bbox 2338 2126 2595 2181; x_wconf 89' lang='lat' dir='ltr'><strong>debemus</strong></span> <span class='ocrx_word' id='word_1_542' title='bbox 2646 2127 2889 2182; x_wconf 84' lang='lat' dir='ltr'><strong>membra</strong></span> <span class='ocrx_word' id='word_1_543' title='bbox 2929 2135 2985 2183; x_wconf 87' lang='lat' dir='ltr'><strong>et</strong></span> <span class='ocrx_word' id='word_1_544' title='bbox 3028 2128 3354 2184; x_wconf 83' lang='lat' dir='ltr'><strong>lineamenta</strong></span> <span class='ocrx_word' id='word_1_545' title='bbox 3390 2129 3638 2201; x_wconf 81' lang='lat' dir='ltr'><strong>corporis</strong></span> 
     </span>
    </p>
   </div>
   <div class='ocr_carea' id='block_1_81' title="bbox 2049 2215 3642 2287">
    <p class='ocr_par' dir='ltr' id='par_1_81' title="bbox 2049 2215 3642 2287">
     <span class='ocr_line' id='line_1_81' title="bbox 2049 2215 3642 2287; baseline 0.006 -18"><span class='ocrx_word' id='word_1_546' title='bbox 2049 2215 2268 2270; x_wconf 89' lang='lat' dir='ltr'><strong>humani</strong></span> <span class='ocrx_word' id='word_1_547' title='bbox 2319 2217 2604 2273; x_wconf 89' lang='lat' dir='ltr'><strong>Dominum</strong></span> <span class='ocrx_word' id='word_1_548' title='bbox 2653 2219 2855 2275; x_wconf 86' lang='lat' dir='ltr'><strong>habere</strong></span> <span class='ocrx_word' id='word_1_549' title='bbox 2881 2261 2895 2285; x_wconf 94' lang='lat'><strong>,</strong></span> <span class='ocrx_word' id='word_1_550' title='bbox 2945 2220 3085 2276; x_wconf 89' lang='lat' dir='ltr'><strong>sicut</strong></span> <span class='ocrx_word' id='word_1_551' title='bbox 3115 2221 3276 2277; x_wconf 88' lang='lat' dir='ltr'><strong>homo</strong></span> <span class='ocrx_word' id='word_1_552' title='bbox 3322 2222 3502 2287; x_wconf 85' lang='lat' dir='ltr'><strong>habet,</strong></span> <span class='ocrx_word' id='word_1_553' title='bbox 3535 2223 3642 2278; x_wconf 83' lang='lat' dir='ltr'><strong>sed-</strong></span> 
     </span>
    </p>
   </div>
   <div class='ocr_carea' id='block_1_82' title="bbox 2048 2307 3630 2383">
    <p class='ocr_par' dir='ltr' id='par_1_82' title="bbox 2048 2307 3630 2383">
     <span class='ocr_line' id='line_1_82' title="bbox 2048 2307 3630 2383; baseline 0.006 -23"><span class='ocrx_word' id='word_1_554' title='bbox 2048 2315 2268 2377; x_wconf 85' lang='lat' dir='ltr'><strong>propter</strong></span> <span class='ocrx_word' id='word_1_555' title='bbox 2295 2307 2510 2364; x_wconf 83' lang='lat' dir='ltr'><strong>diversa</strong></span> <span class='ocrx_word' id='word_1_556' title='bbox 2549 2324 2714 2379; x_wconf 90' lang='lat' dir='ltr'><strong>opera</strong></span> <span class='ocrx_word' id='word_1_557' title='bbox 2740 2325 2862 2380; x_wconf 71' lang='lat' dir='ltr'><strong>quae</strong></span> <span class='ocrx_word' id='word_1_558' title='bbox 2889 2320 3147 2380; x_wconf 88' lang='lat' dir='ltr'><strong>operatur</strong></span> <span class='ocrx_word' id='word_1_559' title='bbox 3187 2312 3242 2366; x_wconf 91' lang='lat' dir='ltr'><strong>in</strong></span> <span class='ocrx_word' id='word_1_560' title='bbox 3271 2312 3496 2383; x_wconf 79' lang='lat' dir='ltr'><strong>singulis</strong></span> <span class='ocrx_word' id='word_1_561' title='bbox 3532 2314 3630 2368; x_wconf 87' lang='lat' dir='ltr'><strong>ho-</strong></span> 
     </span>
    </p>
   </div>
   <div class='ocr_carea' id='block_1_83' title="bbox 2049 2397 3642 2472">
    <p class='ocr_par' dir='ltr' id='par_1_83' title="bbox 2049 2397 3642 2472">
     <span class='ocr_line' id='line_1_83' title="bbox 2049 2397 3642 2472; baseline 0.006 -22"><span class='ocrx_word' id='word_1_562' title='bbox 2049 2397 2286 2452; x_wconf 86' lang='lat' dir='ltr'><strong>minibus</strong></span> <span class='ocrx_word' id='word_1_563' title='bbox 2331 2399 2574 2454; x_wconf 86' lang='lat' dir='ltr'><strong>membra</strong></span> <span class='ocrx_word' id='word_1_564' title='bbox 2621 2399 2858 2455; x_wconf 89' lang='lat' dir='ltr'><strong>humana</strong></span> <span class='ocrx_word' id='word_1_565' title='bbox 2896 2403 3250 2456; x_wconf 87' lang='lat' dir='ltr'><strong>nominantur</strong></span> <span class='ocrx_word' id='word_1_566' title='bbox 3286 2403 3342 2457; x_wconf 92' lang='lat' dir='ltr'><strong>in</strong></span> <span class='ocrx_word' id='word_1_567' title='bbox 3369 2418 3453 2468; x_wconf 90' lang='lat' dir='ltr'><strong>eo,</strong></span> <span class='ocrx_word' id='word_1_568' title='bbox 3502 2404 3642 2472; x_wconf 49' lang='lat' dir='ltr'><strong>quia.</strong></span> 
     </span>
    </p>
   </div>
   <div class='ocr_carea' id='block_1_84' title="bbox 2048 2485 3626 2559">
    <p class='ocr_par' dir='ltr' id='par_1_84' title="bbox 2048 2485 3626 2559">
     <span class='ocr_line' id='line_1_84' title="bbox 2048 2485 3626 2559; baseline 0.004 -19"><span class='ocrx_word' id='word_1_569' title='bbox 2048 2500 2154 2540; x_wconf 86' lang='lat' dir='ltr'><strong>non</strong></span> <span class='ocrx_word' id='word_1_570' title='bbox 2197 2485 2394 2541; x_wconf 90' lang='lat' dir='ltr'><strong>desinit</strong></span> <span class='ocrx_word' id='word_1_571' title='bbox 2446 2488 2686 2556; x_wconf 88' lang='lat' dir='ltr'><strong>quotidie</strong></span> <span class='ocrx_word' id='word_1_572' title='bbox 2741 2489 2955 2558; x_wconf 88' lang='lat' dir='ltr'><strong>operari</strong></span> <span class='ocrx_word' id='word_1_573' title='bbox 3014 2505 3134 2559; x_wconf 85' lang='lat' dir='ltr'><strong>quae</strong></span> <span class='ocrx_word' id='word_1_574' title='bbox 3191 2490 3351 2545; x_wconf 86' lang='lat' dir='ltr'><strong>simul</strong></span> <span class='ocrx_word' id='word_1_575' title='bbox 3401 2491 3626 2546; x_wconf 88' lang='lat' dir='ltr'><strong>creavit.</strong></span> 
     </span>
    </p>
   </div>
   <div class='ocr_carea' id='block_1_85' title="bbox 2048 2563 3742 2652">
    <p class='ocr_par' dir='ltr' id='par_1_85' title="bbox 2048 2563 3742 2652">
     <span class='ocr_line' id='line_1_85' title="bbox 2048 2563 3742 2652; baseline 0.006 -24"><span class='ocrx_word' id='word_1_576' title='bbox 2048 2573 2237 2630; x_wconf 75' lang='lat' dir='ltr'><strong>Manus</strong></span> <span class='ocrx_word' id='word_1_577' title='bbox 2261 2575 2313 2630; x_wconf 91' lang='lat' dir='ltr'><strong>ei</strong></span> <span class='ocrx_word' id='word_1_578' title='bbox 2335 2576 2725 2643; x_wconf 83' lang='lat' dir='ltr'><strong>inscribuntur,</strong></span> <span class='ocrx_word' id='word_1_579' title='bbox 2749 2586 2809 2633; x_wconf 92' lang='lat' dir='ltr'><strong>ut</strong></span> <span class='ocrx_word' id='word_1_580' title='bbox 2831 2586 2918 2634; x_wconf 89' lang='lat' dir='ltr'><strong>est</strong></span> <span class='ocrx_word' id='word_1_581' title='bbox 2941 2578 3090 2647; x_wconf 91' lang='lat' dir='ltr'><strong>illud,</strong></span> <span class='ocrx_word' id='word_1_582' title='bbox 3138 2579 3333 2636; x_wconf 75' lang='lat' dir='ltr'><strong>Manus</strong></span> <span class='ocrx_word' id='word_1_583' title='bbox 3357 2591 3463 2636; x_wconf 72' lang='lat' dir='ltr'><strong>ture</strong></span> <span class='ocrx_word' id='word_1_584' title='bbox 3496 2583 3632 2652; x_wconf 84' lang='lat' dir='ltr'><strong>fece-</strong></span> <span class='ocrx_word' id='word_1_585' title='bbox 3737 2563 3742 2568; x_wconf 43' lang='grc'><strong>”</strong></span> 
     </span>
    </p>
   </div>
   <div class='ocr_carea' id='block_1_86' title="bbox 2056 2668 3632 2744">
    <p class='ocr_par' dir='ltr' id='par_1_86' title="bbox 2056 2668 3632 2744">
     <span class='ocr_line' id='line_1_86' title="bbox 2056 2668 3632 2744; baseline 0.006 -24"><span class='ocrx_word' id='word_1_586' title='bbox 2056 2676 2177 2720; x_wconf 91' lang='lat' dir='ltr'><strong>runt</strong></span> <span class='ocrx_word' id='word_1_587' title='bbox 2202 2684 2305 2733; x_wconf 86' lang='lat' dir='ltr'><strong>me,</strong></span> <span class='ocrx_word' id='word_1_588' title='bbox 2333 2678 2380 2722; x_wconf 90' lang='lat' dir='ltr'><strong>et</strong></span> <span class='ocrx_word' id='word_1_589' title='bbox 2402 2668 2789 2740; x_wconf 78' lang='lat' dir='ltr'><strong>plasmaverunt</strong></span> <span class='ocrx_word' id='word_1_590' title='bbox 2813 2688 2916 2737; x_wconf 85' lang='lat' dir='ltr'><strong>me,</strong></span> <span class='ocrx_word' id='word_1_591' title='bbox 2944 2672 3071 2740; x_wconf 87' lang='lat' dir='ltr'><strong>quia</strong></span> <span class='ocrx_word' id='word_1_592' title='bbox 3096 2681 3318 2742; x_wconf 86' lang='lat' dir='ltr'><strong>generat</strong></span> <span class='ocrx_word' id='word_1_593' title='bbox 3344 2683 3632 2744; x_wconf 85' lang='lat' dir='ltr'><strong>perpetua-</strong></span> 
     </span>
    </p>
   </div>
   <div class='ocr_carea' id='block_1_87' title="bbox 2045 2760 3632 2831">
    <p class='ocr_par' dir='ltr' id='par_1_87' title="bbox 2045 2760 3632 2831">
     <span class='ocr_line' id='line_1_87' title="bbox 2045 2760 3632 2831; baseline 0.005 -17"><span class='ocrx_word' id='word_1_594' title='bbox 2045 2760 2170 2816; x_wconf 86' lang='lat' dir='ltr'><strong>liter</strong></span> <span class='ocrx_word' id='word_1_595' title='bbox 2203 2761 2395 2817; x_wconf 87' lang='lat' dir='ltr'><strong>Filium</strong></span> <span class='ocrx_word' id='word_1_596' title='bbox 2420 2777 2488 2819; x_wconf 81' lang='lat' dir='ltr'><strong>ex</strong></span> <span class='ocrx_word' id='word_1_597' title='bbox 2515 2779 2612 2818; x_wconf 91' lang='lat' dir='ltr'><strong>sua</strong></span> <span class='ocrx_word' id='word_1_598' title='bbox 2638 2765 2961 2820; x_wconf 86' lang='lat' dir='ltr'><strong>substantia.</strong></span> <span class='ocrx_word' id='word_1_599' title='bbox 2995 2764 3222 2830; x_wconf 86' lang='lat' dir='ltr'><strong>Uterus,</strong></span> <span class='ocrx_word' id='word_1_600' title='bbox 3252 2773 3314 2820; x_wconf 87' lang='lat' dir='ltr'><strong>ut</strong></span> <span class='ocrx_word' id='word_1_601' title='bbox 3340 2773 3463 2831; x_wconf 90' lang='lat' dir='ltr'><strong>est,</strong></span> <span class='ocrx_word' id='word_1_602' title='bbox 3498 2767 3632 2822; x_wconf 73' lang='lat' dir='ltr'><strong>Ante</strong></span> 
     </span>
    </p>
   </div>
   <div class='ocr_carea' id='block_1_88' title="bbox 2045 2848 3637 2929">
    <p class='ocr_par' dir='ltr' id='par_1_88' title="bbox 2045 2848 3637 2929">
     <span class='ocr_line' id='line_1_88' title="bbox 2045 2848 3637 2929; baseline 0.007 -26"><span class='ocrx_word' id='word_1_603' title='bbox 2045 2848 2350 2922; x_wconf 80' lang='lat' dir='ltr'><strong>Luciferum</strong></span> <span class='ocrx_word' id='word_1_604' title='bbox 2396 2855 2552 2923; x_wconf 79' lang='lat' dir='ltr'><strong>genui</strong></span> <span class='ocrx_word' id='word_1_605' title='bbox 2587 2864 2654 2910; x_wconf 86' lang='lat' dir='ltr'><strong>te.</strong></span> <span class='ocrx_word' id='word_1_606' title='bbox 2700 2855 2927 2922; x_wconf 81' lang='lat' dir='ltr'><strong>Quando</strong></span> <span class='ocrx_word' id='word_1_607' title='bbox 2975 2856 3164 2911; x_wconf 87' lang='lat' dir='ltr'><strong>tribuit</strong></span> <span class='ocrx_word' id='word_1_608' title='bbox 3211 2858 3534 2929; x_wconf 84' lang='lat' dir='ltr'><strong>sapientiam</strong></span> <span class='ocrx_word' id='word_1_609' title='bbox 3577 2867 3637 2914; x_wconf 78' lang='lat' dir='ltr'><strong>et</strong></span> 
     </span>
    </p>
   </div>
   <div class='ocr_carea' id='block_1_89' title="bbox 2045 2944 3634 3012">
    <p class='ocr_par' dir='ltr' id='par_1_89' title="bbox 2045 2944 3634 3012">
     <span class='ocr_line' id='line_1_89' title="bbox 2045 2944 3634 3012; baseline 0.005 -16"><span class='ocrx_word' id='word_1_610' title='bbox 2045 2955 2350 2998; x_wconf 88' lang='lat' dir='ltr'><strong>sermonem</strong></span> <span class='ocrx_word' id='word_1_611' title='bbox 2376 2951 2582 3000; x_wconf 83' lang='lat' dir='ltr'><strong>rectum</strong></span> <span class='ocrx_word' id='word_1_612' title='bbox 2609 2946 2680 3000; x_wconf 91' lang='lat' dir='ltr'><strong>ad</strong></span> <span class='ocrx_word' id='word_1_613' title='bbox 2715 2944 3206 3002; x_wconf 85' lang='lat' dir='ltr'><strong>manifestationem</strong></span> <span class='ocrx_word' id='word_1_614' title='bbox 3234 2946 3533 3012; x_wconf 89' lang='lat' dir='ltr'><strong>hominum,</strong></span> <span class='ocrx_word' id='word_1_615' title='bbox 3569 2963 3634 3004; x_wconf 88' lang='lat' dir='ltr'><strong>os</strong></span> 
     </span>
    </p>
   </div>
   <div class='ocr_carea' id='block_1_90' title="bbox 2043 3028 3638 3110">
    <p class='ocr_par' dir='ltr' id='par_1_90' title="bbox 2043 3028 3638 3110">
     <span class='ocr_line' id='line_1_90' title="bbox 2043 3028 3638 3110; baseline 0.005 -24"><span class='ocrx_word' id='word_1_616' title='bbox 2043 3031 2092 3086; x_wconf 89' lang='lat' dir='ltr'><strong>ei</strong></span> <span class='ocrx_word' id='word_1_617' title='bbox 2130 3033 2468 3102; x_wconf 86' lang='lat' dir='ltr'><strong>inscribitur,</strong></span> <span class='ocrx_word' id='word_1_618' title='bbox 2520 3043 2579 3090; x_wconf 86' lang='lat' dir='ltr'><strong>ut</strong></span> <span class='ocrx_word' id='word_1_619' title='bbox 2616 3035 2705 3090; x_wconf 87' lang='lat' dir='ltr'><strong>hic</strong></span> <span class='ocrx_word' id='word_1_620' title='bbox 2733 3043 2835 3102; x_wconf 88' lang='lat' dir='ltr'><strong>est,</strong></span> <span class='ocrx_word' id='word_1_621' title='bbox 2878 3028 2964 3091; x_wconf 78' lang='lat' dir='ltr'><strong>Ea:</strong></span> <span class='ocrx_word' id='word_1_622' title='bbox 3001 3053 3092 3092; x_wconf 86' lang='lat' dir='ltr'><strong>ore</strong></span> <span class='ocrx_word' id='word_1_623' title='bbox 3133 3036 3392 3093; x_wconf 77' lang='lat' dir='ltr'><strong>Altissimi</strong></span> <span class='ocrx_word' id='word_1_624' title='bbox 3433 3039 3638 3110; x_wconf 68' lang='lat' dir='ltr'><strong>prodii.</strong></span> 
     </span>
    </p>
   </div>
   <div class='ocr_carea' id='block_1_91' title="bbox 2045 3122 3632 3200">
    <p class='ocr_par' dir='ltr' id='par_1_91' title="bbox 2045 3122 3632 3200">
     <span class='ocr_line' id='line_1_91' title="bbox 2045 3122 3632 3200; baseline 0.004 -23"><span class='ocrx_word' id='word_1_625' title='bbox 2045 3122 2114 3178; x_wconf 88' lang='lat' dir='ltr'><strong>Et</strong></span> <span class='ocrx_word' id='word_1_626' title='bbox 2138 3123 2334 3180; x_wconf 86' lang='lat' dir='ltr'><strong>iterum</strong></span> <span class='ocrx_word' id='word_1_627' title='bbox 2378 3125 2446 3182; x_wconf 87' lang='lat' dir='ltr'><strong>de</strong></span> <span class='ocrx_word' id='word_1_628' title='bbox 2472 3126 2608 3182; x_wconf 90' lang='lat' dir='ltr'><strong>Isaia</strong></span> <span class='ocrx_word' id='word_1_629' title='bbox 2643 3145 2656 3180; x_wconf 92' lang='lat'><strong>:</strong></span> <span class='ocrx_word' id='word_1_630' title='bbox 2692 3127 2838 3183; x_wconf 85' lang='lat' dir='ltr'><strong>Tunc</strong></span> <span class='ocrx_word' id='word_1_631' title='bbox 2862 3127 3203 3183; x_wconf 80' lang='lat' dir='ltr'><strong>deiectaberis</strong></span> <span class='ocrx_word' id='word_1_632' title='bbox 3249 3145 3408 3200; x_wconf 76' lang='lat' dir='ltr'><strong>super</strong></span> <span class='ocrx_word' id='word_1_633' title='bbox 3440 3129 3632 3184; x_wconf 83' lang='lat' dir='ltr'><strong>Domi-</strong></span> 
     </span>
    </p>
   </div>
   <div class='ocr_carea' id='block_1_92' title="bbox 2045 3215 3636 3288">
    <p class='ocr_par' dir='ltr' id='par_1_92' title="bbox 2045 3215 3636 3288">
     <span class='ocr_line' id='line_1_92' title="bbox 2045 3215 3636 3288; baseline 0.005 -21"><span class='ocrx_word' id='word_1_634' title='bbox 2045 3229 2192 3278; x_wconf 85' lang='lat' dir='ltr'><strong>num,</strong></span> <span class='ocrx_word' id='word_1_635' title='bbox 2215 3223 2268 3268; x_wconf 80' lang='lat' dir='ltr'><strong>et</strong></span> <span class='ocrx_word' id='word_1_636' title='bbox 2297 3215 2574 3271; x_wconf 83' lang='lat' dir='ltr'><strong>sustollam</strong></span> <span class='ocrx_word' id='word_1_637' title='bbox 2619 3225 2666 3270; x_wconf 88' lang='lat' dir='ltr'><strong>te</strong></span> <span class='ocrx_word' id='word_1_638' title='bbox 2695 3234 2854 3288; x_wconf 83' lang='lat' dir='ltr'><strong>super</strong></span> <span class='ocrx_word' id='word_1_639' title='bbox 2890 3217 3222 3272; x_wconf 81' lang='lat' dir='ltr'><strong>aftitudinem</strong></span> <span class='ocrx_word' id='word_1_640' title='bbox 3267 3228 3446 3286; x_wconf 75' lang='lat' dir='ltr'><strong>term,</strong></span> <span class='ocrx_word' id='word_1_641' title='bbox 3473 3230 3525 3275; x_wconf 91' lang='lat' dir='ltr'><strong>et</strong></span> <span class='ocrx_word' id='word_1_642' title='bbox 3557 3221 3636 3274; x_wconf 58' lang='lat' dir='ltr'><strong>cis</strong></span> 
     </span>
    </p>
   </div>
   <div class='ocr_carea' id='block_1_93' title="bbox 2044 3303 3634 3375">
    <p class='ocr_par' dir='ltr' id='par_1_93' title="bbox 2044 3303 3634 3375">
     <span class='ocr_line' id='line_1_93' title="bbox 2044 3303 3634 3375; baseline 0.006 -19"><span class='ocrx_word' id='word_1_643' title='bbox 2044 3303 2176 3357; x_wconf 85' lang='lat' dir='ltr'><strong>babo</strong></span> <span class='ocrx_word' id='word_1_644' title='bbox 2199 3313 2249 3358; x_wconf 89' lang='lat' dir='ltr'><strong>te</strong></span> <span class='ocrx_word' id='word_1_645' title='bbox 2277 3305 2581 3359; x_wconf 61' lang='lat' dir='ltr'><strong>hereditate</strong></span> <span class='ocrx_word' id='word_1_646' title='bbox 2605 3305 2771 3360; x_wconf 74' lang='lat' dir='ltr'><strong>Iacob</strong></span> <span class='ocrx_word' id='word_1_647' title='bbox 2806 3308 2971 3375; x_wconf 87' lang='lat' dir='ltr'><strong>patris</strong></span> <span class='ocrx_word' id='word_1_648' title='bbox 3011 3307 3108 3360; x_wconf 85' lang='lat' dir='ltr'><strong>tui.</strong></span> <span class='ocrx_word' id='word_1_649' title='bbox 3146 3305 3219 3362; x_wconf 89' lang='lat' dir='ltr'><strong>Os</strong></span> <span class='ocrx_word' id='word_1_650' title='bbox 3247 3310 3384 3365; x_wconf 82' lang='lat' dir='ltr'><strong>enim</strong></span> <span class='ocrx_word' id='word_1_651' title='bbox 3413 3310 3634 3366; x_wconf 81' lang='lat' dir='ltr'><strong>Domini</strong></span> 
     </span>
    </p>
   </div>
   <div class='ocr_carea' id='block_1_94' title="bbox 2043 3391 3630 3469">
    <p class='ocr_par' dir='ltr' id='par_1_94' title="bbox 2043 3391 3630 3469">
     <span class='ocr_line' id='line_1_94' title="bbox 2043 3391 3630 3469; baseline 0.006 -25"><span class='ocrx_word' id='word_1_652' title='bbox 2043 3391 2272 3446; x_wconf 81' lang='lat' dir='ltr'><strong>locutum</strong></span> <span class='ocrx_word' id='word_1_653' title='bbox 2301 3401 2397 3447; x_wconf 87' lang='lat' dir='ltr'><strong>est.</strong></span> <span class='ocrx_word' id='word_1_654' title='bbox 2447 3394 2524 3448; x_wconf 85' lang='lat' dir='ltr'><strong>De</strong></span> <span class='ocrx_word' id='word_1_655' title='bbox 2563 3392 2672 3448; x_wconf 82' lang='lat' dir='ltr'><strong>ﬁne</strong></span> <span class='ocrx_word' id='word_1_656' title='bbox 2715 3395 2874 3464; x_wconf 83' lang='lat' dir='ltr'><strong>hujus</strong></span> <span class='ocrx_word' id='word_1_657' title='bbox 2919 3395 3136 3464; x_wconf 88' lang='lat' dir='ltr'><strong>capituli</strong></span> <span class='ocrx_word' id='word_1_658' title='bbox 3183 3397 3258 3452; x_wconf 88' lang='lat' dir='ltr'><strong>ita</strong></span> <span class='ocrx_word' id='word_1_659' title='bbox 3305 3399 3524 3469; x_wconf 84' lang='lat' dir='ltr'><strong>scripsit</strong></span> <span class='ocrx_word' id='word_1_660' title='bbox 3569 3399 3630 3454; x_wconf 89' lang='lat' dir='ltr'><strong>S.</strong></span> 
     </span>
    </p>
   </div>
   <div class='ocr_carea' id='block_1_95' title="bbox 2046 3483 3632 3555">
    <p class='ocr_par' dir='ltr' id='par_1_95' title="bbox 2046 3483 3632 3555">
     <span class='ocr_line' id='line_1_95' title="bbox 2046 3483 3632 3555; baseline 0.004 -17"><span class='ocrx_word' id='word_1_661' title='bbox 2046 3483 2408 3555; x_wconf 81' lang='lat' dir='ltr'><strong>Hieronymus</strong></span> <span class='ocrx_word' id='word_1_662' title='bbox 2432 3484 2486 3539; x_wconf 90' lang='lat' dir='ltr'><strong>in</strong></span> <span class='ocrx_word' id='word_1_663' title='bbox 2515 3490 2764 3540; x_wconf 61' lang='lat' dir='ltr'><strong>tractatu</strong></span> <span class='ocrx_word' id='word_1_664' title='bbox 2790 3500 2955 3555; x_wconf 90' lang='lat' dir='ltr'><strong>super</strong></span> <span class='ocrx_word' id='word_1_665' title='bbox 2989 3486 3183 3542; x_wconf 87' lang='lat' dir='ltr'><strong>Isaiam</strong></span> <span class='ocrx_word' id='word_1_666' title='bbox 3227 3495 3380 3543; x_wconf 81' lang='lat' dir='ltr'><strong>sexto</strong></span> <span class='ocrx_word' id='word_1_667' title='bbox 3415 3488 3632 3546; x_wconf 82' lang='lat' dir='ltr'><strong>decima</strong></span> 
     </span>
    </p>
   </div>
   <div class='ocr_carea' id='block_1_96' title="bbox 2043 3573 3633 3650">
    <p class='ocr_par' dir='ltr' id='par_1_96' title="bbox 2043 3573 3633 3650">
     <span class='ocr_line' id='line_1_96' title="bbox 2043 3573 3633 3650; baseline 0.004 -21"><span class='ocrx_word' id='word_1_668' title='bbox 2043 3574 2205 3640; x_wconf 88' lang='lat' dir='ltr'><strong>libro,</strong></span> <span class='ocrx_word' id='word_1_669' title='bbox 2257 3575 2482 3632; x_wconf 86' lang='lat' dir='ltr'><strong>dicens:</strong></span> <span class='ocrx_word' id='word_1_670' title='bbox 2509 3573 2583 3632; x_wconf 85' lang='lat' dir='ltr'><strong>Os</strong></span> <span class='ocrx_word' id='word_1_671' title='bbox 2611 3575 2824 3631; x_wconf 84' lang='lat' dir='ltr'><strong>Domini</strong></span> <span class='ocrx_word' id='word_1_672' title='bbox 2867 3575 3098 3632; x_wconf 83' lang='lat' dir='ltr'><strong>locutum</strong></span> <span class='ocrx_word' id='word_1_673' title='bbox 3142 3587 3239 3646; x_wconf 87' lang='lat' dir='ltr'><strong>cst,</strong></span> <span class='ocrx_word' id='word_1_674' title='bbox 3264 3587 3328 3634; x_wconf 87' lang='lat' dir='ltr'><strong>ut</strong></span> <span class='ocrx_word' id='word_1_675' title='bbox 3355 3580 3633 3650; x_wconf 76' lang='lat' dir='ltr'><strong>quomodo</strong></span> 
     </span>
    </p>
   </div>
   <div class='ocr_carea' id='block_1_97' title="bbox 2044 3667 3631 3739">
    <p class='ocr_par' dir='ltr' id='par_1_97' title="bbox 2044 3667 3631 3739">
     <span class='ocr_line' id='line_1_97' title="bbox 2044 3667 3631 3739; baseline 0.004 -18"><span class='ocrx_word' id='word_1_676' title='bbox 2044 3667 2098 3722; x_wconf 89' lang='lat' dir='ltr'><strong>in</strong></span> <span class='ocrx_word' id='word_1_677' title='bbox 2123 3668 2373 3724; x_wconf 79' lang='lat' dir='ltr'><strong>manibus</strong></span> <span class='ocrx_word' id='word_1_678' title='bbox 2406 3683 2562 3739; x_wconf 91' lang='lat' dir='ltr'><strong>opus,</strong></span> <span class='ocrx_word' id='word_1_679' title='bbox 2597 3675 2654 3724; x_wconf 90' lang='lat' dir='ltr'><strong>et</strong></span> <span class='ocrx_word' id='word_1_680' title='bbox 2675 3669 2730 3723; x_wconf 90' lang='lat' dir='ltr'><strong>in</strong></span> <span class='ocrx_word' id='word_1_681' title='bbox 2755 3669 2985 3739; x_wconf 87' lang='lat' dir='ltr'><strong>pedibus</strong></span> <span class='ocrx_word' id='word_1_682' title='bbox 3011 3670 3303 3738; x_wconf 84' lang='lat' dir='ltr'><strong>incessum,</strong></span> <span class='ocrx_word' id='word_1_683' title='bbox 3331 3680 3389 3726; x_wconf 91' lang='lat' dir='ltr'><strong>et</strong></span> <span class='ocrx_word' id='word_1_684' title='bbox 3413 3673 3470 3726; x_wconf 89' lang='lat' dir='ltr'><strong>in</strong></span> <span class='ocrx_word' id='word_1_685' title='bbox 3501 3689 3631 3728; x_wconf 86' lang='lat' dir='ltr'><strong>ven-</strong></span> 
     </span>
    </p>
   </div>
   <div class='ocr_carea' id='block_1_98' title="bbox 2047 3760 3629 3833">
    <p class='ocr_par' dir='ltr' id='par_1_98' title="bbox 2047 3760 3629 3833">
     <span class='ocr_line' id='line_1_98' title="bbox 2047 3760 3629 3833; baseline 0.003 -19"><span class='ocrx_word' id='word_1_686' title='bbox 2047 3767 2129 3814; x_wconf 88' lang='lat' dir='ltr'><strong>tre</strong></span> <span class='ocrx_word' id='word_1_687' title='bbox 2156 3760 2581 3830; x_wconf 85' lang='lat' dir='ltr'><strong>generationem,</strong></span> <span class='ocrx_word' id='word_1_688' title='bbox 2628 3768 2683 3816; x_wconf 91' lang='lat' dir='ltr'><strong>et</strong></span> <span class='ocrx_word' id='word_1_689' title='bbox 2725 3760 2781 3816; x_wconf 92' lang='lat' dir='ltr'><strong>in</strong></span> <span class='ocrx_word' id='word_1_690' title='bbox 2821 3761 3045 3818; x_wconf 86' lang='lat' dir='ltr'><strong>auribus</strong></span> <span class='ocrx_word' id='word_1_691' title='bbox 3071 3763 3351 3833; x_wconf 86' lang='lat' dir='ltr'><strong>oculisque</strong></span> <span class='ocrx_word' id='word_1_692' title='bbox 3384 3765 3629 3820; x_wconf 85' lang='lat' dir='ltr'><strong>auditum</strong></span> 
     </span>
    </p>
   </div>
   <div class='ocr_carea' id='block_1_99' title="bbox 2045 3847 3630 3925">
    <p class='ocr_par' dir='ltr' id='par_1_99' title="bbox 2045 3847 3630 3925">
     <span class='ocr_line' id='line_1_99' title="bbox 2045 3847 3630 3925; baseline 0.005 -23"><span class='ocrx_word' id='word_1_693' title='bbox 2045 3855 2208 3917; x_wconf 87' lang='lat' dir='ltr'><strong>atque</strong></span> <span class='ocrx_word' id='word_1_694' title='bbox 2257 3847 2537 3914; x_wconf 89' lang='lat' dir='ltr'><strong>intuitum,</strong></span> <span class='ocrx_word' id='word_1_695' title='bbox 2585 3848 2666 3904; x_wconf 87' lang='lat' dir='ltr'><strong>sic</strong></span> <span class='ocrx_word' id='word_1_696' title='bbox 2696 3848 2750 3903; x_wconf 92' lang='lat' dir='ltr'><strong>in</strong></span> <span class='ocrx_word' id='word_1_697' title='bbox 2791 3863 2887 3905; x_wconf 92' lang='lat' dir='ltr'><strong>ore</strong></span> <span class='ocrx_word' id='word_1_698' title='bbox 2913 3849 3010 3905; x_wconf 91' lang='lat' dir='ltr'><strong>Dei</strong></span> <span class='ocrx_word' id='word_1_699' title='bbox 3041 3865 3346 3908; x_wconf 86' lang='lat' dir='ltr'><strong>sermonem</strong></span> <span class='ocrx_word' id='word_1_700' title='bbox 3377 3853 3630 3925; x_wconf 46' lang='lat' dir='ltr'><strong>intelligi?</strong></span> 
     </span>
    </p>
   </div>
   <div class='ocr_carea' id='block_1_100' title="bbox 2045 3935 3629 4008">
    <p class='ocr_par' dir='ltr' id='par_1_100' title="bbox 2045 3935 3629 4008">
     <span class='ocr_line' id='line_1_100' title="bbox 2045 3935 3629 4008; baseline 0.005 -18"><span class='ocrx_word' id='word_1_701' title='bbox 2045 3951 2185 3992; x_wconf 87' lang='lat' dir='ltr'><strong>mus.</strong></span> <span class='ocrx_word' id='word_1_702' title='bbox 2238 3935 2504 3994; x_wconf 80' lang='lat' dir='ltr'><strong>Caeterum</strong></span> <span class='ocrx_word' id='word_1_703' title='bbox 2552 3937 2784 4008; x_wconf 79' lang='lat' dir='ltr'><strong>simplex</strong></span> <span class='ocrx_word' id='word_1_704' title='bbox 2812 3946 2870 3994; x_wconf 86' lang='lat' dir='ltr'><strong>et</strong></span> <span class='ocrx_word' id='word_1_705' title='bbox 2906 3939 3368 3998; x_wconf 88' lang='lat' dir='ltr'><strong>incommutabilis</strong></span> <span class='ocrx_word' id='word_1_706' title='bbox 3389 3942 3486 3998; x_wconf 88' lang='lat' dir='ltr'><strong>Dei</strong></span> <span class='ocrx_word' id='word_1_707' title='bbox 3533 3959 3629 3998; x_wconf 79' lang='lat' dir='ltr'><strong>na-</strong></span> 
     </span>
    </p>
   </div>
   <div class='ocr_carea' id='block_1_101' title="bbox 2047 4028 3629 4104">
    <p class='ocr_par' dir='ltr' id='par_1_101' title="bbox 2047 4028 3629 4104">
     <span class='ocr_line' id='line_1_101' title="bbox 2047 4028 3629 4104; baseline 0.004 -22"><span class='ocrx_word' id='word_1_708' title='bbox 2047 4036 2202 4092; x_wconf 89' lang='lat' dir='ltr'><strong>tura,</strong></span> <span class='ocrx_word' id='word_1_709' title='bbox 2246 4043 2462 4098; x_wconf 87' lang='lat' dir='ltr'><strong>semper</strong></span> <span class='ocrx_word' id='word_1_710' title='bbox 2496 4035 2553 4084; x_wconf 88' lang='lat' dir='ltr'><strong>et</strong></span> <span class='ocrx_word' id='word_1_711' title='bbox 2591 4028 2791 4099; x_wconf 91' lang='lat' dir='ltr'><strong>ubique</strong></span> <span class='ocrx_word' id='word_1_712' title='bbox 2837 4040 2940 4085; x_wconf 88' lang='lat' dir='ltr'><strong>est.</strong></span> <span class='ocrx_word' id='word_1_713' title='bbox 2985 4030 3267 4102; x_wconf 87' lang='lat' dir='ltr'><strong>Sequitur,</strong></span> <span class='ocrx_word' id='word_1_714' title='bbox 3298 4031 3555 4104; x_wconf 76' lang='lat' dir='ltr'><strong>[Attingis</strong></span> <span class='ocrx_word' id='word_1_715' title='bbox 3596 4052 3629 4088; x_wconf 87' lang='lat' dir='ltr'><strong>a</strong></span> 
     </span>
    </p>
   </div>
   <div class='ocr_carea' id='block_1_102' title="bbox 2045 4117 3632 4190">
    <p class='ocr_par' dir='ltr' id='par_1_102' title="bbox 2045 4117 3632 4190">
     <span class='ocr_line' id='line_1_102' title="bbox 2045 4117 3632 4190; baseline 0.005 -20"><span class='ocrx_word' id='word_1_716' title='bbox 2045 4117 2150 4186; x_wconf 78' lang='lat' dir='ltr'><strong>fine</strong></span> <span class='ocrx_word' id='word_1_717' title='bbox 2175 4135 2336 4188; x_wconf 85' lang='lat' dir='ltr'><strong>usque</strong></span> <span class='ocrx_word' id='word_1_718' title='bbox 2375 4118 2445 4172; x_wconf 89' lang='lat' dir='ltr'><strong>ad</strong></span> <span class='ocrx_word' id='word_1_719' title='bbox 2476 4117 2635 4187; x_wconf 83' lang='lat' dir='ltr'><strong>finem</strong></span> <span class='ocrx_word' id='word_1_720' title='bbox 2663 4118 2896 4188; x_wconf 81' lang='lat' dir='ltr'><strong>fortiter,</strong></span> <span class='ocrx_word' id='word_1_721' title='bbox 2927 4130 2977 4173; x_wconf 88' lang='lat' dir='ltr'><strong>et</strong></span> <span class='ocrx_word' id='word_1_722' title='bbox 3001 4120 3229 4190; x_wconf 84' lang='lat' dir='ltr'><strong>disponit</strong></span> <span class='ocrx_word' id='word_1_723' title='bbox 3254 4122 3431 4175; x_wconf 77' lang='lat' dir='ltr'><strong>omnia</strong></span> <span class='ocrx_word' id='word_1_724' title='bbox 3459 4125 3632 4180; x_wconf 76' lang='lat' dir='ltr'><strong>suavi.-</strong></span> 
     </span>
    </p>
   </div>
   <div class='ocr_carea' id='block_1_103' title="bbox 2047 4207 3631 4277">
    <p class='ocr_par' dir='ltr' id='par_1_103' title="bbox 2047 4207 3631 4277">
     <span class='ocr_line' id='line_1_103' title="bbox 2047 4207 3631 4277; baseline 0.004 -17"><span class='ocrx_word' id='word_1_725' title='bbox 2047 4215 2156 4271; x_wconf 87' lang='lat' dir='ltr'><strong>ter;</strong></span> <span class='ocrx_word' id='word_1_726' title='bbox 2185 4208 2328 4277; x_wconf 93' lang='lat' dir='ltr'><strong>quod</strong></span> <span class='ocrx_word' id='word_1_727' title='bbox 2368 4207 2443 4261; x_wconf 90' lang='lat' dir='ltr'><strong>ita</strong></span> <span class='ocrx_word' id='word_1_728' title='bbox 2494 4207 2805 4262; x_wconf 83' lang='lat' dir='ltr'><strong>continetur</strong></span> <span class='ocrx_word' id='word_1_729' title='bbox 2855 4207 2910 4261; x_wconf 85' lang='lat' dir='ltr'><strong>in</strong></span> <span class='ocrx_word' id='word_1_730' title='bbox 2967 4218 3270 4264; x_wconf 87' lang='lat' dir='ltr'><strong>memorato</strong></span> <span class='ocrx_word' id='word_1_731' title='bbox 3319 4209 3456 4265; x_wconf 84' lang='lat' dir='ltr'><strong>libro</strong></span> <span class='ocrx_word' id='word_1_732' title='bbox 3489 4230 3501 4265; x_wconf 88' lang='lat'>:</span> <span class='ocrx_word' id='word_1_733' title='bbox 3529 4211 3631 4268; x_wconf 84' lang='lat' dir='ltr'><strong>Sa-</strong></span> 
     </span>
    </p>
   </div>
   <div class='ocr_carea' id='block_1_104' title="bbox 2043 4283 3628 4372">
    <p class='ocr_par' dir='ltr' id='par_1_104' title="bbox 2043 4283 3628 4372">
     <span class='ocr_line' id='line_1_104' title="bbox 2043 4283 3628 4372; baseline 0.006 -23"><span class='ocrx_word' id='word_1_734' title='bbox 2043 4297 2240 4366; x_wconf 84' lang='lat' dir='ltr'><strong>pientia</strong></span> <span class='ocrx_word' id='word_1_735' title='bbox 2279 4283 2435 4350; x_wconf 79' lang='lat' dir='ltr'><strong>vincit</strong></span> <span class='ocrx_word' id='word_1_736' title='bbox 2475 4294 2755 4362; x_wconf 87' lang='lat' dir='ltr'><strong>malitiam,</strong></span> <span class='ocrx_word' id='word_1_737' title='bbox 2785 4297 2995 4370; x_wconf 81' lang='lat' dir='ltr'><strong>attingit</strong></span> <span class='ocrx_word' id='word_1_738' title='bbox 3032 4315 3154 4370; x_wconf 84' lang='lat' dir='ltr'><strong>ergo</strong></span> <span class='ocrx_word' id='word_1_739' title='bbox 3181 4316 3215 4352; x_wconf 74' lang='grc' dir='ltr'><em>ο</em></span> <span class='ocrx_word' id='word_1_740' title='bbox 3241 4299 3348 4368; x_wconf 75' lang='lat' dir='ltr'><strong>fine</strong></span> <span class='ocrx_word' id='word_1_741' title='bbox 3375 4317 3538 4372; x_wconf 83' lang='lat' dir='ltr'><strong>usque</strong></span> <span class='ocrx_word' id='word_1_742' title='bbox 3559 4303 3628 4360; x_wconf 81' lang='lat' dir='ltr'><strong>ad</strong></span> 
     </span>
    </p>
   </div>
   <div class='ocr_carea' id='block_1_105' title="bbox 2044 4385 3627 4458">
    <p class='ocr_par' dir='ltr' id='par_1_105' title="bbox 2044 4385 3627 4458">
     <span class='ocr_line' id='line_1_105' title="bbox 2044 4385 3627 4458; baseline 0.008 -20"><span class='ocrx_word' id='word_1_743' title='bbox 2044 4385 2202 4453; x_wconf 77' lang='lat' dir='ltr'><strong>ﬁnem</strong></span> <span class='ocrx_word' id='word_1_744' title='bbox 2254 4386 2482 4455; x_wconf 82' lang='lat' dir='ltr'><strong>fortiter,</strong></span> <span class='ocrx_word' id='word_1_745' title='bbox 2541 4396 2592 4440; x_wconf 85' lang='lat' dir='ltr'><strong>et</strong></span> <span class='ocrx_word' id='word_1_746' title='bbox 2647 4386 2875 4458; x_wconf 84' lang='lat' dir='ltr'><strong>disponit</strong></span> <span class='ocrx_word' id='word_1_747' title='bbox 2926 4390 3104 4445; x_wconf 84' lang='lat' dir='ltr'><strong>omnia</strong></span> <span class='ocrx_word' id='word_1_748' title='bbox 3158 4394 3406 4448; x_wconf 77' lang='lat' dir='ltr'><strong>suaviter.</strong></span> <span class='ocrx_word' id='word_1_749' title='bbox 3473 4393 3627 4452; x_wconf 80' lang='lat' dir='ltr'><strong>Hanc</strong></span> 
     </span>
    </p>
   </div>
   <div class='ocr_carea' id='block_1_106' title="bbox 2045 4476 3626 4552">
    <p class='ocr_par' dir='ltr' id='par_1_106' title="bbox 2045 4476 3626 4552">
     <span class='ocr_line' id='line_1_106' title="bbox 2045 4476 3626 4552; baseline 0.006 -24"><span class='ocrx_word' id='word_1_750' title='bbox 2045 4476 2237 4542; x_wconf 74' lang='lat' dir='ltr'><strong>amavi,</strong></span> <span class='ocrx_word' id='word_1_751' title='bbox 2266 4484 2315 4529; x_wconf 87' lang='lat' dir='ltr'><strong>et</strong></span> <span class='ocrx_word' id='word_1_752' title='bbox 2339 4477 2591 4548; x_wconf 68' lang='lat' dir='ltr'><strong>exquisivi</strong></span> <span class='ocrx_word' id='word_1_753' title='bbox 2631 4495 2663 4531; x_wconf 88' lang='lat' dir='ltr'><strong>a</strong></span> <span class='ocrx_word' id='word_1_754' title='bbox 2685 4478 2958 4548; x_wconf 81' lang='lat' dir='ltr'><strong>juventute</strong></span> <span class='ocrx_word' id='word_1_755' title='bbox 2987 4497 3122 4535; x_wconf 84' lang='lat' dir='ltr'><strong>mea.</strong></span> <span class='ocrx_word' id='word_1_756' title='bbox 3149 4480 3308 4536; x_wconf 80' lang='lat' dir='ltr'><strong>Juxta</strong></span> <span class='ocrx_word' id='word_1_757' title='bbox 3348 4484 3626 4552; x_wconf 84' lang='lat' dir='ltr'><strong>superiora</strong></span> 
     </span>
    </p>
   </div>
   <div class='ocr_carea' id='block_1_107' title="bbox 2043 4567 3628 4640">
    <p class='ocr_par' dir='ltr' id='par_1_107' title="bbox 2043 4567 3628 4640">
     <span class='ocr_line' id='line_1_107' title="bbox 2043 4567 3628 4640; baseline 0.006 -18"><span class='ocrx_word' id='word_1_758' title='bbox 2043 4567 2328 4636; x_wconf 67' lang='lat' dir='ltr'><strong>prmsentis</strong></span> <span class='ocrx_word' id='word_1_759' title='bbox 2366 4568 2514 4636; x_wconf 89' lang='lat' dir='ltr'><strong>libri,</strong></span> <span class='ocrx_word' id='word_1_760' title='bbox 2566 4580 2794 4640; x_wconf 83' lang='lat' dir='ltr'><strong>possunt</strong></span> <span class='ocrx_word' id='word_1_761' title='bbox 2818 4572 2932 4628; x_wconf 66' lang='lat' dir='ltr'><strong>haec</strong></span> <span class='ocrx_word' id='word_1_762' title='bbox 2969 4574 3134 4629; x_wconf 89' lang='lat' dir='ltr'><strong>verba</strong></span> <span class='ocrx_word' id='word_1_763' title='bbox 3162 4576 3520 4632; x_wconf 77' lang='lat' dir='ltr'><strong>historiahter</strong></span> <span class='ocrx_word' id='word_1_764' title='bbox 3545 4578 3628 4632; x_wconf 80' lang='lat' dir='ltr'><strong>in-</strong></span> 
     </span>
    </p>
   </div>
   <div class='ocr_carea' id='block_1_108' title="bbox 2044 4656 3627 4733">
    <p class='ocr_par' dir='ltr' id='par_1_108' title="bbox 2044 4656 3627 4733">
     <span class='ocr_line' id='line_1_108' title="bbox 2044 4656 3627 4733; baseline 0.008 -21"><span class='ocrx_word' id='word_1_765' title='bbox 2044 4656 2229 4729; x_wconf 87' lang='lat' dir='ltr'><strong>telligi.</strong></span> <span class='ocrx_word' id='word_1_766' title='bbox 2256 4657 2336 4713; x_wconf 83' lang='lat' dir='ltr'><strong>Ita</strong></span> <span class='ocrx_word' id='word_1_767' title='bbox 2361 4659 2507 4714; x_wconf 88' lang='lat' dir='ltr'><strong>enim</strong></span> <span class='ocrx_word' id='word_1_768' title='bbox 2534 4661 2797 4732; x_wconf 87' lang='lat' dir='ltr'><strong>scriptum</strong></span> <span class='ocrx_word' id='word_1_769' title='bbox 2826 4670 2948 4719; x_wconf 89' lang='lat' dir='ltr'><strong>est:</strong></span> <span class='ocrx_word' id='word_1_770' title='bbox 2975 4662 3094 4733; x_wconf 91' lang='lat' dir='ltr'><strong>lpse</strong></span> <span class='ocrx_word' id='word_1_771' title='bbox 3121 4665 3267 4720; x_wconf 88' lang='lat' dir='ltr'><strong>enim</strong></span> <span class='ocrx_word' id='word_1_772' title='bbox 3303 4667 3436 4722; x_wconf 89' lang='lat' dir='ltr'><strong>mihi</strong></span> <span class='ocrx_word' id='word_1_773' title='bbox 3479 4667 3627 4724; x_wconf 86' lang='lat' dir='ltr'><strong>dedit</strong></span> 
     </span>
    </p>
   </div>
   <div class='ocr_carea' id='block_1_109' title="bbox 2043 4747 3627 4829">
    <p class='ocr_par' dir='ltr' id='par_1_109' title="bbox 2043 4747 3627 4829">
     <span class='ocr_line' id='line_1_109' title="bbox 2043 4747 3627 4829; baseline 0.008 -27"><span class='ocrx_word' id='word_1_774' title='bbox 2043 4747 2260 4813; x_wconf 88' lang='lat' dir='ltr'><strong>horum,</strong></span> <span class='ocrx_word' id='word_1_775' title='bbox 2288 4761 2409 4818; x_wconf 73' lang='lat' dir='ltr'><strong>qua:</strong></span> <span class='ocrx_word' id='word_1_776' title='bbox 2447 4757 2594 4815; x_wconf 89' lang='lat' dir='ltr'><strong>sunt,</strong></span> <span class='ocrx_word' id='word_1_777' title='bbox 2627 4751 2912 4807; x_wconf 89' lang='lat' dir='ltr'><strong>scientiam</strong></span> <span class='ocrx_word' id='word_1_778' title='bbox 2931 4768 3140 4820; x_wconf 85' lang='lat' dir='ltr'><strong>veram,</strong></span> <span class='ocrx_word' id='word_1_779' title='bbox 3167 4764 3229 4809; x_wconf 92' lang='lat' dir='ltr'><strong>ut</strong></span> <span class='ocrx_word' id='word_1_780' title='bbox 3254 4757 3424 4812; x_wconf 87' lang='lat' dir='ltr'><strong>sciam</strong></span> <span class='ocrx_word' id='word_1_781' title='bbox 3450 4758 3627 4829; x_wconf 86' lang='lat' dir='ltr'><strong>dispo-</strong></span> 
     </span>
    </p>
   </div>
   <div class='ocr_carea' id='block_1_110' title="bbox 2041 4839 3621 4915">
    <p class='ocr_par' dir='ltr' id='par_1_110' title="bbox 2041 4839 3621 4915">
     <span class='ocr_line' id='line_1_110' title="bbox 2041 4839 3621 4915; baseline 0.008 -20"><span class='ocrx_word' id='word_1_782' title='bbox 2041 4839 2294 4895; x_wconf 90' lang='lat' dir='ltr'><strong>sitionem</strong></span> <span class='ocrx_word' id='word_1_783' title='bbox 2321 4847 2609 4908; x_wconf 88' lang='lat' dir='ltr'><strong>terrarum,</strong></span> <span class='ocrx_word' id='word_1_784' title='bbox 2638 4851 2693 4898; x_wconf 89' lang='lat' dir='ltr'><strong>et</strong></span> <span class='ocrx_word' id='word_1_785' title='bbox 2714 4844 2944 4901; x_wconf 88' lang='lat' dir='ltr'><strong>virtutes</strong></span> <span class='ocrx_word' id='word_1_786' title='bbox 2964 4846 3376 4915; x_wconf 88' lang='lat' dir='ltr'><strong>elementorum,</strong></span> <span class='ocrx_word' id='word_1_787' title='bbox 3407 4851 3621 4906; x_wconf 87' lang='lat' dir='ltr'><strong>initium</strong></span> 
     </span>
    </p>
   </div>
   <div class='ocr_carea' id='block_1_111' title="bbox 2043 4935 3622 5013">
    <p class='ocr_par' dir='ltr' id='par_1_111' title="bbox 2043 4935 3622 5013">
     <span class='ocr_line' id='line_1_111' title="bbox 2043 4935 3622 5013; baseline 0.009 -28"><span class='ocrx_word' id='word_1_788' title='bbox 2043 4940 2099 4986; x_wconf 89' lang='lat' dir='ltr'><strong>et</strong></span> <span class='ocrx_word' id='word_1_789' title='bbox 2139 4935 2687 5002; x_wconf 89' lang='lat' dir='ltr'><strong>consummationem,</strong></span> <span class='ocrx_word' id='word_1_790' title='bbox 2719 4947 2776 4993; x_wconf 92' lang='lat' dir='ltr'><strong>et</strong></span> <span class='ocrx_word' id='word_1_791' title='bbox 2815 4939 3156 4996; x_wconf 87' lang='lat' dir='ltr'><strong>medietatem</strong></span> <span class='ocrx_word' id='word_1_792' title='bbox 3209 4949 3534 5013; x_wconf 88' lang='lat' dir='ltr'><strong>temporum,</strong></span> <span class='ocrx_word' id='word_1_793' title='bbox 3567 4954 3622 4999; x_wconf 86' lang='lat' dir='ltr'><strong>et</strong></span> 
     </span>
    </p>
   </div>
   <div class='ocr_carea' id='block_1_112' title="bbox 2045 5023 3618 5104">
    <p class='ocr_par' dir='ltr' id='par_1_112' title="bbox 2045 5023 3618 5104">
     <span class='ocr_line' id='line_1_112' title="bbox 2045 5023 3618 5104; baseline 0.006 -26"><span class='ocrx_word' id='word_1_794' title='bbox 2045 5023 2451 5082; x_wconf 86' lang='lat' dir='ltr'><strong>meditationem</strong></span> <span class='ocrx_word' id='word_1_795' title='bbox 2499 5031 2762 5096; x_wconf 88' lang='lat' dir='ltr'><strong>omnium,</strong></span> <span class='ocrx_word' id='word_1_796' title='bbox 2813 5039 2868 5084; x_wconf 90' lang='lat' dir='ltr'><strong>et</strong></span> <span class='ocrx_word' id='word_1_797' title='bbox 2894 5037 3092 5089; x_wconf 68' lang='lat' dir='ltr'><strong>etetera</strong></span> <span class='ocrx_word' id='word_1_798' title='bbox 3136 5049 3257 5104; x_wconf 67' lang='lat' dir='ltr'><strong>quae</strong></span> <span class='ocrx_word' id='word_1_799' title='bbox 3300 5045 3618 5104; x_wconf 88' lang='lat' dir='ltr'><strong>sequuntur.</strong></span> 
     </span>
    </p>
   </div>
   <div class='ocr_carea' id='block_1_113' title="bbox 2045 5114 3622 5192">
    <p class='ocr_par' dir='ltr' id='par_1_113' title="bbox 2045 5114 3622 5192">
     <span class='ocr_line' id='line_1_113' title="bbox 2045 5114 3622 5192; baseline 0.007 -23"><span class='ocrx_word' id='word_1_800' title='bbox 2045 5114 2114 5169; x_wconf 86' lang='lat' dir='ltr'><strong>Et</strong></span> <span class='ocrx_word' id='word_1_801' title='bbox 2154 5116 2315 5185; x_wconf 88' lang='lat' dir='ltr'><strong>paulo</strong></span> <span class='ocrx_word' id='word_1_802' title='bbox 2361 5126 2520 5186; x_wconf 89' lang='lat' dir='ltr'><strong>post:</strong></span> <span class='ocrx_word' id='word_1_803' title='bbox 2569 5119 2638 5174; x_wconf 86' lang='lat' dir='ltr'><strong>Et</strong></span> <span class='ocrx_word' id='word_1_804' title='bbox 2664 5137 2998 5192; x_wconf 64' lang='lat' dir='ltr'><strong>quaecunque</strong></span> <span class='ocrx_word' id='word_1_805' title='bbox 3044 5131 3170 5180; x_wconf 89' lang='lat' dir='ltr'><strong>sunt</strong></span> <span class='ocrx_word' id='word_1_806' title='bbox 3215 5126 3528 5180; x_wconf 78' lang='lat' dir='ltr'><strong>atiscondita</strong></span> <span class='ocrx_word' id='word_1_807' title='bbox 3567 5133 3622 5180; x_wconf 90' lang='lat' dir='ltr'><strong>et</strong></span> 
     </span>
    </p>
   </div>
   <div class='ocr_carea' id='block_1_114' title="bbox 2045 5211 3622 5289">
    <p class='ocr_par' dir='ltr' id='par_1_114' title="bbox 2045 5211 3622 5289">
     <span class='ocr_line' id='line_1_114' title="bbox 2045 5211 3622 5289; baseline 0.004 -24"><span class='ocrx_word' id='word_1_808' title='bbox 2045 5211 2337 5281; x_wconf 87' lang='lat' dir='ltr'><strong>improvisa</strong></span> <span class='ocrx_word' id='word_1_809' title='bbox 2382 5212 2566 5278; x_wconf 90' lang='lat' dir='ltr'><strong>didici,</strong></span> <span class='ocrx_word' id='word_1_810' title='bbox 2617 5213 2866 5270; x_wconf 86' lang='lat' dir='ltr'><strong>Omnium</strong></span> <span class='ocrx_word' id='word_1_811' title='bbox 2909 5218 3046 5272; x_wconf 88' lang='lat' dir='ltr'><strong>enim</strong></span> <span class='ocrx_word' id='word_1_812' title='bbox 3075 5219 3270 5289; x_wconf 72' lang='lat' dir='ltr'><strong>artifex</strong></span> <span class='ocrx_word' id='word_1_813' title='bbox 3311 5219 3489 5273; x_wconf 78' lang='lat' dir='ltr'><strong>docuit</strong></span> <span class='ocrx_word' id='word_1_814' title='bbox 3539 5233 3622 5272; x_wconf 81' lang='lat' dir='ltr'><strong>me</strong></span> 
     </span>
    </p>
   </div>
   <div class='ocr_carea' id='block_1_115' title="bbox 2043 5301 3619 5379">
    <p class='ocr_par' dir='ltr' id='par_1_115' title="bbox 2043 5301 3619 5379">
     <span class='ocr_line' id='line_1_115' title="bbox 2043 5301 3619 5379; baseline 0.004 -23"><span class='ocrx_word' id='word_1_815' title='bbox 2043 5301 2318 5371; x_wconf 86' lang='lat' dir='ltr'><strong>sapientia.</strong></span> <span class='ocrx_word' id='word_1_816' title='bbox 2352 5301 2418 5358; x_wconf 86' lang='lat' dir='ltr'><strong>Et</strong></span> <span class='ocrx_word' id='word_1_817' title='bbox 2443 5302 2585 5358; x_wconf 87' lang='lat' dir='ltr'><strong>infra</strong></span> <span class='ocrx_word' id='word_1_818' title='bbox 2617 5321 2629 5356; x_wconf 92' lang='lat'><strong>:</strong></span> <span class='ocrx_word' id='word_1_819' title='bbox 2659 5304 2914 5362; x_wconf 84' lang='lat' dir='ltr'><strong>Omnibus</strong></span> <span class='ocrx_word' id='word_1_820' title='bbox 2958 5308 3295 5363; x_wconf 81' lang='lat' dir='ltr'><strong>mutabilibus</strong></span> <span class='ocrx_word' id='word_1_821' title='bbox 3333 5307 3518 5379; x_wconf 78' lang='lat' dir='ltr'><strong>melior</strong></span> <span class='ocrx_word' id='word_1_822' title='bbox 3545 5315 3619 5362; x_wconf 84' lang='lat' dir='ltr'><strong>est</strong></span> 
     </span>
    </p>
   </div>
   <div class='ocr_carea' id='block_1_116' title="bbox 2043 5392 3617 5466">
    <p class='ocr_par' dir='ltr' id='par_1_116' title="bbox 2043 5392 3617 5466">
     <span class='ocr_line' id='line_1_116' title="bbox 2043 5392 3617 5466; baseline 0.001 -20"><span class='ocrx_word' id='word_1_823' title='bbox 2043 5392 2318 5462; x_wconf 87' lang='lat' dir='ltr'><strong>sapientia.</strong></span> <span class='ocrx_word' id='word_1_824' title='bbox 2353 5392 2574 5463; x_wconf 82' lang='lat' dir='ltr'><strong>Attingit</strong></span> <span class='ocrx_word' id='word_1_825' title='bbox 2604 5403 2780 5449; x_wconf 84' lang='lat' dir='ltr'><strong>autem</strong></span> <span class='ocrx_word' id='word_1_826' title='bbox 2821 5396 3008 5466; x_wconf 88' lang='lat' dir='ltr'><strong>ubique</strong></span> <span class='ocrx_word' id='word_1_827' title='bbox 3041 5406 3252 5465; x_wconf 86' lang='lat' dir='ltr'><strong>propter</strong></span> <span class='ocrx_word' id='word_1_828' title='bbox 3289 5410 3442 5448; x_wconf 83' lang='lat' dir='ltr'><strong>suam</strong></span> <span class='ocrx_word' id='word_1_829' title='bbox 3469 5409 3617 5448; x_wconf 81' lang='lat' dir='ltr'><strong>mun-</strong></span> 
     </span>
    </p>
   </div>
   <div class='ocr_carea' id='block_1_117' title="bbox 2043 5483 3622 5558">
    <p class='ocr_par' dir='ltr' id='par_1_117' title="bbox 2043 5483 3622 5558">
     <span class='ocr_line' id='line_1_117' title="bbox 2043 5483 3622 5558; baseline 0.001 -21"><span class='ocrx_word' id='word_1_830' title='bbox 2043 5483 2246 5538; x_wconf 83' lang='lat' dir='ltr'><strong>ditiam.</strong></span> <span class='ocrx_word' id='word_1_831' title='bbox 2291 5483 2422 5551; x_wconf 80' lang='lat' dir='ltr'><strong>Quae</strong></span> <span class='ocrx_word' id='word_1_832' title='bbox 2459 5485 2677 5557; x_wconf 86' lang='lat' dir='ltr'><strong>attingit</strong></span> <span class='ocrx_word' id='word_1_833' title='bbox 2722 5487 2920 5558; x_wconf 89' lang='lat' dir='ltr'><strong>ubique</strong></span> <span class='ocrx_word' id='word_1_834' title='bbox 2949 5494 3170 5557; x_wconf 87' lang='lat' dir='ltr'><strong>propter</strong></span> <span class='ocrx_word' id='word_1_835' title='bbox 3214 5500 3368 5539; x_wconf 90' lang='lat' dir='ltr'><strong>suam</strong></span> <span class='ocrx_word' id='word_1_836' title='bbox 3413 5484 3622 5539; x_wconf 79' lang='lat' dir='ltr'><strong>mundi~</strong></span> 
     </span>
    </p>
   </div>
   <div class='ocr_carea' id='block_1_118' title="bbox 2043 5575 3618 5647">
    <p class='ocr_par' dir='ltr' id='par_1_118' title="bbox 2043 5575 3618 5647">
     <span class='ocr_line' id='line_1_118' title="bbox 2043 5575 3618 5647; baseline 0.001 -17"><span class='ocrx_word' id='word_1_837' title='bbox 2043 5576 2192 5641; x_wconf 85' lang='lat' dir='ltr'><strong>tiam,</strong></span> <span class='ocrx_word' id='word_1_838' title='bbox 2233 5575 2449 5646; x_wconf 81' lang='lat' dir='ltr'><strong>attingit</strong></span> <span class='ocrx_word' id='word_1_839' title='bbox 2491 5577 2687 5646; x_wconf 90' lang='lat' dir='ltr'><strong>ubique</strong></span> <span class='ocrx_word' id='word_1_840' title='bbox 2725 5592 2756 5631; x_wconf 87' lang='lat' dir='ltr'><strong>a</strong></span> <span class='ocrx_word' id='word_1_841' title='bbox 2795 5575 2902 5632; x_wconf 79' lang='lat' dir='ltr'><strong>ﬁne</strong></span> <span class='ocrx_word' id='word_1_842' title='bbox 2946 5575 3369 5644; x_wconf 86' lang='lat' dir='ltr'><strong>uniuscujusque</strong></span> <span class='ocrx_word' id='word_1_843' title='bbox 3414 5576 3618 5647; x_wconf 87' lang='lat' dir='ltr'><strong>operis,</strong></span> 
     </span>
    </p>
   </div>
   <div class='ocr_carea' id='block_1_119' title="bbox 2041 5665 3596 5737">
    <p class='ocr_par' dir='ltr' id='par_1_119' title="bbox 2041 5665 3596 5737">
     <span class='ocr_line' id='line_1_119' title="bbox 2041 5665 3596 5737; baseline 0.001 -15"><span class='ocrx_word' id='word_1_844' title='bbox 2041 5665 2192 5735; x_wconf 88' lang='lat' dir='ltr'><strong>cujus</strong></span> <span class='ocrx_word' id='word_1_845' title='bbox 2229 5667 2342 5736; x_wconf 86' lang='lat' dir='ltr'><strong>ipsa</strong></span> <span class='ocrx_word' id='word_1_846' title='bbox 2377 5666 2571 5722; x_wconf 78' lang='lat' dir='ltr'><strong>artifex</strong></span> <span class='ocrx_word' id='word_1_847' title='bbox 2618 5675 2720 5732; x_wconf 87' lang='lat' dir='ltr'><strong>est,</strong></span> <span class='ocrx_word' id='word_1_848' title='bbox 2766 5681 2936 5736; x_wconf 82' lang='lat' dir='ltr'><strong>usque</strong></span> <span class='ocrx_word' id='word_1_849' title='bbox 2965 5667 3031 5720; x_wconf 87' lang='lat' dir='ltr'><strong>ad</strong></span> <span class='ocrx_word' id='word_1_850' title='bbox 3063 5665 3224 5721; x_wconf 87' lang='lat' dir='ltr'><strong>finem</strong></span> <span class='ocrx_word' id='word_1_851' title='bbox 3255 5666 3478 5723; x_wconf 76' lang='lat' dir='ltr'><strong>alterius</strong></span> <span class='ocrx_word' id='word_1_852' title='bbox 3497 5682 3596 5737; x_wconf 84' lang='lat' dir='ltr'><strong>per</strong></span> 
     </span>
    </p>
   </div>
   <div class='ocr_carea' id='block_1_120' title="bbox 2039 5755 3616 5832">
    <p class='ocr_par' dir='ltr' id='par_1_120' title="bbox 2039 5755 3616 5832">
     <span class='ocr_line' id='line_1_120' title="bbox 2039 5755 3616 5832; baseline 0.004 -22"><span class='ocrx_word' id='word_1_853' title='bbox 2039 5755 2166 5812; x_wconf 87' lang='lat' dir='ltr'><strong>fecti</strong></span> <span class='ocrx_word' id='word_1_854' title='bbox 2210 5755 2404 5828; x_wconf 88' lang='lat' dir='ltr'><strong>operis.</strong></span> <span class='ocrx_word' id='word_1_855' title='bbox 2459 5756 2533 5812; x_wconf 89' lang='lat' dir='ltr'><strong>De</strong></span> <span class='ocrx_word' id='word_1_856' title='bbox 2564 5772 2669 5828; x_wconf 86' lang='lat' dir='ltr'><strong>qua</strong></span> <span class='ocrx_word' id='word_1_857' title='bbox 2708 5757 2972 5827; x_wconf 85' lang='lat' dir='ltr'><strong>sapientia</strong></span> <span class='ocrx_word' id='word_1_858' title='bbox 3023 5766 3242 5816; x_wconf 86' lang='lat' dir='ltr'><strong>sanctus</strong></span> <span class='ocrx_word' id='word_1_859' title='bbox 3283 5758 3616 5832; x_wconf 67' lang='lat' dir='ltr'><strong>Augustinus</strong></span> 
     </span>
    </p>
   </div>
  </div>
