4000 6178
389 339 522 395 ιξσι

1412 336 1748 392 AMALARH
1786 335 2227 393 PRESBYTER!
2271 337 2616 394 METENSIS

3521 344 3660 398 i268

385 455 519 510 dicit
563 454 618 509 in
661 469 823 525 opere
855 469 952 508 suo
977 462 1164 509 contra
1210 454 1442 511 Arianos
1472 471 1486 508 :
1512 453 1603 509 ubi
1639 462 1820 509 autem
1857 465 1965 506 non
1993 457 2046 516 Α
2068 453 2351 524 praphetia
2380 454 2548 509 David
2589 451 2791 508 Christi
2819 462 2906 509 est
2929 435 3331 525 diSpensatione
3353 460 3660 530 patefacta.

385 555 470 602 est
503 546 768 617 sapientia
820 545 914 600 Dei
943 547 972 579 *
1000 546 1145 616 quod
1173 555 1257 601 est
1287 547 1564 612 Christus,
1596 547 1664 602 de
1697 563 1806 618 qua
1834 545 1964 615 legi-

384 648 497 705 tur,
522 637 740 708 Attingit
773 653 806 690 a
835 636 940 706 ﬁne
963 654 1123 708 usque
1159 637 1230 692 ad
1263 638 1420 708 ﬁdem
1450 637 1686 708 fortiter,
1713 645 1762 692 et
1785 639 1963 708 dispo-

383 731 458 785 nit
487 729 662 784 omnia
697 729 968 783 suaiiter?
992 729 1127 784 Cum
1176 745 1307 801 ergo
1339 731 1538 800 ubique
1578 731 1649 786 sit
1677 731 1841 790 etiam
1879 730 1962 784 Fi-

383 819 506 883 lius,
560 834 669 889 quo
710 819 1003 875 mittendus
1050 821 1201 875 erat?
1246 820 1483 875 Fortiter
1525 823 1732 893 attingit
1777 841 1808 875 ιι
1854 823 1960 891 ﬁne

382 925 543 979 usque
563 908 634 963 ad
653 907 831 978 ﬁnem,
855 910 980 978 quia
1007 926 1282 979 nunquam
1314 920 1368 966 et
1393 928 1661 982 nusquam
1683 921 1737 966 et
1757 928 1787 965 a
1813 912 1958 968 nullo

383 1001 672 1056 resistitur.
710 1001 951 1071 Disponit
983 1003 1156 1056 omnia
1186 1004 1435 1068 suaviter,
1464 1005 1669 1060 scilicet
1700 1005 1817 1060 sine
1842 1006 1956 1072 lite,

381 1089 497 1144 sine
539 1089 799 1155 clamore,
839 1090 957 1145 sine
983 1106 1218 1160 angore,
1257 1092 1376 1146 sine
1420 1092 1597 1146 tcedio.
1648 1093 1772 1149 limo
1821 1095 1960 1150 inte-

379 1182 503 1236 rim.
544 1181 622 1238 De
667 1192 866 1238 caetero
906 1192 1173 1240 tentemus
1213 1187 1451 1242 cantoris
1484 1186 1736 1243 allectum
1770 1189 1958 1259 depin-

378 1288 506 1344 gere
528 1274 676 1330 circa-
695 1276 1031 1332 nativitatem
1061 1275 1280 1332 Christi.
1310 1278 1355 1334 0
1378 1293 1540 1348 quam
1569 1281 1707 1334 mira
1734 1297 1792 1336 es
1815 1284 1958 1350 apud

379 1366 633 1423 homines
671 1375 750 1433 tu,
797 1369 1085 1438 sapientia,
1133 1386 1253 1440 qua:
1293 1385 1361 1425 ex
1391 1387 1490 1426 ore
1522 1371 1784 1426 Altissimi
1821 1389 1956 1442 .pro-

378 1459 548 1525 diisti,
583 1475 754 1530 usque
778 1461 846 1516 ad
889 1462 1181 1516 humanam
1211 1462 1730 1518 confabulationem!
1780 1463 1955 1518 Attin-

378 1554 458 1623 θῦε
485 1570 520 1607 α
547 1553 652 1623 ﬁne
671 1571 832 1625 usque
857 1553 926 1607 ad
948 1555 1107 1622 ﬁnem
1127 1555 1354 1623 fortiter,
1378 1556 1632 1624 quoniam
1657 1572 1717 1611 es
1750 1564 1952 1610 aeterna

376 1644 658 1715 elabique
701 1659 894 1716 regnas
933 1654 989 1699 et
1026 1646 1420 1716 insuperabilis.
1458 1648 1537 1702 Ex
1565 1662 1662 1702 ore
1691 1647 1952 1702 Altissimi

374 1733 624 1804 prodisti,
673 1737 887 1804 quando
934 1737 1222 1792 visibiliter
1271 1739 1565 1809 apparuisti
1621 1741 1947 1796 hominibus.

2065 542 2170 607 Qui
2192 546 2378 615 aperit,
2401 554 2449 598 et
2483 561 2632 598 nemo
2663 545 2902 611 claudit;
2925 546 3146 612 claudit,
3183 559 3232 602 et
3278 567 3428 604 nemo
3460 553 3659 622 aperis.

2061 633 2219 705 Legis
2240 635 2436 690 divina:
2457 645 2688 702 secreta,
2705 637 2875 692 solius
2894 637 3094 693 Christi
3116 649 3385 709 potestate
3407 643 3663 712 pandun-

2063 733 2150 779 tur
2176 725 2440 788 ﬁdelibus,
2476 726 2801 780 clauduntur
2830 727 3140 783 incredulis.
3190 729 3315 784 [huc
3355 733 3660 800 antiphona

2061 825 2275 886 aptatur
2305 818 2492 888 gradui
2532 819 2746 887 spiritus
2792 819 3103 874 intellectus.
3158 821 3392 891 Spiritus
3431 825 3656 879 intelle-

2061 917 2181 962 ctus
2206 909 2298 976 qui
2341 909 2394 961 in
2422 907 2637 962 Christo
2664 918 2767 972 est,
2817 910 3062 964 acumine
3098 910 3318 967 luminis
3349 915 3429 967 sui
3464 914 3656 968 abdita

2058 1009 2328 1071 penetrat,
2355 1009 2409 1055 et
2436 1002 2688 1056 tenebras
2713 1002 2894 1056 cordis
2919 1003 3171 1058 illustrat.
3204 1005 3317 1060 lloc
3339 1007 3484 1060 enim
3513 1007 3652 1077 agit,

2059 1092 2149 1161 qui
2173 1092 2386 1162 quando
2416 1091 2530 1144 vult
2553 1092 2727 1161 aperit
2757 1093 2900 1160 quod
2944 1109 3105 1148 nemo
3143 1104 3323 1164 potest
3373 1097 3648 1151 claudere.

2059 1181 2306 1235 Christus
2332 1189 2413 1235 est
2453 1181 2543 1234 lux
2582 1196 2733 1247 vera,
2760 1197 2880 1252 quae
2909 1183 3178 1239 illuminat
3205 1202 3420 1241 omnem
3454 1189 3653 1242 ‘homi—

2059 1293 2202 1332 nem.
2237 1277 2419 1332 Tertia
2452 1275 2761 1349 Antiphona
2808 1280 2938 1334 dicit
2973 1297 2986 1332 :
3022 1280 3067 1333 0
3101 1278 3434 1342 Emmanuel,
3481 1295 3576 1332 rea:
3602 1290 3655 1333 et

2057 1367 2239 1438 legifer
2263 1379 2453 1423 uester.
2502 1369 2657 1438 Quod
2691 1381 2774 1425 est
2813 1370 3061 1424 mirabile
3104 1370 3272 1433 dictu,
3314 1378 3372 1422 ut
3401 1369 3546 1424 Deus
3575 1371 3658 1424 sit

2057 1473 2179 1514 cum
2208 1460 2536 1526 hominibus,
2569 1461 2854 1515 manducet
2883 1475 3009 1514 cum
3037 1459 3142 1513 illis
3170 1467 3228 1513 et
3260 1458 3426 1522 bibat,
3481 1467 3538 1512 et
3573 1461 3651 1512 ad

2055 1565 2240 1604 eorum
2273 1551 2626 1622 interrogata,
2647 1551 3073 1621 quotiescunque
3090 1549 3379 1613 voluerint,
3409 1563 3652 1617 respon-

2055 1641 2199 1694 deat.
2230 1639 2346 1709 lpse
2373 1657 2467 1695 rex
2507 1641 2694 1705 David,
2727 1656 2834 1694 non
2872 1639 3259 1709 temporaliter,
3291 1638 3385 1692 sed
3408 1645 3654 1692 :eterna-

2056 1726 2197 1781 liter.
2229 1729 2346 1798 ipse
2373 1738 2456 1783 est
2483 1729 2879 1798 quodammodo
2907 1729 3048 1782 alter
3069 1728 3303 1797 Moyses,
3343 1727 3434 1796 qui
3465 1727 3650 1796 legem

379 1825 534 1881 unde
559 1833 614 1881 ιιι
643 1827 757 1897 ipsa
796 1827 980 1882 dixisti
1021 1847 1033 1882 ;
1067 1828 1224 1884 Εωίυί
1251 1847 1284 1884 α
1313 1829 1477 1885 patre
1498 1843 1544 1885 ει
1572 1833 1688 1886 veni
1714 1835 1768 1886 δη
1801 1850 1954 1887 mm.
1979 1826 2028 1886 Β
2055 1820 2213 1874 nobis
2253 1821 2344 1874 det
2370 1831 2779 1890 permanentem
2803 1823 2856 1874 in
2887 1820 3082 1878 szecula
3113 1820 3455 1874 saeculorum.
3484 1819 3648 1873 Illum

376 1915 522 1969 dum.
556 1915 632 1971 De
657 1924 708 1970 te
735 1917 878 1971 enim
909 1918 1040 1972 dicit
1069 1919 1344 1988 apostolus
1379 1920 1598 1988 Paulus,
1637 1921 1789 1976 Finis
1813 1924 1952 1976 enim

375 2005 504 2076 legis
531 2003 774 2061 Christus
809 2008 880 2062 ad
897 2008 1164 2077 justitiam
1196 2012 1339 2066 omni
1367 2013 1618 2067 credenti.
1647 2013 1706 2068 In
1736 2014 1954 2069 Christo

377 2095 697 2165 apparuisti,
731 2097 785 2151 in
821 2113 886 2152 eo
916 2099 1082 2154 ﬁnisti
1123 2101 1295 2170 legem
1330 2108 1387 2158 et
1417 2101 1653 2171 implesti
1691 2122 1703 2157 :
1731 2120 1838 2159 non
1871 2120 1956 2160 so-

374 2186 487 2242 lum
525 2187 580 2242 in
609 2188 721 2255 illo,
753 2191 847 2245 sed
887 2201 950 2245 et
986 2193 1043 2246 in
1084 2194 1336 2250 omnibus
1387 2195 1731 2250 credentibus
1776 2198 1830 2250 in
1869 2212 1948 2252 se.

371 2279 609 2352 Attingis
637 2289 693 2337 tu
719 2283 789 2337 ab
828 2285 1046 2340 homine
1076 2285 1322 2353 Christo,
1366 2289 1459 2359 qui
1498 2299 1584 2344 est
1623 2288 1747 2344 ﬁnis
1791 2288 1950 2358 legis,

372 2386 545 2443 usque
588 2375 654 2429 ad
700 2375 862 2429 finem
906 2378 1242 2432 credentium
1284 2380 1338 2433 in
1377 2395 1457 2445 se,
1507 2381 1579 2434 ita
1617 2381 1850 2446 fortiter,
1893 2389 1953 2435 ut

372 2463 533 2520 fortis
561 2475 806 2522 armatus
834 2483 938 2522 nor.
968 2469 1206 2524 inveniat
1234 2479 1515 2540 rupturam
1543 2480 1599 2527 et
1632 2473 1948 2538 scissuram,

374 2575 482 2627 quo
510 2559 745 2615 introeat
779 2561 831 2614 in
855 2561 996 2617 ovile
1033 2563 1190 2618 electi
1229 2565 1408 2636 gregis
1449 2565 1550 2620 sui.
1583 2565 1950 2636 Adimpletum

372 2657 458 2703 est
501 2651 648 2719 quod
692 2650 846 2722 longe
875 2653 1124 2722 praedixit
1156 2655 1418 2725 propheta
1462 2655 1666 2710 David:
1694 2655 1793 2720 Tu,
1841 2655 1950 2709 Do-

372 2741 533 2807 mine,
555 2743 782 2797 servabis
806 2761 918 2810 nos,
949 2754 997 2799 et
1022 2747 1282 2801 custodies
1313 2764 1407 2802 nos
1429 2766 1462 2801 a
1497 2749 1829 2818 generatione
1854 2749 1952 2802 hac

373 2832 430 2885 in
477 2841 751 2899 uter-num,
783 2833 839 2887 in
888 2837 1107 2890 circuitu
1147 2837 1295 2906 impii
1322 2837 1610 2893 ambulant.
1656 2837 1856 2893 lterum
1894 2846 1952 2893 tu

374 2921 644 2990 sapientia
686 2923 900 2992 attingis
949 2942 982 2978 a
1026 2925 1132 2993 fine
1176 2942 1340 2996 usque
1394 2927 1464 2980 ad
1511 2927 1668 2995 ﬁnem
1716 2927 1950 2997 fortiter,

371 3010 589 3081 quando
624 3026 655 3066 a
683 3009 922 3079 Christo,
969 3015 1061 3084 qui
1093 3015 1147 3068 in
1180 3015 1287 3072 fine
1331 3017 1515 3070 mundi
1554 3018 1721 3083 venit,
1770 3027 1824 3072 et
1853 3017 1954 3072 im-

368 3093 536 3172 plevit
569 3102 762 3174 legem,
790 3119 962 3175 usque
1009 3104 1078 3161 ad
1117 3108 1640 3163 consummationem
1679 3110 1861 3165 saaculi
1891 3126 1952 3166 es

2055 1927 2154 1966 nos
2175 1913 2266 1981 qui
2299 1913 2365 1967 de
2389 1913 2641 1981 gentibus
2663 1928 2851 1967 sumus
2891 1911 3346 1980 exspectavimus,
3386 1911 3505 1980 ipse
3527 1912 3650 1965 sal-

2057 2003 2202 2057 vabit
2228 2019 2327 2057 nos
2356 2003 2410 2057 in
2437 2010 2720 2058 aeternum.
2758 2002 2884 2057 Haec
2926 2002 3223 2071 antiphona
3252 2002 3508 2055 convenit
3531 2011 3646 2055 ten-

2057 2095 2132 2147 tio
2155 2094 2346 2163 gradui
2375 2095 2595 2163 spiritus
2625 2094 2856 2148 consilii.
2905 2092 3141 2163 Spiritus
3173 2092 3407 2156 consilii,
3440 2093 3536 2160 qui
3584 2095 3645 2146 in

2054 2184 2271 2239 Christo
2290 2192 2392 2249 est,
2429 2184 2763 2254 providendo
2805 2184 3093 2254 prtemunit
3131 2183 3374 2236 membra
3401 2198 3525 2246 sua,
3573 2199 3651 2237 ne

2054 2277 2107 2330 in
2136 2290 2375 2346 princeps
2415 2285 2594 2330 ruant.
2619 2275 2733 2331 Hoc
2761 2285 2845 2331 est
2872 2276 3016 2346 regis
3042 2274 3397 2335 ministerium
3423 2283 3482 2328 et
3510 2275 3651 2345 legi-

2053 2365 2180 2430 feri,
2205 2375 2265 2419 ut
2288 2367 2586 2421 secundum
2618 2367 2885 2421 rationem
2914 2377 3066 2438 regat
3094 2372 3195 2426 sibi
3219 2369 3479 2441 populum
3507 2369 3644 2422 sub-

2046 2459 2270 2529 jectum,
2324 2467 2380 2514 et
2405 2459 2689 2528 provideat
2738 2460 2866 2530 quid
2897 2475 3059 2532 agere
3103 2477 3226 2517 eum
3271 2470 3545 2532 oporteat,
3587 2469 3649 2515 et

2051 2551 2178 2619 quid
2209 2552 2401 2606 vitare.
2441 2551 2691 2607 Christus
2731 2561 2815 2607 est
2859 2553 3220 2616 consiliarius,
3269 2554 3411 2608 Deus
3459 2553 3643 2608 fortis.

2053 2642 2257 2708 Quarta
2285 2643 2421 2696 mira
2449 2642 2609 2697 laude
2635 2653 2693 2698 et
2717 2645 3111 2714 quodammodo
3140 2643 3398 2699 ineffabili
3423 2660 3487 2699 se
3516 2659 3647 2713 pro-

2053 2732 2176 2799 fert,
2210 2750 2329 2804 qua:
2364 2735 2498 2790 dicit
2527 2737 2766 2791 radicem
2819 2735 2971 2792 Jesse
3011 2745 3159 2792 stare
3203 2738 3257 2792 in
3286 2739 3501 2808 signum
3543 2753 3644 2806 po-

2051 2826 2318 2896 pulorum,
2351 2835 2406 2881 et
2452 2825 2504 2880 in
2543 2829 2830 2896 praesentia
2869 2827 2984 2895 ejus
3011 2829 3171 2884 silere
3197 2843 3371 2899 reges,
3419 2836 3478 2882 et
3515 2843 3644 2883 eum

2053 2925 2243 2988 gentes
2266 2919 2671 2987 dcprecaturas.
2711 2919 2786 2974 lta
2815 2920 2959 2974 enim
2992 2922 3138 2974 canit
3169 2937 3182 2972 :
3211 2918 3255 2973 Ο
3288 2921 3444 2974 radix
3463 2919 3643 2983 Iesse,

2052 3007 2143 3078 qui
2162 3017 2270 3061 stas
2301 3009 2355 3061 in
2381 3025 2555 3075 cruce,
2586 3011 2641 3063 in
2667 3010 2818 3080 cujus
2846 3011 3087 3066 manibus
3111 3029 3309 3066 cornua
3335 3023 3480 3076 sunt,
3512 3024 3563 3066 et
3587 3031 3646 3067 es

2053 3100 2108 3152 in
2141 3101 2347 3168 signum
2375 3100 2707 3171 populorum,
2738 3103 2949 3173 quando
2991 3101 3070 3157 sol
3113 3104 3418 3157 obscuratus
3443 3117 3547 3167 est,
3594 3115 3648 3158 et

369 3209 496 3248 cum
523 3195 803 3264 discipulis
830 3197 957 3263 mis,
989 3197 1043 3252 in
1081 3205 1318 3265 tantum,
1348 3208 1409 3254 ιη
1435 3215 1626 3256 omnes
1651 3203 1948 3259 adversarii
1979 3177 2022 3239 C
2054 3200 2382 3244 terra'motus
2414 3190 2700 3260 factus‘est,
2739 3201 2785 3245 et
2810 3202 2970 3262 petra,-
3001 3193 3180 3247 scissa,-
3201 3203 3320 3247 sunt
3377 3205 3425 3245 et
3450 3210 3649 3247 monu-

369 3299 480 3339 non
509 3286 718 3356 possint
750 3288 1005 3344 resistere
1050 3297 1104 3344 et
1137 3290 1510 3346 contradicere
1547 3293 1627 3347 ori
1658 3300 1713 3348 et
1747 3296 1947 3350 rationi

369 3388 559 3430 eorum
599 3391 762 3447 quam
797 3379 1013 3434 dedisti.
1066 3379 1132 3435 Et
1173 3381 1416 3451 disponis
1445 3383 1551 3438 illis
1581 3386 1761 3439 omnia
1808 3387 1948 3441 dona

369 3463 608 3536 Spiritus
647 3469 820 3523 sancti
861 3469 916 3523 in
965 3485 1074 3526 uno
1114 3473 1414 3543 eodemque
1455 3475 1650 3544 spiritu
1687 3478 1945 3532 suaviter.

371 3556 636 3623 Quoniam
670 3570 970 3629 praesentes
1000 3563 1307 3632 antiphona;
1348 3565 1632 3621 dulcedine
1665 3581 1764 3621 sua
1795 3568 1950 3624 deco-

369 3656 496 3702 rant
515 3658 720 3720 septem
747 3650 912 3708 ferias
935 3656 1019 3710 vel
1049 3669 1174 3712 octo
1196 3660 1249 3714 in
1277 3661 1475 3730 quibus
1500 3662 1762 3719 recolitur
1786 3665 1949 3735 septi-

370 3739 561 3796 formis
603 3741 857 3813 Spiritus,
887 3748 980 3816 qui
1026 3749 1078 3804 in
1115 3749 1332 3808 Christo
1361 3753 1582 3810 homine
1613 3770 1828 3826 semper
1855 3757 1948 3812 ha-

367 3828 563 3884 bitavit
605 3845 673 3886 ex
711 3847 819 3902 quo
862 3838 1026 3904 erepit
1074 3839 1234 3896 homo
1267 3857 1405 3908 esse,
1449 3855 1505 3899 et
1547 3843 1771 3899 Verbum
1821 3863 1946 3901 caro

371 3919 573 3990 factum
612 3929 690 3976 est
724 3931 783 3978 ut
812 3925 1083 3983 habitaret
1124 3931 1176 3984 in
1201 3933 1374 3999 nobis,
1401 3933 1482 3989 fas
1519 3941 1602 3990 est
1635 3943 1695 3989 ut
1734 3937 1948 3992 demon-

371 4020 562 4081 strem,
621 4014 676 4068 in
728 4027 986 4084 quantum
1033 4036 1286 4090 possum,
1344 4040 1504 4095 quam
1560 4038 1946 4085 consonantem

369 4102 608 4157 habeant
663 4104 885 4176 singulae
936 4122 1058 4162 cum
1118 4111 1345 4182 singulis
1405 4116 1659 4182 gradibus
1712 4118 1946 4187 Spiritus

371 4195 563 4250 sancti.
607 4195 758 4252 Licet
793 4199 934 4256 alter
962 4201 1094 4256 ordo
1119 4205 1352 4273 scriptus
1381 4206 1690 4266 inveniatur
1715 4223 1947 4278 pmcsen-

369 4284 504 4338 tium
541 4287 956 4357 antiphonarum
995 4292 1050 4348 in
1092 4293 1336 4352 Romano
1374 4297 1770 4368 Antiphonario
1797 4311 1852 4356 et
1889 4303 1943 4356 in

370 4375 616 4434 Metensi.
661 4379 843 4437 Prima
895 4384 1238 4456 Antiphona,
1283 4388 1328 4443 Ο
1363 4390 1649 4460 sapientia,
1699 4394 1946 4463 congruit

368 4469 546 4538 primo
571 4473 758 4542 gradui
799 4475 1021 4547 Spiritus
1066 4479 1364 4547 sapientiae.
1393 4479 1551 4534 Aliud
1580 4491 1664 4537 est
1689 4484 1832 4538 enim
1860 4499 1943 4538 sa-

367 4573 524 4628 pere,
547 4569 602 4616 et
623 4563 766 4622 aliud
789 4565 1107 4638 intelligere.
1131 4567 1282 4623 Multi
1303 4569 1445 4624 enim
1469 4580 1673 4627 aeterna
1701 4576 1940 4642 sapiunt,

369 4651 466 4706 sed
493 4653 610 4709 haec
651 4656 952 4728 intelligere
997 4674 1336 4730 nequaquam
1385 4674 1629 4732 possunt.
1664 4661 1942 4733 Sapientia

364 4741 536 4807 enim,
563 4758 682 4812 qua:
706 4747 759 4801 in
783 4747 996 4804 Christo
1016 4758 1122 4815 est,
1139 4762 1373 4807 mentem
1396 4753 1460 4807 de
1481 4761 1806 4815 aeternorum
1831 4769 1946 4810 cer-

368 4833 599 4888 titudine
621 4845 675 4890 et
697 4853 791 4905 spe
809 4837 1023 4895 fortiter
1049 4842 1240 4907 reiicit,
1263 4850 1318 4897 et
1338 4851 1550 4897 mature
1581 4844 1820 4913 disponit
1833 4860 1942 4900 om-

367 4924 480 4979 nia.
512 4922 787 4994 Sapientia
830 4944 1038 4984 summa
1067 4940 1148 4986 est
1177 4933 1232 4986 in
1259 4931 1509 4999 Christo;
1539 4935 1802 5004 sapientia
1825 4952 1943 5004 qum

370 5017 424 5070 in
465 5018 676 5072 caeteris
710 5018 1016 5076 hominibus
1066 5032 1148 5078 est
1195 5023 1427 5079 scintilla
1473 5033 1558 5079 est
1592 5041 1816 5081 summae
1860 5042 1943 5082 sa-

367 5106 604 5177 pientiae.
671 5106 918 5164 Secunda
963 5115 1254 5184 antiphona
1302 5115 1606 5169 mirabilem
1656 5117 1941 5171 ostiarium

368 5201 704 5256 demonstrat
750 5201 1044 5269 Christum,
1090 5207 1229 5274 quod
1275 5207 1389 5275 ipse
1441 5207 1664 5272 claudit,
1712 5224 1817 5264 non
1855 5219 1942 5265 est

369 5293 462 5362 qui
490 5293 719 5364 aperiat,
745 5302 798 5349 et
821 5295 964 5364 quod
1005 5297 1200 5363 aperit,
1229 5313 1335 5352 non
1362 5307 1444 5352 est
1469 5299 1560 5366 qui
1600 5299 1834 5354 claudat.
1862 5300 1940 5356 ita

368 5383 630 5452 scriptum
647 5393 732 5439 est
755 5385 810 5438 in
838 5383 1158 5455 Apocalypsi
1184 5387 1249 5440 de
1269 5401 1334 5440 eo
1365 5404 1376 5438 :
1414 5386 1528 5440 Hoc
1560 5389 1688 5441 dicit
1724 5400 1939 5444 sanctus

368 5478 418 5523 et
467 5487 640 5539 verus,
689 5474 780 5544 qui
824 5473 976 5528 habet
1024 5473 1218 5528 clavem
1266 5473 1438 5528 David
1470 5491 1488 5529 :
1516 5477 1605 5545 qui
1655 5479 1843 5546 aperit,
1892 5489 1940 5533 et

369 5576 519 5614 nemo
547 5562 774 5629 claudit;
820 5565 1034 5630 claudit,
1068 5576 1115 5620 et
1151 5582 1299 5620 nemo
1328 5568 1512 5637 aperit.
1559 5569 1711 5635 Quod
1754 5570 1824 5623 ita
1852 5570 1939 5624 in-

369 5649 631 5718 telligitur
659 5667 675 5705 :
699 5652 800 5720 Qui
835 5657 996 5712 habet
1031 5657 1232 5712 clavem
1276 5657 1463 5720 David,
1505 5659 1558 5713 id
1600 5667 1703 5724 est,
1733 5661 1940 5732 regiam

368 5750 696 5811 potestatem
730 5748 880 5814 quasi
913 5763 977 5802 ex
1026 5749 1191 5804 David
1231 5751 1401 5821 stirpe
1451 5760 1632 5818 natus,
1660 5752 1773 5808 sive
1811 5753 1936 5822 quia

1967 4531 2020 4592 D

2049 3292 2226 3337 menta
2251 3293 2433 3353 aperta
2475 3293 2615 3338 sunt.
2650 3283 2822 3354 Super
2851 3299 3006 3354 quem
3029 3285 3365 3338 continebant
3397 3301 3544 3354 reges
3579 3302 3644 3340 os

2048 3391 2223 3441 suum,
2255 3373 2310 3429 id
2340 3384 2436 3440 est,
2467 3375 2726 3446 principes
2756 3375 2917 3445 hujus
2955 3376 3160 3442 steculi,
3189 3377 3280 3447 qui
3315 3392 3434 3430 cum
3464 3376 3646 3430 ἠείρ-

2049 3467 2158 3519 rica
2181 3475 2234 3519 et
2253 3464 2529 3520 dialectica
2565 3483 2664 3519 sua
2686 3465 2911 3520 silebant
2931 3468 3238 3522 adveniente
3261 3468 3643 3538 prtedicatioue

2047 3566 2241 3612 sancta:
2259 3558 2431 3612 crucis
2458 3567 2507 3612 et
2537 3559 2706 3612 sancti
2731 3558 3007 3630 Evangelii
3029 3575 3049 3611 :
3081 3561 3219 3615 unde
3247 3561 3506 3615 hodierna
3552 3563 3639 3614 die

2047 3659 2222 3720 gentes
2260 3651 2502 3704 excitatae
2554 3658 2676 3705 sunt
2722 3650 2792 3704 ad
2839 3651 3234 3721 prwdicandum
3281 3651 3629 3720 Cruciﬁm.

2048 3739 2173 3794 [hec
2215 3739 2508 3808 antiphona
2564 3748 2760 3810 quarto
2799 3740 2989 3812 gradui
3035 3743 3258 3812 spiritus
3297 3743 3637 3798 tortitudinis

2047 3837 2281 3898 aptatur.
2311 3829 2546 3899 Spiritus
2574 3829 2907 3886 fortitudinis
2926 3872 2939 3896 ,
2966 3833 3059 3902 qui
3086 3834 3136 3886 in
3167 3832 3388 3887 Christo
3413 3842 3519 3899 est,
3548 3833 3637 3888 fa-

2047 3920 2120 3973 cit
2153 3917 2377 3973 adversa
2408 3935 2514 3975 non
2543 3929 2806 3986 metuere,
2854 3922 2915 3976 et
2950 3922 3242 3991 trepidanti
3289 3926 3460 3978 menti
3492 3924 3636 3978 fidu-

2045 4010 2186 4063 ciam
2216 4000 2457 4080 praestat.
2491 4011 2567 4066 De
2595 4011 2779 4066 radice
2808 4012 2953 4065 enim
2975 4011 3128 4067 Jesse
3154 4013 3322 4068 David
3351 4029 3442 4068 rex
3476 4024 3637 4069 ortus

2044 4107 2148 4164 est,
2191 4100 2246 4154 id
2275 4109 2380 4166 est,
2423 4099 2580 4156 fortis
2606 4116 2790 4155 manu.
2819 4101 2922 4168 Qui
2961 4117 3055 4156 rex
3096 4100 3252 4157 fortis
3297 4118 3485 4167 manu,
3519 4106 3636 4176 ipse

2045 4199 2154 4246 stat
2194 4192 2249 4246 in
2295 4193 2508 4263 signum
2540 4193 2880 4263 pepulerum,
2932 4194 3139 4249 scilicet
3177 4194 3440 4250 Dominus
3472 4195 3636 4251 Iesus

2043 4283 2292 4339 Christus
2312 4283 2365 4337 in
2391 4298 2556 4338 cruce
2595 4284 2909 4350 cruciﬁxus,
2938 4292 3000 4338 ut
3019 4285 3087 4339 ad
3108 4300 3230 4339 eum
3263 4286 3416 4340 multi
3458 4291 3635 4357 respi-

2043 4378 2209 4444 ciant,
2262 4386 2316 4432 et
2365 4379 2530 4433 velint
2574 4381 2676 4434 sub
2725 4378 2841 4448 ejus
2893 4378 3210 4434 fortitudine
3248 4378 3407 4433 tueri.
3447 4377 3634 4448 Super

2045 4483 2203 4536 quem
2247 4469 2523 4522 continent
2571 4469 2664 4538 qui
2709 4477 2838 4523 sunt
2887 4469 3107 4524 nomine
3155 4477 3312 4522 tenus
3363 4482 3522 4538 reges
3567 4485 3635 4522 os

2045 4574 2223 4623 suum,
2249 4559 2372 4627 quia
2398 4574 2505 4612 non
2532 4568 2778 4630 possunt,
2806 4573 2982 4628 neque
3009 4559 3211 4613 audent
3250 4567 3444 4612 contra
3473 4556 3634 4612 forti-

2045 4650 2285 4704 tudinem
2312 4649 2428 4718 ejus
2469 4652 2609 4707 inire
2638 4661 2935 4707 certamen.
2977 4651 3186 4706 Idcirco
3215 4651 3398 4705 multa:
3433 4663 3633 4722 gentes

2045 4747 2112 4800 ad
2163 4761 2287 4801 eum
2335 4746 2613 4803 conﬂuunt
2659 4749 3016 4818 deprecantes
3053 4746 3172 4816 ejus
3206 4748 3627 4815 protectiooem.

2045 4837 2241 4904 Quinta
2280 4851 2471 4908 nempe
2497 4838 2728 4892 miratur
2755 4838 3056 4892 inauditum
3084 4838 3370 4902 orientem,
3399 4838 3494 4906 qui
3517 4853 3628 4891 non

2045 4943 2198 4982 more
2238 4928 2663 4982 vicissitudinem
2703 4935 3012 4997 temporum
3057 4933 3301 4980 mutatur
3342 4926 3414 4979 de
3447 4927 3540 4980 die
3571 4927 3627 4980 in

2043 5019 2201 5083 diem,
2229 5019 2322 5073 sed
2343 5025 2428 5072 est
2443 5027 2708 5083 teter-nus;
2748 5017 2901 5087 cujus
2929 5017 3008 5074 sol
3033 5032 3140 5071 non
3179 5017 3350 5071 solum
3375 5019 3630 5086 corporis

2042 5113 2227 5167 oculos
2260 5109 2544 5178 illuminat,
2582 5114 2678 5167 sed
2704 5114 2866 5167 etiam
2892 5112 3104 5166 mentis.
3135 5109 3350 5164 Iustitia
3381 5111 3533 5163 enim
3555 5110 3624 5164 ad

2042 5214 2317 5273 aspectum
2359 5205 2556 5260 mentis
2581 5205 2833 5274 pertinet.
2888 5205 3010 5259 Haec
3037 5203 3343 5273 Antiphone
3369 5203 3626 5272 congruit

2042 5298 2230 5367 quinto
2249 5297 2436 5367 gradui
2465 5297 2684 5367 spiritus
2729 5297 2984 5356 scientia}.
3013 5295 3248 5365 Spiritus
3269 5294 3416 5348 enim
3443 5295 3628 5348 scien-

2042 5388 2154 5453 tiae,
2189 5387 2285 5458 qui
2312 5388 2366 5440 in
2397 5386 2613 5441 Christo
2653 5393 2760 5450 est,
2789 5386 2894 5440 scit
2917 5386 3045 5454 quid
3072 5384 3497 5439 misericorditer
3525 5398 3625 5452 po-

2043 5477 2176 5541 niat,
2225 5485 2280 5530 et
2331 5477 2458 5546 quid
2501 5477 2924 5531 misericorditer
2973 5476 3224 5530 dimittat.
3271 5473 3440 5528 Ortus
3471 5475 3621 5528 enim

2042 5569 2300 5633 scientiae,
2329 5583 2449 5636 qum
2484 5568 2748 5622 charitate
2794 5567 3048 5621 radicula
3074 5572 3175 5631 est,
3223 5563 3493 5618 Christus.
3526 5563 3622 5616 Est

2041 5674 2176 5729 Opus
2199 5659 2364 5714 solius
2384 5657 2628 5727 justitiae,
2679 5667 2737 5712 ut
2772 5657 3008 5712 scientes
3025 5654 3217 5709 reddat
3241 5651 3432 5706 mutos
3458 5666 3522 5706 se
3539 5653 3622 5705 in-

2041 5759 2256 5807 tuentes
2285 5749 2501 5805 mentis.
2527 5747 2690 5804 Sexta
2719 5748 3013 5818 antiphona
3033 5745 3228 5801 mirum
3248 5741 3382 5810 Quid
3401 5748 3624 5801 namt,
