4000 6178
373 344 515 404 £9.59

368 548 673 620 sctMoysi.
719 555 775 604 et
812 548 981 604 rubus
1016 560 1125 602 non
1159 547 1587 604 combureretur.
1633 545 1763 602 Haec
1804 547 1946 602 autin

365 645 547 715 phona
572 640 823 713 congruit
844 649 998 695 sexto
1037 638 1226 710 gradui
1252 638 1475 709 spiritus
1500 638 1738 708 pietatis.
1774 636 1946 707 Spiri-

322 800 341 815 ι
369 743 456 789 tus
478 730 719 804 pietatis,
743 728 838 798 qui
869 729 923 782 in
947 725 1166 784 Christo
1188 735 1295 792 est,
1321 728 1497 798 parcit
1517 726 1945 783 misericorditer

366 821 447 877 eis
469 819 561 890 qui
583 817 686 874 sibi
725 815 867 872 mala
894 816 1163 887 ingerunt.
1192 815 1288 871 Illo
1315 816 1461 871 enim
1482 816 1676 884 spiritu
1709 815 1947 887 repletus

365 922 484 967 erat
511 910 742 980 Moyses,
768 908 837 964 de
864 922 971 977 quo
1006 907 1202 979 legitur
1228 907 1372 978 quod
1395 906 1715 962 mitissimus
1752 904 1946 963 fuisset

365 1016 529 1072 super
570 1012 764 1054 omnes
805 997 1080 1063 homines;
1112 998 1207 1053 sed
1254 997 1433 1052 nullus
1474 998 1658 1054 mitior
1684 994 1941 1052 Christo:

364 1090 636 1155 Christus,
653 1088 747 1159 qui
774 1095 1022 1144 versatus
1048 1094 1134 1144 est
1166 1088 1309 1143 inter
1344 1087 1602 1159 populum
1638 1085 1944 1155 Judaicum,

365 1182 698 1254 resplenduit
739 1181 797 1236 in
827 1180 1043 1236 ﬂamma
1072 1181 1231 1253 ignis.
1266 1180 1522 1236 Iliracula
1550 1179 1699 1240 fecit.
1725 1188 1946 1251 peccata

365 1274 572 1329 dimisit
595 1272 906 1337 humilibus,
934 1279 990 1327 et
1013 1272 1230 1342 quietis,
1253 1281 1311 1328 et
1338 1272 1694 1329 trementibus
1721 1272 1947 1329 verbum

366 1362 615 1427 Domini;
665 1360 763 1416 sed
804 1362 1026 1433 superbi
1048 1361 1565 1419 conlis°Judeorum
1603 1362 1813 1432 spineta
1838 1378 1947 1421 non

367 1458 493 1508 sunt
520 1452 829 1517 combusta,
857 1453 949 1522 qui
975 1460 1167 1508 contra
1198 1451 1475 1508 Christum
1497 1452 1723 1509 insidias
1748 1462 1805 1509 et
1824 1468 1946 1523 per-

366 1542 675 1599 secutiones
723 1543 1029 1612 parabant:
1083 1550 1265 1599 tamen
1312 1543 1488 1613 pietas
1525 1543 1730 1600 Christi
1764 1545 1946 1601 omnia

366 1634 484 1690 hac
507 1633 777 1699 toleravit,
827 1633 963 1689 adeo
998 1633 1238 1696 scilicet,
1275 1642 1336 1688 ut
1380 1648 1479 1703 pro
1509 1635 1948 1704 persecutoribus

364 1726 479 1782 suis
514 1725 689 1780 orarit
728 1725 785 1780 in
828 1740 1011 1782 cruce.
1052 1724 1293 1796 Septima
1326 1741 1457 1781 vero
1488 1739 1669 1795 regem
1705 1727 1945 1795 gentium

1398 339 1604 398 LIBER
1639 340 1730 396 BE
1765 336 2020 396 ORNNE
2054 335 2570 399 ANTIPHONARII.

370 462 430 519 id
452 468 555 524 est,
582 457 726 528 quod
744 455 1004 513 υοιιιιιιιι
1029 454 1086 511 in
1117 454 1240 528 igne
1261 436 1495 511 lamna:
1514 455 1636 512 rubi
1662 453 1946 525 apparuis—
1972 461 2027 522 Α

3490 337 3629 395 12ἲο

2643 446 2871 506 CAPUT
2908 448 3025 507 XV.

2518 544 2590 601 De
2623 545 2894 599 natiuitate
2935 543 3167 600 Domini.

2115 635 2312 706 Reperi
2341 635 2396 690 in
2436 634 2684 690 Romam
2723 632 3120 704 Antiphonario
3169 634 3276 691 duo
3315 636 3489 692 cilicia
3530 654 3625 695 uo-

2043 726 2312 783 cturnalia
2358 727 2415 782 in
2453 741 2559 781 una
2606 724 2906 794 eademque
2945 733 3104 781 nocte
3148 725 3342 794 posita.
3385 726 3626 801 Primum

2045 815 2280 872 oliiciutn
2303 823 2427 886 post
2443 815 2797 885 antiphonam
2818 813 3100 887 [Dominus
3120 815 3253 870 dixit
3278 815 3348 871 ad
3370 816 3498 890 nte,]
3524 818 3625 874 ba-

2044 906 2207 962 bebat
2224 905 2551 974 antipbonas
2577 904 2876 977 [Tanquam
2897 906 3164 979 sponsus,]
3186 916 3261 973 et,
3295 906 3529 980 [Diﬁusa
3550 921 3629 965 est

2044 996 2263 1070 gratim]
2317 996 2646 1064 Secundum,
2698 997 2790 1071 [In
2836 997 2946 1053 sole
2996 1001 3171 1070 posuit
3222 1000 3627 1057 tabernaculum

2044 1086 2245 1159 suum],
2296 1095 2371 1154 et,
2410 1086 2747 1160 [Eleuamini,
2786 1098 2951 1158 porta
2991 1089 3319 1164 mternales];
3361 1091 3503 1148 unde
3541 1092 3626 1147 ins

2047 1179 2316 1249 terrogavi
2359 1179 2648 1249 quemdam
2684 1180 2941 1236 clericum
2967 1181 3258 1238 educatum
3292 1184 3362 1239 ab
3407 1184 3631 1240 incuna-

2046 1270 2187 1326 bulis
2221 1270 2274 1325 in
2316 1279 2505 1327 sancta
2549 1270 2793 1341 Romana
2826 1273 3099 1341 Ecclesia,
3145 1290 3244 1331 cur
3286 1281 3472 1332 essent
3513 1273 3630 1330 hmo

2045 1359 2152 1416 duo
2185 1358 2361 1415 oﬂicia
2398 1361 2456 1415 in
2496 1375 2605 1415 una
2634 1368 2795 1416 nocte
2822 1361 2997 1430 posita
3023 1402 3039 1428 ,
3068 1363 3123 1418 id
3158 1371 3261 1429 est,
3293 1378 3460 1418 unum
3486 1362 3629 1433 quod

2046 1449 2219 1504 currit
2259 1464 2357 1519 per
2413 1451 2775 1521 antiphonas,
2826 1450 3082 1507 Dominus
3124 1452 3259 1508 dixit
3299 1452 3369 1507 ad
3416 1468 3532 1517 me,
3576 1462 3630 1507 et

2049 1538 2346 1612 [Tanquam
2373 1540 2647 1615 sponsus],
2680 1551 2737 1597 et
2762 1542 2997 1615 [Di/fusa
3039 1553 3115 1599 est
3142 1542 3373 1616 gratia];
3412 1553 3469 1600 et
3493 1543 3626 1600 alte-

2046 1646 2166 1685 rum
2192 1632 2334 1701 quad
2358 1632 2519 1687 habet
2542 1632 2773 1700 primam
2802 1633 3177 1703 antiphonam,
3207 1635 3467 1691 Dominus
3497 1635 3627 1691 dixit

2044 1720 2115 1775 ad
2141 1737 2256 1788 me;
2284 1721 2581 1777 secundam
2613 1741 2626 1775 :
2662 1722 2752 1794 [In
2783 1722 2892 1778 sole
2912 1722 3145 1796 posuit;]
3184 1725 3399 1781 tertiam
3437 1744 3449 1778 :
3488 1723 3632 1799 [Ele-

365 1823 656 1881 utemorat,
693 1824 750 1870 et
771 1816 910 1871 miro
934 1816 1094 1871 modo
1119 1816 1273 1886 ponit
1303 1814 1610 1886 lapidem‘in
1637 1817 1816 1887 capite
1840 1831 1942 1872 an-
1971 1817 2018 1875 Β
2046 1812 2256 1876 ventini,
2300 1821 2467 1882 porta:
2501 1811 2820 1885 wternales].
2853 1812 2956 1880 Qui
2979 1815 3260 1884 respondit
3287 1830 3302 1869 :
3330 1814 3462 1870 Illud
3490 1818 3631 1886 quod

365 1904 500 1977 guli;
529 1920 685 1977 quem
711 1903 940 1976 lapidem
967 1921 1063 1960 nos
1087 1904 1349 1960 credimus
1371 1904 1572 1970 uiuere,
1621 1913 1671 1959 et
1705 1904 1815 1960 uult
1841 1907 1952 1961 esie

370 2010 502 2065 opus
532 2008 711 2059 suum,
742 1993 886 2049 sicut
913 1993 1225 2064 Antiphoua
1259 1992 1410 2056 dicit,
1435 2000 1496 2049 ut
1525 2001 1758 2064 utraque
1784 2000 1952 2050 unum

365 2082 554 2149 faciat,
605 2083 660 2139 id
693 2092 798 2149 est,
838 2083 975 2140 diros
1012 2084 1250 2155 parietes
1292 2097 1363 2139 ex
1404 2084 1620 2141 diverso
1650 2084 1950 2151 venientes,

366 2173 600 2239 scilicet,
631 2173 700 2230 de
724 2172 923 2244 populo
967 2171 1195 2230 iudaice
1227 2183 1284 2230 et
1316 2175 1516 2245 populo
1559 2176 1749 2248 gentili
1793 2176 1955 2233 simul

362 2263 678 2334 coniungat,
717 2271 776 2320 et
799 2279 963 2323 unam
987 2263 1285 2320 Ecclesiam
1304 2261 1487 2322 faciat.
1512 2265 1640 2321 lituo
1661 2266 1955 2337 antiphona

361 2358 619 2414 convenit
629 2357 859 2428 septimo
872 2358 1063 2429 gradui
1075 2358 1297 2429 spiritus
1311 2357 1541 2415 timoris.
1557 2356 1791 2430 Spiritus
1804 2359 1959 2415 timo-

368 2452 442 2506 ris
457 2450 548 2520 qui
565 2450 619 2505 in
633 2449 963 2516 Christoest,
977 2449 1171 2506 timere
1183 2447 1311 2506 facit
1322 2457 1529 2521 gentes,
1543 2450 1685 2506 sicut
1694 2452 1955 2521 scriptum

362 2547 478 2596 est:
499 2538 773 2594 Timelmnt
804 2548 980 2611 gentes
1021 2556 1209 2595 nomen
1230 2549 1400 2607 tuum,
1422 2539 1664 2607 Domine,
1692 2550 1744 2596 et
1775 2559 1956 2599 omnes

368 2646 513 2701 reges
538 2639 691 2686 terra
708 2628 1123 2698 gloriam'tuam.
1150 2628 1375 2697 Octava,
1421 2630 1466 2687 0
1493 2632 1637 2703 uirgo
1671 2632 1951 2704 uirginum,

368 2721 609 2781 insinuat
625 2720 925 2777 mirabilem
946 2729 1158 2792 partum
1181 2721 1478 2779 Eeclesiam
1497 2722 1709 2789 mirari,
1729 2724 1950 2796 dicens:

370 2804 530 2866 Filia!
560 2810 917 2877 Hierusalem,
942 2811 1070 2884 quid
1094 2828 1178 2868 me
1203 2812 1543 2867 admiramini
1565 2813 1592 2868 7
1613 2813 1847 2870 divinum
1878 2824 1955 2870 est

371 2901 674 2971 mysterium
710 2901 808 2972 Isop
853 2901 992 2974 quod
1025 2902 1259 2958 cernitis.
1298 2901 1426 2960 Haec
1471 2903 1768 2975 antiphona
1795 2920 1953 2962 mon-

370 3001 508 3049 strat
534 2992 683 3050 illum
708 2993 981 3050 hominem
1007 2994 1100 3065 qui
1119 3010 1188 3050 ex
1218 2993 1388 3050 Maria
1413 3009 1635 3051 carnem
1661 2997 1958 3068 assumpsit

376 3083 547 3140 solum
575 3090 631 3139 et
659 3082 960 3154 perlectum
979 3097 1100 3139 esse
1125 3083 1267 3149 inter
1289 3093 1514 3142 caeteros
1534 3085 1805 3154 homines,
1827 3089 1955 3158 quia

2054 1901 2218 1957 habet
2256 1903 2552 1958 secundam
2600 1903 2983 1974 antipltonam,
3031 1902 3123 1977 [In
3164 1904 3272 1960 sole
3305 1903 3532 1978 posuit];
3578 1917 3633 1963 et

2054 1994 2303 2060 tertiam,
2346 1993 2670 2061 Elevqmini,
2700 1995 3204 2067 solet'Apostolicus
3239 2012 3435 2055 canere
3472 1998 3528 2053 in
3555 1997 3633 2051 vi-

2050 2083 2195 2153 giliis
2223 2094 2277 2139 et
2305 2083 2359 2138 in
2395 2084 2625 2140 ecclesia
2663 2084 2722 2139 S.
2758 2084 2940 2141 Mariis
2971 2086 3040 2142 ad
3065 2087 3317 2159 Praesepe
3354 2089 3472 2144 sine
3497 2087 3634 2144 invi-

2056 2175 2274 2231 tatorio.
2306 2174 2552 2232 Alterum
2577 2175 2720 2246 quod
2751 2176 2916 2234 habet
2940 2179 3234 2235 secundam
3260 2178 3631 2249 antiphonam,

2057 2265 2366 2339 [Tanquam
2388 2266 2665 2340 sponsus,]
2692 2268 2868 2324 solent
2892 2268 3076 2324 clerici
3096 2284 3293 2326 canere
3323 2270 3379 2326 in
3405 2268 3634 2327 ecclesia

2057 2356 2115 2413 S.
2147 2355 2312 2421 Petri,
2339 2373 2464 2413 cum
2496 2357 2829 2424 invitatoris,
2865 2357 3126 2431 [Christus
3151 2370 3307 2415 natus
3333 2369 3409 2414 est
3439 2360 3633 2432 nobis,]

2055 2447 2360 2504 nocturnali
2388 2455 2627 2520 tempore
2648 2449 2864 2519 quando
2883 2450 3114 2520 populus
3136 2450 3277 2506 solet
3303 2450 3370 2505 ad
3399 2448 3631 2506 cilicium

2057 2553 2296 2611 surgere.
2331 2538 2627 2609 Propterea
2663 2541 2840 2610 primo
2883 2542 3162 2610 posuimus
3205 2542 3535 2612 antiphonas
3578 2543 3633 2597 in

2055 2640 2245 2688 nostro
2270 2630 2682 2702 Antiphonario,
2710 2646 2830 2703 quae
2854 2631 3056 2688 habent
3081 2647 3300 2688 cursum
3323 2648 3420 2703 per
3445 2647 3636 2689 secun-

2056 2724 2183 2781 dam
2208 2722 2578 2794 antiphonam.
2609 2721 2700 2796 [In
2726 2723 2833 2779 sole
2851 2719 3071 2798 posuit,]
3094 2726 3351 2796 quoniam
3369 2725 3497 2782 illud
3522 2725 3635 2781 ofﬁc

2055 2816 2201 2873 cium
2245 2816 2397 2887 prius
2438 2815 2745 2873 celebratur
2786 2817 2855 2872 ab
2891 2816 3204 2901 Apostolico
3239 2819 3293 2874 in
3330 2818 3544 2891 vigiliis,
3583 2827 3637 2877 et

2055 2915 2243 2978 postea
2263 2907 2407 2978 quod
2428 2907 2660 2975 habetin
2673 2909 2909 2965 secundo
2922 2907 3061 2976 loco,
3084 2908 3357 2982 Tanquam
3383 2927 3603 2983 sponsus
3619 2952 3634 2975 ,

2057 2998 2113 3053 in
2135 2996 2363 3054 ecclesia
2379 2996 2589 3054 S.Petri
2604 2999 2909 3056 nocturnali
2922 3008 3183 3071 tempore.
3206 2998 3369 3057 Juxta
3388 3002 3635 3058 ordinem

2058 3089 2386 3161 psalmorum
2410 3098 2465 3147 et
2496 3090 2951 3161 pulchritudinem
2978 3091 3096 3147 soni
3128 3092 3461 3149 conveniunt
3495 3091 3635 3147 anti-

371 3176 427 3231 is
451 3174 571 3247 ipso
594 3176 711 3232 solo
742 3176 955 3232 habitat
987 3175 1318 3245 septiformis
1358 3176 1624 3247 Spiritus,
1667 3179 1761 3249 qui
1787 3194 1950 3250 supe-
1979 3171 2023 3233 C
2054 3182 2246 3251 phocae
2286 3182 2389 3251 ipsi
2426 3182 2571 3238 nocti
2601 3183 2902 3237 nativitatis
2944 3182 3197 3248 Domini,
3242 3197 3381 3253 quas
3404 3182 3640 3239 solemus

369 3264 484 3321 rius
515 3272 848 3322 memoratus
876 3271 979 3321 est.
1025 3264 1104 3320 De
1129 3279 1238 3335 qua
1268 3281 1328 3322 re
1360 3266 1551 3323 scribit
1590 3276 1813 3325 sanctus
1837 3268 1952 3324 Au-

366 3356 616 3427 gstiuus
668 3355 725 3410 in
774 3354 915 3411 libro
971 3354 1148 3426 primo
1208 3356 1278 3411 de
1320 3369 1574 3413 sermone
1626 3356 1844 3412 Domini
1895 3358 1953 3414 in

367 3455 575 3503 ntonte.
622 3445 842 3517 Septem
873 3453 998 3503 sunt
1035 3461 1167 3519 ergo
1204 3461 1327 3517 quae
1356 3446 1664 3518 perﬁciunt,
1706 3462 1834 3504 nam
1858 3463 1955 3506 oc-

369 3550 493 3596 tava
521 3537 783 3594 clas-illest
807 3546 865 3599 et
890 3539 1035 3610 quod
1058 3537 1356 3611 perlectum
1382 3547 1469 3595 est
1494 3539 1851 3597 demonstrat.
1870 3538 1957 3596 Si-

368 3627 589 3700 quidem
616 3625 851 3698 dclectalt
875 3626 1009 3685 ordo
1036 3628 1382 3698 praesentium
1408 3628 1828 3699 sntiphonarum
1863 3630 1956 3700 qui

371 3717 428 3771 in
474 3714 719 3772 Romano
744 3715 1139 3788 Antiphonario
1173 3717 1504 3784 continetur,
1539 3718 1776 3790 reperiet
1804 3719 1955 3777 illum

370 3806 428 3863 in
454 3813 643 3864 nostro
668 3806 1062 3880 Antiphonario
1084 3808 1471 3879 praetitnlatum
1499 3807 1557 3865 in
1582 3808 1952 3881 sequentibus.

959 3905 1186 3964 CAPUT
1223 3906 1359 3963 XIV.

466 4068 469 4075 ἱ
795 3996 872 4052 De
905 3997 1071 4068 opicio
1096 3994 1540 4053 Sanctificamini.

444 4088 687 4146 Prmsens
713 4087 949 4145 oﬂleium
976 4095 1155 4144 certat
1177 4088 1281 4144 hoc
1301 4096 1362 4143 ut
1387 4088 1531 4145 diem
1560 4094 1769 4146 certum
1803 4105 1958 4148 mon-

375 4186 510 4235 stret
535 4179 834 4234 nativitatis
881 4178 1116 4245 Domini,
1165 4186 1222 4235 et
1250 4178 1479 4235 salutem
1517 4186 1760 4237 nostram
1791 4194 1956 4251 quam

375 4267 536 4325 adert
593 4283 777 4327 secum
831 4268 948 4339 ipsa
1004 4269 1294 4336 nativitas,
1353 4270 1528 4327 instar
1577 4270 1956 4327 admonitionis

377 4357 596 4431 loysis,
642 4359 735 4431 qui
783 4359 1040 4430 praecepit
1084 4358 1280 4429 populo
1311 4373 1373 4416 se
1417 4360 1762 4418 sanctiﬁcare
1800 4369 1955 4417 ante-

375 4466 539 4523 quam
584 4450 844 4509 Dominus
885 4451 1242 4508 desceth
1289 4451 1344 4507 in
1383 4459 1642 4510 montem.
1692 4452 1844 4510 Unde
1877 4455 1952 4508 ita

2055 3287 2256 3328 canere
2282 3272 2338 3327 in
2369 3273 2581 3328 octavis
2607 3272 2861 3338 Domini,
2904 3280 2961 3327 et
2993 3271 3336 3342 Apostolicus
3370 3273 3457 3328 vir
3494 3274 3641 3329 cauit

2057 3362 2126 3418 ad
2152 3363 2357 3434 primas
2380 3360 2593 3434 vigilias
2619 3363 2673 3417 in
2701 3361 2930 3419 ecclesia
2956 3361 3172 3419 Sancta:
3201 3362 3384 3418 Maria:
3413 3362 3634 3434 Majore.

2055 3450 2368 3522 Antiphonti
2420 3469 2434 3505 :
2488 3435 2580 3523 [In
2624 3450 2734 3506 sole
2775 3451 2948 3521 posuit
2992 3450 3388 3507 tabernaculum
3437 3451 3637 3522 suum,]

2057 3542 2389 3614 prmpouitnr
2416 3541 2470 3596 in
2510 3541 2700 3599 eodem
2730 3542 2941 3615 psalmo
2962 3551 3019 3599 et
3042 3543 3101 3598 in
3134 3544 3323 3600 eodem
3351 3558 3512 3600 versu
3545 3559 3641 3599 an-

2059 3633 2317 3705 tiphonm,
2349 3630 2651 3705 [Tanquam
2673 3632 2942 3706 sponsus].
2968 3622 3300 3705 Antiphona,
3332 3632 3637 3706 [Speciosus

2058 3721 2279 3796 fama]
2316 3722 2648 3794 pmponitur
2671 3723 2729 3779 in
2761 3723 2952 3780 eodem
2986 3739 3148 3779 versu
3169 3723 3499 3795 antiphonm,
3527 3723 3639 3793 dif-

2060 3812 2183 3882 fusa
2205 3821 2280 3868 est
2303 3814 2498 3885 gratia.
2541 3812 2879 3885 Melodiaque
2898 3813 3235 3886 pulchriores
3256 3822 3384 3870 sunt
3403 3829 3637 3886 sequen-

2058 3902 2205 3959 tibus
2252 3917 2330 3959 se.
2379 3902 2473 3960 Sic
2511 3913 2569 3960 et
2605 3911 2816 3961 caetera
2860 3912 3149 3976 sequentes
3184 3905 3339 3976 juxta
3389 3905 3638 3962 ordinem

2057 3993 2241 4062 illum,
2273 3996 2367 4052 ubi
2401 3996 2637 4053 secunda
2673 4005 2777 4065 est,
2809 3995 2877 4052 In
2904 3997 3017 4054 sole
3044 3998 3218 4070 posuit
3242 3996 3638 4053 tabernaculum

2054 4106 2230 4145 suum.
2276 4088 2383 4147 Sed
2429 4091 2657 4147 interest
2695 4090 2841 4162 quod
2881 4090 3191 4161 antipbona’:
3227 4090 3295 4145 de
3334 4089 3496 4145 tertia
3545 4106 3640 4147 no-

2056 4189 2248 4238 cturus
2287 4195 2395 4237 non
2421 4180 2624 4237 habent
2647 4179 2876 4235 Alleluia
2904 4180 2962 4235 in
2996 4182 3103 4236 line
3129 4194 3307 4250 neque
3350 4179 3407 4234 in
3434 4179 3632 4238 medio.

2056 4269 2361 4327 Notandum
2389 4277 2475 4325 est
2506 4269 2651 4339 quod
2678 4276 2789 4325 tres
2816 4277 3095 4326 nocturnae
3130 4270 3236 4325 tria
3267 4279 3511 4341 tempora
3552 4280 3637 4328 to-

2058 4361 2163 4415 tius
2202 4359 2389 4414 mundi
2423 4357 2686 4425 recolant,
2719 4358 2774 4414 id
2808 4366 2917 4426 est,
2950 4368 3164 4430 tempus
3190 4358 3325 4431 legis
3353 4360 3635 4424 naturalis,

2059 4459 2271 4520 tempus
2297 4450 2435 4505 data:
2459 4448 2593 4520 legis
2619 4463 2718 4520 per
2742 4448 2960 4522 Moysen
2980 4491 2995 4516 ,
3026 4457 3237 4521 tempus
3258 4451 3470 4523 gratiae.
3503 4451 3637 4509 Ter-

376 4542 639 4613 scriptum
668 4550 755 4599 est
784 4542 841 4598 in
865 4542 1070 4607 Exodo,
1104 4541 1342 4613 capitulo
1368 4542 1578 4599 decimo
1605 4557 1779 4609 nono,.
1814 4541 1954 4598 Vade
1979 4539 2032 4600 Β
2058 4541 2191 4597 tiam
2235 4538 2576 4607 nocturnam,
2617 4557 2738 4613 quae
2778 4540 2971 4598 recolit
3002 4542 3235 4614 gratiam
3280 4541 3414 4600 Novi
3450 4543 3637 4600 Testa-

376 4631 450 4687 σά
486 4630 761 4702 populum,
803 4630 943 4687 dixit
969 4630 1231 4687 Dominus
1260 4628 1452 4701 loysi,
1494 4638 1547 4684 et
1589 4630 1863 4702 sanctiﬁca
1896 4630 1959 4687 il-

379 4721 492 4777 lum
539 4721 694 4777 hodie
717 4733 765 4777 et
790 4738 932 4788 cras,
977 4721 1246 4793 iacentque
1280 4721 1586 4777 vestimenta
1613 4737 1735 4788 sua,
1772 4732 1822 4778 et
1850 4723 1955 4777 sint

379 4812 555 4884 parati
588 4813 646 4868 in
673 4812 761 4868 die
784 4813 962 4869 tertio.
990 4812 1059 4867 In
1083 4812 1168 4868 die
1195 4813 1335 4869 enim
1369 4814 1523 4868 tertio
1546 4812 1819 4868 descendet
1851 4812 1961 4868 Do-

377 4900 554 4956 minus
581 4916 757 4957 coram
784 4903 925 4957 omni
963 4901 1108 4974 plebe
1145 4919 1302 4974 super
1326 4912 1550 4960 montem
1591 4901 1742 4959 Sina.
1785 4903 1852 4959 Et
1876 4904 1957 4959 in-

382 4990 463 5048 fra
498 5011 514 5047 :
546 4992 924 5066 Descenditque
954 4994 1162 5066 Moyses
1189 4997 1253 5053 de
1284 5007 1460 5053 monte
1496 4999 1567 5052 ad
1597 4998 1870 5071 populum,
1907 5007 1958 5053 et

379 5085 727 5155 sanctiﬁcat?
771 5103 877 5142 eos.
917 5085 1152 5160 Cumque
1195 5088 1441 5147 lavissent
1493 5092 1795 5147 uestimenta
1835 5108 1955 5159 sua,

382 5182 459 5236 ait
488 5182 559 5236 ad
583 5195 712 5238 eos:
749 5183 930 5239 Estote
965 5184 1142 5254 parati
1175 5184 1231 5238 in
1266 5184 1352 5239 die
1388 5185 1563 5250 tertio,
1588 5201 1652 5240 ne
1678 5186 1960 5258 appropin-

381 5271 550 5341 quetis
576 5272 829 5328 mribus
857 5273 1055 5328 uestris.
1095 5272 1259 5327 istam
1294 5270 1773 5329 sanctiﬁcationem
1802 5271 1958 5328 multi

381 5370 685 5431 sequuntur
715 5364 772 5419 in
811 5374 998 5420 nostra
1040 5363 1316 5429 Ecclesia;
1351 5363 1447 5419 sed
1474 5363 1567 5433 qui
1605 5362 1957 5432 spiritualiter

378 5463 515 5511 sunt
550 5456 747 5520 renati,
789 5453 1140 5525 spiritualiter
1165 5453 1362 5509 debent
1399 5453 1722 5509 vestimenta
1753 5451 1953 5518 lavare,

386 5542 440 5598 id
469 5551 570 5608 est,
619 5545 875 5618 lacrymis
898 5555 973 5607 at
1006 5542 1510 5616 compunctionibus
1550 5542 1772 5598 abluere
1813 5542 1955 5599 mala

385 5644 713 5706 perpetrata,
748 5646 809 5693 ut
851 5638 1061 5709 possint
1106 5635 1385 5693 descensui
1424 5634 1637 5692 Domini
1672 5647 1957 5693 occurrere

386 5728 506 5783 sine
529 5726 841 5786 Moesicae.

2058 4632 2227 4689 menti
2244 4672 2260 4699 .
2293 4638 2510 4701 oportet
2548 4631 2750 4688 habere
2783 4630 3107 4703 antiphonas
3146 4647 3271 4688 cum
3309 4632 3559 4702 Alleluia,
3590 4637 3635 4691 si

2056 4742 2124 4783 eo
2148 4735 2393 4797 tempore
2417 4734 2646 4783 cantatae
2671 4727 2895 4797 fuerint,
2928 4742 3037 4800 quo
3066 4730 3394 4788 resurrectio
3423 4731 3635 4788 Domini

2058 4818 2434 4887 frequentatur
2478 4834 2510 4875 a
2557 4819 2826 4887 ﬁdelibus,
2873 4820 2928 4876 id
2973 4827 3082 4888 est,
3132 4821 3276 4877 circa
3322 4824 3638 4881 matutinale

2057 4916 2309 4977 tempus;
2339 4915 2622 4964 nocturnas
2646 4923 2797 4975 vero,
2834 4924 2954 4979 quae
2979 4909 3034 4964 in
3062 4910 3252 4980 primis
3270 4910 3471 4980 vigiliis
3496 4911 3638 4968 cele—

2059 4998 2310 5065 brantur,
2343 4998 2659 5069 frequenter
2682 5000 2885 5055 habent
2919 4999 3081 5056 linem
3109 5008 3236 5058 ante
3264 5000 3501 5058 medium
3534 5017 3634 5056 no-

2061 5087 2183 5152 ctis,
2215 5088 2269 5142 in
2296 5103 2404 5158 qua
2427 5097 2584 5158 parte
2608 5104 2715 5144 non
2741 5088 3050 5145 celebratur
3075 5090 3401 5147 resurrectio
3423 5090 3633 5147 Domini

2061 5179 2165 5234 nisi
2197 5181 2251 5234 in
2279 5178 2505 5245 Pascha,
2534 5186 2755 5251 propter
2786 5181 3116 5236 conveniens
3150 5181 3250 5236 sibi
3278 5180 3590 5251 mysterium
3616 5196 3632 5242 ;

2062 5270 2265 5326 idcirco
2301 5270 2475 5326 solent
2511 5271 2631 5326 alia
2659 5285 2780 5327 esse
2820 5271 2938 5328 sine
2975 5270 3223 5335 Alleluia,
3263 5268 3419 5324 sicuti
3447 5268 3500 5322 in
3532 5268 3635 5323 ista

2061 5360 2180 5415 loco
2208 5369 2335 5416 sunt
2361 5376 2481 5431 qum
2510 5369 2800 5418 cantantur
2826 5364 2882 5417 in
2918 5361 3117 5433 vigiliis
3151 5359 3359 5431 primis.
3394 5355 3500 5412 Sed
3538 5371 3632 5411 ne—

2060 5465 2164 5520 que
2192 5451 2307 5521 ipsa
2333 5465 2453 5522 qua:
2478 5460 2746 5508 canuntur
2771 5452 2824 5506 in
2850 5449 3128 5506 matutinis
3172 5454 3467 5503 memorata
3497 5446 3627 5501 hora

2062 5540 2292 5595 Alleluia
2329 5542 2547 5606 habent,
2590 5551 2647 5596 ut
2683 5540 2911 5612 perspici
2940 5545 3117 5609 potest
3153 5538 3208 5592 in
3246 5535 3634 5606 Antiphonario

2062 5641 2250 5689 nostro
2270 5673 2285 5699 ,
2312 5633 2405 5703 qui
2430 5634 2592 5697 habet
2614 5632 2937 5701 antiplionas
2959 5627 3112 5696 juxta
3142 5628 3444 5684 Romanum
3474 5624 3629 5681 Antiv

2060 5723 2385 5794 phonarium
2429 5724 2482 5779 in
2516 5722 2710 5795 primis
2739 5719 2963 5794 vigiliis,
2996 5727 3051 5778 et
3096 5722 3157 5776 in
3192 5717 3487 5786 matutinis,
3516 5712 3629 5803 nisi
