4000 6178
396 337 530 393 1‘27!

1395 334 1725 390 AMALARH
1766 335 2204 392 PRESBYTER!
2240 333 2580 392 METENSIS

3521 339 3654 396 iiii

393 470 499 512 una
520 455 578 509 in
608 453 916 524 Evangelio,
945 451 1115 506 Facta
1155 462 1228 508 est
1262 469 1379 507 cum
1419 454 1622 525 angelo.
1653 454 1798 509 Dixit
1834 454 1965 509 mihi
1995 458 2042 515 Α
2073 463 2208 519 tum,
2239 463 2299 509 ut
2323 454 2608 525 aliquoties
2633 451 2688 508 ili
2720 452 3058 523 praecedente
3095 466 3316 522 vespera
3349 452 3663 509 celebrare‘

392 553 725 602 memoratus
753 544 986 599 clericus
1019 551 1221 599 sanctze
1251 543 1508 599 Romanae
1543 544 1797 600 Ecclesia:
1825 543 1969 613 quod

393 636 451 692 in
503 638 704 706 hymno
752 633 1030 688 Zacharias
1082 641 1394 689 cantaretur
1443 635 1496 689 in
1529 634 1646 705 ipsa
1686 635 1970 689 nativitate

394 728 606 784 Domini
635 742 666 781 a
695 725 753 782 S.
787 727 1027 781 Romana
1048 725 1291 780 Ecclesia
1319 726 1636 795 antiphona,
1660 725 1800 779 Dum
1823 735 1970 778 ortus

394 817 551 887 fuerit
577 816 684 880 sal,
717 831 878 885 quam
919 824 1094 870 tamen
1126 817 1383 885 scriptam
1417 817 1590 886 reperi
1628 819 1682 871 in
1724 816 1970 871 Romano

391 900 785 976 Antiphonario
803 921 924 961 cum
937 907 1136 976 hymno
1154 907 1451 972 Zacharire,
1474 925 1535 964 ea
1561 919 1738 976 nocte,
1754 914 1971 982 quando

391 997 605 1051 canitur
649 997 1066 1067 responsorius,
1112 995 1532 1068 Sanctiﬁcamini
1580 1003 1750 1066 hodie,
1804 1020 1969 1074 quam

393 1101 492 1142 nos
511 1086 746 1142 solemus
777 1101 974 1142 canere
1001 1102 1125 1140 cum
1155 1088 1359 1157 hymno
1387 1097 1585 1144 sanctae
1616 1091 1797 1146 Mariae
1825 1107 1966 1161 pras-

392 1177 620 1233 cedcnte
647 1187 806 1233 nocte
835 1178 1131 1234 nativitatis
1163 1179 1377 1233 Domini
1403 1182 1694 1236 secundum
1725 1199 1966 1240 carnem.

390 1271 713 1342 Antiphonte
756 1287 885 1328 vero
929 1287 1050 1342 quae
1089 1271 1436 1327 celebrantur
1473 1274 1529 1328 in
1568 1274 1758 1330 eadem
1810 1285 1970 1333 nocte

391 1364 533 1418 circa
559 1363 880 1433 populorum
913 1371 1130 1418 cantum
1152 1372 1206 1417 et
1236 1363 1508 1432 deinceps,
1542 1364 1744 1420 habent
1772 1366 1827 1420 in
1859 1376 1970 1424 ter-

391 1456 466 1510 tia
514 1465 778 1511 nocturna
834 1455 1082 1521 Alleluia,
1130 1464 1187 1510 ut
1221 1465 1323 1520 est,
1381 1456 1525 1528 [Ipse
1561 1459 1817 1513 invocavit
1865 1478 1966 1526 me,

389 1545 685 1618 Alleluia;]
726 1554 780 1601 et
809 1545 1099 1618 [Ltetentur
1137 1546 1282 1611 caeli,
1324 1557 1373 1600 et
1409 1547 1630 1602 exsultet
1674 1559 1814 1604 terra
1849 1560 1970 1605 ante

391 1637 580 1707 faciem
616 1637 862 1702 Domini,
897 1637 1149 1702 Alleluia,
1193 1637 1438 1692 Alleluia.
1476 1639 1673 1693 Notum
1712 1640 1832 1708 fecit
1861 1641 1972 1696 Do-

389 1731 585 1795 minus,
627 1729 854 1784 Alleluia
873 1729 915 1802 ;]
956 1745 1167 1784 necnon
1209 1738 1264 1784 et
1307 1744 1494 1785 omnes
1533 1730 1838 1798 antiphona:
1871 1729 1968 1783 ha-

388 1821 519 1876 bent
539 1821 788 1888 Alleluia,
808 1837 925 1892 qute
947 1831 1219 1877 canuntur
1241 1822 1295 1876 in
1327 1821 1627 1877 matutinis.
1661 1822 1968 1891 Responso-

388 1910 455 1965 rii
495 1911 559 1966 de
589 1913 775 1967 eadem
818 1919 977 1967 nocte
1025 1926 1229 1966 morem
1279 1909 1427 1964 illum
1473 1919 1772 1980 sequuntur
1805 1926 1966 1980 quem

386 1999 732 2072 frequentant
771 2002 1048 2058 domestici
1082 2001 1292 2072 regales
1335 2009 1388 2056 et
1414 2001 1720 2071 imperiales
1752 2003 1968 2072 quando

388 2095 717 2150 conveniunt
745 2094 798 2148 in
848 2094 1190 2163 praesentiam
1231 2091 1374 2162 regis
1412 2092 1782 2160 unusquisque
1825 2091 1969 2161 quod

386 2185 532 2240 valet
571 2182 768 2240 offerre
811 2185 943 2255 regi.
995 2183 1217 2238 Diversa
1260 2184 1399 2238 dona
1431 2181 1684 2247 offerunt,
1718 2181 1812 2237 sed
1852 2183 1970 2236 ani-

385 2292 506 2333 mos
551 2276 695 2348 regis
747 2275 1026 2346 aequaliter
1082 2275 1305 2345 cupiunt
1359 2274 1462 2329 sibi
1511 2273 1864 2328 reconciliare
1913 2282 1969 2329 et

387 2365 637 2421 blandiri.
683 2365 761 2420 Ita
800 2374 853 2420 et
883 2366 1213 2435 responsorii
1248 2362 1543 2419 multarum
1583 2363 1842 2418 mentium
1882 2379 1970 2419 co-

387 2457 676 2527 gitationes
734 2456 884 2511 vario
955 2455 1134 2510 colore
1205 2463 1261 2510 et
1327 2454 1610 2524 multiplici
1671 2455 1967 2524 gratiarum

389 2549 602 2604 actione
629 2548 870 2619 depictas
908 2548 1140 2602 offerunt
1184 2546 1298 2618 regi
1325 2545 1540 2602 Christo
1580 2564 1593 2598 :
1636 2555 1802 2616 agunt
1841 2561 1965 2616 gra-

392 2639 496 2694 tias
517 2639 785 2694 laudando
816 2647 1059 2694 sanctam
1093 2637 1324 2707 [Mariam
1345 2679 1358 2703 ,
1383 2637 1508 2707 quia
1537 2651 1695 2707 quem
1726 2636 1846 2690 coeli
1879 2650 1968 2691 ca-

391 2745 520 2800 pere
548 2746 652 2787 non
675 2741 902 2802 possunt
927 2747 1025 2788 suo
1049 2732 1256 2802 gremio
1276 2730 1528 2800 protulit;
1553 2738 1717 2799 agunt
1744 2729 1962 2800 gratias,

394 2824 518 2892 quia
568 2823 816 2894 dignatus
865 2811 950 2892 est
981 2823 1241 2879 cmlorum
1283 2837 1376 2876 rex
1422 2836 1642 2876 carnem
1692 2835 1968 2876 assumere

389 2929 456 2968 ex
482 2914 720 2984 virgine,
753 2925 812 2968 ut
851 2915 1120 2984 perditum
1155 2914 1425 2967 hominem
1454 2919 1735 2967 revocaret
1760 2913 1827 2967 ad
1857 2925 1970 2967 ca:-

391 3006 522 3070 lum,
555 3006 699 3059 unde
722 3007 916 3075 gaudet
955 3006 1226 3060 exercitus
1263 3003 1616 3072 angelorum;
1648 3010 1812 3072 agunt
1847 3017 1970 3071 gra-

390 3095 513 3159 tias,
552 3109 616 3150 eo
660 3094 801 3164 quod
850 3109 947 3164 per
992 3109 1145 3149 suam
1188 3093 1525 3147 nativitatem
1569 3090 1713 3156 coeli,
1761 3091 1814 3146 id
1857 3101 1962 3157 est,

387 3187 802 3258 prtedicatores,
845 3185 1082 3241 mellillui
1136 3185 1258 3240 facti
1301 3191 1428 3240 sunt
1480 3198 1578 3254 per
1627 3182 1961 3238 dulcedinem

387 3276 681 3346 spiritualis
737 3292 946 3332 sensus.
987 3275 1052 3330 Ni
1100 3273 1276 3342 fallor,
1332 3275 1478 3329 hunc
1528 3273 1814 3336 aﬂ'ectum,
1869 3272 1963 3340 qui

387 3369 682 3439 quaesierit,
721 3369 957 3440 reperiet
981 3384 1076 3439 per
1105 3368 1302 3424 multos
1333 3367 1708 3437 responsorios
1731 3366 1799 3422 de
1824 3380 1964 3436 prat-

388 3461 525 3516 senti
570 3461 850 3516 nativitate
896 3461 1130 3516 Domini.
1161 3459 1426 3515 Numerus
1466 3459 1756 3515 lectionum
1786 3466 1841 3513 et
1877 3472 1966 3512 re-

386 3553 813 3621 sponsoriorum,
843 3567 1053 3608 necnon
1085 3559 1141 3608 et
1169 3553 1587 3620 antiphonarum
1627 3549 1964 3605 nocturnalis

385 3641 588 3708 officii,
620 3642 874 3698 admonet
911 3657 1011 3697 nos
1045 3642 1364 3698 benedicere
1401 3641 1706 3705 Dominum,
1751 3647 1807 3694 et
1849 3637 1966 3692 lau-

385 3733 540 3799 dare,
565 3741 727 3803 atque
755 3733 956 3804 gratias
985 3747 1166 3801 agere,
1188 3733 1279 3803 qui
1309 3742 1598 3802 propterea
1626 3730 1799 3785 voluit
1826 3730 1964 3784 Ver-

383 3822 515 3876 bum
561 3837 718 3876 suum
753 3837 974 3876 carnem
1002 3821 1140 3887 ﬂeri,
1189 3831 1250 3877 ut
1284 3821 1557 3892 perditum
1585 3820 1863 3875 hominem
1898 3819 1965 3875 ad

385 3911 700 3966 societatem
749 3911 1029 3980 colligeret
1078 3925 1274 3966 novem
1312 3911 1562 3965 ordinum
1620 3910 1956 3980 angelorum.

383 4001 719 4073 Antiphonas
741 4001 796 4056 in
823 4000 1129 4056 matutinali
1147 4003 1283 4058 hora
1309 4002 1382 4056 ita
1406 4003 1669 4069 ordinavi,
1694 4011 1754 4058 ut
1784 4004 1961 4072 prima

386 4092 714 4157 ostenderet,
765 4092 819 4147 id
865 4099 971 4157 est,
1001 4090 1194 4146 Genui:
1239 4107 1496 4162 puerpera
1539 4109 1730 4162 regem,
1761 4091 1962 4148 Christi

383 4183 722 4238 nativitatem
761 4170 828 4240 de
859 4183 1066 4253 virgine
1101 4181 1305 4248 Maria,
1345 4191 1402 4237 et
1429 4183 1798 4254 virginitatem
1828 4200 1958 4254 per-

383 4285 603 4345 petuam
637 4275 875 4344 ejusdem
903 4281 1103 4330 sanctae
1126 4273 1307 4328 Mariae
1333 4291 1347 4328 :
1373 4282 1659 4344 sequentes
1688 4275 1754 4330 de
1779 4275 1962 4330 Evan-

385 4365 526 4436 gelio
577 4365 675 4432 ita,
727 4365 1083 4433 similiterque
1135 4371 1192 4420 et
1245 4365 1312 4421 de
1347 4367 1559 4422 ratione
1605 4367 1961 4422 festivitatum

385 4465 718 4512 sanctorum.

456 4545 563 4601 Sed
597 4555 652 4602 et
683 4547 773 4602 hic
801 4546 1092 4602 notandum
1122 4555 1206 4602 est
1241 4547 1387 4618 quod
1425 4549 1566 4605 sicut
1605 4559 1703 4620 per
1728 4564 1962 4605 novena.

384 4637 522 4692 rium
545 4655 852 4707 numerum,
883 4640 973 4710 qui
1003 4639 1308 4696 celebratur
1333 4642 1392 4696 in
1419 4643 1701 4697 nativitate
1721 4645 1959 4712 Domini,

385 4727 586 4796 gratias
604 4729 813 4799 agimus
837 4730 904 4785 de
929 4730 1022 4785 Dei
1050 4731 1402 4788 descensione
1430 4746 1600 4801 usque
1627 4733 1693 4786 ad
1717 4740 1958 4790 nostram

384 4814 830 4882 humiliationem,
887 4819 960 4872 ita
1007 4834 1105 4888 per
1143 4821 1392 4875 eumdem
1434 4834 1720 4875 numerum
1755 4823 1958 4892 gratias

384 4902 596 4972 agimus
619 4905 669 4958 in
695 4905 1080 4962 festivitatibus
1111 4917 1452 4973 sanctorum,
1481 4908 1740 4978 quoniam
1770 4909 1846 4966 illi
1878 4913 1958 4966 di-

384 4993 474 5064 gni
513 5001 641 5048 sunt
684 4997 975 5053 ascendere
1015 5013 1186 5069 usque
1222 4998 1292 5054 ad
1327 4997 1662 5054 altitudinem
1702 4999 1856 5066 caeli,
1899 5001 1954 5055 in

384 5098 492 5154 quo
516 5084 766 5139 habitant
789 5086 982 5156 angeli.

965 5197 1191 5254 CAPUT
1228 5199 1357 5255 XVI.

382 5289 461 5344 De
486 5289 666 5362 Oﬁciis
701 5288 1079 5362 vespertinisin
1115 5291 1386 5343 nativitate
1414 5289 1626 5344 Domini
1648 5298 1695 5343 et
1727 5290 1782 5345 in
1809 5299 1959 5344 nata-

931 5358 1059 5412 litiis
1080 5367 1401 5413 sanctorum.

453 5469 676 5536 Quando
715 5466 932 5537 juvenis
978 5465 1072 5530 fui,
1122 5463 1230 5519 vidi
1271 5473 1521 5521 cantores
1562 5467 1956 5535 praecedentem

382 5560 794 5627 vespertinalcm
839 5558 1083 5630 synaxim
1128 5564 1254 5611 ante
1303 5557 1445 5611 diem
1486 5556 1714 5627 alicujus
1763 5557 1960 5611 solem-

385 5647 569 5701 nitatis
625 5650 918 5704 celebriorc
962 5658 1139 5725 cautq
1169 5656 1224 5703 et
1269 5647 1585 5718 gloriosiore
1635 5647 1910 5702 celebrare
1939 5688 1955 5713 ,

389 5751 550 5806 quam
586 5748 896 5808 sequentem
925 5757 1205 5811 vesperam
1241 5740 1344 5797 dici
1381 5739 1726 5797 festivitatis:
1756 5738 1810 5794 in
1839 5746 1954 5794 tan-

2071 555 2160 601 tur
2179 555 2370 602 cantus
2387 548 2454 602 de
2477 546 2858 602 festivitatibus
2876 555 3209 611 sanctorum,
3235 556 3290 601 et
3312 548 3366 600 in
3391 557 3661 618 sequente

2071 638 2138 693 de
2179 635 2329 692 feriis
2367 635 2766 692 communibus.
2811 634 3109 690 Habuimus
3156 645 3337 692 tamen
3386 639 3659 709 scriptum

2071 728 2124 782 in
2165 727 2572 798 Antiphonariis
2603 725 2674 782 de
2708 727 2796 781 die
2838 727 3141 782 nativitatis
3169 727 3382 782 Domini
3413 737 3474 783 et
3504 738 3659 785 nata-

2069 818 2202 872 litiis
2225 817 2591 888 apostolorum
2621 815 2764 871 Petri
2802 823 2859 872 et
2887 816 3038 870 Pauli
3065 825 3227 886 atque
3259 817 3526 883 Andreae,
3558 835 3661 874 an-

2069 908 2318 978 tiphonas
2367 914 2521 977 aptas
2551 914 2608 961 et
2653 921 2923 977 congras
2982 909 3302 962 memoratis
3360 909 3555 964 diebus
3598 912 3656 966 in

2067 1015 2296 1070 vespere
2329 1007 2587 1069 sequente
2617 1013 2680 1053 ea
2709 997 2819 1062 die,
2857 999 3074 1067 quando
3102 999 3270 1053 niissa
3294 999 3364 1054 de
3387 1002 3657 1056 natalitiis

2069 1106 2258 1146 eorum
2284 1091 2622 1156 celebratur,
2650 1098 2708 1145 et
2739 1089 2816 1145 ibi
2848 1090 3146 1146 cecinimus
3177 1105 3270 1145 eos
3305 1092 3447 1146 sicut
3473 1095 3660 1148 adhuc

2070 1170 2316 1238 facimus.
2369 1183 2482 1254 Ego
2532 1182 2771 1238 imbutus
2812 1181 2992 1250 prisca
3040 1183 3453 1247 consuetudine,
3511 1184 3655 1254 cepi

2069 1277 2308 1347 cogitare
2347 1291 2514 1345 quare
2547 1291 2655 1331 non
2681 1282 2869 1330 essent
2895 1285 3209 1331 memorata:
3235 1278 3549 1345 antiphonae
3585 1279 3658 1333 de

2069 1369 2328 1422 natalitiis
2355 1375 2665 1423 sanctorum
2699 1367 2756 1422 in
2780 1368 3216 1437 prmcedentibus
3242 1370 3486 1439 vesperis
3520 1385 3663 1423 con-

2067 1460 2290 1525 stitutae,
2324 1460 2378 1514 in
2401 1459 2599 1529 quibus
2629 1460 2917 1513 audiebam
2938 1473 3039 1528 per
3063 1468 3290 1514 czeteras
3315 1459 3659 1515 festivitates

2069 1557 2378 1605 sanctorum
2401 1549 2774 1620 gloriosiorem
2806 1564 2999 1602 sonum
3029 1558 3084 1603 et
3111 1550 3356 1604 videbam
3380 1550 3662 1619 majorem

2069 1648 2390 1695 conventum
2429 1639 2747 1709 populorum
2778 1646 2940 1706 atque
2981 1639 3251 1694 celebrins
3287 1639 3529 1694 ofﬁcium
3571 1640 3663 1693 lu-

2069 1730 2277 1784 minum
2293 1745 2456 1798 quam
2481 1730 2535 1783 in
2558 1727 2930 1798 sequentibus.
2960 1727 3167 1792 Inveni,
3197 1729 3308 1784 Deo
3329 1731 3658 1793 miserante,

1995 1795 2042 1854 Β
2071 1795 2447 1876 rationabilius
2485 1795 2760 1874 inventum
2813 1834 2936 1874 esse
2987 1819 3189 1874 cultum
3244 1821 3662 1878 solemnitatum

2066 1909 2509 1980 vespertinalium
2548 1909 2690 1978 apud
2727 1907 3019 1978 scriptores
3068 1911 3322 1980 antiquos
3365 1913 3460 1981 qui
3505 1915 3658 1968 anti-

2045 2002 2273 2076 Vphonas
2300 2001 2667 2071 scripserunt,
2695 2016 2856 2072 quam
2884 2002 3026 2071 apud
3051 2010 3300 2059 cantores
3327 2006 3650 2061 modernos.

2068 2092 2257 2147 Adhuc
2309 2091 2483 2146 solent
2539 2091 2723 2146 dicere
2787 2091 3104 2161 interrogati
3169 2094 3237 2148 de
3299 2098 3659 2166 vespertinali

2067 2184 2278 2256 synaxi,
2325 2183 2636 2239 Benedictus
2683 2183 2939 2238 Dominus
2979 2183 3117 2239 Deus
3157 2203 3322 2251 meus,
3371 2191 3657 2258 pertinere
3697 2243 3702 2245 _

2066 2277 2214 2331 illam
2244 2277 2312 2331 ad
2336 2275 2480 2330 diem
2505 2275 2865 2330 Dominicum.
2891 2272 2950 2328 Si
2977 2276 3122 2330 enim
3145 2276 3442 2332 voluissent
3468 2279 3657 2333 inten—

2069 2369 2196 2424 dere
2229 2367 2372 2436 quod
2401 2364 2592 2436 psalmi
2637 2364 2798 2435 hujus
2839 2365 3053 2434 vesperi
3080 2365 3134 2419 in
3165 2365 3272 2420 ﬁne
3310 2367 3658 2436 psalmorum

2067 2456 2508 2528 veSpertinalium
2529 2464 2714 2511 essent
2739 2456 2927 2526 positi,
2952 2471 3227 2525 nunquam
3253 2456 3357 2512 hoc
3383 2459 3654 2524 dicerent,

2068 2549 2321 2619 quoniam
2368 2547 2459 2602 ille
2495 2547 2587 2617 qui
2623 2547 2875 2617 ’psalmos
2917 2547 3308 2618 vespertinales
3345 2552 3652 2615 constituit,

2067 2639 2254 2709 procul
2276 2639 2440 2694 dubio
2468 2655 2498 2692 a
2532 2637 2812 2693 Dominica
2844 2638 2930 2693 die
2967 2639 3132 2709 coepit
3159 2639 3372 2696 initium
3410 2641 3655 2711 psalmo-

2067 2745 2189 2784 rum
2216 2728 2658 2799 vespertinalium
2681 2744 3031 2798 componere,
3057 2739 3114 2783 et
3138 2745 3244 2784 non
3269 2746 3299 2783 a
3324 2729 3432 2785 ﬁne
3452 2733 3655 2787 hebdo-

2067 2820 2261 2876 madis.
2311 2820 2538 2882 Idcirco,
2585 2818 2754 2891 [Dixit
2802 2818 3059 2874 Dominus
3106 2819 3326 2874 Domino
3372 2821 3537 2895 ηοω]
3582 2825 3652 2877 ad

2067 2910 2406 2965 Dominicam
2434 2910 2577 2965 diem
2601 2910 2835 2980 pertinet
2866 2926 2879 2962 :
2912 2908 3087 2963 Dilexi
3116 2911 3370 2982 quqm‘am
3403 2913 3655 2966 exaudiet

2069 3001 2324 3055 Dominus
2349 3015 2520 3055 uocem
2542 3000 2795 3054 orationis
2817 2997 2992 3071 metm]
3015 3000 3083 3054 ad
3107 3003 3403 3056 secundam
3423 3001 3654 3056 feriam:

2071 3091 2326 3164 [Ltetatus
2351 3107 2468 3145 sum
2489 3091 2544 3144 in
2566 3091 2648 3144 his
2668 3107 2784 3161 qutc
2803 3091 2943 3144 dicta
2957 3100 3080 3145 sunt
3103 3091 3279 3164 mihi,]
3306 3093 3373 3146 ad
3397 3095 3652 3148 tertiam:

2069 3180 2216 3252 [Nisi
2242 3181 2500 3236 Dominus
2528 3179 2864 3248 aediﬁcaverit
2898 3180 3170 3253 domum,]
3205 3180 3509 3250 Conﬁtebor
3531 3185 3657 3242 tibi.

2061 3273 2305 3340 Domine,
2332 3275 2390 3328 in
2426 3283 2532 3328 toto
2566 3274 2722 3328 corde
2747 3272 2906 3345 meo,]
2938 3275 3005 3328 ad
3031 3282 3240 3328 sextam
3274 3293 3287 3328 :
3316 3274 3658 3346 [Benedictus

2061 3363 2321 3419 Dominus
2353 3364 2498 3419 Deus
2527 3363 2722 3436 meus,]
2758 3365 2826 3418 ad
2871 3365 3179 3434 septimam.
3227 3364 3340 3420 Nisi
3388 3366 3490 3420 iste
3511 3369 3659 3423 ordo

2063 3463 2328 3518 servetur,
2375 3469 2495 3509 non.
2531 3455 2638 3510 erit
2676 3469 2903 3518 verum,
2937 3454 3091 3522 juxta
3115 3456 3518 3531 expositionem
3564 3457 3659 3511 do-

2062 3545 2195 3600 mini
2231 3545 2410 3610 Bedaa,
2447 3544 2676 3616 quodin
2705 3545 2877 3600 Esdra
2909 3545 3196 3610 scribitur,
3235 3545 3438 3610 Quater
3478 3548 3536 3601 in
3561 3548 3652 3600 die

2063 3636 2450 3706 conﬁtebantur
2476 3636 2733 3698 Domino,
2766 3637 2820 3692 id
2859 3645 2959 3699 est,
3002 3637 3135 3691 hora
3164 3637 3360 3702 tertia,
3391 3645 3569 3702 sexta,
3597 3645 3655 3692 et

2063 3743 2231 3791 nona,
2269 3735 2325 3780 et
2357 3741 2601 3795 vespere.
2635 3726 2739 3793 Qui
2771 3726 2914 3780 enim
2943 3728 3267 3796 antiphonas
3292 3727 3486 3782 volunt
3515 3726 3656 3783 cele-

2063 3823 2223 3877 brare
2267 3821 2333 3876 de
2373 3819 2679 3889 Evangeliis
2726 3835 2845 3889 quae
2889 3820 3140 3891 leguntur
3180 3835 3278 3890 per
3330 3820 3648 3875 Dominicos

2065 3913 2196 3976 dies,
2231 3913 2332 3966 rite
2363 3911 2638 3966 celebrant
2670 3927 2764 3966 cas
2802 3912 2856 3966 in
2903 3911 3206 3966 matutinali
3252 3910 3437 3966 officio
3483 3913 3650 3982 perti-

2064 4013 2227 4061 nente
2256 4005 2325 4059 ad
2351 4004 2686 4059 Dominicam
2717 4004 2883 4068 diem,
2914 4011 2969 4058 et
3002 4003 3070 4058 ad
3099 4017 3408 4071 vesperum,
3445 4003 3503 4056 in
3543 4019 3654 4071 quo

2063 4097 2279 4152 canitur
2303 4097 2563 4168 psalmus,
2589 4095 2759 4168 [Dixit
2785 4095 3042 4150 Dominus
3064 4095 3290 4149 Domino
3311 4092 3475 4165 mem]
3495 4094 3654 4161 Quod

2064 4188 2112 4242 si
2145 4189 2703 4258 superabundavermt
2747 4188 3057 4256 antiphona:
3077 4227 3092 4252 ,
3124 4184 3499 4242 indifferenter
3543 4187 3654 4241 dici

2063 4287 2289 4350 possunt
2318 4295 2418 4349 per
2445 4279 2685 4349 singulas
2725 4292 2968 4348 quasque
3010 4275 3174 4332 ferias
3210 4275 3451 4346 quandiu
3502 4277 3651 4330 idem

2064 4370 2418 4440 Evangelium
2455 4369 2672 4439 legitur.
2720 4368 2777 4423 In
2811 4367 3199 4424 festivitatibus
3245 4375 3562 4421 sanctorum
3594 4373 3655 4420 et

2065 4463 2187 4518 aliis
2219 4460 2647 4517 solemnitatibus
2667 4503 2681 4526 ,
2708 4462 2754 4517 si
2783 4476 2906 4516 sero
2930 4460 3132 4517 fuerint
3157 4459 3542 4530 vespertinalia
3564 4459 3652 4516 of-

2070 4558 2192 4612 ficia
2241 4556 2558 4621 celebrata,-
2585 4555 2660 4610 ita
2702 4562 2762 4609 ut
2803 4553 2885 4609 sol
2924 4555 2992 4608 ad
3039 4567 3294 4608 occasum
3338 4552 3650 4618 transierit,

2068 4652 2170 4705 rite
2207 4657 2432 4719 possunt
2461 4648 2567 4703 dici
2605 4647 2913 4718 antiphonae
2937 4645 3063 4700 festi
3102 4644 3209 4700 diei
3247 4644 3300 4698 in
3328 4643 3652 4713 praeceden-

2067 4742 2212 4796 tibus
2243 4740 2500 4809 vesperis,
2534 4740 2659 4808 quia
2691 4740 2950 4808 scriptum
2982 4737 3267 4800 habemus,
3305 4735 3440 4804 festa
3477 4743 3652 4789 intra

2065 4831 2392 4887 celebrabitis
2431 4847 2463 4883 a
2503 4845 2712 4900 vespera
2745 4844 2907 4898 usque
2948 4826 3017 4880 ad
3052 4842 3350 4896 uesperam,
3385 4825 3439 4879 id
3474 4833 3582 4886 est,
3618 4841 3652 4878 ι

2063 4923 2195 4978 solis
2223 4936 2418 4976 occasu
2447 4934 2620 4989 usque
2663 4919 2732 4972 ad
2775 4919 2908 4973 solis
2942 4933 3217 4973 occasum.
3258 4916 3414 4982 Quod
3461 4917 3512 4970 si
3550 4931 3650 4970 vo-

2061 5011 2225 5068 luerit
2258 5013 2437 5067 dicere
2480 5018 2688 5076 cantor,
2717 5009 2966 5078 quamvis
2997 5009 3075 5064 sol
3106 5009 3175 5062 ad
3195 5022 3482 5063 occasum
3517 5023 3651 5062 nou—

2063 5103 2189 5157 dum
2216 5101 2525 5165 transierit,
2565 5107 2746 5155 tamen
2776 5097 2903 5169 quia
2928 5097 3168 5154 officium
3201 5098 3412 5167 agimus
3441 5097 3502 5150 in
3529 5111 3649 5151 me

2061 5193 2291 5248 moriam
2314 5193 2468 5248 istius
2493 5199 2547 5246 et
2572 5189 2717 5244 illius
2744 5190 3128 5254 solemnitatis,
3157 5189 3212 5241 in
3239 5195 3421 5240 mente
3447 5194 3644 5243 nostra

2055 5281 2170 5353 jam
2197 5281 2283 5336 illa
2307 5281 2616 5336 solemnitas
2645 5279 2842 5349 agitur,
2875 5278 3081 5332 idcirco
3101 5275 3341 5332 ofﬁcium
3367 5274 3517 5330 illius
3540 5275 3646 5329 rite

2067 5373 2390 5444 peragimus,
2413 5371 2568 5440 cujus
2596 5369 2911 5424 solenmitas
2936 5369 2992 5422 iu
3015 5375 3197 5422 mente
3222 5373 3412 5420 nostra
3435 5364 3640 5435 agitur.

2065 5462 2274 5532 agimus
2297 5460 2406 5513 Deo
2425 5456 2716 5529 gratiasde
2735 5470 2923 5511 amore
2948 5455 3212 5509 mentium
3244 5452 3486 5519 illarum,
3513 5453 3641 5522 quia

2063 5552 2321 5614 Charitas,
2373 5561 2493 5618 qua:
2527 5547 2709 5601 omnia
2757 5546 2967 5610 credit,
3022 5543 3206 5610 munia
3238 5551 3463 5612 accepta
3512 5541 3639 5596 facit

2064 5643 2204 5714 apud
2230 5643 2416 5697 Deum.
2444 5639 2785 5709 Compositor
2806 5637 3201 5706 Autiphonarii,
3227 5634 3320 5706 qui
3339 5633 3526 5703 posuit
3541 5649 3640 5686 an-

2065 5735 2340 5806 tipbonam
2367 5728 2804 5800 vespertinalcm,
2837 5726 3053 5800 [Tecum
3071 5722 3435 5798 principium]
3455 5731 3513 5779 et
3532 5736 3642 5781 ωε-
