4000 6178
393 343 530 399 i275

1417 347 1620 403 LIBER
1661 349 1750 405 DE
1785 347 2042 406 ORDINE
2075 345 2592 407 ANTIPHONARII.

3530 356 3664 413 1274

381 487 527 531 teras
555 484 842 543 sequentes
869 474 923 528 in
965 474 1071 529 ﬁne
1102 476 1208 531 diei
1248 476 1553 535 Nativitatis
1585 480 1817 545 Domini,
1848 487 1968 549 post
1996 463 2046 520 Α
2077 459 2146 513 iis
2179 462 2423 529 Ρνθοθτίε
2464 479 2646 519 moras
2687 465 2738 519 in
2770 481 2854 520 θοι
2899 466 2954 522 Si
3004 469 3147 523 enim
3181 471 3511 529 intellexeris
3550 475 3661 540 illa,

379 565 653 623 celebrata
681 575 872 620 caatera
912 565 1082 620 oflicia
1107 609 1120 633 ,
1148 567 1249 622 hoc
1286 569 1516 623 intendit
1543 571 1686 641 quod
1731 570 1846 639 ipsa
1875 585 1970 624 ve-

379 679 537 734 Spera
573 662 746 731 magis
791 663 1058 730 pertineat
1102 665 1167 716 ad
1209 663 1346 718 festa
1374 664 1683 720 Nativitatis
1733 665 1969 729 Domini,

378 770 542 825 quam
578 755 891 824 prwcedens
929 764 1053 808 ante
1089 756 1219 811 solis
1243 773 1514 812 occasum.
1550 757 1800 812 Haeccine
1834 758 1971 812 ratio

377 858 461 904 est
489 863 586 917 per
625 846 948 901 festivitates
992 848 1358 917 apostolorum
1400 859 1456 904 et
1495 859 1813 905 cancrorum
1853 865 1974 904 san—

378 950 609 1002 ctorum,
643 938 788 1007 quod
832 939 1002 1007 magis
1052 941 1321 1007 pertineat
1360 941 1427 993 ad
1471 940 1611 993 diem
1667 940 1970 994 natalitium

377 1045 565 1085 eorum
596 1045 819 1099 vespera
852 1030 903 1082 in
943 1029 1048 1084 line
1073 1031 1178 1084 dici
1213 1039 1334 1100 post
1360 1030 1631 1084 celebrata
1665 1039 1858 1085 cratera
1891 1028 1973 1083 of-

380 1122 522 1184 ﬁcia,
553 1136 713 1190 quam
757 1121 1069 1190 praecedens
1099 1138 1324 1191 vespera
1365 1131 1488 1176 ante
1528 1121 1658 1176 solis
1694 1139 1966 1177 occasum.

380 1209 455 1263 De
479 1211 765 1266 duodecim
795 1213 1044 1266 noctibus
1069 1213 1261 1282 scripsi
1292 1214 1342 1266 in
1370 1213 1590 1283 prologo
1621 1212 1968 1278 Lectionarii,

375 1311 435 1359 et
464 1303 643 1374 cogito
688 1304 930 1358 scribere
973 1304 1026 1357 in
1059 1305 1450 1359 commentario
1489 1305 1752 1358 diurnalis
1781 1304 1966 1359 officii.

964 1415 1191 1471 CAPUT
1217 1416 1380 1471 XVII.

567 1506 647 1560 De
676 1505 955 1575 festivitate
986 1504 1044 1559 S.
1077 1505 1331 1575 Stephani
1351 1507 1774 1576 protomartyris.

452 1619 575 1673 Dixi
612 1618 667 1672 in
704 1617 1072 1687 superioribus
1110 1633 1261 1673 more
1297 1618 1520 1686 antiquo
1552 1617 1763 1672 ratione
1801 1617 1967 1670 mini-

381 1721 588 1768 strante
612 1753 627 1778 ,
659 1711 915 1780 quoniam
949 1710 1277 1780 praescripsi,
1307 1711 1508 1764 habere
1541 1711 1870 1778 antiphonas
1903 1709 1970 1764 de

382 1803 540 1857 tertia
569 1809 858 1864 nocturna,
885 1815 1008 1870 qum
1035 1803 1250 1854 canitur
1283 1801 1426 1855 circa
1454 1809 1706 1870 quartam
1728 1799 1968 1870 vigiliam
1999 1813 2044 1873 Β

382 1894 589 1958 noctis,
617 1892 880 1958 Alleluia;
911 1892 1162 1947 similiter
1185 1902 1239 1947 et
1269 1882 1594 1963 antiphon‘as
1621 1893 1963 1947 matutinales

382 1997 697 2052 magnarum
729 1982 1104 2047 festivitatum,
1137 1985 1279 2052 quod
1304 1999 1413 2037 non
1436 1985 1709 2038 invenitur
1733 1985 1786 2038 in
1815 1983 1968 2038 festi-

379 2074 548 2128 vitate
589 2075 764 2129 sancti
811 2072 1106 2142 Stephani,
1148 2085 1203 2128 ct
1231 2075 1405 2128 sancti
1434 2074 1680 2140 Joannis,
1712 2083 1767 2130 et
1802 2075 1965 2128 Inno-

379 2169 638 2224 centium.
659 2168 798 2222 Sunt
820 2167 1147 2222 festivitates
1166 2183 1399 2237 quarum
1419 2166 1599 2223 officia
1621 2169 1968 2223 celebrantur

380 2257 718 2312 nocturnalia
763 2257 908 2311 circa
952 2257 1318 2325 vespertinam
1364 2258 1551 2311 horam
1579 2297 1594 2322 ,
1637 2273 1758 2327 qua:
1807 2259 1966 2328 vulgo

381 2348 720 2419 appellantur
763 2348 1013 2419 propria;
1057 2358 1114 2403 et
1151 2349 1205 2403 in
1251 2350 1556 2418 posteriore
1593 2359 1750 2419 parte
1791 2351 1966 2405 noctis

379 2442 594 2496 canitur
637 2442 867 2496 alterum
909 2441 1148 2497 ofﬁcium
1186 2442 1300 2496 sive
1345 2443 1412 2496 de
1439 2443 1657 2512 propria
1700 2442 1836 2497 feria
1869 2458 1964 2498 seu

380 2532 448 2587 de
486 2533 862 2588 communibus
909 2534 1134 2587 sanctis.
1190 2533 1264 2586 Ita
1305 2533 1450 2586 enim
1504 2547 1630 2586 reor
1678 2533 1964 2588 actitatum

379 2638 503 2679 esse
531 2623 670 2694 apud
695 2623 947 2693 antiquos
973 2623 1042 2678 de
1068 2624 1175 2678 illis
1201 2623 1587 2679 festivitatibus
1610 2641 1838 2691 quarum
1872 2641 1967 2679 an-

381 2717 618 2787 tiphonae
659 2716 713 2771 in
762 2718 1026 2771 matutino
1076 2717 1257 2772 officio
1313 2733 1418 2772 non
1467 2718 1669 2772 habent
1715 2718 1963 2772 Alleluia.

378 2809 701 2876 Antiphonta
728 2825 862 2879 quas
885 2810 1123 2864 solemus
1148 2825 1345 2864 cauere
1374 2809 1428 2863 in
1450 2811 1756 2864 nocturnali
1779 2809 1966 2865 ofﬁcio

379 2899 438 2952 in
469 2899 849 2954 festivitatibus
879 2908 1216 2965 sanctorum,
1244 2909 1296 2954 et
1321 2900 1524 2955 habent
1544 2900 1782 2964 initium,
1810 2901 1964 2956 Anti-

377 2990 551 3057 phona
579 2993 634 3044 in
662 2991 770 3061 lege
803 2990 1016 3044 Domini
1046 2991 1146 3059 fuit
1171 2989 1409 3044 voluntas
1441 2992 1558 3060 ejus
1587 2991 1673 3044 die
1698 3008 1761 3044 ac
1796 3002 1961 3055 nocte,

380 3090 618 3150 exceptae
651 3090 798 3146 sunt,
827 3089 890 3134 ut
926 3094 1049 3134 reor
1081 3095 1111 3132 a
1139 3082 1347 3136 mordis
1375 3080 1697 3154 [modernis]
1727 3083 1802 3136 de
1826 3083 1963 3136 mul-

384 3168 608 3225 titudine
649 3171 1066 3240 antiphonarum
1112 3185 1247 3239 quas
1299 3172 1562 3226 habemus
1615 3173 1850 3240 scriptas
1903 3174 1957 3227 in
1989 3167 2034 3228 C

381 3271 569 3319 nostro
593 3265 988 3334 Antiphonario
1008 3265 1074 3319 de
1095 3265 1356 3320 Romano.
1386 3265 1444 3320 Si
1474 3267 1595 3334 quis
1616 3267 1848 3321 voluerit
1870 3284 1964 3323 eas

380 3354 558 3424 legere
577 3396 592 3420 ,
631 3356 866 3424 reperiet
893 3371 985 3410 eas
1009 3371 1114 3410 non
1157 3372 1186 3410 a
1215 3357 1482 3425 principio
1513 3357 1585 3410 ita
1616 3370 1736 3411 esse
1781 3365 1961 3412 statu-

378 3452 464 3497 tas
507 3452 566 3496 ut
592 3452 884 3498 cantantur
921 3446 1062 3513 apud
1109 3461 1225 3501 nos.
1271 3446 1667 3516 Responsorios
1708 3448 1779 3501 ita
1817 3450 1964 3503 ordi-

378 3535 504 3589 navi
542 3543 602 3589 ut
628 3537 766 3590 ratio
795 3538 977 3592 docuit
1009 3538 1248 3593 historiae
1273 3549 1327 3593 et
1369 3547 1643 3610 gestorum
1671 3541 1822 3595 ordo.
1858 3541 1961 3596 Ubi

378 3626 544 3680 verba
571 3627 772 3680 mutavi
817 3628 882 3682 de
912 3627 1154 3683 Romano
1183 3629 1600 3700 Antiphonario,
1631 3630 1684 3686 in
1717 3633 1963 3703 margine

377 3715 616 3784 ejusdem
639 3718 846 3788 paginae
873 3734 902 3772 e
933 3720 1150 3790 regione
1180 3722 1224 3775 Β
1255 3723 1430 3791 posui.

943 3830 1172 3887 CAPUT
1209 3832 1396 3888 XVIII.

731 3921 806 3975 De
845 3922 1124 3991 festivitate
1161 3924 1330 3977 sancti
1363 3923 1609 3978 Joannis.

449 4032 507 4086 In
548 4029 838 4087 festivitate
863 4034 1038 4088 sancti
1074 4033 1300 4090 Joannis
1334 4054 1425 4092 ses
1458 4038 1832 4108 responsorios
1874 4054 1960 4092 re-

377 4125 514 4195 peri,
547 4127 741 4194 quibus
771 4128 1132 4196 praeponimus
1157 4138 1267 4184 tres
1289 4170 1304 4196 ,
1334 4131 1387 4185 id
1409 4140 1492 4186 est
1516 4173 1530 4196 ,
1561 4132 1745 4186 Justus
1773 4135 1964 4202 germi-

379 4217 523 4269 nabit
546 4217 677 4270 sicut
711 4217 878 4270 lilium
897 4259 911 4283 ,
944 4227 1016 4283 et,
1043 4219 1151 4274 Iste
1179 4231 1253 4275 est
1290 4223 1379 4293 qui
1406 4233 1526 4277 ante
1549 4223 1713 4278 Deum
1745 4241 1962 4296 magnas

378 4309 588 4362 virtutes
610 4320 854 4379 operatus
883 4321 981 4375 est,
1005 4320 1079 4375 et,
1109 4311 1212 4366 Iste
1232 4315 1387 4368 homo
1413 4315 1625 4386 perfecit
1648 4318 1825 4370 omnia
1845 4333 1962 4388 quia

377 4397 581 4452 locutus
610 4411 684 4454 est
721 4403 769 4456 ei
808 4401 974 4467 Deus,
1008 4411 1068 4457 ut
1100 4413 1210 4458 tres
1252 4415 1546 4461 nocturnas
1575 4407 1856 4463 faciamus.
1899 4408 1956 4461 In

2075 549 2148 605 ibi
2177 559 2229 606 te
2256 552 2548 610 delectabit
2576 559 2777 612 morari
2810 559 2863 612 in
2899 561 2983 613 his
3005 577 3125 629 qua:
3159 564 3438 633 jubilabis,
3474 569 3525 622 id
3552 579 3658 632 est,

2073 641 2343 699 laetaberis
2387 661 2504 700 sme
2546 647 2726 702 verbis
2773 651 3100 705 transitoriis
3134 669 3149 706 :
3189 654 3494 712 intellectus
3532 674 3665 714 vero

2073 743 2192 787 erat
2221 736 2364 790 intra
2400 737 2613 791 viscera
2637 737 2895 805 Joannis,
2929 743 3018 810 qui
3047 743 3095 796 ei
3128 747 3419 812 praestabat
3452 760 3664 803 ructum

2073 825 2384 891 quemdam,
2416 829 2630 896 quando
2662 829 2798 884 dixit
2830 848 2844 883 :
2878 830 2944 884 In
2970 833 3158 902 princi;
3179 834 3229 886 io
3262 846 3376 887 erat
3413 835 3662 902 Verbum,

2071 925 2119 969 et
2161 914 2382 970 Verbum
2403 929 2516 972 erat
2545 921 2684 991 apud
2707 921 2894 976 Deum.
2930 923 3162 986 Versus,
3199 923 3369 995 [illisit
3401 926 3654 983 Dominus

2071 1025 2286 1061 manum
2317 1027 2489 1074 suam,
2521 1022 2570 1064 et
2598 1014 2765 1082 tetigit
2813 1031 2868 1067 os
2907 1014 3126 1084 meum,]
3171 1015 3249 1069 sic
3298 1015 3464 1081 fatur,
3503 1020 3660 1087 quasi

2072 1101 2395 1168 respondeat
2414 1101 2648 1157 Joannes
2672 1104 3049 1174 interroganti.
3073 1104 3232 1160 Unde
3256 1107 3373 1170 tibi,
3399 1106 3656 1172 Joannes,

2073 1191 2161 1246 hic
2190 1192 2496 1248 intellectus
2515 1235 2529 1259 ,
2560 1195 2611 1248 in
2640 1211 2746 1264 quo
2777 1207 3028 1250 cantores
3062 1213 3253 1251 neuma
3281 1199 3522 1254 faciunt?
3551 1199 3660 1254 Re-

2072 1282 2300 1351 spondet
2345 1283 2596 1352 inquiens
2636 1303 2648 1339 :
2687 1285 2830 1339 illisit
2870 1287 3124 1340 Dominus
3154 1305 3369 1342 manum
3405 1308 3576 1353 suam,
3613 1304 3664 1344 et

2070 1374 2238 1442 tetigit
2280 1391 2337 1426 os
2372 1391 2563 1428 meum.
2597 1375 2736 1441 Cur,
2771 1377 3014 1446 inquam,
3058 1379 3109 1431 in
3152 1378 3253 1432 isto
3284 1395 3440 1432 versu
3470 1397 3665 1434 neuma

2069 1463 2228 1528 facis,
2279 1474 2500 1530 cantor;
2560 1467 2760 1536 inquit,
2812 1469 2947 1534 Quia
2993 1470 3105 1524 hcce
3158 1471 3345 1525 missio
3382 1488 3575 1526 manus
3609 1483 3664 1526 ct

2070 1563 2247 1610 tactus
2272 1557 2406 1621 oris,
2436 1573 2534 1627 per
2572 1559 2907 1612 intellectum
2934 1560 3134 1615 debent
3165 1563 3425 1632 conspici.
3458 1564 3662 1618 Cantus

2070 1645 2265 1702 Gloria:
2301 1648 2495 1711 Patris,
2532 1657 2588 1704 et
2626 1649 2770 1715 Filii,
2809 1661 2864 1704 et
2893 1651 3131 1720 Spiritus
3162 1655 3370 1719 sancti,
3411 1655 3525 1723 ipsa
3556 1657 3664 1708 vir-

2071 1746 2184 1792 tute
2225 1739 2384 1794 debet
2427 1751 2670 1793 sanctam
2722 1739 3042 1795 Trinitatem
3095 1742 3338 1810 laudare,
3386 1760 3491 1812 qua
3523 1746 3664 1798 Deus

2072 1845 2347 1906 utcunque
2391 1837 2744 1906 conspicitur,
2780 1837 2831 1890 id
2865 1846 2969 1901 est,
3014 1837 3312 1892 intellectu.
3361 1838 3476 1892 Non
3517 1841 3662 1893 enim

2069 1932 2343 1986 Romanos
2382 1946 2575 1985 versus
2614 1929 2871 1985 debemus
2917 1931 2985 1983 ad
3027 1931 3130 1984 hoc
3161 1931 3553 1999 constringere,
3604 1940 3663 1984 ut

2070 2038 2262 2078 sensus
2292 2023 2383 2091 qui
2424 2022 2478 2076 in
2519 2023 2624 2076 line
2654 2038 2845 2076 versus
2876 2029 2978 2085 est,
3028 2022 3317 2075 conveniat
3353 2021 3534 2076 sensui
3579 2020 3661 2074 la-

2069 2114 2204 2170 teris
2239 2111 2592 2182 responsorii.
2639 2111 2756 2165 Non
2796 2112 2938 2166 enim
2971 2120 3158 2166 sancta
3190 2111 3432 2164 Romana
3475 2119 3530 2165 et
3568 2127 3664 2166 no-

2068 2213 2182 2260 stra
2221 2205 2371 2275 regio
2395 2219 2502 2258 uno
2527 2203 2718 2257 ordine
2749 2212 2949 2258 canunt
2979 2205 3353 2275 responsorios
3381 2212 3437 2259 et
3451 2219 3659 2259 versus.

2067 2296 2222 2366 Apud
2258 2311 2380 2350 eam
2412 2302 2717 2364 prtecentor
2753 2295 2804 2347 in
2844 2296 3022 2363 primo
3062 2295 3251 2349 ordine
3287 2294 3400 2348 finit
3445 2309 3666 2364 reSpon-

2068 2392 2292 2448 sorium.
2332 2390 2695 2444 Succentores
2730 2404 2859 2442 vero
2892 2390 3080 2443 eodem
3114 2390 3274 2443 modo
3304 2389 3654 2457 respondent.

2068 2483 2201 2537 Dein
2228 2489 2532 2551 praecentor
2561 2479 2709 2534 canit
2733 2493 2970 2532 versum.
3006 2477 3188 2531 Finito
3215 2492 3396 2540 versu,
3430 2491 3658 2530 succen-

2070 2584 2214 2629 tores
2245 2589 2372 2627 vero
2408 2572 2648 2626 secundo
2681 2571 2945 2640 incipiunt
2975 2569 3382 2638 rcsponsorium
3424 2585 3451 2620 a
3481 2568 3659 2637 capite

2067 2674 2123 2719 et
2152 2680 2323 2733 usque
2347 2663 2413 2717 ad
2443 2663 2603 2717 ﬁnem
2639 2661 2962 2731 perducunt.
3000 2659 3203 2714 Deinde
3229 2666 3535 2727 praecentor
3564 2672 3661 2712 ca-

2067 2756 2150 2810 nit
2183 2751 2421 2808 Gloriam
2451 2753 2622 2817 Patri,
2667 2760 2724 2807 et
2748 2751 2906 2815 Filio,
2956 2758 3010 2805 et
3043 2749 3268 2819 Spiritui
3307 2755 3514 2803 sancto.
3544 2747 3662 2815 Quo

2068 2854 2254 2918 linito,
2283 2861 2636 2909 succentores
2667 2853 2814 2907 circa
2856 2851 3092 2905 mediam
3127 2857 3337 2919 partem
3374 2850 3577 2903 intrant
3607 2848 3662 2902 in

2068 2945 2494 3016 rcsponsorium,
2522 2950 2577 2996 et
2602 2942 2905 3012 perducunt
2931 2955 3102 3009 usque
3129 2940 3180 2992 in
3215 2939 3397 2992 ﬁnem.
3434 2938 3654 2993 Postre-

2069 3051 2158 3089 mo
2183 3042 2490 3104 praecentor
2517 3033 2709 3103 incipit
2733 3031 3139 3102 rcsponsorium
3171 3046 3200 3084 a
3230 3031 3424 3100 capite,
3457 3039 3509 3083 et
3539 3044 3662 3098 pcr-

2069 3125 2215 3180 ducit
2247 3126 2395 3179 illum
2424 3125 2490 3178 ad
2533 3121 2712 3179 ﬁnem.
2753 3122 2870 3190 Quo
2900 3121 3080 3184 linito,
3112 3129 3459 3196 succentores
3503 3120 3663 3172 tertio

2072 3225 2322 3284 repetunt
2347 3215 2751 3284 responsorium
2792 3230 2820 3266 a
2854 3213 3056 3282 capite,
3087 3223 3141 3267 et
3181 3213 3479 3281 perducunt
3512 3211 3660 3264 illum

2068 3319 2240 3374 usque
2285 3304 2351 3356 ad
2397 3303 2578 3355 finem.
2621 3302 2827 3356 Idcirco
2865 3302 3120 3370 quoniam
3175 3309 3524 3355 succcntores
3577 3309 3661 3354 ter

2068 3402 2272 3450 canunt
2332 3393 2760 3463 rcsponsorium,
2817 3392 3085 3446 trifarium
3139 3406 3333 3444 neuma
3383 3399 3468 3444 est
3514 3391 3660 3445 circa

2067 3486 2292 3542 verbum
2335 3484 2658 3538 intellectus.
2691 3481 3083 3538 Succentorutn
3116 3491 3200 3536 est
3231 3497 3423 3536 neuma
3459 3497 3660 3536 canere

2065 3591 2284 3652 propter
2305 3581 2678 3637 fortitudinem
2707 3579 3120 3648 conjunctarum
3152 3597 3364 3636 vocum.
3401 3582 3483 3636 Ab
3506 3581 3660 3636 initio

2068 3673 2228 3727 tertio
2271 3674 2631 3728 cantabantur
2658 3671 2988 3741 responsorii
3039 3688 3069 3725 a
3108 3671 3452 3739 cantoribus,
3495 3687 3658 3742 quem

2067 3764 2310 3819 ordinem
2335 3770 2639 3817 monstrant
2669 3763 2996 3831 rcsponsorii
3037 3763 3102 3817 de
3134 3762 3384 3832 passione
3416 3761 3655 3816 Domini.

2067 3856 2182 3911 Non
2225 3857 2368 3912 enim
2429 3857 2497 3910 ab
2539 3857 2694 3911 initio
2741 3873 2864 3912 eum
2911 3858 3270 3927 responsoriis
3338 3858 3658 3912 cantabatur

2067 3946 2269 4001 Gloria.
2326 3948 2595 4002 Habemus
2652 3957 2707 4003 et
2750 3948 2914 4002 alium
2960 3965 3176 4004 versum
3229 3951 3282 4004 in
3319 3960 3506 4005 nostro
3544 3949 3656 4005 An-

2066 4039 2373 4107 tiphonario
2411 4038 2702 4106 scriptum,
2741 4037 2893 4108 cujus
2947 4055 3138 4094 sensus
3189 4040 3519 4094 conveniens
3572 4048 3657 4094 est

2067 4152 2190 4191 cum
2221 4135 2391 4190 latere
2438 4135 2789 4205 rcsponsorii,
2824 4144 2882 4188 ut
2927 4134 2970 4187 si
3012 4133 3170 4187 alicui
3205 4132 3532 4203 superﬂuum
3569 4134 3654 4187 vi-
3742 4135 3744 4137 ’

2066 4227 2257 4281 deatur
2292 4240 2484 4280 neuma
2514 4239 2709 4278 canere
2732 4263 2746 4287 ,
2790 4224 2985 4277 habeat
3025 4232 3212 4277 nostro
3258 4239 3408 4278 more
3437 4239 3653 4278 versum

2065 4326 2249 4387 aptum
2283 4319 2351 4371 ad
2386 4316 2734 4370 cantandum.
2765 4314 2893 4368 Post
2932 4324 2985 4369 et
3024 4316 3196 4370 altero
3235 4315 3392 4370 modo
3426 4314 3652 4385 intelligi

2063 4425 2258 4464 neuma
2291 4408 2567 4476 pertinuere
2593 4408 2660 4462 ad
2686 4417 2937 4463 cantores
2980 4408 3125 4462 circa
3171 4408 3394 4462 verbum
3441 4407 3652 4462 intelle-

375 4491 670 4546 nov'issimo
713 4495 1078 4562 responsorio,
1133 4495 1184 4549 id
1235 4503 1337 4559 est,
1376 4496 1443 4549 In
1483 4499 1654 4552 medio
1681 4498 1956 4562 Ecclesiae,
1983 4515 2037 4576 ι)
2063 4511 2202 4554 ειυε.
2248 4497 2481 4552 Maxima
2519 4515 2648 4569 pars
2691 4509 2972 4554 cantorum
3015 4501 3197 4554 studet
3233 4515 3365 4554 sono
3408 4500 3650 4570 placere,

376 4594 567 4641 contra
607 4587 1051 4641 consuetudinem
1103 4595 1424 4642 czeterorum
1486 4591 1957 4659 responsoriorum

377 4686 632 4732 cantatur
667 4694 860 4732 neuma
887 4678 1100 4746 triplex,
1125 4687 1181 4733 et
1221 4695 1412 4735 versus
1437 4680 1554 4749 ejus
1575 4689 1735 4749 atque
1755 4681 1957 4747 Gloria,
1981 4715 1988 4722 -

377 4780 530 4825 extra
558 4786 764 4826 morem
793 4779 1043 4825 ueumate
1086 4772 1403 4841 protelatur.
1436 4772 1552 4828 Non
1584 4773 1726 4827 enim
1759 4772 1960 4829 frustra

376 4861 479 4916 hoc
509 4869 689 4916 actum
719 4869 801 4916 est
840 4878 869 4916 a
897 4863 1188 4931 prioribus.
1234 4865 1526 4920 Voluerunt
1557 4866 1713 4920 nobis
1737 4881 1834 4935 per
1859 4866 1961 4921 hoc

374 4951 611 5021 aliquam
669 4952 968 5007 doctrinam
1018 4954 1324 5022 insinuare,
1381 4971 1502 5025 quae
1556 4955 1696 5010 forte
1749 4964 1962 5026 poterat

376 5043 638 5097 excedere
685 5052 921 5098 mentem
969 5053 1275 5111 cantorum,
1325 5063 1556 5116 quorum
1607 5063 1735 5117 pars
1777 5047 1959 5118 aliqua

377 5145 519 5200 saepe
557 5139 800 5184 mutatur
838 5147 866 5184 a
909 5133 1235 5188 transitoriis
1286 5135 1352 5189 ad
1381 5142 1620 5196 mterna,
1665 5143 1719 5189 et
1748 5135 1961 5188 ltetatur

377 5226 558 5294 potius
604 5226 661 5279 in
712 5226 932 5281 aeternis
978 5241 1140 5294 quam
1191 5227 1243 5280 in
1286 5228 1632 5281 transitoriis.
1687 5227 1774 5280 Fit
1813 5228 1959 5282 enim

377 5330 572 5370 neuma
598 5324 954 5372 memoratum
985 5316 1126 5370 inter
1155 5325 1353 5371 czetera
1377 5315 1540 5370 verba
1563 5317 1704 5372 circa
1733 5317 1958 5371 verbum

365 5405 728 5462 «intellectum.
763 5406 989 5474 Quando
1027 5407 1234 5462 venerit
1263 5416 1454 5462 cantor
1493 5409 1560 5463 ad
1600 5407 1949 5473 intellectum,

377 5493 579 5549 celebra
610 5512 820 5560 neuma,
865 5496 917 5550 id
949 5503 1053 5559 est,
1087 5495 1188 5565 fige
1228 5497 1452 5566 gradum
1498 5496 1550 5549 in
1590 5495 1858 5552 stantibus
1898 5506 1955 5551 et

376 5585 721 5639 manentibus
767 5585 947 5640 rebus.
996 5583 1134 5651 Quid
1176 5587 1292 5640 hoc.
1319 5585 1472 5638 vult?
1503 5584 1627 5640 Vult
1670 5601 1862 5655 nempe
1901 5594 1953 5641 te

375 5675 605 5741 docere,
637 5677 682 5731 si
708 5676 997 5747 aliquando
1027 5679 1243 5733 veneris
1279 5678 1345 5733 ad
1375 5677 1727 5744 intellectum,
1765 5679 1818 5734 in
1846 5695 1953 5749 quo

377 5767 708 5838 conspicitur
737 5767 990 5824 divinitas
1021 5778 1074 5826 et
1098 5771 1371 5827 :eternitas
1427 5780 1486 5827 ut
1509 5770 1774 5828 desiderio
1805 5788 1952 5827 men-

2064 4595 2212 4642 tanto
2227 4587 2402 4640 minus
2424 4586 2682 4641 imbuitur
2699 4588 2762 4642 de
2778 4588 2830 4642 in
2841 4587 3234 4642 tellectualibus
3247 4587 3424 4642 rebus.
3449 4587 3648 4643 Eorum

2062 4679 2334 4735 inscitiam
2380 4685 2560 4748 potest
2598 4693 2796 4732 neuma
2847 4678 3088 4747 eliquare
3133 4678 3277 4732 circa
3308 4677 3531 4731 verbum
3573 4677 3652 4732 in-

2063 4772 2326 4828 tellectus.
2357 4770 2561 4826 Neuma
2598 4769 2844 4826 Gracum
2875 4779 2978 4836 est,
3017 4779 3072 4825 et
3100 4770 3488 4840 interpretatur
3525 4787 3646 4824 mu-

2063 4872 2167 4926 tus,
2212 4872 2272 4918 ut
2313 4861 2721 4918 Comminianus
2764 4862 3149 4932 grammaticus
3188 4862 3338 4916 dicit.
3381 4863 3437 4916 In
3470 4860 3648 4916 fronte

2061 4953 2207 5008 enim
2233 4953 2466 5022 percutit
2494 4967 2687 5008 neuma
2722 4961 2974 5008 cantores
3011 4953 3238 5008 stolidos
3266 4953 3319 5008 in
3360 4953 3528 5013 verbo
3560 4953 3644 5006 in—

2062 5045 2326 5109 tellectus,
2376 5045 2590 5113 quando
2619 5060 2712 5098 eos
2740 5052 3008 5098 monstrat
3036 5043 3150 5098 solo
3195 5059 3329 5098 sono
3363 5041 3640 5107 delectari,

2060 5135 2204 5188 circa
2236 5133 2565 5188 intellectum
2608 5131 3034 5203 Scripturarum.
3079 5132 3291 5188 Canunt
3335 5132 3499 5187 etiam
3537 5145 3646 5184 mo-

2060 5223 2211 5278 derni
2242 5233 2494 5278 cantores
2522 5238 2760 5292 praesens
2790 5239 2984 5278 neuma
3013 5224 3066 5277 in
3105 5221 3468 5292 responsorio.
3516 5220 3642 5290 [De-

2058 5316 2258 5369 scendit
2303 5316 2367 5368 de
2405 5313 2592 5387 caelis,]
2620 5324 2676 5370 et
2702 5315 2755 5369 in
2791 5317 2956 5371 verbo
2977 5356 2992 5380 ,
3033 5312 3300 5388 [Fabricee
3330 5309 3558 5382 mundi.]
3585 5311 3640 5366 in

2060 5422 2168 5477 quo
2195 5407 2381 5472 verbo,
2420 5416 2599 5477 potest
2638 5423 2832 5463 neuma
2874 5417 2996 5477 apte
3038 5405 3345 5460 convenire.
3399 5403 3476 5456 Eo
3502 5419 3637 5458 neu-

2059 5508 2203 5554 male
2258 5507 2564 5554 monstrant
2613 5499 2986 5555 difﬁcultatem
3039 5510 3290 5566 magnam
3353 5493 3530 5552 inesse
3583 5496 3637 5552 in

2060 5588 2244 5644 schola
2287 5596 2568 5644 cantorum
2617 5589 2796 5644 verbis
2837 5587 3140 5658 explicare,
3181 5587 3452 5655 quomodo
3495 5586 3637 5642 idem

2059 5682 2151 5753 qui
2186 5691 2346 5736 natus
2373 5691 2456 5736 est
2483 5681 2746 5738 hodierna
2776 5679 2861 5733 die
2892 5693 2959 5734 ex
2989 5677 3154 5732 Maria
3187 5678 3418 5746 virgine,
3465 5678 3630 5733 fabri-

2059 5778 2236 5827 cassct
2283 5771 2541 5826 mundum
2587 5777 2640 5824 et
2685 5775 2956 5838 ornasset,
2993 5775 3045 5824 ct
3097 5769 3365 5840 quomodo
3414 5771 3527 5839 ipse
3565 5767 3633 5821 sit
