4000 6178
390 363 532 419 1275

1397 319 1728 409 “tamen
1765 345 2199 404 pessuma:
2240 341 2582 400 usrmsxs

3524 340 3658 393 1276

391 481 486 537 lux
520 485 576 535 et
619 478 786 533 decus
822 474 1089 530 universae
1119 469 1338 531 fabricae
1373 465 1582 521 mundi.
1616 464 1817 520 Eadem
1853 479 1975 518 son-
2003 464 2049 523 Α
2077 457 2362 516 celebrari.
2401 456 2600 512 Mentio
2635 455 2812 511 dualis
2851 455 2994 510 facta
3033 462 3117 510 est
3168 456 3220 511 in
3249 455 3523 528 presenti
3573 476 3664 515 so.

392 571 562 626 tentia
583 576 668 623 est
692 568 749 621 in
777 579 936 619 versu
959 602 974 627 ,
1002 559 1300 633 [Tanquam
1329 572 1550 627 sponsus
1571 555 1831 608 Dominus
1855 570 1978 624 pro-

394 659 546 714 cessit
570 656 635 710 de
655 654 887 709 thalamo
911 651 1052 723 suo.]
1083 648 1420 720 [inpossibile
1447 655 1532 702 est
1557 646 1698 715 apud
1729 645 1974 700 scholam

394 759 678 803 cantorum
725 746 791 800 de
837 743 1029 798 ordine
1074 738 1440 811 processionis
1477 735 1680 790 Christi
1720 736 1787 788 de
1823 742 1978 788 utero

395 838 634 908 Virginis
659 849 902 901 narrare,
926 848 1046 903 quae
1071 829 1418 899 comparatur
1437 840 1635 897 sponso
1658 824 1974 896 procedenti

403 929 472 985 de
495 927 754 982 thalamo.

978 988 1206 1046 CAPUT
1243 988 1388 1042 XIX.

887 1081 959 1136 De
990 1080 1200 1136 Octavis
1240 1077 1474 1134 Domini.

463 1176 571 1232 Nos
597 1176 744 1230 enim
773 1189 877 1229 non
908 1171 1146 1227 solemus
1181 1183 1377 1225 canere
1406 1165 1510 1221 nisi
1547 1181 1714 1219 unum
1739 1165 1973 1220 ofﬁcium

397 1265 715 1322 nocturnale
764 1264 818 1318 in
856 1261 1149 1317 Nativitate
1188 1257 1434 1322 Domini;
1469 1256 1672 1311 idcirco
1714 1269 1882 1308 unum
1909 1252 1977 1308 de

394 1359 604 1414 duobus
665 1371 785 1427 qua:
835 1353 1178 1410 celebrantur
1217 1365 1248 1404 a
1295 1347 1542 1403 Romana
1604 1345 1866 1411 Ecclesia,
1922 1352 1977 1398 et

393 1452 594 1522 scripta
639 1459 766 1506 sunt
803 1449 858 1503 in
893 1444 1288 1516 Antiphonario
1315 1442 1560 1497 Romano
1605 1449 1661 1494 et
1690 1446 1880 1492 nostro
1923 1437 1976 1492 in

394 1553 555 1599 nocte
595 1540 908 1596 Nativitatis
941 1536 1176 1600 Domini,
1209 1542 1494 1602 cantamus
1522 1531 1575 1584 in
1608 1529 1828 1584 Octavis
1866 1528 1973 1583 Do-

395 1631 550 1685 mini.
582 1631 922 1701 Antiphonas
947 1628 1001 1682 in
1027 1624 1309 1680 matutinis
1347 1623 1414 1678 de
1445 1621 1634 1678 eadem
1659 1629 1820 1675 nocte
1844 1620 1976 1675 scri-

394 1722 638 1792 psimus,
690 1731 751 1774 ut
805 1718 1108 1788 reperimus
1147 1717 1200 1770 in
1254 1710 1650 1783 Antiphonario
1705 1710 1970 1765 Romano.

2078 549 2357 605 lemnitate
2405 548 2690 603 verborum
2733 547 2995 601 adorandi
3041 547 3380 602 Dominum:
3425 566 3534 604 una
3579 560 3661 606 est

2078 640 2374 712 Magorum,
2406 640 2499 708 qui
2549 640 2602 692 in
2644 639 2874 693 veritate
2905 638 3219 706 quaerebant
3258 638 3573 704 Dominum,
3607 652 3662 696 ut

2077 746 2200 784 eum
2227 730 2517 785 adorarent
2543 738 2598 782 et
2645 727 2944 782 salutarent
2990 727 3305 782 muneribus
3330 745 3345 794 ;
3379 729 3555 784 altera
3581 740 3662 785 est

2078 820 2325 882 Herodis,
2351 819 2442 888 qui
2493 817 2676 872 dolose
2713 817 2929 871 dicebat
2969 815 3177 886 Magis:
3210 816 3291 870 Ite
3337 827 3384 871 et
3428 820 3659 873 interro-

2076 920 2194 981 gate
2222 909 2497 980 diligenter
2539 909 2603 962 de
2649 925 2811 978 puero
2835 916 2922 961 :et
2963 923 3081 960 cum
3110 908 3432 974 inveneritis,
3470 926 3665 962 renun-

2076 1005 2203 1056 tiate
2227 1002 2374 1064 mihi,
2407 1013 2460 1055 ut
2484 1012 2530 1055 et
2573 1017 2665 1070 ego
2696 1001 2901 1055 veniens
2946 1000 3161 1054 adorem
3191 1017 3337 1054 eum.
3376 1000 3658 1072 Magorum

2076 1095 2472 1157 benevolentia,
2522 1093 2616 1162 qui
2647 1108 2964 1147 communes
2995 1099 3154 1146 erant
3186 1094 3459 1159 homines,
3500 1094 3660 1148 nobis

2076 1185 2337 1240 imitanda
2369 1193 2473 1240 cst.
2511 1185 2766 1240 Versutia
2793 1183 3039 1248 Herodis,
3068 1183 3162 1252 qui
3190 1183 3481 1239 videbatur
3510 1184 3660 1253 prin-

2076 1293 2202 1346 ceps
2245 1285 2299 1331 et
2342 1291 2439 1330 rex
2487 1290 2608 1330 esse
2651 1277 2704 1330 in
2750 1274 2948 1344 populo
2994 1272 3238 1338 Iudaico,
3279 1275 3502 1328 vitanda
3551 1284 3657 1328 est.

2080 1367 2307 1437 Propter
2333 1368 2475 1422 hanc
2506 1365 2929 1420 admonitionem
2960 1372 3016 1419 et
3040 1365 3450 1433 castigationem
3472 1373 3662 1434 potest

2077 1459 2270 1513 rationi
2309 1472 2608 1528 congruere
2653 1464 2714 1510 ut
2752 1455 3036 1511 omittatur
3078 1455 3133 1508 in
3182 1457 3430 1525 praesenti
3470 1455 3659 1510 omcio

2076 1549 2130 1603 in
2154 1549 2331 1618 primo
2355 1547 2547 1602 ordine
2567 1546 2916 1616 psalmorum,
2945 1544 3180 1617 [Venite,
3201 1545 3519 1600 emltemus
3550 1546 3666 1599 Do-

2074 1639 2263 1710 mino,]
2293 1647 2348 1693 et
2379 1649 2612 1708 ponatur
2656 1637 2713 1690 in
2754 1646 2912 1691 sexto
2932 1636 3146 1691 ordine.
3193 1637 3519 1706 Antiphona:
3559 1651 3664 1692 sex

2073 1744 2172 1800 per
2225 1730 2362 1784 duas
2407 1737 2703 1783 nocturnas
2757 1725 3035 1798 Magorum
3096 1725 3357 1795 obsequia
3409 1727 3667 1782 recolunt

397 1811 537 1877 Quid
569 1811 636 1865 de
675 1809 893 1865 Octavis
937 1806 1149 1862 Domini
1190 1812 1245 1860 et
1290 1811 1600 1857 sanctorum
1635 1800 1898 1855 audierim
1940 1814 1970 1853 a
2000 1814 2046 1873 Β
2075 1820 2218 1874 εει-ω
2249 1819 2452 1874 Ciuis“
2489 1818 2846 1873 nativitatem.
2897 1817 3035 1872 Tres
3062 1816 3222 1887 Magi,
3265 1819 3359 1886 qui
3389 1830 3666 1874 venerum

394 1904 657 1958 Romanis
693 1902 927 1966 clericis,
971 1908 1025 1954 et
1059 1899 1189 1968 quid
1233 1904 1420 1951 nostra
1470 1892 1620 1963 regio
1667 1892 1974 1961 frequentet

396 2011 462 2048 ex
498 1994 602 2058 eis,
635 1993 832 2062 partim
866 1991 1060 2061 scripsi
1088 1991 1141 2042 in
1171 1987 1352 2042 libello
1375 1982 1619 2048 Olliciali,
1649 1982 1847 2054 partim
1877 1997 1970 2037 co—

393 2100 495 2139 nor
519 2083 757 2138 scribere
797 2083 851 2136 in
879 2080 1057 2134 libello
1085 2079 1151 2132 de
1181 2074 1411 2131 diurnali
1445 2070 1653 2128 Ollicio.

993 2188 1218 2245 CAPUT
1258 2186 1374 2241 XX.

493 2285 572 2340 De
601 2285 878 2338 Dominica
912 2284 1081 2354 prima
1115 2289 1228 2351 post
1257 2278 1599 2334 Nativitatem
1631 2275 1866 2331 Domini.

455 2376 785 2446 Antiphona,
843 2374 1011 2448 [Puer
1049 2371 1252 2444 Jesus,]
1294 2380 1381 2427 est
1419 2378 1696 2440 assumpta
1735 2369 1800 2424 de
1843 2383 1973 2424 con-

396 2477 547 2526 textu
587 2469 864 2540 Evangelii
910 2469 1001 2538 qui
1045 2466 1285 2522 continet
1332 2465 1512 2520 locum
1566 2471 1690 2534 post
1737 2460 1971 2518 ofﬁcium

396 2560 690 2616 Simeonis.
735 2559 890 2628 Quod
916 2557 1136 2614 omnino
1176 2564 1459 2626 peractum
1498 2561 1581 2608 est
1609 2561 1734 2608 ante
1768 2552 1972 2606 adven-

398 2662 512 2706 tum
550 2650 828 2722 Magorum
861 2669 873 2703 :
904 2648 1130 2718 ideoque
1162 2655 1343 2704 teneat
1386 2645 1564 2701 locum
1593 2645 1647 2699 in
1689 2644 1972 2699 Dominica

394 2749 524 2798 ante
568 2742 952 2812 Epiphaniam,
980 2740 1197 2810 quando
1221 2739 1420 2811 legitur
1461 2731 1799 2805 evangelium
1829 2734 1971 2790 unde

399 2843 675 2902 assumpta
713 2841 816 2889 est.
1349 2845 1354 2850 '

977 2921 1201 2978 CAPUT
1251 2919 1391 2974 XXI.

397 3010 476 3066 De
505 3010 827 3081 Epiphania,
855 3012 909 3064 id
936 3021 1031 3075 est,
1058 3012 1385 3081 apparitione
1404 3010 1510 3064 sive
1527 3008 1968 3078 manifestatione.

469 3099 854 3169 Antiphonam,
906 3098 1136 3172 [Christo
1176 3099 1332 3152 datus
1367 3095 1742 3170 principatus,]
1789 3095 1973 3152 inveni

2075 1911 2130 1965 in
2157 1911 2260 1966 ista
2289 1918 2450 1965 nocte
2476 1908 2544 1964 ad
2577 1910 2882 1975 Dominum,
2917 1908 3083 1979 legati
3111 1909 3439 1964 exstiterunt
3468 1913 3665 1981 mysti-

2073 2003 2157 2057 cis
2207 2002 2321 2056 suis
2351 2001 2670 2056 muneribus
2709 2001 2925 2071 gentilis
2949 2001 3154 2071 populi,
3179 2003 3272 2072 qui
3300 2002 3355 2056 in
3395 2011 3543 2057 terra
3571 2003 3663 2057 in-

2075 2091 2317 2160 sulisque
2347 2090 2578 2146 habitat.
2613 2090 2739 2145 Tria
2768 2105 2997 2145 munera
3026 2106 3212 2146 eorum
3242 2092 3511 2161 triplicem
3533 2109 3665 2162 per-

2077 2197 2268 2236 sonam
2297 2180 2500 2235 Christi
2525 2180 2962 2252 praefigurahant,
2994 2181 3046 2236 id
3074 2187 3185 2246 est,
3214 2183 3356 2253 regis
3378 2190 3434 2238 et
3465 2197 3662 2240 sacer-

2075 2273 2246 2338 dotis,
2277 2280 2335 2327 et
2371 2272 2620 2327 mortalis
2646 2271 2907 2338 hominis,
2948 2286 3165 2328 necnon
3190 2279 3247 2328 et
3269 2282 3384 2329 tres
3420 2273 3664 2330 functio-

2071 2378 2174 2421 nes
2195 2363 2564 2419 membrorum
2591 2364 2812 2428 Christi,
2834 2364 2887 2418 id
2906 2372 3011 2430 est,
3029 2365 3373 2434 sapientiam,
3396 2367 3660 2422 virtutem

2074 2455 2364 2520 orationis,
2411 2463 2467 2509 et
2505 2454 2980 2510 mortificationem
3021 2457 3221 2510 carnis.
3249 2453 3453 2509 Harum
3490 2456 3661 2510 trium

2073 2544 2418 2602 funetionum
2458 2546 2783 2615 legationem
2827 2561 3054 2601 munera
3071 2546 3364 2618 ‘Magornm
3404 2554 3660 2616 portave-

2075 2644 2220 2692 runt.
2251 2637 2332 2690 Ex
2357 2651 2580 2692 munere
2609 2637 2785 2691 thuris
2805 2637 2990 2691 dicunt
3014 2653 3112 2707 per
3140 2637 3372 2706 primam
3397 2637 3656 2706 antipho-

2075 2741 2242 2791 nam;
2284 2725 2506 2797 [Aferte
2548 2726 2793 2790 Domino,
2816 2726 2917 2794 ﬁlii
2942 2727 3039 2781 Dei
3055 2725 3098 2798 ;]
3134 2727 3202 2781 ad
3233 2727 3441 2781 insulas
3477 2741 3661 2782 sacer-

2075 2817 2286 2883 dotum,
2309 2818 2405 2886 qui
2439 2817 2746 2872 inhabitant
2781 2819 2985 2872 ferram
3009 2835 3024 2870 :
3048 2817 3247 2886 Afer-te
3287 2816 3536 2881 Domino,
3559 2818 3660 2886 ﬁlii

2073 2909 2196 2974 Dei,
2223 2909 2316 2978 qui
2356 2915 2647 2978 propterea
2673 2908 2958 2976 potestatis
2985 2908 3093 2963 dici
3125 2907 3223 2962 ﬁlii
3253 2907 3372 2973 Dei,
3411 2909 3541 2977 quia
3567 2925 3662 2964 sa-

2077 2999 2326 3054 cerdotes
2372 2997 2526 3053 estis.
2575 2996 2717 3064 Quid
2768 2997 3000 3052 debeant
3045 2996 3264 3063 afferre,
3311 2998 3663 3062 subauditur,

2079 3092 2264 3147 thura.
2320 3091 2401 3146 Ac
2453 3090 2502 3145 si
2557 3089 3104 3147 dicatnr:Virtutem
3148 3089 3412 3146 orationis
3463 3100 3668 3147 vestra

397 3189 454 3245 in
489 3167 734 3244 Romano
776 3167 1169 3259 Antiphonario
1212 3167 1702 3257 interfantiphonas
1724 3167 1794 3242 de
1834 3184 1978 3239 Nati-
2002 3167 2048 3231 (ἶ
2079 3180 2296 3238 Christo
2331 3179 2544 3246 atl'erte,
2593 3181 2850 3250 quoniam
2897 3187 3095 3236 vestra:
3139 3196 3330 3251 preces
3366 3195 3464 3250 per
3501 3180 3664 3236 illum

397 3281 568 3338 vitate
607 3279 840 3348 Domini,
889 3289 945 3336 et
983 3281 1038 3335 in
1081 3277 1307 3338 Metensi
1356 3279 1498 3334 inter
1542 3279 1868 3349 antiphonas
1912 3280 1979 3335 de
2079 3271 2384 3341 diriguntur
2424 3269 2537 3326 Deo
2580 3269 2750 3324 Patri.
2781 3268 2932 3324 Thus
2978 3269 3126 3325 enim
3177 3269 3482 3325 sacerdotio
3529 3283 3670 3325 con.

401 3370 706 3442 Epiphania
732 3384 747 3422 :
775 3370 977 3425 etenim
1028 3369 1084 3424 in
1127 3383 1227 3423 suo
1256 3383 1415 3423 sensu
1449 3368 1664 3438 utrique
1697 3367 1979 3424 festivitati
2081 3361 2246 3434 gruit.
2275 3361 2357 3416 Ex
2383 3375 2610 3418 munere
2636 3361 2754 3416 auri
2785 3359 2984 3415 dicitur
3008 3358 3346 3430 sapientibus
3369 3367 3424 3414 et
3459 3358 3670 3413 intelli-

399 3479 640 3534 congrua
667 3474 780 3528 est;
813 3471 867 3518 et
899 3461 1249 3532 antiphonam
1283 3459 1442 3533 [Ecce
1474 3458 1704 3534 advenit]
1739 3461 1882 3516 inter
1911 3461 1978 3514 il-
2081 3453 2331 3524 gentibus
2368 3467 2466 3522 per
2510 3452 2804 3508 secundam
2846 3449 3234 3521 antiphonam,
3265 3447 3513 3522 [Psallite
3555 3447 3670 3503 Dee

406 3551 490 3608 las
527 3551 594 3606 de
621 3550 916 3606 Nativitate
947 3551 1196 3617 Domini;
1227 3566 1347 3621 qua:
1377 3551 1504 3606 huic
1538 3549 1822 3607 festivitati
1853 3566 1981 3607 con-
2083 3555 2282 3610 nostra,
2314 3543 2562 3615 psallite;
2587 3541 2795 3614 psallite
2827 3543 2936 3612 regi
2978 3549 3182 3606 nostro,
3210 3539 3422 3612 psallite
3453 3540 3666 3610 sapien-

404 3658 540 3715 grua
583 3652 688 3710 est,
721 3644 866 3714 quod
906 3650 1087 3714 potest
1139 3643 1379 3714 dignosci
1427 3657 1494 3698 ex
1543 3643 1766 3697 introitu
1813 3643 1984 3714 ipsius
2083 3634 2208 3707 ιετο]
2259 3635 2365 3690 Per
2406 3649 2599 3690 aurum
2649 3633 2932 3703 sapientia'
2959 3630 3201 3687 offertur.
3253 3629 3533 3700 Scriptum
3583 3637 3668 3684 est

406 3733 536 3790 diei.
573 3734 779 3790 Idcirco
808 3733 1044 3789 inscribo
1067 3748 1186 3790 eam
1220 3733 1286 3788 ad
1310 3734 1540 3804 primam
1567 3733 1983 3804 vespertinalem
2083 3726 2229 3782 enim
2253 3740 2268 3779 :
2295 3724 2592 3779 Tltesaurus
2633 3722 2997 3778 desiderabilis
3040 3722 3314 3793 requiescit
3354 3721 3412 3774 in
3454 3736 3548 3775 ore
3582 3737 3670 3774 sa-

404 3826 687 3896 synaxim;
728 3835 783 3880 et
816 3825 1048 3899 [Christo
1092 3827 1249 3881 datus
1273 3836 1349 3881 est
1381 3823 1756 3897 principatus,]
1795 3826 1864 3880 ad
1896 3841 1984 3881 ve-

406 3931 626 3986 sperum
657 3917 826 3986 ipsius
856 3918 960 3972 diei
981 3918 1312 3988 Epiphanim.
1349 3916 1545 3972 Nostra
1583 3915 1732 3987 regio
1761 3917 1814 3970 tu
1845 3933 1984 3987 pra:-

407 4005 547 4062 senti
585 4006 760 4062 ollicio
803 4007 960 4062 solita
1009 4017 1094 4063 est
1120 4024 1288 4062 unum
1335 4007 1588 4062 omittere
1615 4007 1681 4066 de
1725 4016 1986 4064 consueto

408 4112 581 4162 more,
610 4097 662 4152 id
691 4104 796 4164 est,
821 4098 1210 4152 invitatorium.
1243 4097 1591 4152 lnvitatorius
1613 4107 1698 4153 est
1719 4099 1981 4168 psalmus,

2085 3817 2292 3888 pientis.
2339 3816 2548 3871 Aurum
2598 3817 2708 3870 Deo
2743 3822 2800 3870 et
2847 3815 2966 3886 regi
3010 3814 3280 3885 congruit.
3315 3813 3395 3868 Ex
3435 3826 3666 3867 munere

2092 3908 2332 3979 myrrha:
2358 3906 2560 3962 dicitur
2590 3906 2657 3962 de
2695 3905 2843 3962 omni
2870 3905 3068 3976 populo
3108 3903 3322 3959 mortali
3345 3912 3405 3958 et
3430 3903 3671 3958 studium

2086 4000 2306 4056 habenti
2339 3999 2407 4053 ad
2435 3999 2660 4053 meliora
2696 4013 2794 4067 per
2822 3999 3038 4053 tertiam
3065 3997 3438 4067 antiphonam,
3482 3993 3671 4049 οωιὶε

2089 4105 2233 4149 terra
2261 4095 2443 4149 adoret
2471 4104 2540 4159 te,
2575 4102 2624 4148 et
2645 4092 2840 4165 psallat
2863 4093 2975 4157 tibi,
3003 4091 3263 4163 psalmum
3289 4091 3432 4143 dicat
3469 4089 3673 4142 nomini

408 4183 642 4258 [Venite,
695 4186 1014 4241 exsultemus
1057 4184 1328 4260 Domino.]
1359 4186 1454 4241 lllo
1482 4195 1848 4243 convocantur
1870 4187 1986 4242 fra-
2088 4198 2199 4254 tuo,
2227 4187 2483 4252 Domine;
2512 4203 2577 4241 ac
2601 4187 2645 4242 si
2673 4187 2819 4241 dicat
2838 4200 3078 4257 praesens
3114 4184 3446 4254 Antiphona,
3477 4181 3673 4238 Omnis

409 4286 522 4331 tres
551 4276 605 4330 in
651 4293 841 4342 unum,
881 4285 936 4331 et
965 4277 1228 4332 docentur
1257 4279 1386 4347 quid
1415 4292 1576 4348 agere
1620 4292 1716 4333 eos
1740 4286 1988 4347 oporteat
2091 4287 2235 4334 terra
2267 4280 2455 4334 adoret
2501 4287 2572 4344 te,
2617 4284 2674 4333 et
2712 4278 2906 4348 psallat
2945 4278 3044 4332 tibi
3073 4291 3170 4347 per
3197 4274 3676 4330 mortiﬁcationem

407 4375 694 4438 postquam
745 4369 1116 4422 convenerint.
1183 4366 1380 4432 Venite,
1430 4367 1628 4437 inquit,
1668 4368 1989 4436 exsultemus

409 4457 654 4523 Domino,
690 4458 978 4530 jubilemus
1012 4459 1117 4513 Deo
1155 4459 1378 4514 salutari
1415 4470 1612 4514 nostro.
1645 4460 1988 4532 Prteoccupe-

409 4565 526 4602 mus
562 4549 754 4619 faciem
783 4550 897 4620 ejus
933 4550 989 4602 in
1025 4550 1364 4619 confessione,
1408 4551 1643 4622 quandiu
1684 4561 1884 4623 tempus
1912 4564 1986 4607 est

410 4641 744 4712 acceptabile.
784 4641 917 4696 Dein
963 4640 1140 4696 reddit
1185 4657 1380 4697 causas
1408 4657 1512 4711 qua
1542 4642 1608 4696 de
1647 4656 1706 4698 re
1743 4654 1992 4713 oporteat

405 4734 779 4803 .praaoccupari
811 4733 1018 4796 [faciem
1072 4733 1188 4803 ejus
1219 4735 1272 4788 in
1315 4734 1676 4800 confessione,
1725 4734 1990 4800 Quoniam

409 4817 555 4873 Deus
585 4837 806 4888 magnus
840 4822 1118 4889 Dominus,
1161 4833 1208 4878 et
1239 4824 1293 4878 in
1315 4840 1473 4876 manu
1502 4823 1616 4892 ejus
1653 4833 1776 4877 sunt
1812 4841 1989 4880 omnes

413 4911 542 4979 ﬁnes
590 4921 764 4978 terrae,
805 4924 853 4969 et
899 4915 1202 4971 altitudines
1243 4917 1499 4970 montium
1546 4916 1660 4985 ipse
1700 4915 1986 4986 conspicit.

407 5001 613 5056 lterum
667 5003 823 5057 docet
880 5005 1119 5075 psalmus
1163 5005 1290 5075 quid
1343 5021 1584 5076 agamus.
1655 5003 1854 5072 Venite,
1907 5008 1992 5061 in-

413 5094 628 5162 quiens,
661 5094 941 5149 adoremus
986 5105 1034 5150 et
1074 5098 1429 5166 procidamus,
1484 5106 1532 5150 et
1563 5096 1826 5168 ploremus
1873 5106 1992 5151 ante

412 5185 720 5249 Dominum,
764 5186 856 5256 qui
906 5185 1028 5254 fecit
1061 5204 1172 5242 nos.
1215 5186 1391 5257 Atque
1425 5186 1552 5242 forti
1593 5188 1849 5242 instinctu
1892 5204 1993 5244 nos

414 5276 616 5347 pulsat,
648 5276 833 5332 dicens
860 5293 872 5330 :
907 5275 1077 5330 Hodie
1099 5277 1144 5331 si
1176 5294 1345 5331 vocem
1369 5278 1482 5348 ejus
1513 5278 1809 5343 audieritis,
1836 5278 1994 5333 nolite

414 5366 682 5420 obdurare
712 5366 874 5420 corda
909 5375 1094 5431 vestra,
1127 5365 1268 5420 sicut
1297 5364 1544 5420 fecerunt
1567 5366 1661 5421 lilii
1688 5365 1872 5431 Israel,
1898 5369 1990 5437 qui

416 5474 586 5526 opera
629 5459 846 5515 Domini
882 5458 1133 5514 viderunt
1177 5471 1276 5526 per
1311 5458 1665 5529 quadraginta
1711 5474 1901 5525 annos,
1939 5468 1995 5514 et

418 5559 643 5619 propter
677 5550 931 5604 duritiam
975 5548 1158 5604 cordis
1199 5562 1386 5602 eorum
1419 5563 1525 5602 non
1569 5551 1908 5603 intraverunt
1938 5549 1992 5604 in

418 5640 664 5706 requiem
702 5639 936 5695 Domini.
970 5639 1125 5695 Hunc
1155 5639 1424 5709 psalmum
1465 5641 1642 5696 audivi
1687 5640 1995 5696 Constanti-

420 5728 602 5797 nopoli
625 5729 677 5781 in
706 5731 934 5786 ecclesia
965 5730 1176 5787 Sanctae
1206 5731 1420 5802 Sophia:
1448 5732 1500 5787 in
1529 5732 1791 5802 principio
1809 5732 1992 5788 missa:

2091 4369 2274 4425 carnis
2300 4387 2312 4423 :
2343 4369 2594 4438 dicatque
2631 4368 2750 4434 tibi,
2778 4367 3009 4440 Propter
3034 4375 3087 4423 te
3133 4365 3529 4422 mortiﬁcamur
3561 4373 3674 4419 tota

2092 4461 2200 4516 die.
2227 4459 2444 4531 Myrrha
2488 4461 2632 4514 enim
2665 4460 3012 4515 condimento
3037 4457 3290 4513 convenit
3333 4463 3674 4511 mortuorum

2093 4566 2401 4621 corporum.
2431 4550 2536 4606 Ista
2571 4551 2752 4622 vigilia
2799 4551 3128 4605 mentionem
3161 4547 3292 4603 facit
3318 4548 3386 4602 de
3416 4547 3674 4617 gentibus

2091 4657 2212 4711 qum
2237 4641 2487 4696 habitant
2525 4641 2581 4695 in
2629 4649 2796 4706 terra,
2829 4639 3069 4695 secunda
3109 4638 3293 4709 vigilia
3334 4638 3400 4692 de
3438 4636 3521 4691 eis
3556 4653 3678 4706 quae

2093 4732 2344 4786 habitant
2372 4733 2429 4785 in
2467 4731 2678 4786 insulis.
2711 4731 2870 4791 Dicit,
2901 4744 2999 4799 per
3028 4729 3261 4798 primam
3295 4727 3676 4795 antiphonam,

2093 4823 2161 4878 de
2192 4822 2561 4893 sapientibus:
2590 4819 2776 4893 [Reges
2805 4819 3020 4874 Tharsis
3041 4829 3088 4874 et
3120 4818 3309 4873 insulte
3335 4833 3561 4871 munera
3591 4818 3678 4885 of-

2093 4914 2306 4987 ferent.]
2344 4914 2520 4985 Reges
2557 4913 2728 4978 enim,
2755 4913 2848 4982 qui
2892 4920 3180 4982 propterea
3215 4917 3484 4964 vocantur
3518 4922 3680 4975 reges

2093 5009 2220 5076 quia
2246 5008 2564 5076 semetipsos
2589 5013 2784 5076 regunt
2815 5013 2871 5059 et
2895 5013 3142 5069 caeteros,
3176 5001 3455 5072 sapientes
3474 5013 3682 5054 vocan-

2095 5107 2201 5151 tur.
2232 5097 2338 5152 Per
2367 5095 2658 5151 secundam
2687 5095 3038 5164 antiphonam
3063 5093 3266 5148 dicitur
3287 5091 3356 5145 de
3391 5089 3540 5144 omni
3571 5103 3672 5157 po-

2089 5189 2235 5260 pulo,
2273 5186 2490 5261 [Omnes
2534 5196 2708 5258 gentes
2746 5200 3084 5257 quascunque
3136 5182 3306 5252 fecisti
3361 5179 3592 5240 venient,
3625 5187 3676 5230 et

2094 5280 2391 5334 adorabunt
2417 5295 2595 5332 coram
2623 5287 2692 5342 te,
2725 5275 2994 5348 Domine.]
3026 5276 3131 5330 Per
3170 5273 3388 5330 tertiam
3425 5271 3681 5340 antipho-

2098 5363 2222 5426 nain
2271 5373 2564 5427 hortantur
2605 5385 2664 5424 se
2703 5369 2934 5426 invicem
2974 5366 3305 5429 sacerdotes,
3350 5372 3406 5420 et
3436 5362 3674 5416 dicunt:

2098 5459 2333 5532 [Venite,
2358 5460 2636 5514 adoremus
2665 5475 2802 5522 eum,
2833 5460 2957 5527 quia
2988 5457 3097 5525 ipse
3130 5463 3206 5509 est
3249 5452 3507 5506 Dominus
3533 5449 3676 5504 Deus

2098 5550 2317 5623 noster.]
2341 5549 2438 5604 Ast
2466 5549 2624 5603 tertia
2656 5548 2836 5618 vigilia
2881 5547 2949 5602 de
2978 5547 3248 5618 baptismo
3283 5543 3489 5599 Christi
3527 5556 3678 5598 men-

2096 5644 2298 5697 tionem
2329 5641 2476 5696 facit.
2501 5640 2684 5695 Tertia
2707 5634 2886 5710 vigilia
2909 5639 3047 5694 solet
3077 5637 3231 5692 nobis
3261 5635 3327 5690 ad
3357 5632 3680 5689 memoriam

2097 5732 2356 5789 reducere
2387 5729 2592 5786 Novum
2629 5728 3054 5786 Testamentum.
3091 5727 3298 5784 Novum
3326 5740 3458 5786 vero
3485 5723 3682 5779 Testa-
