4000 6178
397 332 534 389 1277

1415 337 1615 392 LlBER
1650 338 1738 392 DE
1774 338 2029 397 0RDINE
2063 343 2574 406 ANTIPHONARII.

3504 363 3526 416 'I
3537 363 3642 424 278

396 455 639 504 mentum
664 444 947 500 fundatum
981 453 1063 500 est
1109 461 1206 517 per
1229 448 1578 518 baptisum.
1605 449 1664 503 In
1693 452 1854 506 tertia
1890 454 1973 508 vi-
2000 473 2048 536 Α
2073 467 2128 512 et
2157 459 2485 516 oblationem
2512 476 2794 518 munerum
2821 478 3058 530 suorum,
3090 482 3300 524 necnon
3323 477 3378 525 et
3405 471 3647 530 declarat

397 537 524 608 gilia
561 537 758 605 legatio
789 533 1062 605 Magorum
1092 538 1414 608 completur.
1443 539 1502 594 In
1538 543 1815 611 prioribus
1843 545 1975 614 vigi-

403 634 490 693 liis
515 631 716 686 dicitur
741 628 1151 698 allegationibus
1177 631 1453 704 Magorum
1481 639 1546 693 de
1577 640 1788 696 futuro:
1817 638 1974 713 [0m-

397 728 480 780 nis
522 734 663 780 terra
699 725 882 780 adoret
927 727 1020 798 te.]
1054 729 1120 782 Et
1155 730 1382 784 iterum:
1431 731 1621 804 [Reges
1674 735 1889 791 Tharsis
1923 747 1971 792 et

396 815 584 870 inaulce
619 832 840 870 munera
868 818 1141 890 o/ferent;]
1171 829 1227 874 at
1258 821 1310 874 in
1342 823 1468 888 ista,
1496 825 1548 878 in
1581 841 1687 894 qua
1715 829 1973 884 recolitur

396 903 604 958 Novum
635 904 1062 972 Testamentum,
1101 923 1202 977 per
1235 908 1725 980 frequentationem
1753 915 1971 971 alleluia

395 1003 580 1050 cantat
627 996 682 1048 in
726 998 976 1064 przesenti
1023 1000 1200 1053 omnis
1244 1009 1388 1056 terra
1432 1003 1682 1070 Domino,
1731 1007 1972 1077 dicitque

395 1085 508 1139 suis
536 1083 766 1138 subditis
791 1099 804 1136 :
832 1085 1085 1156 [Adorate
1125 1088 1406 1144 Dominum
1426 1092 1468 1163 ;]
1507 1101 1562 1148 et
1594 1096 1789 1150 iterum
1817 1115 1828 1150 :
1855 1097 1972 1152 La:-

391 1183 571 1228 tentur
632 1173 823 1228 insulae
873 1175 1072 1240 multis,
1117 1179 1323 1243 dicunt;
1373 1181 1604 1238 Adorate
1661 1184 1964 1241 Dominum.

393 1263 640 1318 Psalmus
691 1263 854 1336 [Deus
901 1276 1077 1319 noster
1110 1269 1397 1344 refugium]
1436 1284 1723 1344 propterea
1768 1278 1823 1332 in
1865 1279 1965 1332 ista

390 1357 574 1426 vigilia
608 1359 844 1426 ponitur,
895 1361 1148 1428 quoniam
1180 1363 1233 1416 in
1285 1379 1352 1418 eo
1400 1377 1734 1422 memoratur
1757 1379 1969 1437 pertur-

393 1447 540 1501 batio
562 1448 866 1512 hominum,
902 1447 994 1516 qui
1021 1449 1488 1506 conturbabantur
1522 1464 1742 1524 propter
1771 1459 1969 1524 prtedi-

391 1539 660 1594 catiouem
702 1538 836 1593 Novi
889 1539 1244 1604 Testamenti,
1295 1551 1349 1596 et
1386 1544 1675 1600 voluerunt
1711 1549 1968 1604 resistere

385 1629 753 1697 pmdimtioni
774 1629 1160 1697 apostolorum,
1184 1640 1238 1685 et
1261 1641 1462 1699 tamen,
1490 1636 1600 1691 Deo
1621 1637 1961 1706 disponente,

389 1717 628 1772 ﬂuminis
672 1718 927 1787 impetus,
959 1719 1052 1787 qui
1099 1721 1440 1777 ministratus
1471 1735 1554 1779 est
1601 1728 1671 1781 ab
1705 1730 1966 1798 apostolis

387 1820 488 1876 per
505 1806 686 1862 ofﬁcia
726 1808 1054 1876 haptisterii,
1092 1813 1368 1880 superavit
1399 1817 1814 1873 commotionem
1851 1829 1962 1874 ter-

389 1911 644 1950 renorum
673 1897 970 1962 hominum,
995 1907 1050 1951 et
1070 1898 1364 1954 laetiﬁcavit
1387 1903 1660 1957 civitatem
1692 1906 1806 1961 Dei.
1831 1906 1964 1960 Nam

387 1993 442 2040 et
474 1986 587 2041 haec
614 1984 711 2040 Dei
742 1987 937 2042 civitas
968 1998 1183 2043 constat
1226 2005 1294 2044 ex
1323 1992 1515 2057 incolis
1545 2003 1704 2050 terra:
1726 2003 1780 2049 et
1813 1997 1964 2051 insu-

387 2080 580 2136 larum.
618 2080 861 2136 Ecclesia
905 2083 960 2136 in
1004 2081 1156 2138 Novo
1191 2084 1540 2142 Testamento
1579 2089 1712 2144 dicit
1759 2090 1826 2144 ad
1871 2105 1965 2146 eos

387 2173 479 2242 qui
522 2173 576 2226 in
603 2171 822 2228 Christo
848 2172 1110 2243 haptizati
1147 2184 1296 2241 sunt,
1326 2186 1383 2232 et
1424 2179 1477 2232 in
1509 2186 1653 2233 terra
1692 2181 1960 2246 habitant,

385 2278 483 2333 per
509 2265 803 2318 secundum
840 2265 1106 2333 psalmum
1132 2287 1144 2320 :
1173 2266 1416 2340 [Cantate
1453 2271 1678 2326 Domino
1700 2275 1962 2327 canticum

386 2369 599 2416 nouum,
613 2363 821 2409 cantate
835 2355 1082 2422 Domino,
1101 2360 1267 2413 omnis
1288 2371 1428 2414 terra
1446 2360 1489 2432 ;]
1517 2370 1573 2416 et
1597 2378 1694 2430 per
1714 2365 1964 2434 antipho-

385 2461 513 2500 nam
542 2463 552 2496 :
580 2444 832 2516 [Adorate
865 2447 1149 2504 Dominum
1186 2452 1238 2506 in
1261 2451 1386 2506 aula
1412 2462 1596 2508 sancta
1623 2454 1784 2526 ejus.]
1821 2455 1962 2510 Dicit

383 2537 454 2592 ad
504 2552 600 2592 eos
641 2538 734 2606 qui
781 2538 1030 2595 habitant
1069 2542 1123 2597 in
1169 2544 1378 2607 insulis,
1423 2561 1519 2615 per
1562 2548 1783 2601 tertium
1819 2548 1961 2618 psal-

384 2641 534 2680 mum
575 2624 890 2698 :[Dominus
932 2633 1188 2700 regnavit,
1238 2633 1458 2688 exsultet
1500 2645 1663 2698 terra.
1719 2635 1962 2692 la'tentur

382 2716 571 2772 inculte
594 2717 772 2773 multa:
787 2719 832 2790 ;]
861 2729 917 2775 et
946 2735 1045 2790 per
1072 2724 1424 2792 antiphonam
1452 2746 1464 2779 :
1498 2725 1752 2798 [Adorete
1773 2727 1958 2783 Domi-

385 2823 531 2874 num,
570 2824 747 2863 omnes
770 2811 945 2879 angeli
978 2812 1138 2882 (ψιιῖ

955 2922 1182 2978 CAPUT
1217 2924 1383 2980 XXII.

935 2991 1008 3045 De
1037 2997 1400 3062 responsoriis.

455 3075 716 3134 luordine
741 3081 1210 3150 responsoriorum
1257 3085 1518 3144 habemus
1551 3090 1812 3160 scriptum
1845 3094 1957 3163 pri-

2078 551 2488 606 incitamentum
2515 568 2704 608 eorum
2735 555 2949 611 itineris
2977 555 3092 612 fore
3121 561 3512 628 apparitionem
3552 580 3647 620 no-

2074 656 2156 696 vat
2199 642 2390 697 stellae.
2426 642 2493 696 Et
2539 653 2663 712 post
2709 660 2981 701 recessum
3017 647 3085 702 ah
3124 648 3357 715 Herode,
3401 654 3645 710 eamdem

2072 732 2328 800 przeviam
2354 742 2604 789 constare
2625 750 2793 804 usque
2817 738 2884 792 ad
2910 739 3124 792 domum
3151 739 3203 792 in
3229 756 3332 808 qua
3355 751 3475 796 erat
3491 742 3648 798 Chri-

2073 832 2209 880 stus.
2238 825 2366 880 Post
2394 826 2534 882 hanc
2564 827 2845 882 historiam
2870 829 3025 896 posui
3057 832 3430 899 responsorios
3458 833 3511 888 in
3539 843 3647 888 ter-

2074 917 2147 970 tia
2181 925 2441 972 nocturna
2471 918 2536 972 de
2567 919 2832 986 baptismo
2858 919 3080 982 Christi,
3120 930 3175 975 et
3209 923 3504 977 novissimo
3530 923 3646 980 loco

2071 1009 2136 1062 de
2163 1008 2422 1062 miraculo
2461 1025 2528 1063 ex
2568 1024 2706 1077 aqua
2735 1009 2858 1064 vino
2889 1009 3051 1071 facto,
3081 1012 3234 1082 juxta
3265 1013 3512 1068 ordinem
3546 1030 3632 1069 re-

2072 1118 2193 1156 rum
2221 1110 2516 1170 gestarum.

2628 1213 2855 1268 CAPUT
2896 1215 3084 1269 XXIII.

2453 1305 2533 1360 De
2554 1307 2854 1376 antiphonis
2875 1310 2928 1360 in
2956 1311 3250 1364 matutinis.

2138 1416 2318 1487 Primo
2363 1419 2658 1471 notandum
2689 1427 2773 1472 est
2820 1420 3171 1474 intentionem
3203 1437 3323 1476 esse
3359 1430 3642 1477 cantorum

2067 1516 2127 1561 ut
2172 1509 2225 1560 in
2280 1507 2383 1563 ista
2433 1516 2590 1562 nocte
2639 1509 2907 1577 praecipue
2960 1510 3237 1564 celebrent
3284 1512 3425 1580 quod
3466 1515 3645 1582 primo

2067 1607 2244 1651 actum
2268 1605 2354 1652 'est
2384 1598 2450 1652 de
2472 1599 2722 1668 prmsenti
2751 1599 3113 1664 solemnitate,
3143 1601 3196 1654 id
3223 1612 3325 1665 est,
3355 1604 3644 1658 adventum

2069 1690 2364 1760 Magorum.
2408 1691 2532 1744 Ideo
2574 1691 2625 1743 in
2670 1691 3025 1758 prmsentihus
3071 1693 3384 1762 antiphonis
3416 1695 3643 1759 certavi,

1993 1817 2039 1876 Β
2060 1780 2216 1849 juxta
2244 1792 2486 1837 tenorem
2522 1783 3008 1850 rcsponsoriorum,
3039 1784 3361 1852 antiphonas
3389 1786 3644 1838 ordinare

2069 1875 2134 1929 de
2178 1875 2410 1929 adventu
2454 1874 2751 1946 Magorum.
2783 1875 2850 1928 Et
2901 1873 2991 1929 ubi
3037 1876 3175 1928 ratio
3215 1878 3542 1931 constrinxit
3578 1880 3644 1932 ad

2065 1967 2168 2022 hoc
2192 1976 2249 2021 ut
2277 1967 2344 2022 de
2379 1970 2590 2023 cteteris
2629 1969 3064 2025 solemnitatibus
3093 1980 3406 2027 cantaretur
3435 1989 3553 2043 quae
3590 1975 3642 2027 in

2067 2056 2168 2111 ista
2207 2065 2365 2112 nocte
2414 2057 2752 2123 recoluntur,
2785 2075 2893 2113 non
2943 2060 3126 2114 distuli
3171 2061 3428 2116 scribere.
3463 2063 3642 2117 Prima

2063 2151 2376 2219 antiphona,
2429 2149 2587 2221 [Ante
2646 2150 2948 2218 Luciferum
3011 2151 3261 2224 genitus,]
3311 2153 3643 2209 demonstrat

2061 2249 2385 2310 prmsentcm
2416 2239 2834 2305 solemnitatem,
2868 2242 2921 2294 lt'I
2966 2248 3069 2307 est,
3101 2244 3492 2312 apparitionem
3532 2245 3644 2300 Do-

2061 2335 2215 2388 mini.
2263 2334 2532 2400 Secunda,
2584 2333 2768 2406 [Venit
2824 2335 3000 2389 lumen
3053 2343 3221 2401 tuum,
3262 2336 3642 2410 Hierusalem,]

2061 2433 2331 2478 monstrat
2356 2440 2418 2478 ex
2452 2425 2731 2495 prophetia
2763 2441 2858 2480 sua
2887 2441 3048 2495 quem
3079 2425 3312 2481 fructum
3343 2430 3643 2498 perciperet

2059 2524 2246 2569 sancta
2294 2515 2534 2570 Ecclesia
2585 2530 2652 2570 ex
2701 2517 3035 2586 apparitione
3078 2517 3311 2572 Domini.
3354 2517 3536 2573 Tcrtia
3574 2536 3640 2574 ex

2057 2606 2340 2674 prOphetia
2390 2604 2609 2668 eadem,
2657 2603 2907 2676 [Venient
2955 2607 3024 2659 ad
3071 2616 3120 2660 te
3157 2609 3246 2679 qui
3301 2608 3642 2664 detrahebant

2057 2697 2198 2770 tibi,]
2237 2697 2426 2752 recolit
2461 2698 2670 2752 lucrum
2701 2707 2904 2752 sancta:
2932 2699 3204 2754 Ecclesiar.
3239 2699 3463 2767 Quarta,
3496 2701 3642 2773 [Ma-

2057 2789 2139 2844 ria
2163 2798 2210 2842 et
2235 2788 2508 2862 ﬂumina,]
2540 2805 2660 2860 quae
2688 2805 2754 2845 ex
2799 2790 3001 2862 hymno
3041 2791 3202 2846 trium
3233 2808 3527 2863 puerorum
3555 2809 3641 2849 as-

2056 2888 2270 2950 sumpta
2309 2888 2417 2944 est,
2450 2880 2516 2935 de
2545 2879 2818 2951 baptismo
2847 2881 3061 2936 Domini
3089 2893 3328 2938 resonat.
3360 2882 3419 2937 In
3453 2884 3641 2954 quinto

2055 2969 2174 3026 loco
2214 2971 2436 3042 ponitur
2483 2972 2814 3042 antiphona,
2865 2970 3038 3044 [Magi
3088 2974 3326 3029 viderunt
3370 2975 3637 3048 stellam;]

2054 3079 2174 3134 quae
2198 3063 2374 3133 prima
2402 3070 2485 3119 est
2513 3063 2568 3118 in
2591 3071 2847 3118 contextu
2876 3063 3154 3134 Evangelii
3179 3065 3244 3119 de
3268 3065 3500 3119 adventu
3530 3065 3640 3120 Ma—

379 3181 524 3223 mum
553 3172 978 3239 responsorium,
1007 3170 1152 3242 [Dies
1178 3176 1598 3251 sanctiﬁcatus;]
1620 3151 1768 3247 dein,
1793 3151 1953 3255 [Illu-
1981 3164 2024 3225 (ἶ
2056 3152 2649 3255 60““??1Amiphm’
2693 3151 2899 3255 [Hadff
2925 3154 3131 3255 θαῗῖθδίίο
3152 3154 3386 3255 ³901³⁸0⁸]
3405 3165 3527 3255 ,Πίεδ
3558 3172 3636 3212 ω’

376 3257 598 3323 minare,
624 3258 959 3314 Hierusalem
975 3260 1019 3331 ;]
1039 3262 1154 3330 ipse
1176 3264 1320 3318 enim
1341 3266 1406 3321 de
1436 3270 1791 3327 translatione
1808 3275 1949 3331 LXX

373 3348 608 3417 scriptus
635 3358 740 3405 est.
769 3350 828 3404 ln
869 3350 1135 3408 Hebraica
1167 3370 1296 3408 vero
1332 3357 1546 3426 legitur,
1587 3359 1802 3431 [Surge,
1830 3363 1954 3418 illu-

371 3438 596 3502 minare,
625 3441 750 3506 quia
776 3441 910 3494 venit
933 3440 1105 3496 lumen
1129 3445 1324 3518 tuum.]
1350 3447 1674 3519 Assumptus
1695 3460 1780 3507 est
1805 3454 1952 3509 enim

371 3528 438 3583 de
470 3526 610 3582 Isaia
662 3532 944 3599 prapheta,
995 3545 1288 3605 narratque
1343 3539 1792 3598 illuminationem
1830 3561 1955 3600 san-

368 3628 472 3676 ctas
507 3620 765 3676 Ecclesia:
791 3637 889 3691 per
928 3623 1130 3680 Christi
1177 3628 1491 3685 adventum.
1543 3632 1598 3686 Si
1637 3634 1708 3688 ita
1737 3644 1954 3704 oportet

369 3710 574 3775 dicere,
605 3720 664 3766 ut
692 3727 820 3767 vere
848 3723 1061 3784 oportet
1089 3717 1155 3772 de
1182 3717 1369 3789 Magis,
1397 3721 1536 3776 sicut
1565 3734 1787 3781 sanctus
1819 3726 1950 3782 Am-

367 3799 585 3856 brosius
631 3801 805 3857 dicit:
846 3804 937 3872 qui
969 3806 1114 3860 enim
1151 3808 1399 3865 viderant
1438 3810 1736 3881 Christum,
1787 3816 1946 3872 Chri-

369 3897 512 3947 stum
550 3891 950 3958 intellexerant,
1008 3895 1266 3954 debemus
1311 3899 1610 3972 intelligere
1648 3904 1830 3976 Magos
1869 3905 1948 3960 fa-

368 3989 484 4036 ctos
512 3981 868 4038 llierdsaiem.
909 3985 1026 4040 Non
1063 3988 1207 4042 enim
1243 3989 1606 4062 intelligerent
1645 3995 1944 4065 Christum,

367 4073 472 4128 nisi
504 4073 792 4133 illuminati
821 4085 1003 4132 essent
1024 4078 1094 4132 ab
1120 4094 1206 4134 eo.
1238 4080 1368 4138 Post
1397 4083 1545 4138 illum
1585 4088 1831 4155 sequitur
1861 4104 1946 4144 re-

366 4166 680 4234 sponsorius
713 4167 905 4222 tertius
932 4168 998 4223 de
1029 4180 1329 4226 memorato
1358 4175 1640 4244 pr0pheta,
1673 4177 1827 4247 juxta
1853 4195 1944 4233 or-

365 4258 546 4312 dinem
573 4266 858 4314 contextus
887 4259 1149 4324 historiae,
1180 4261 1398 4334 [Omnes
1445 4266 1510 4320 de
1539 4266 1683 4322 Saba
1715 4272 1937 4337 venient,

364 4363 553 4401 aurum
582 4358 630 4402 et
651 4351 769 4403 thus
798 4349 1135 4424 deferentes.]
1160 4353 1215 4407 In
1245 4358 1557 4414 memoratis
1587 4358 1774 4430 Magis,
1805 4377 1940 4430 quos

361 4440 632 4495 credimus
675 4439 842 4500 fuisse
888 4442 1095 4512 legatos
1141 4446 1306 4500 totius
1365 4451 1572 4515 mundi,
1635 4467 1825 4507 omnes
1870 4453 1938 4508 de

363 4526 504 4583 Saba
532 4531 808 4586 venientes
839 4505 1127 4601 possumus
1157 4535 1474 4608 intelligere.
1506 4539 1612 4594 Per
1635 4558 1728 4598 eos
1757 4543 1848 4614 qui
1869 4545 1936 4598 de
1962 4505 2015 4564 Β

362 4619 524 4686 Saba,
562 4622 618 4676 id
651 4632 755 4687 est,
784 4624 850 4678 de
889 4626 1226 4694 captivitate,
1262 4631 1484 4684 veniunt
1510 4632 1579 4686 ad
1624 4632 1931 4701 Dominum,

358 4713 708 4783 intelligimus
756 4716 1156 4773 multitudinem
1209 4723 1452 4791 gentium
1503 4730 1933 4785 convertentium

357 4805 769 4873 adDominum.
817 4808 978 4874 Saba,
1021 4819 1081 4865 ut
1133 4823 1354 4870 sanctus
1404 4816 1764 4888 Hieronymus
1803 4821 1934 4877 dicit

355 4896 411 4952 in
441 4905 670 4953 tractatu
716 4915 813 4956 suo
854 4918 1015 4973 super
1059 4905 1254 4961 Isaiam
1287 4909 1631 4979 prophetam,
1672 4911 1934 4968 libro'de-

353 4987 498 5043 eimo
534 4990 786 5057 septimo,
820 4999 931 5046 tota
962 4997 1236 5063 provincia
1259 5008 1342 5053 est
1384 5001 1567 5071 inqua
1599 5014 1724 5059 sunt
1764 5006 1936 5076 regio-

353 5092 451 5132 nes
478 5076 690 5133 Madian
731 5087 786 5133 et
824 5081 993 5151 Eplia.
1031 5083 1174 5139 Saba
1216 5088 1603 5159 interpretatur
1623 5097 1931 5163 conversio,

354 5170 437 5225 vel
465 5169 768 5239 captivitas.
801 5171 870 5226 Et
899 5187 1090 5229 omnes
1113 5177 1176 5232 de
1213 5180 1527 5247 captivitate
1551 5185 1853 5254 venientes,
1876 5195 1932 5243 et

353 5262 705 5316 conversione
749 5277 844 5316 sua
877 5279 1069 5319 aurum
1098 5266 1223 5322 ﬁdei
1266 5268 1569 5328 deferentes
1612 5284 1667 5329 et
1693 5277 1820 5333 thus
1848 5295 1930 5334 sa-

353 5353 565 5416 criﬁcii,
597 5361 653 5408 et
687 5368 785 5423 per
813 5354 927 5410 haec
957 5372 1181 5413 munera
1213 5377 1553 5432 nequaquam
1582 5370 1801 5437 propria
1839 5387 1929 5428 sa-

353 5447 465 5501 lute
493 5447 754 5512 contenti,
791 5449 1099 5517 proﬁcient,
1133 5461 1192 5505 ut
1232 5457 1444 5511 caeteris
1469 5460 1762 5526 prtedicent
1787 5465 1929 5519 salu-

354 5549 471 5596 tare
499 5539 613 5595 Dei.
659 5539 952 5611 [lucusque
995 5543 1328 5616 Hieronymi.
1364 5547 1494 5604 Post
1523 5552 1624 5607 hos
1672 5555 1807 5611 duos
1842 5573 1926 5614 so-

349 5639 590 5703 quuntur
631 5637 957 5704 responsorii
1022 5637 1089 5694 de
1131 5638 1421 5711 Evangelio
1464 5641 1616 5709 juxta
1681 5648 1925 5707 ordinem

348 5724 614 5792 evangelii
643 5728 785 5796 quod
821 5735 1008 5782 narrat
1041 5729 1284 5786 ordinem
1315 5732 1576 5789 adventus
1613 5735 1912 5808 Magorum,

2055 3243 2363 3298 lemnitates
2384 3254 2682 3314 praesentes
2715 3245 2924 3299 recolit.
2979 3243 3279 3313 Sequentes
3306 3247 3635 3316 antiphonre,

2055 3341 2113 3385 nt
2139 3333 2371 3402 praetuli,
2406 3333 2754 3388 manifestam
2780 3333 3058 3405 Magorum
3099 3337 3410 3400 adventum,
3441 3350 3496 3393 et
3523 3356 3638 3395 ser-

2054 3431 2185 3477 vant
2215 3430 2420 3476 textum
2455 3423 2751 3494 Evangelii,
2781 3441 2900 3494 quae
2926 3441 2993 3480 ex
3018 3441 3082 3480 eo
3109 3436 3396 3498 assumptze
3418 3439 3562 3484 sunt.

2612 3555 2840 3614 CAPUT
2880 3558 3070 3612 XX-IV.

2270 3644 2343 3700 De
2369 3645 2652 3701 Dominica
2682 3649 2854 3715 prima
2890 3658 3004 3718 post
3035 3648 3412 3719 Epiphaniam.

2119 3759 2459 3830 Antiphonas
2489 3761 2641 3826 duas,
2675 3760 2725 3815 id
2754 3770 2858 3828 est,
2889 3761 3062 3834 [Tolle
3084 3779 3303 3833 puerum
3329 3772 3379 3817 et
3412 3773 3633 3820 matrem

2048 3850 2209 3923 ejus,]
2249 3860 2323 3917 et,
2358 3851 2652 3925 [Reuertere
2688 3855 2745 3908 in
2790 3865 2984 3909 terram
3010 3855 3204 3928 Juda,]
3238 3859 3417 3913 scribo
3443 3859 3497 3914 in
3528 3861 3633 3915 isto

2049 3941 2184 3996 loco.
2216 3941 2357 3996 Sunt
2396 3943 2541 3996 enim
2583 3954 2873 4016 assumpta:
2908 3948 2974 4001 de
3003 3947 3318 4020 Evangelia,
3347 3950 3632 4022 [Defuncto

2048 4029 2306 4105 Herode,]
2337 4035 2482 4103 quod
2517 4034 2716 4106 legitur
2748 4038 2799 4091 in
2825 4039 3013 4092 eadem
3049 4039 3348 4095 Dominica.
3378 4041 3634 4098 Contine-

2047 4130 2135 4175 tur
2165 4123 2217 4176 in
2249 4138 2314 4178 eo
2354 4125 2636 4196 evangelio
2663 4129 2905 4182 reversio
2933 4127 3135 4182 Christi
3163 4130 3229 4183 de
3256 4128 3492 4200 Egypto
3509 4143 3630 4202 post

2045 4209 2322 4283 Magorum
2350 4213 2638 4269 adventum
2669 4225 2960 4285 antequam
2997 4218 3386 4287 baptizaretur.

2606 4345 2834 4410 CAPUT
2895 4348 3058 4402 XXV.

2481 4451 2558 4508 De
2583 4463 2780 4509 octavis
2818 4455 3184 4526 Theophaniae.

2111 4563 2262 4618 Sicut
2289 4565 2520 4619 certavit
2548 4566 2734 4622 schola
2776 4577 3059 4624 cantorum
3089 4571 3142 4626 in
3187 4573 3485 4644 Epiphania
3517 4578 3622 4632 fre-

2037 4664 2298 4724 quentare
2339 4655 2632 4712 adventum
2689 4658 2985 4730 Magorum,
3035 4663 3198 4717 simili
3240 4665 3396 4720 modo
3447 4676 3620 4723 certat

2034 4744 2089 4797 in
2113 4745 2319 4799 octavis
2359 4743 2672 4815 Epiphaniae
2708 4746 3057 4818 frequentare
3100 4751 3426 4822 baptismum
3457 4757 3618 4814 Chri—

2034 4835 2126 4898 sti,
2154 4836 2308 4904 quasi
2338 4837 2452 4905 ipsa
2497 4837 2584 4892 die
2612 4839 2921 4908 baptizatus
2958 4853 3123 4898 esset.
3159 4844 3273 4912 Qua
3323 4847 3389 4901 de
3419 4863 3476 4904 re
3509 4865 3621 4904 non-

2034 4921 2272 4976 dubitavi
2337 4925 2578 4982 scribere
2629 4929 2982 4997 antiphonam
3037 4933 3104 4987 de
3157 4934 3481 5005 Evangelio,
3554 4948 3618 4993 ut

2035 5012 2209 5080 primo
2232 5013 2410 5067 audivi
2448 5016 2594 5070 illam
2639 5033 2856 5084 canere,
2888 5021 2992 5075 hoc
3019 5030 3119 5085 est,
3157 5023 3354 5095 [Hodie
3379 5025 3615 5082 Joannes

2035 5102 2305 5174 multat.]
2336 5103 2640 5161 Notandum
2670 5117 2755 5163 est
2785 5111 2928 5179 quod
2956 5113 3047 5167 ubi
3076 5114 3336 5169 deﬁciunt
3361 5118 3614 5187 antipho-

2034 5211 2117 5249 nae
2151 5197 2217 5250 de
2252 5198 2598 5255 solemnitate
2647 5202 2949 5274 Magorum,
2986 5207 3057 5261 ibi
3089 5210 3229 5279 (τωρὶ
3278 5211 3517 5264 scribere
3545 5211 3616 5264 de

2034 5287 2343 5356 antiphonis
2396 5306 2516 5359 qua:
2559 5291 2886 5361 baptismum
2943 5297 3145 5352 Christi
3204 5299 3497 5361 resultant,
3555 5308 3613 5352 ct

2035 5377 2227 5433 deinde
2253 5380 2478 5440 tendunt
2507 5383 2576 5438 ad
2618 5392 2839 5442 octavas
2878 5388 3207 5457 Epiphaniae.
3235 5387 3424 5442 Plures
3462 5389 3614 5444 enim

2036 5475 2160 5522 sunt
2181 5484 2346 5538 quam
2383 5471 2454 5527 sit
2478 5488 2704 5530 necesse
2733 5475 3009 5531 celebrare
3036 5477 3090 5529 in
3122 5491 3227 5530 una
3270 5485 3427 5531 nocte
3458 5486 3610 5534 octa-

2035 5573 2244 5614 varum.
2293 5561 2478 5632 Neque
2524 5566 2669 5621 enim
2715 5576 2793 5621 tot
2824 5575 2952 5620 sunt
2996 5567 3212 5636 scripta:
3261 5567 3330 5622 de
3368 5569 3614 5628 adventu

2035 5650 2330 5723 Magorum,
2358 5665 2418 5709 ut
2444 5656 2550 5713 illis
2569 5659 2860 5714 ordinatim
2891 5661 3157 5717 cantando
3186 5661 3454 5734 possimus
3479 5678 3618 5734 per»

2031 5744 2217 5801 venire
2247 5746 2312 5801 ad
2342 5755 2559 5805 octavas
2589 5751 2922 5822 Epiphania).
