4000 6178
375 323 514 379 12711

933 422 1160 481 CAPUT
1200 419 1387 474 XXVI.

486 525 560 577 De
591 520 863 575 Domimca
899 517 1068 586 prima
1105 520 1221 582 post
1263 519 1469 564 octavas
1508 505 1840 577 Epiphaniae.

447 614 505 668 In
533 608 810 664 Dominica
851 606 1020 674 prima
1050 610 1174 671 post
1202 608 1424 654 octavas
1454 595 1768 667 Epiphania!
1804 593 1949 648 cele-

377 706 568 758 bratur
606 695 923 752 miraculum
954 692 1096 763 quod
1143 691 1404 745 Dominus
1437 687 1568 741 fecit
1597 686 1665 741 de
1713 699 1855 753 aqua
1895 683 1952 736 in

378 795 490 863 ipsa
535 788 850 859 Epiphania,
895 786 1122 852 ideoque
1164 783 1253 837 hic
1295 779 1584 837 scribimus
1627 776 1951 846 antiphonas

379 885 442 938 de
467 882 656 937 eodem
681 877 980 947 evangelio.

923 973 1150 1030 CAPUT
1187 972 1398 1029 XXVII.

485 1070 560 1124 De
591 1067 930 1139 responsoriis
965 1065 1054 1134 qui
1089 1081 1120 1117 a
1150 1062 1412 1117 Psalterio
1441 1068 1563 1114 sunt
1591 1057 1841 1128 excerpti.

449 1163 524 1216 De
552 1159 911 1230 responsoriis
929 1157 1266 1211 Psalmorum
1292 1170 1400 1209 non
1429 1153 1588 1207 debet
1616 1164 1714 1206 nos
1743 1151 1947 1220 pigere,

379 1269 554 1323 neque
587 1252 926 1306 audientibus
959 1247 1234 1303 fastidium
1282 1246 1422 1310 fore,
1451 1246 1496 1300 si
1525 1259 1619 1298 eos
1647 1243 1950 1297 recitavero

380 1347 434 1400 in
462 1361 560 1400 suo
600 1345 807 1398 ordine.
839 1340 1179 1396 Manifestum
1207 1347 1290 1393 est
1331 1339 1473 1408 quod
1505 1336 1790 1405 castigatio
1832 1349 1953 1388 cor-

380 1435 529 1504 poris
557 1449 652 1503 per
682 1431 964 1502 jejunium,
1001 1439 1056 1484 et
1105 1429 1409 1483 humiliatio
1439 1426 1660 1490 mentis,
1706 1433 1760 1477 et
1800 1434 1952 1477 amor

380 1526 584 1580 Christi
625 1525 877 1580 excludat
907 1521 1175 1578 diabolum
1219 1521 1286 1573 de
1327 1517 1570 1589 peribolo
1600 1524 1803 1572 sanctae
1849 1515 1952 1570 Ec-

382 1614 580 1670 clesiae.
608 1614 868 1667 Exclusus
909 1619 991 1666 est
1020 1608 1265 1664 diabolus
1306 1615 1432 1662 ante
1475 1605 1813 1660 nativitatem
1847 1603 1952 1657 Do-

382 1708 516 1763 mini
551 1723 648 1776 per
675 1708 789 1760 haec
814 1702 1120 1767 obstacula;
1160 1700 1463 1755 excluditur
1485 1705 1541 1753 et
1567 1707 1806 1766 tempore
1852 1712 1951 1749 na-

1402 305 1734 363 ΑΜΑιΑωι
1773 301 2186 361 PRESBYTER
2224 298 2566 357 METENSIS

1976 418 2026 477 Α
2054 427 2212 467 mana
2239 421 2295 467 et
2313 412 2550 482 genuino
2573 425 2676 466 usu
2703 408 2996 466 declinavit
3031 409 3100 464 ad
3127 423 3316 464 curam
3343 419 3400 464 et
3425 409 3633 465 sollici-

3497 295 3633 353 £380

2051 503 2292 558 tudinem
2317 511 2372 557 et
2396 501 2640 556 laetitiam
2670 501 2900 556 ventris.
2936 499 3136 555 Contra
3167 501 3274 555 hoc
3291 508 3513 569 oportet
3536 515 3635 557 nos

2048 609 2306 665 pugnare,
2336 601 2391 648 et
2429 593 2550 647 ideo
2582 592 2986 661 subsequuntur
3031 590 3364 660 responsorii
3393 591 3463 644 de
3491 590 3638 660 psal-

2051 687 2172 748 mis,
2203 687 2296 754 qui
2343 683 2626 739 continent
2675 683 2730 736 in
2780 697 2840 737 se
2871 682 3162 751 plurimam
3196 681 3532 744 orationem,
3584 689 3640 734 et

2050 777 2251 832 habent
2287 776 2504 830 initium
2532 790 2562 828 a
2592 773 2803 845 psalmo
2827 775 3004 843 primo
3032 774 3414 843 paenitentum,
3445 774 3498 827 id
3528 783 3634 837 est,

2052 868 2292 934 Domine,
2333 885 2394 922 ne
2436 869 2493 922 in
2518 868 2598 920 ira
2628 876 2718 920 tua
2748 881 2944 936 arguas
2974 881 3073 918 me.
3112 865 3178 919 Et
3206 865 3403 918 iterum
3435 883 3448 916 :
3476 864 3642 919 Tem-

2049 975 2150 1031 pus
2185 960 2330 1014 enim
2352 973 2614 1028 praesens,
2643 956 2695 1011 id
2720 964 2823 1023 est,
2857 971 2888 1010 a
2917 954 3214 1011 festivitate
3245 955 3634 1024 Theophaniae,

2051 1065 2224 1120 usque
2255 1049 2309 1102 in
2339 1048 2810 1119 septuagesimam,
2844 1045 3034 1101 recolit
3075 1045 3418 1101 devotionem
3454 1053 3510 1100 et
3536 1047 3641 1098 mi-

2051 1141 2334 1196 nisterium
2381 1139 2798 1210 praedicatorum
2857 1153 2888 1190 a
2935 1137 3127 1206 primis
3179 1135 3638 1205 praedicatoribus

2051 1231 2326 1294 Ecclesia},
2384 1246 2554 1301 usque
2600 1231 2668 1284 ad
2717 1229 3045 1284 novissimos
3097 1227 3230 1282 Novi
3276 1226 3641 1281 Testamenti.

2051 1322 2286 1391 Idipsum
2320 1321 2598 1375 insinuant
2629 1319 2785 1374 nobis
2813 1319 3056 1387 epistola:
3093 1317 3287 1373 summi
3315 1318 3646 1386 pmdicato—

2054 1415 2129 1469 ris
2165 1413 2316 1468 Pauli
2347 1429 2467 1483 quae
2493 1413 2682 1468 eodem
2711 1419 2956 1481 tempore
2997 1411 3269 1480 leguntur.
3303 1410 3648 1464 Praedicato-

2055 1504 2205 1558 ribus
2237 1503 2386 1556 enim
2414 1502 2665 1572 congruit
2695 1502 2891 1566 oratio,
2934 1508 2994 1554 ut
3032 1508 3276 1568 apertum
3299 1498 3505 1554 ostium
3540 1499 3650 1553 hac

2051 1595 2144 1650 bet
2185 1593 2499 1663 praedicatio
2545 1608 2752 1648 eorum.
2805 1593 2883 1646 De
2931 1591 3124 1646 ordine
3163 1591 3498 1660 psalmorum
3547 1605 3653 1660 per

2049 1698 2367 1740 communes
2405 1682 2716 1738 Dominicas
2758 1690 2948 1737 noctes
2989 1690 3045 1736 et
3083 1680 3250 1736 ferias
3296 1683 3352 1735 in
3397 1682 3649 1735 ἀίω-ιηὶὶ

641 1759 840 1850 Christi
869 1810 965 1864 per
1003 1759 1172 1863 ipsam
1209 1790 1409 1846 Christi
1445 1759 1806 1860 prmsentiam.
1835 1785 1955 1840 Tri-
1981 1759 2029 1819 Β
2054 1774 2236 1832 οῖῧοίο
2267 1783 2324 1828 ει
2348 1775 2403 1828 in
2432 1773 2758 1838 nocwmali.
2787 1773 2982 1843 scripsi
3027 1773 3080 1826 in
3121 1771 3302 1827 libello
3329 1770 3572 1826 olliciali.

384 1897 560 1944 statur
589 1887 856 1950 diabolus,
880 1886 1006 1955 quia
1033 1884 1284 1938 exclusus
1305 1890 1416 1945 est;
1441 1880 1658 1934 Iactatur
1687 1876 1954 1941 Ecclesia,

385 1978 512 2048 quia
539 1977 785 2032 Christus
817 1976 1039 2028 intravit
1070 1975 1122 2028 in
1148 1973 1427 2027 mundum.
1466 1970 1558 2026 Sic
1584 1970 1728 2044 enim
1759 1967 1959 2023 cecinit

388 2071 612 2142 angelus
659 2068 969 2139 pastoribus
1016 2085 1028 2120 :
1072 2065 1208 2119 Ecce
1266 2063 1404 2117 enim
1468 2059 1765 2130 evangelizo
1813 2058 1958 2112 vobis

387 2163 637 2233 gaudium
665 2176 931 2230 magnum,
962 2159 1085 2230 quia
1117 2166 1274 2212 natus
1303 2165 1378 2210 est
1423 2154 1564 2209 vobis
1592 2153 1746 2207 hodie
1777 2151 1961 2207 Salva-

388 2265 488 2308 tor.
522 2253 596 2308 De
621 2266 752 2323 pace
777 2249 1031 2306 Ecclesiae
1076 2248 1322 2302 tristatur
1350 2244 1618 2310 diabolus,
1645 2242 1960 2314 angelorum

387 2347 590 2401 chorus
611 2342 892 2414 gaudendo
931 2341 1099 2405 canit,
1123 2336 1305 2393 Gloria
1341 2339 1398 2393 in
1442 2336 1713 2391 altissimis
1744 2335 1874 2397 Deo,
1911 2342 1960 2387 et

387 2438 442 2491 in
469 2445 609 2490 terra
633 2450 738 2504 pax
759 2432 1055 2486 hominibus
1094 2430 1242 2484 bona:
1271 2427 1573 2484 voluntatis.
1611 2427 1813 2482 Omnes
1838 2439 1965 2479 san-

387 2526 459 2582 cti
506 2527 799 2581 admonent
851 2521 1174 2585 Ecclesiam,
1233 2527 1292 2574 ut
1325 2519 1561 2590 gaudeat
1607 2517 1662 2572 in
1709 2513 1962 2586 praesenti

387 2617 700 2680 festivitate,
741 2630 901 2686 quam
927 2613 1204 2684 celebrant
1233 2611 1585 2675 solemniter;
1618 2609 1760 2664 sicut
1796 2621 1963 2677 ange-

389 2710 472 2765 lus
501 2708 809 2779 pastoribus
833 2705 1054 2770 cecinit,
1079 2711 1139 2758 ut
1168 2703 1467 2774 gauderent
1487 2702 1554 2755 de
1578 2699 1809 2755 videndo
1834 2713 1964 2753 ocu-

387 2801 455 2857 lis
494 2798 770 2869 corporeis
815 2804 941 2851 nato
983 2794 1281 2849 Salvatore.
1325 2793 1407 2848 Ex
1455 2793 1652 2862 quibus
1697 2804 1857 2856 unus,
1909 2789 1964 2844 id

389 2899 495 2952 est,
527 2888 822 2959 Gregorius
867 2885 1263 2948 Nazianzenus,
1297 2883 1542 2939 ordinem
1567 2880 1748 2952 gaudii
1783 2878 1838 2934 in
1867 2878 1966 2933 ho-

389 2979 537 3034 milia
561 2978 627 3033 de
649 2976 900 3033 secundis
923 2974 1240 3044 Epiphaniis
1261 2971 1502 3044 exponit.
1531 2970 1664 3036 Nos,
1689 2969 1960 3040 inquiens,

388 3069 722 3125 exsultemus
753 3068 806 3121 in
833 3065 1032 3121 Christi
1070 3064 1357 3133 baptismo,
1381 3070 1437 3118 et
1461 3063 1604 3118 diem
1647 3060 1844 3117 festum
1873 3076 1964 3116 ce-

2609 1887 2836 1944 CAPUT
2871 1887 3104 1943 XXVIII.

2477 1958 2556 2013 De
2583 1960 2749 2030 oﬁicio
2775 1961 2946 2013 sancti
2974 1959 3235 2013 Marcelli.

2128 2052 2206 2106 De
2244 2058 2435 2107 sancto
2491 2050 2744 2105 Marcello
2791 2066 2959 2105 unum
3005 2053 3415 2123 responsorium
3464 2055 3655 2124 reperi

2059 2143 2114 2198 i'n
2145 2142 2390 2198 Romano
2431 2140 2850 2211 Antiphonario,
2881 2143 2934 2197 id
2973 2152 3078 2207 est,
3135 2142 3240 2197 Hic
3277 2151 3358 2198 est
3387 2161 3509 2198 vere
3559 2147 3655 2213 fa—

2059 2232 2237 2286 mulus
2270 2231 2390 2286 Dei.
2422 2229 2525 2298 Qui
2562 2231 2942 2301 responsorius
2985 2241 3244 2287 cantatur
3279 2248 3424 2303 saepe
3469 2235 3526 2287 in
3573 2233 3657 2288 fe-

2061 2320 2390 2376 stivitatibus
2413 2328 2736 2376 ceterorum
2764 2336 3101 2377 summorum
3129 2322 3468 2392 pontiﬁcum.
3496 2322 3556 2376 In
3585 2339 3658 2378 eo

2062 2410 2183 2466 loco
2211 2410 2303 2467 ubi
2336 2409 2592 2466 Metensis
2619 2410 3050 2482 Antiphonarius
3095 2413 3281 2479 habet,
3317 2413 3552 2485 Ideoque
3594 2417 3654 2469 in

2061 2503 2234 2558 stadio
2257 2504 2458 2573 positus
2481 2517 2500 2555 :
2531 2503 2586 2558 in
2614 2503 2860 2559 Romano
2887 2519 3016 2559 vero
3056 2505 3384 2569 continetur,
3415 2506 3659 2577 ideoque

2063 2596 2120 2650 in
2145 2595 2398 2651 oratione
2422 2596 2654 2666 positus.
2695 2594 2904 2667 Legens
2928 2611 3062 2668 ergo
3106 2611 3414 2652 sermonem
3469 2599 3652 2653 sancti

2062 2687 2350 2760 Augustini
2388 2690 2456 2745 de
2489 2691 2837 2756 Ptnnitentia,
2879 2691 3083 2757 inveni,
3112 2688 3334 2747 Sanctus
3373 2693 3430 2748 in
3479 2694 3655 2748 stadio

2064 2783 2284 2855 positos.
2309 2782 2495 2852 Itaque
2533 2798 2640 2838 non
2682 2782 2886 2836 mutavi
2909 2782 3031 2847 hoc,
3059 2783 3205 2852 quod
3225 2784 3431 2839 dudum
3459 2794 3655 2841 nostra

2066 2873 2309 2930 Ecclesia
2338 2865 2504 2943 coepit
2532 2889 2749 2938 canere,
2777 2874 2831 2928 id
2855 2883 2959 2939 est,
2986 2873 3215 2946 Ideoque
3233 2876 3289 2928 in
3311 2876 3492 2930 stadio
3513 2880 3659 2948 posi-

2067 2972 2172 3028 tus,
2218 2963 2433 3018 Domini
2461 2963 2590 3018 Iesu
2633 2962 2830 3018 Christi
2863 2965 3131 3034 confessor
3163 2964 3390 3021 effectus
3424 2977 3534 3022 est.
3586 2968 3662 3024 Ut

2067 3055 2216 3109 enim
2255 3055 2520 3125 scriptum
2567 3054 2766 3124 reperi,
2809 3055 2883 3108 ita
2922 3055 3102 3110 scribo
3137 3055 3228 3110 hic
3272 3073 3286 3108 :
3334 3065 3656 3126 utrumque,

388 3158 681 3223 lebremus,
713 3174 820 3213 non
845 3156 1020 3210 ventri
1049 3154 1404 3225 indulgentes,
1440 3152 1534 3208 sed
1565 3152 1758 3224 spiritu
1784 3152 1964 3208 exsul—
1990 3133 2035 3195 Ο
2067 3149 2264 3217 inquit,
2308 3148 2593 3204 verissime
2619 3148 2884 3218 scriptum
2910 3156 3013 3205 est.
3046 3149 3115 3203 Et
3155 3149 3247 3220 qui
3280 3159 3435 3205 natus
3461 3159 3545 3204 est
3589 3167 3659 3204 ea:

389 3258 587 3305 tantes.
623 3251 698 3305 De
729 3264 833 3319 qua
864 3263 923 3302 re
947 3247 1166 3318 quidam
1201 3245 1457 3315 magister
1485 3241 1796 3300 Graecorum
1832 3242 1963 3297 dicit

390 3341 444 3395 iu
475 3339 695 3396 humilia
725 3337 962 3392 secunda
985 3351 1146 3406 super
1171 3335 1370 3390 librum
1403 3332 1764 3389 Numerorum
1792 3352 1805 3387 :
1833 3335 1966 3389 Pau-

389 3428 474 3483 lus
503 3428 648 3491 dicit,
681 3426 872 3481 Omnia
899 3427 1110 3482 honeste
1137 3435 1187 3480 et
1216 3425 1502 3481 secundum
1539 3425 1777 3480 ordinem
1807 3426 1958 3495 ﬁant.

392 3519 592 3573 Paulus
621 3533 751 3572 vero
778 3526 1035 3587 tanquam
1066 3516 1344 3586 Evangelii
1376 3516 1627 3571 minister
1647 3531 1756 3570 non
1786 3515 1961 3571 solum

393 3613 447 3665 in
475 3611 708 3675 actibus,
750 3610 845 3664 sed
876 3609 930 3663 in
973 3610 1090 3679 ipso
1131 3610 1317 3664 habitu
1361 3610 1668 3665 ordinatum
1693 3609 1810 3662 vult
1844 3622 1966 3664 esse

390 3704 781 3759 Christianum.
811 3702 874 3757 Et
918 3701 1079 3771 paulo
1117 3709 1272 3772 post:
1303 3700 1683 3771 Unusquisque
1720 3709 1964 3756 nostrum

394 3795 439 3850 si
466 3795 532 3848 de
555 3793 678 3848 cibo
701 3800 757 3846 et
795 3801 924 3860 potu
953 3792 1216 3847 sollicitus
1253 3791 1347 3856 sit,
1374 3797 1432 3848 et
1454 3805 1671 3846 omnem
1698 3805 1884 3845 curam
1910 3791 1967 3846 in

395 3885 558 3936 rebus
593 3881 941 3936 saecularibus
967 3889 1138 3951 gerat,
1172 3898 1335 3936 unam
1358 3897 1491 3937 vero
1517 3888 1612 3936 aut
1643 3881 1780 3938 duas
1803 3883 1968 3938 horas

393 3988 460 4028 ex
490 3974 699 4042 integro
741 3971 826 4026 die
852 3972 1016 4025 etiam
1057 3971 1168 4026 Deo
1196 3971 1437 4040 deputet,
1466 3980 1521 4025 et
1559 3971 1629 4026 ad
1665 3971 1967 4028 orationem

397 4062 580 4117 veniat
602 4060 656 4114 in
687 4059 1000 4125 ecclesiam,
1039 4060 1125 4114 vel
1149 4060 1204 4114 in
1237 4060 1467 4114 transitu
1493 4060 1718 4118 verbum
1748 4063 1845 4116 Dei
1875 4077 1970 4116 au-

396 4153 527 4218 diat,
559 4151 884 4222 praecipuam
912 4166 1038 4205 vero
1062 4167 1248 4206 curam
1273 4166 1402 4221 erga
1430 4150 1848 4207 sollicitudinem
1869 4168 1970 4208 sm-

395 4240 500 4295 culi
535 4249 590 4294 et
633 4241 836 4296 ventris
865 4243 1172 4309 expendat:
1200 4242 1304 4297 istc
1340 4257 1448 4298 non
1483 4243 1719 4313 complet
1748 4245 1970 4299 manda-

398 4340 508 4385 tum
532 4331 675 4400 quod
722 4331 850 4385 dicit
891 4341 952 4385 ut
989 4331 1151 4386 homo
1193 4333 1486 4388 secundum
1525 4335 1772 4389 ordinem
1811 4350 1968 4390 suum

398 4421 630 4476 incedat.
678 4419 967 4490 Hucusque
1004 4423 1260 4493 magister
1304 4423 1638 4480 Graecorum.
1665 4425 1968 4498 Transgre-

397 4511 592 4566 diendo
620 4527 858 4583 praesens
885 4513 1198 4566 mandatum
1229 4513 1494 4584 plerique,
1534 4516 1834 4572 insistendo
1855 4530 1970 4572 ser-

397 4601 529 4655 vitio
566 4605 794 4669 ventris,
820 4602 1137 4672 delinquunt
1174 4603 1226 4658 in
1257 4602 1470 4660 festivis
1494 4606 1686 4661 diebus
1707 4604 1972 4660 Nativita-

397 4692 468 4745 tis
495 4701 550 4746 et
581 4694 891 4764 Epiphaniae
917 4694 1150 4749 Domini.
1189 4696 1440 4752 Diabolus
1467 4709 1681 4766 semper
1705 4704 1790 4750 est
1807 4710 1972 4765 para-

400 4790 510 4847 tus,
536 4790 596 4836 ut
625 4785 909 4840 recedente
935 4799 1226 4855 parumper
1248 4795 1486 4855 pastore,
1515 4802 1672 4841 ovem
1698 4786 1876 4855 rapiat
1893 4787 1975 4841 in-

400 4880 635 4926 cautam.
681 4873 964 4930 Credimus
1009 4877 1155 4930 enitn
1195 4875 1471 4930 Christum
1514 4890 1727 4946 semper
1757 4877 1970 4944 adesse,

401 4963 492 5017 ubi
523 4965 628 5019 duo
655 4964 738 5018 vel
765 4974 874 5020 tres
910 4969 1220 5039 congregati
1246 4965 1448 5021 fuerint
1479 4967 1534 5024 in
1564 4968 1780 5024 nomine
1808 4967 1926 5038 ejus
1952 4987 1968 5025 :

401 5056 476 5110 ita
513 5064 568 5110 et
597 5056 650 5110 iu
680 5057 918 5111 Ecclesia
965 5074 1060 5126 per
1100 5068 1428 5115 memoratas
1465 5059 1808 5125 festivitates,
1851 5077 1972 5132 qua:

400 5149 467 5203 de
492 5163 591 5202 suo
617 5148 849 5202 adventu
885 5148 1115 5208 laetatur.
1145 5150 1373 5216 Idcirco,
1405 5165 1471 5206 eo
1497 5152 1641 5220 quod
1674 5152 1861 5206 laetitia
1889 5160 1974 5208 est

400 5248 647 5310 suscepta
690 5238 1038 5293 festivitatum
1080 5240 1133 5292 in
1172 5243 1390 5297 nomine
1439 5258 1538 5298 suo
1582 5244 1851 5314 praecipue
1895 5245 1972 5312 id,

402 5337 533 5404 ipsis
560 5335 897 5404 praecinente
913 5333 1122 5403 angelo,
1156 5334 1392 5389 Christus
1417 5347 1492 5390 est
1527 5338 1583 5391 in
1623 5339 1847 5392 circuitu
1881 5355 1975 5408 po-

403 5427 512 5497 puli
549 5429 649 5491 sui,
684 5437 734 5481 et
783 5427 1006 5481 custodit
1037 5444 1174 5481 eum.
1209 5426 1620 5485 Festivitatibus
1663 5430 1972 5498 celebratis,

405 5533 626 5574 necesse
666 5526 750 5573 est
775 5525 835 5572 ut
877 5518 1115 5574 Ecclesia
1145 5534 1333 5573 curam
1383 5521 1464 5574 sui
1507 5521 1762 5576 adhibeat
1803 5523 1974 5578 altero

406 5605 588 5668 modo,
625 5607 740 5661 sive
767 5607 892 5676 quia
939 5609 998 5666 in
1039 5609 1473 5680 peregrinatione
1509 5620 1595 5666 est
1635 5611 1841 5678 adhuc;
1877 5628 1972 5668 seu

406 5693 529 5760 quia
563 5693 616 5747 in
638 5695 826 5752 diebus
848 5697 1053 5754 festivis
1075 5701 1318 5770 spiritum
1345 5701 1525 5773 gaudii
1556 5700 1847 5774 fragilitate
1876 5703 1974 5758 hu-

2064 3237 2176 3292 Deo
2212 3254 2316 3293 non
2340 3248 2538 3309 peccat,
2563 3247 2620 3294 et
2658 3239 2801 3310 quod
2852 3240 2909 3294 in
2935 3239 3126 3296 eadem
3175 3237 3400 3296 Joannis
3421 3240 3658 3312 epistola

2062 3330 2315 3402 legimus,
2364 3329 2424 3385 Si
2443 3331 2737 3385 dixerimus
2766 3331 2891 3403 quia
2928 3341 3196 3404 peccatum
3233 3349 3339 3386 non
3377 3334 3657 3398 habemus,

2064 3423 2408 3492 nosmetipsos
2450 3421 2770 3487 seducimur,
2807 3433 2857 3477 et
2899 3425 3089 3478 veritas
3114 3425 3169 3478 in
3200 3425 3350 3479 nobis
3392 3441 3502 3479 non
3531 3435 3655 3480 est:

2063 3512 2200 3570 Illud
2227 3515 2373 3569 enim
2404 3529 2471 3570 ex
2522 3515 2779 3584 primitiis
2807 3515 2933 3571 novi
2961 3516 3232 3584 hominis,
3282 3519 3385 3572 hoc
3411 3530 3483 3572 ex
3525 3516 3656 3572 reli-

2066 3606 2187 3677 quis
2223 3605 2424 3661 veteris
2455 3606 2658 3661 dictum
2689 3615 2791 3661 est.
2833 3606 3138 3677 Utrumque
3175 3607 3321 3661 enim
3357 3608 3572 3678 agimus
3598 3607 3655 3660 in

2066 3699 2170 3752 hac
2195 3697 2325 3751 vita.
2356 3697 2625 3752 Paulatim
2663 3706 2843 3752 autem
2878 3698 3092 3753 novitas
3117 3699 3350 3764 accedit,
3381 3709 3438 3752 et
3467 3700 3659 3768 paula-

2069 3789 2166 3843 tim
2192 3796 2464 3845 vetustate
2489 3789 2715 3844 cedente
2741 3788 3004 3844 succedit.
3035 3788 3170 3844 Cum
3193 3804 3326 3844 vero
3356 3797 3655 3860 utrumque

2069 3881 2269 3951 agitur,
2299 3881 2355 3934 in
2394 3879 2569 3935 stadio
2598 3893 2804 3935 sumus.
2830 3879 2889 3933 In
2927 3881 3181 3949 prmsenti
3209 3881 3563 3950 responsorio
3589 3883 3659 3937 de

2068 3970 2365 4027 festivitate
2407 3970 2580 4026 sancti
2624 3969 2864 4024 Marcelli
2909 3970 3226 4026 inscribitur
3274 3970 3556 4043 [Ideoque
3602 3974 3660 4024 in

2069 4063 2277 4117 stabulo
2310 4062 2558 4136 positus].
2594 4061 2774 4129 Quare
2819 4063 3200 4133 responsorius
3255 4061 3384 4135 [Hic
3426 4073 3507 4118 est
3547 4080 3661 4118 rere

2071 4152 2305 4222 famulus
2349 4153 2492 4219 Dei].
2547 4154 2649 4208 hoc
2682 4153 2965 4224 proprium
3016 4155 3217 4209 habeat
3259 4155 3312 4208 in
3360 4153 3664 4211 festivitate

2071 4244 2245 4298 sancti
2297 4243 2559 4309 Marcelli,
2611 4229 2851 4299 scribam
2902 4260 2971 4300 ex
3010 4246 3193 4301 verbis
3223 4246 3427 4300 domini
3471 4247 3660 4312 Beda,

2071 4349 2192 4405 quae
2227 4335 2500 4405 excerpsit
2552 4335 2621 4390 de
2649 4337 2771 4390 Vita
2810 4338 2982 4392 sancti
3017 4338 3255 4394 Marcelli
3293 4339 3348 4393 in
3388 4338 3661 4411 Martyro—

2072 4426 2213 4498 logio
2251 4441 2351 4481 suo
2379 4443 2393 4480 :
2440 4426 2660 4482 Decimo
2688 4429 2918 4498 septimo
2945 4427 3214 4484 Kalendas
3242 4428 3536 4485 Februarii
3564 4446 3660 4485 na.

2078 4517 2182 4571 tale
2231 4518 2405 4572 sancti
2455 4517 2691 4572 Marcelli
2722 4533 2891 4588 papae,
2943 4520 3033 4588 qui
3078 4517 3303 4586 iubente
3352 4519 3658 4576 Maximino

2077 4607 2394 4681 [Maxentio]
2435 4609 2762 4678 imperatore
2797 4610 2972 4679 primo
3011 4609 3241 4665 fustibus
3277 4626 3452 4666 caesus
3476 4653 3492 4675 ,
3533 4621 3590 4666 et
3624 4627 3656 4666 a

2074 4700 2213 4757 facie
2249 4700 2366 4770 ejus
2402 4716 2562 4772 quem
2601 4701 2948 4771 corripiebat,
2989 4701 3242 4772 expulsus
3300 4711 3403 4757 est.
3442 4703 3658 4758 Deinde

2075 4793 2305 4849 audiens
2341 4793 2484 4865 quod
2541 4793 2757 4848 domum
2795 4802 3000 4849 sanctae
3036 4793 3252 4849 Lucinae
3276 4835 3292 4860 ,
3333 4813 3496 4866 quam
3541 4801 3659 4870 ipse

2074 4878 2427 4940 daninaverat
2461 4883 2889 4954 proscriptione,
2917 4900 2981 4941 eo
3018 4885 3162 4954 quod
3198 4886 3264 4941 de
3301 4885 3659 4944 facultatibus

2076 4976 2190 5032 suis
2227 4975 2552 5030 Christianis
2589 4975 2909 5040 donaverit,
2958 4976 3244 5032 ecclesiam
3283 4975 3530 5044 faceret,
3579 4988 3660 5032 at-

2076 5082 2180 5137 que
2244 5067 2298 5121 in
2337 5083 2402 5122 ea
2435 5066 2658 5120 missam
2717 5066 3049 5134 celebraret,
3099 5069 3155 5122 in
3201 5069 3377 5125 media
3427 5070 3659 5126 civitate

2068 5161 2246 5233 jussit:
2282 5159 2336 5214 in
2374 5161 2562 5215 eadem
2619 5159 2849 5214 ecclesia
2895 5156 3120 5230 plancas
3168 5162 3375 5217 exstrui
3428 5165 3497 5217 ad
3543 5167 3659 5220 ani-

2077 5250 2237 5305 malia
2269 5249 2462 5305 stabuli
2511 5249 2712 5318 publici
2747 5290 2762 5314 ,
2801 5251 3152 5318 etieumdem
3190 5251 3403 5306 stabulo
3441 5255 3658 5323 episco—

2077 5356 2203 5412 pum
2226 5341 2295 5396 ad
2334 5340 2614 5396 servitium
2649 5341 2961 5395 animalium
2996 5341 3272 5410 deputavit
3310 5357 3435 5398 cum
3472 5353 3656 5399 custo-

2079 5431 2165 5486 dia
2203 5430 2440 5500 publica.
2479 5429 2644 5484 Multa
2682 5429 2856 5486 cilicia
2895 5441 3208 5487 sanctorum
3244 5433 3414 5488 indidi
3463 5435 3519 5488 in
3559 5450 3656 5490 no—

2077 5530 2192 5574 stro
2248 5520 2640 5590 Antiphonario
2694 5535 2760 5575 ex
2821 5521 3096 5588 Romano,
3160 5539 3280 5594 qua:
3331 5540 3441 5578 non
3488 5526 3651 5580 habet

2077 5611 2330 5666 Metensis
2383 5612 2824 5680 Antiphonarius.
2884 5611 3125 5683 Cogitavi
3175 5630 3273 5669 cur
3314 5627 3377 5668 ea
3434 5616 3652 5670 omitte-

2077 5715 2214 5766 rcm,
2280 5716 2402 5758 cum
2463 5703 2651 5758 eadem
2710 5703 3031 5758 auctoritate
3077 5701 3407 5771 fulciantur',
3447 5720 3552 5776 qua
3591 5713 3650 5760 et
