4000 6178
380 277 508 333 1‘38!

1406 270 1603 325 LIBER
1629 271 1727 326 BE
1763 270 2018 327 OﬂDlNE
2057 268 2567 326 ANTIPHO-NAR".

3497 277 3637 333 1282

381 389 470 443 illa
495 425 512 453 ,
569 401 690 455 qua:
727 383 926 453 scripta
986 381 1287 437 invenimus
1329 383 1381 435 in
1431 380 1655 436 Metensi
1692 381 1958 452 Antipho-
1988 391 2029 447 Α
2061 381 2187 434 lam.
2242 381 2477 436 llistoria
2506 381 2650 436 enim
2681 382 2820 437 unde
2870 398 3108 452 prmscns
3138 386 3516 457 reSponsorius
3553 406 3638 446 as—

377 477 567 542 nario,
607 474 816 529 scilicet
851 482 1052 528 sancte
1088 473 1278 527 matris
1317 483 1518 527 nostra:
1553 472 1816 526 Romanae
1854 473 1958 527 Ec-

378 569 578 625 clesiae.
618 566 938 621 Addidimus
975 565 1140 620 etiam
1180 581 1394 636 pauca,
1434 580 1555 634 quze
1594 573 1782 619 nostra
1808 565 1958 635 regio

380 661 495 718 sola
530 657 809 722 continet,
846 664 908 710 ut
944 666 1071 710 sunt
1123 656 1438 726 antiphonte
1498 655 1565 709 de
1601 661 1793 708 sancto
1844 652 1956 708 Me-

381 752 552 806 dardo
575 789 591 813 ,
627 755 682 802 et
719 748 786 802 de
821 755 1009 802 sancto
1044 745 1316 800 Mauritio.
1352 744 1593 813 Utraque
1633 744 1779 799 enim
1815 743 1961 798 desi-

379 850 618 913 gnantur
653 854 720 894 ex
759 839 928 909 signis
963 837 1292 909 przescriptis
1329 837 1383 891 in
1421 836 1646 908 prologo
1695 835 1964 905 Antipho-

383 932 546 987 uarii.

946 997 1174 1054 CAPUT
1209 996 1403 1052 XXIX.

924 1140 930 1145 .
999 1089 1077 1144 De
1113 1091 1338 1150 tinctura.

455 1204 598 1260 Olim
635 1202 852 1272 quando
901 1202 1047 1258 solus
1089 1203 1518 1272 Antiphonarius
1555 1201 1812 1258 Metensis
1845 1207 1966 1256 erat

386 1294 522 1349 mihi
561 1300 760 1358 notus,
799 1293 855 1346 in
891 1308 1000 1362 quo
1037 1293 1215 1362 reperi
1253 1294 1582 1364 antiphonas
1619 1308 1782 1371 super
1823 1291 1967 1362 psal-

388 1398 508 1438 mos
562 1382 911 1437 nocturnales
949 1383 1016 1437 de
1063 1384 1444 1439 communibus
1501 1384 1802 1454 virginibus
1846 1399 1967 1453 qua:

390 1490 500 1530 non
536 1475 862 1530 videbantur
898 1474 1030 1528 mihi
1067 1489 1366 1544 congruere
1402 1473 1686 1530 festivitati
1716 1474 1967 1529 Praesen-

392 1567 610 1622 tationis
637 1565 848 1622 Domini
885 1567 940 1620 in
978 1565 1200 1634 templo,
1230 1565 1370 1636 οωρί
1402 1566 1681 1636 inquirere
1719 1567 1970 1634 antipho—

392 1676 490 1715 nas
528 1662 594 1716 de
629 1659 858 1714 diversis
895 1658 1060 1723 locis,
1101 1673 1223 1728 quae
1261 1667 1625 1729 congruerent
1657 1665 1969 1712 memoratae

2058 479 2304 538 sumptus
2329 478 2433 535 est,
2463 470 2621 525 docet
2645 471 2733 525 cui
2761 471 2837 526 rei
2879 474 3200 542 respondeat
3234 490 3462 543 persona
3513 494 3640 547 pro-

2059 561 2314 616 nominis.
2342 562 2419 616 lta
2444 562 2585 616 enim
2613 561 2704 615 illa
2727 562 2988 631 scriptum
3015 573 3098 618 est
3127 582 3140 618 :
3173 564 3216 618 Ο
3240 583 3396 636 quam
3421 568 3640 637 pulchra

2059 661 2139 706 est
2167 663 2313 706 casta
2334 659 2600 723 generatio
2626 669 2744 707 cum
2775 654 3038 708 claritate.
3061 655 3385 712 Immortalis
3407 668 3481 712 est
3503 664 3641 714 enim

2061 743 2316 795 memoria
2355 741 2500 796 illius
2524 784 2538 809 ,
2581 745 2832 814 quoniam
2868 754 2913 797 et
2943 744 3083 814 apud
3111 745 3278 799 Deum
3305 757 3426 800 nota
3468 758 3566 813 est,
3593 759 3642 802 et

2062 829 2203 898 apud
2229 829 2463 885 homines
2487 847 2505 886 :
2532 849 2651 886 cum
2675 850 2905 904 prcesens
2948 844 3048 900 est,
3081 835 3356 890 imitantur
3379 837 3526 891 illam
3547 880 3560 903 ,
3593 849 3644 894 et

2063 918 2362 973 desiderant
2400 919 2548 974 illam
2591 939 2708 976 cum
2734 939 2788 976 se
2811 924 3141 992 subduxerit,
3171 937 3220 980 et
3258 928 3312 982 in
3339 940 3644 999 perpetuum

2064 1019 2314 1064 coronata
2369 1013 2681 1082 triumphat.
2735 1014 2880 1071 Ordo
2926 1019 3218 1073 verborum
3264 1029 3417 1076 ratus
3448 1030 3551 1088 est,
3597 1024 3644 1078 si

2065 1110 2408 1172 praeponatur
2432 1119 2627 1159 nomen
2657 1106 2728 1171 ei,
2754 1116 2807 1162 et
2840 1122 3176 1179 supponatur
3201 1123 3387 1183 postea
3413 1129 3648 1183 persona

2064 1191 2420 1260 pronominis.
2450 1192 2576 1248 ldeo
2621 1198 2886 1265 praeposui
2920 1199 2975 1252 in
3019 1209 3126 1255 lSlO
3151 1203 3340 1257 ordine
3361 1218 3648 1274 responso-

2068 1281 2228 1334 rium.
2265 1280 2527 1347 Alleluia,
2573 1300 2760 1339 nomen
2801 1286 2994 1341 bonum
3035 1290 3222 1345 melius
3264 1303 3338 1346 est
3366 1311 3523 1364 quam
3567 1297 3648 1350 di-

2067 1371 2204 1425 uitiw
2236 1372 2437 1438 multa,
2468 1382 2528 1428 ut
2553 1375 2772 1444 aliquod
2801 1393 2996 1433 nomen
3020 1383 3370 1450 praecederet,
3402 1387 3486 1440 cui
3515 1390 3646 1443 sub-

2069 1459 2311 1527 deretur,
2334 1463 2612 1517 imitantur
2627 1465 2794 1520 illam.
2825 1468 2902 1522 De
2928 1470 3032 1524 hoc
3056 1473 3273 1526 nomine
3295 1475 3437 1530 bono
3458 1478 3650 1533 scribit

2070 1553 2322 1608 dominus
2359 1554 2502 1610 Beda
2528 1556 2583 1610 in
2607 1560 2946 1628 expositione
2971 1578 3132 1633 super
3165 1566 3456 1624 Parabolas
3497 1571 3646 1627 Salo-

2071 1644 2285 1698 monis:
2315 1643 2519 1700 Nomen
2558 1663 2687 1716 ergo
2715 1647 2934 1715 bonum,
2981 1660 3064 1706 est
3104 1670 3298 1710 nomen
3330 1659 3606 1729 religionis
3633 1701 3648 1726 ,

368 1749 668 1804 .l‘estivitati
697 1788 713 1813 ,
748 1755 911 1817 atque
947 1761 1042 1802 eas
1080 1746 1223 1815 ccepi
1262 1761 1458 1801 canere
1505 1761 1628 1800 cum
1676 1746 1812 1801 meis
1854 1744 1969 1799 fra-

2080 1734 2218 1803 quod
2249 1734 2453 1790 divitiis
2483 1738 2847 1794 mundialibus
2869 1738 2991 1808 jure
3038 1743 3348 1810 praefertur.
3377 1747 3513 1802 Nam
3543 1751 3649 1805 etsi

393 1839 567 1893 tribus
608 1839 662 1892 in
701 1839 889 1892 choro.
934 1835 1130 1891 Postea
1187 1836 1365 1906 reperi
1408 1836 1462 1889 in
1526 1835 1770 1891 Romano
1817 1835 1971 1890 Anti-

394 1931 658 2001 phonario
693 1930 942 2001 praprias
965 1969 978 1994 ,
1021 1945 1158 1999 quas
1191 1938 1455 1999 utrasque
1492 1928 1647 1998 posui
1687 1929 1741 1981 in
1784 1937 1972 1986 nostro

396 2023 798 2093 antiphonario.
834 2021 892 2076 Si
920 2023 1043 2092 quis
1071 2029 1216 2076 tenet
1254 2020 1528 2076 Romanas
1551 2062 1565 2087 ,
1593 2028 1775 2075 cantet
1802 2019 1924 2074 illas
1953 2037 1966 2072 :

397 2117 442 2170 si
479 2115 601 2184 quis
639 2128 734 2168 eas
770 2127 880 2167 non
929 2112 1182 2176 tenuerit,
1221 2112 1404 2166 videat
1449 2111 1495 2166 si
1541 2112 1752 2181 possint
1795 2110 1972 2180 aptari

399 2208 450 2261 in
489 2204 601 2262 suis
637 2203 772 2259 locis
807 2217 942 2272 quas
975 2203 1190 2272 scripsi.
1228 2201 1623 2271 Responsorios
1670 2200 1862 2269 scripsi
1905 2213 1974 2254 ex

399 2295 642 2349 Romano
699 2291 1112 2362 antiphonario,
1175 2291 1354 2345 addidi
1408 2289 1534 2362 [Hic
1586 2291 1675 2360 qui
1729 2288 1973 2354 advenit,

397 2402 547 2440 nemo
585 2384 680 2440 scit
718 2399 906 2437 nomen
929 2382 1089 2455 ejus.]
1125 2381 1463 2452 Antiphonas
1509 2381 1563 2434 in
1586 2379 1870 2434 matutinis
1894 2378 1976 2432 di-

399 2491 556 2530 verso
602 2474 792 2529 ordine
828 2473 1036 2543 positas
1066 2473 1249 2526 inveni
1294 2473 1436 2526 inter
1475 2470 1775 2524 Metensem
1822 2467 1979 2521 Anti-

398 2565 722 2635 phOnarium
757 2572 813 2618 et
850 2563 1176 2618 Romanum.
1207 2562 1327 2632 lpse
1365 2562 1512 2615 enim
1552 2560 1786 2629 scriptus
1813 2566 1899 2612 cst
1920 2557 1974 2610 in

403 2664 589 2712 nostro
649 2653 1060 2722 Antiphonario.
1127 2653 1186 2706 ln
1248 2651 1486 2707 secundo
1542 2649 1732 2704 ordine
1784 2645 1977 2716 scripsi

401 2750 617 2806 easdem
661 2748 1016 2818 antiphonas,
1050 2745 1206 2816 juxta
1247 2745 1498 2802 ordinem
1531 2742 1772 2800 historiae
1800 2739 1979 2794 Evan-

403 2841 544 2913 gelii.

966 2909 1191 2967 CAPUT
1226 2908 1396 2964 XXX.

813 3003 887 3056 De
923 3003 1089 3072 ofﬁcio
1128 2999 1552 3070 Septuagesimaz.

2073 1823 2328 1878 mundum
2371 1825 2494 1894 quis
2548 1825 2852 1883 lucraretur
2898 1830 3232 1897 universum,
3275 1837 3471 1892 merito
3506 1840 3650 1894 hunc

2073 1921 2445 1969 contemneret
2472 1922 2701 1980 tantum,
2744 1927 2804 1971 ut
2850 1934 3046 1974 nomen
3089 1921 3206 1990 ejus
3235 1925 3564 1980 scriberetur
3593 1928 3651 1981 in

2073 2001 2212 2056 coelo
2259 2003 2520 2058 memoria
2563 2005 2705 2059 inter
2730 2007 2964 2078 angelos
2985 2018 3040 2063 et
3074 2011 3216 2066 inter
3241 2013 3488 2069 homines
3519 2031 3648 2070 san-

2075 2100 2191 2148 ctos
2223 2093 2484 2163 ﬁgeretur
2515 2105 2729 2166 aeterna
2776 2117 2789 2151 :
2829 2099 2943 2155 haec
2989 2109 3076 2155 est
3117 2105 3395 2171 generatio
3422 2107 3651 2176 pulchra

2075 2193 2131 2239 et
2163 2193 2332 2249 casta,
2368 2185 2524 2255 cujus
2552 2188 2812 2242 memoria
2845 2189 3034 2258 ﬁgitur
3067 2193 3208 2248 inter
3231 2195 3467 2266 angelos,
3499 2207 3554 2250 et
3573 2197 3654 2250 in-

2077 2284 2162 2331 ter
2189 2277 2438 2333 homines
2482 2288 2717 2333 sanctos.
2765 2281 2841 2334 De
2868 2282 2982 2351 ipsa
3009 2275 3356 2354 generatione
3397 2287 3530 2343 dicit
3569 2304 3654 2343 rc-

2077 2369 2413 2438 sponsorius,
2437 2369 2577 2422 Dum
2599 2382 2830 2440 prtes'ens
2859 2383 2956 2439 est,
2978 2375 3255 2431 imitantur
3277 2379 3448 2432 illam.
3469 2379 3652 2449 Usque

2078 2458 2147 2513 ad
2170 2468 2383 2515 noctem
2411 2459 2876 2534 Septuagesimam
2901 2465 3187 2522 videbatur
3214 2470 3370 2524 nobis
3398 2471 3541 2523 illam
3564 2472 3655 2524 ha-

2077 2549 2206 2604 bere
2248 2562 2599 2618 przeseutem,
2648 2554 2775 2622 quia
2824 2555 2970 2609 illam
3021 2555 3493 2626 frequentabamus
3529 2574 3653 2612 cum

2078 2642 2307 2697 Alleluia
2343 2659 2441 2714 per
2469 2645 2622 2714 plura
2661 2645 2832 2701 oilicia
2863 2662 2894 2700 a
2925 2647 3215 2703 Nativitate
3246 2650 3457 2704 Domini
3486 2665 3654 2720 usque

2080 2731 2148 2786 ad
2175 2731 2307 2787 illud
2337 2740 2564 2802 tempus.
2592 2733 2806 2789 Primus
2828 2737 3228 2806 responsorius,
3254 2736 3504 2802 Alleluia,
3541 2736 3656 2790 No-

2016 2830 2022 2836 '
2081 2839 2199 2877 men
2225 2822 2437 2889 bonum,
2471 2825 2550 2880 sic
2593 2827 2945 2896 praeponitur,
2989 2828 3146 2896 quasi
3185 2829 3394 2899 signum
3438 2829 3659 2899 aliquod

2084 2918 2138 2972 in
2179 2928 2363 2975 monte
2402 2921 2658 2990 positum,
2701 2925 2770 2979 ad
2807 2927 2951 2987 quod
2977 2926 3214 2982 viatores
3243 2936 3455 2998 oportet
3482 2929 3660 2984 inten-

2084 3009 2234 3064 dere.
2273 3009 2408 3064 Tota
2437 3010 2776 3068 intentio-est
2825 3015 2880 3068 in
2923 3016 3025 3070 ista
3053 3023 3211 3071 nocte
3248 3026 3550 3084 cantorum,
3599 3032 3660 3074 ut

473 3111 654 3169 Primo
698 3111 995 3167 notandum
1044 3117 1128 3164 est
1148 3148 1164 3174 ,
1195 3123 1428 3178 quorum
1473 3110 1752 3165 hominum
1803 3119 1980 3168 status
2009 3095 2052 3157 C
2085 3101 2431 3174 magniﬁcent
2461 3119 2655 3158 nomen
2684 3105 2931 3160 Alleluia.
2974 3106 3254 3164 Secundus
3284 3111 3660 3178 responsorius

405 3200 707 3256 celebratus
758 3202 828 3256 sit
871 3216 902 3254 a
943 3199 1226 3254 nativitate
1290 3199 1504 3254 Domini
1550 3215 1723 3270 usque
1771 3203 1826 3256 in
1883 3202 1983 3257 Se-

407 3294 824 3364 ptuagesimam,
853 3302 910 3346 et
936 3306 966 3345 a
1005 3290 1411 3360 Septuagesima
1452 3306 1622 3360 usque
1666 3292 1720 3346 in
1748 3293 1981 3347 mediam

406 3385 904 3455 Quadragesimam.
940 3381 1160 3437 Scilicet
1205 3381 1406 3436 Christi
1437 3382 1720 3451 generatio
1757 3391 1813 3436 et
1860 3398 1985 3437 san-

405 3482 616 3527 ctorum
657 3473 1074 3543 praedicatorum
1131 3471 1429 3527 liberalitas
1493 3471 1764 3527 celebrata
1817 3482 1901 3528 est
1951 3488 1984 3528 a

405 3561 692 3616 nativitate
735 3561 939 3616 Christi
980 3575 1153 3632 usque
1197 3562 1253 3617 in
1312 3560 1811 3632 Septuagesimam,
1855 3575 1911 3617 et
1953 3579 1985 3618 a

408 3652 818 3722 Septuagesima
878 3653 1154 3721 generatio
1209 3667 1396 3707 eorum
1435 3652 1528 3722 qui
1567 3652 1635 3708 de
1672 3654 1986 3722 captivitate

406 3743 612 3814 emergi
648 3742 992 3807 desiderant,
1051 3749 1106 3797 et
1141 3742 1207 3797 de
1248 3743 1514 3813 angustiis
1547 3744 1834 3813 praesentis
1894 3759 1988 3815 pe-

409 3835 792 3906 regrinationis
832 3833 1132 3903 usquedum
1177 3815 1375 3889 iterum
1419 3843 1740 3891 renascatur
1785 3835 1988 3891 Christi

410 3923 690 3995 generatio
729 3923 876 3978 circa
919 3922 1193 3992 paschalia
1250 3934 1612 3980 sacramenta.
1657 3925 1859 3981 Christi
1902 3940 1990 3996 ge-

413 4014 622 4069 neratio
643 4021 699 4067 et
725 4028 946 4067 suorum
969 4014 1381 4082 praedicatorum
1409 4015 1722 4082 liberalitas,
1753 4017 1989 4072 maxima

410 4119 477 4159 ex
507 4111 662 4174 parte
705 4103 956 4174 migravit
1005 4103 1072 4158 de
1121 4105 1372 4174 praesenti
1414 4105 1612 4161 saeculo
1641 4146 1655 4172 ,
1696 4114 1755 4160 ut
1803 4116 1990 4176 regnet

413 4210 537 4249 cum
573 4194 777 4264 angelis
812 4209 994 4250 coram
1033 4194 1162 4248 Deo.
1205 4195 1440 4264 Tempus
1479 4196 1601 4252 talis
1643 4196 1991 4267 demigratio-

417 4285 502 4339 nis
541 4292 765 4339 vocatur
792 4300 922 4350 nox,
954 4284 1169 4340 dicente
1212 4285 1441 4342 Domino
1467 4287 1523 4340 in
1551 4287 1864 4358 Evangelia,
1902 4285 1992 4341 Ve-

416 4375 491 4427 nit
520 4390 641 4438 nox,
667 4375 876 4444 quando
907 4391 1057 4428 nemo
1083 4384 1250 4445 potest
1281 4378 1508 4446 aperari.
1533 4376 1779 4431 Praesens
1805 4377 1991 4431 Eccle-

417 4463 520 4528 sia,
559 4439 689 4533 quae
707 4465 762 4519 in
803 4465 908 4519 ista
944 4439 1380 4535 peregrinatione
1421 4475 1526 4531 est,
1565 4466 1989 4536 Septuagesinue
2016 4439 2068 4498 D

418 4557 472 4610 in
501 4567 657 4612 nocte
682 4559 845 4613 recoli
875 4558 1122 4629 gloriam,
1153 4573 1274 4627 quae
1314 4559 1623 4613 celebratur
1666 4561 1805 4629 apud
1843 4561 1989 4615 cives

417 4647 508 4716 qui
536 4649 1002 4718 demigraverunt;
1048 4649 1102 4703 in
1129 4649 1216 4704 die
1237 4664 1370 4704 vero
1391 4664 1580 4704 eorum
1611 4651 1704 4720 qui
1745 4650 1991 4705 detinen-

419 4747 507 4792 tur
550 4740 605 4793 in
644 4739 992 4808 captivitate,
1036 4748 1091 4793 et
1131 4739 1406 4808 suspirant
1455 4748 1515 4795 ut
1564 4741 1633 4795 ad
1686 4739 1993 4795 libertatem

419 4830 643 4883 redeant
667 4847 678 4879 :
721 4830 862 4898 apud
888 4829 1008 4884 illos
1047 4845 1172 4884 vero
1198 4844 1303 4883 non
1332 4829 1638 4884 celebratur
1665 4828 1883 4884 claritas
1909 4827 1997 4883 Al-

419 4920 601 4986 leluia,
633 4921 725 4990 qui
752 4921 970 4975 tristitia
999 4921 1330 4990 captivitatis
1356 4922 1827 4992 constringuntur;
1853 4921 1994 4991 apud

419 5027 514 5066 eos
542 5027 672 5066 vero
696 5012 789 5080 qui
820 5011 1258 5081 demigraverant
1277 5011 1586 5066 celebratur
1606 5009 2001 5081 Alleluia,quo-

423 5103 566 5156 niam
599 5103 699 5172 ipsi
739 5118 846 5157 non
892 5102 1151 5156 recedunt
1193 5103 1259 5157 de
1303 5102 1462 5156 laude
1502 5103 1617 5157 Dei.
1647 5106 1705 5157 In
1735 5102 1999 5173 Antipho-

423 5193 593 5247 nariis
623 5200 705 5248 est
748 5192 1389 5261 primus-responsorius,
1434 5191 1660 5246 Alleluia
1695 5192 1820 5246 dum
1863 5210 2000 5264 pm-

423 5300 540 5337 sens
573 5291 668 5347 est,
699 5283 974 5336 imitantur
1010 5281 1176 5336 illam.
1210 5281 1482 5348 Quantum
1524 5283 1590 5336 ad
1617 5296 1811 5337 nomen
1856 5283 1997 5338 Alle-

423 5378 534 5432 luia
580 5378 832 5447 pertinet,
879 5393 986 5432 non
1032 5392 1318 5448 possumus
1353 5376 1554 5440 dicere,
1589 5377 1716 5430 dum
1760 5391 1997 5445 przesens

424 5478 509 5524 est
564 5471 848 5524 imitantur
896 5470 1060 5524 illam.
1114 5469 1340 5524 Alleluia
1391 5469 1568 5523 neutri
1632 5470 1845 5539 generis
1893 5479 1996 5525 est.

425 5562 609 5617 l’utcst
636 5564 781 5618 enim
811 5562 927 5617 ﬁeri
963 5571 1022 5617 ut
1063 5577 1162 5631 pro
1189 5561 1368 5631 aliqua
1402 5575 1462 5614 re
1491 5560 1822 5630 intelligatur
1862 5561 2003 5616 Alle-

427 5654 560 5712 luia.
602 5661 656 5708 et
696 5654 993 5720 indicatur,
1037 5654 1162 5709 dum
1203 5665 1442 5723 praesens
1483 5659 1566 5707 est
1609 5651 1893 5706 imitantur
1936 5653 2000 5707 il-

2083 3194 2250 3250 habet
2279 3194 2330 3248 in
2359 3196 2537 3264 capite
2562 3195 2812 3262 Alleluia,
2844 3197 2970 3250 dum
2995 3215 3223 3268 premens
3261 3210 3357 3264 est,
3386 3201 3663 3255 imitantur

2082 3283 2252 3338 illam.
2283 3285 2398 3340 Hoc
2426 3300 2622 3340 nomen
2656 3286 2882 3340 Alleluia
2912 3302 3010 3357 pro
3037 3289 3149 3356 ipsa
3180 3305 3241 3343 re
3284 3291 3660 3359 accipiendum

2084 3382 2188 3438 est,
2222 3376 2324 3430 hoc
2337 3383 2442 3440 est,
2473 3390 2574 3445 pro
2601 3375 2783 3430 verbis
2812 3376 3076 3442 historiae,
3125 3378 3392 3433 dicentis:
3429 3381 3473 3432 0
3503 3397 3661 3450 quant

2083 3462 2302 3533 pulchra
2315 3474 2362 3518 et
2387 3463 2533 3517 clara
2557 3473 2604 3518 et
2630 3473 2775 3518 casta
2803 3474 2878 3518 est
2907 3467 3172 3535 generatio
3187 3469 3480 3538 spiritualis
3499 3471 3658 3524 :dum

2084 3569 2312 3624 prasens
2352 3563 2458 3619 est,
2489 3555 2764 3608 imitantur
2793 3555 2973 3620 illam;
3013 3568 3059 3611 et
3087 3575 3205 3612 cum
3233 3576 3287 3614 se
3332 3561 3658 3626 subduxerit,

2087 3645 2384 3700 desiderant
2398 3645 2563 3699 illam.
2597 3646 2718 3713 Qui,
2746 3647 2851 3700 nisi
2875 3646 2969 3701 ﬁlii
3002 3656 3057 3702 et
3079 3648 3200 3704 lilia:
3228 3657 3570 3707 remanente's
3604 3653 3660 3706 in

2087 3737 2342 3808 praesenti
2372 3736 2601 3807 saaculoj?
2631 3737 2847 3791 Tertius
2878 3740 3253 3808 responsorius
3297 3741 3351 3794 in
3383 3757 3482 3796 suo
3521 3741 3663 3797 Alle-

2088 3827 2197 3880 luia
2223 3826 2437 3881 laudem
2466 3827 2746 3898 sapientiae
2776 3830 2983 3896 recolit,
3015 3847 3080 3886 ac
3124 3833 3169 3887 si
3199 3833 3412 3889 dicatur
3439 3852 3452 3888 :
3481 3833 3526 3891 Ο
3547 3835 3663 3890 laus

2089 3917 2384 3988 sapientiae,
2436 3917 2550 3973 sola
2577 3927 2728 3974 tenes
2756 3921 3115 3990 principatum
3157 3923 3210 3976 in
3238 3934 3529 3994 conspectu
3560 3926 3664 3981 Do—

2091 4008 2243 4062 mini.
2273 4008 2374 4063 Per
2406 4010 2572 4078 ipsam
2599 4012 2783 4065 omnia
2809 4012 2949 4067 facta
2977 4021 3120 4068 sunt.
3156 4013 3471 4085 Diciturque
3496 4017 3658 4071 rebus

2089 4102 2143 4156 in
2175 4116 2241 4157 eo
2271 4103 2614 4172 responsorio
2664 4118 2694 4157 a
2741 4112 3088 4173 matre,,qua:
3137 4105 3224 4159 hic
3270 4106 3466 4163 relicta
3494 4116 3577 4161 est
3606 4109 3662 4162 in
3697 4158 3699 4160 .

2090 4193 2286 4248 seculo
2325 4195 2394 4248 ad
2437 4195 2828 4262 perliciendum
2859 4210 3057 4264 corpus
3092 4194 3313 4249 Christi.
3352 4196 3482 4251 Mihi
3529 4213 3663 4253 con-

2091 4284 2234 4354 gruit
2261 4291 2321 4336 ut
2347 4283 2612 4338 declinem
2642 4283 2709 4337 ad
2756 4298 2873 4338 eam
2904 4285 3111 4352 prolem
3131 4269 3409 4354 nostram,
3442 4304 3561 4358 qute
3609 4290 3664 4344 in

2093 4373 2354 4443 angustiis
2378 4374 2554 4442 posita
2583 4383 2686 4439 est,
2718 4382 2773 4427 et
2800 4374 3065 4430 celebrem
3096 4392 3195 4446 pro
3221 4392 3284 4432 ea
3318 4378 3528 4434 laudem
3563 4379 3666 4434 La-

2096 4463 2224 4530 tine,
2259 4465 2631 4534 compatiendo
2657 4466 2773 4536 ejus
2799 4468 3153 4524 tribulationi.
3183 4470 3261 4525 Tu
3303 4471 3419 4527 laus
3457 4475 3667 4544 sapien-

2097 4557 2202 4621 tiae,
2239 4568 2512 4612 revertere
2546 4559 2601 4613 in
2627 4558 2910 4615 thesauros
2941 4569 3081 4628 tuos,
3113 4562 3167 4617 id
3197 4570 3304 4629 est,
3333 4565 3388 4618 in
3416 4565 3666 4636 frequen-

2067 4647 2356 4720 ,tationem
2401 4649 2568 4718 prolis
2617 4658 2817 4706 nostra:
2867 4667 2991 4706 cum
3038 4651 3262 4709 Hebraea
3302 4654 3502 4726 lingua,
3548 4674 3666 4727 qua:

2098 4738 2396 4808 triumphat
2442 4748 2566 4794 ante
2612 4740 2894 4796 Dominum
2925 4761 2936 4794 :
2973 4743 3044 4797 ibi
3074 4744 3219 4798 enim
3249 4752 3300 4800 te
3345 4747 3666 4804 benedicent

2102 4830 2295 4900 angeli.
2330 4829 2565 4896 Quartus
2603 4833 2978 4900 responsorius
3005 4848 3074 4888 ex
3114 4833 3303 4889 eodem
3333 4852 3559 4908 corpore
3584 4849 3668 4895 est

2096 4926 2151 4971 ut
2203 4919 2384 4987 plures
2425 4923 2754 4989 responsorii
2788 4930 2930 4976 sunt.
2965 4922 3214 4990 Quintus,
3249 4930 3664 4997 responsorius,

2098 5026 2254 5062 mane
2295 5011 2438 5080 apud
2468 5028 2560 5066 nos
2593 5013 2745 5067 hodie
2773 5022 2858 5069 est
2904 5025 3212 5085 assumptus
3257 5017 3324 5073 de
3349 5005 3489 5073 libro
3518 5019 3669 5076 Judi-

2097 5115 2240 5155 cum.
2273 5099 2352 5154 Ita
2380 5102 2523 5156 enim
2568 5103 2828 5173 scriptum
2858 5114 2940 5160 est
2966 5107 3022 5160 in
3064 5106 3156 5162 illo
3196 5109 3426 5178 capitulo
3457 5112 3667 5166 decimo

2101 5205 2244 5246 nono
2279 5210 2291 5244 :
2328 5190 2455 5245 Fuit
2487 5193 2698 5264 quidam
2747 5195 2825 5251 vir
2866 5193 3088 5262 Levites,
3126 5197 3369 5252 habitans
3404 5200 3468 5253 in
3509 5199 3670 5253 latere

2100 5283 2291 5336 montis
2341 5282 2612 5352 Epitraim,
2663 5285 2754 5356 qui
2780 5288 2976 5356 accepit
3018 5305 3234 5342 uxorem
3274 5290 3339 5341 de
3355 5289 3666 5354 .Bethleltem

2098 5373 2263 5436 Iuda.
2293 5391 2410 5446 quo:
2438 5375 2646 5446 reliquit
2676 5394 2812 5443 eum,
2847 5389 2894 5432 et
2921 5397 3121 5434 reversa
3144 5389 3218 5432 est
3243 5380 3296 5432 in
3322 5380 3534 5432 domum
3566 5398 3665 5450 pa-

2101 5467 2196 5520 tris
2218 5468 2300 5520 sut'
2323 5466 2644 5535 Bethleltem,
2663 5472 2950 5543 mansitque
2971 5473 3111 5541 apud
3139 5488 3254 5524 eum
3283 5481 3508 5541 quatuor
3527 5489 3670 5527 men-

2101 5558 2263 5622 sibus,
2295 5568 2600 5630 secutusque
2645 5570 2719 5613 est
2749 5578 2863 5614 eam
2909 5563 2987 5615 rir
3020 5578 3165 5614 suus.
3219 5562 3286 5614 Et
3325 5560 3466 5614 infra
3510 5580 3523 5617 :
3572 5563 3672 5619 Die

2105 5662 2276 5706 autem
2295 5661 2483 5722 quarto
2512 5651 2576 5704 de
2604 5660 2751 5705 nocte
2771 5669 3098 5722 consurgens,
3127 5653 3268 5708 haud
3294 5654 3514 5712 dubium
3541 5657 3672 5712 auin
