4000 6178
381 253 521 311 1283
1415 231 1746 290 AMALARll
1779 224 2217 284 PRESBYTERI
2259 223 2605 280 METENSIS

382 371 468 424 vir
492 362 732 421 mulieris
760 357 916 414 voluit
945 353 1226 425 proﬁcisci.
1278 350 1445 415 Quem
1480 349 1646 403 tenuit
1685 361 1851 401 socer.
1901 342 1968 396 Et
1995 343 2047 401 Λ

384 462 583 514 iterum
611 451 751 508 infra
779 468 792 502 :
821 447 918 502 Cui
950 458 1166 498 rursum
1200 441 1411 495 locutus
1437 449 1523 494 est
1550 453 1706 493 socer
1733 455 1744 490 :
1789 435 1971 489 Consi—
2210 429 2284 484 De
2309 428 2608 499 antiphonis
2650 427 3054 481 matutinalibus
3085 429 3141 480 in
3169 427 3536 500 Sexagesima.

387 520 516 603 dera
539 542 677 610 quod
706 540 816 592 dies
848 535 916 589 ad
951 549 1195 588 occasum
1247 529 1496 584 declivior
1531 529 1621 592 sit,
1670 536 1718 580 et
1759 523 1972 595 propin-
2143 520 2508 610 Sexagesimae
2534 533 2730 574 nomen
2759 534 2858 588 per
2887 519 3164 588 obliquum
3200 520 3485 575 descendit
3511 538 3544 574 a
3572 520 3672 579 se.

385 651 514 720 quat
638 649 902 704 vesperam
927 644 944 681 :
967 645 1119 683 mane
1141 627 1280 697 apud
1309 641 1392 678 me
1414 625 1574 677 etiam
1595 618 1770 684 hodie,
1802 628 1849 671 et
1870 616 1972 670 duc
2074 613 2460 720 pluagesirpax
2481 609 2830 712 Sexagesima
2881 612 3054 665 crevit
3076 626 3145 664 ex
3179 626 3399 666 senario
3438 628 3670 669 numero

3523 227 3668 284 ['23‘

2621 336 2848 392 CAPUT
2891 336 3103 390 XXX”.

389 706 569 788 fletum
593 728 754 790 diem,
781 731 829 776 et
872 737 989 774 cras
1015 716 1365 788 proﬁcisceris
1393 723 1449 766 ut
1489 710 1651 766 vadas
1678 710 1733 761 in
1759 706 1972 759 domum

390 834 558 878 tuam.
606 805 700 871 Ille
746 813 912 867 habet
941 810 996 863 in
1023 822 1122 862 suo
1148 804 1378 860 Alleluia
1418 802 1632 854 laudem
1669 795 1972 854 cbaritatis.

391 912 573 969 Gener
598 910 699 962 iste
744 903 934 974 quinta
981 900 1067 954 die
1100 896 1325 951 recessit
1385 909 1415 947 a
1443 890 1632 946 laetitia
1659 884 1971 949 communi,

391 1017 559 1072 quam
591 995 780 1052 habuit
809 1007 930 1048 cum
961 1003 1151 1044 socero
1179 1000 1298 1042 suo.
1349 979 1791 1076 Responsorius,‘
1817 974 1976 1076 Mane

395 1068 541 1162 apud
589 1104 683 1142 nos
729 1083 906 1147 hodie,
937 1081 1182 1150 quintam
1231 1075 1506 1144 regionem
1535 1078 1701 1125 tenet.
1753 1068 1833 1121 Ex
1873 1068 1977 1120 isto

397 1181 590 1235 ordine
619 1174 823 1232 residui
856 1169 1181 1242 responsorii
1233 1167 1581 1234 frequentant
1611 1162 1665 1214 in
1713 1175 1810 1214 sua
1856 1174 1980 1213 ora-

397 1275 568 1336 tione,
599 1278 662 1323 ut
689 1265 916 1319 Alleluia
963 1264 1157 1317 iterum
1188 1264 1496 1313 revertatur
1536 1253 1605 1308 ad
1652 1259 1979 1322 praesentem

395 1361 698 1420 Ecclesiam
728 1371 850 1411 cum
883 1367 1111 1424 sponsus
1135 1351 1386 1420 dignatus
1417 1345 1580 1400 fuerit
1618 1356 1905 1413 resurgere
1948 1354 1980 1393 a

401 1451 656 1508 mortuis.
687 1447 886 1502 Sextus
912 1441 1289 1512 responsorius
1319 1444 1628 1505 assumptus
1656 1442 1740 1489 est
1783 1434 1849 1487 de
1878 1432 1981 1486 To-

401 1543 510 1598 bia.
534 1542 613 1595 ita
639 1540 782 1593 enim
812 1536 1068 1601 scriptum
1091 1539 1176 1586 est
1201 1549 1214 1584 :
1249 1530 1394 1584 Dixit
1418 1537 1590 1581 autem
1613 1525 1692 1579 illi
1723 1523 1937 1594 angelus
1960 1537 1978 1574 :

401 1633 516 1702 Ego
559 1629 761 1686 salvum
802 1626 1014 1688 ducam,
1063 1633 1111 1677 et
1157 1636 1346 1676 sanum
1395 1618 1488 1672 tibi
1517 1617 1765 1670 reducam
1807 1613 1979 1683 [ilium

2077 713 2136 757 et
2165 702 2406 758 denario.
2443 701 2500 754 ln
2534 701 2920 772 supputatione
2944 715 3292 755 numerorum
3325 712 3455 756 sunt
3473 705 3667 759 decem

2075 791 2222 846 inter
2252 791 2720 862 Septuagesimum
2746 801 2803 846 et
2841 791 3268 863 Sexagesimam.
3299 793 3358 847 ln
3389 796 3494 849 hac
3539 811 3670 850 oon-

2077 892 2233 939 sueta
2270 884 2710 938 denominatione
2742 883 3004 938 librorum
3041 894 3372 949 nostrorum,
3404 903 3512 941 non
3541 899 3670 943 sunt

2075 973 2200 1044 plus
2216 987 2376 1041 quam
2406 981 2611 1042 septem
2631 973 2748 1028 dies
2769 974 2912 1028 inter
2935 974 3397 1046 Septuagesimam
3421 987 3474 1032 et
3500 978 3672 1033 Sexa-

2078 1064 2359 1134 gesimam.
2403 1061 2558 1128 Quod
2599 1078 2707 1117 non
2751 1071 2837 1118 est
2888 1064 2961 1118 ita
3005 1064 3413 1120 denominatum
3460 1067 3670 1138 absque

2076 1154 2436 1224 providentia.
2469 1154 2730 1224 Quisquis
2757 1155 2904 1209 enim
2930 1156 3190 1224 mysticus
3213 1171 3406 1214 sensus
3426 1161 3666 1215 voluerit

2079 1243 2337 1308 scrutari,
2391 1243 2627 1313 reperiet
2668 1245 2722 1298 in
2764 1245 3073 1314 septenario
3111 1261 3337 1307 numero
3357 1247 3670 1313 denarium,

2080 1334 2186 1388 hoc
2209 1340 2317 1399 est,
2350 1334 2646 1414 in.septem
2674 1334 2830 1388 donis
2875 1334 3110 1403 Spiritus
3151 1337 3324 1390 sancti
3359 1339 3673 1408 perceptio-

2080 1437 2204 1477 nem
2235 1422 2420 1476 decem
2455 1431 2848 1492 praeceptorum
2888 1422 3046 1493 legis.
3100 1423 3506 1496 Septuagesima
3547 1443 3673 1498 per-

2081 1512 2283 1577 ﬁcitur,
2320 1523 2381 1567 ut
2414 1528 2556 1582 saepe
2593 1513 2796 1568 dictum
2825 1523 2930 1579 est,
2980 1515 3034 1568 in
3063 1516 3310 1582 sabbato,
3332 1519 3475 1586 quod
3503 1535 3675 1573 voea-

2082 1613 2192 1669 tur,
2223 1605 2468 1659 clausum
2495 1604 2726 1659 Pascha.
2771 1605 2836 1658 Et
2875 1606 3214 1674 sexagesima
3261 1608 3317 1661 in
3347 1617 3544 1676 quarta
3595 1609 3666 1663 fe-

403 1683 578 1774 t—uvum.
611 1715 946 1786 Respondeas
970 1683 1146 1767 autem
1185 1709 1375 1764 Tobias
1403 1708 1542 1762 dixit
1577 1719 1598 1760 :
1628 1706 1768 1761 Bene
1798 1703 1982 1770 ambu-
2008 1683 2056 1743 Β
2085 1695 2186 1759 ria,
2210 1709 2330 1786 qum
2362 1695 2676 1786 nominatur
2700 1694 2936 1750 medium
2966 1695 3198 1750 Pascha.
3223 1696 3359 1751 Tres
3381 1698 3531 1752 enim
3553 1698 3682 1754 die,

401 1812 540 1877 letis,
570 1820 618 1866 et
642 1812 711 1864 sit
736 1807 992 1862 Dominus
1021 1805 1077 1858 in
1104 1804 1290 1858 itinere
1313 1801 1495 1862 vestro,
1523 1807 1571 1853 et
1612 1796 1829 1868 angelus
1856 1797 1980 1868 ejus

407 1903 686 1957 comitetur
721 1897 1006 1953 vobiscum.
1060 1894 1129 1948 Et
1174 1894 1370 1948 iterum
1415 1909 1429 1943 :
1472 1888 1641 1944 Credo
1670 1889 1808 1943 enim
1843 1887 1982 1958 quod

409 1989 629 2062 angelus
651 1989 747 2043 Dei
777 1989 941 2040 bonus
970 1983 1243 2038 comitetur
1264 1982 1334 2047 ei,
1362 1989 1411 2034 et
1439 1979 1565 2034 bene
1603 1978 1846 2049 disponat
1873 1993 1985 2030 om-

409 2083 500 2138 nia
525 2098 643 2153 quw
672 2079 813 2135 circa
854 2079 1026 2148 ipsum
1056 2083 1328 2146 geruntur,
1357 2073 1433 2126 ita
1459 2081 1518 2126 ut
1546 2086 1665 2125 cum
1692 2069 1888 2140 gaudio
1909 2083 1986 2122 re-

404 2182 632 2227 uertatur
670 2169 740 2224 ad
775 2185 888 2222 nos.
918 2167 1024 2222 lste
1048 2165 1220 2236 tangit
1241 2164 1478 2232 aliquam
1519 2159 1942 2216 consolationem
1966 2199 1981 2223 ,

408 2275 572 2330 quam
600 2274 706 2314 non
748 2257 1050 2312 audivimus
1081 2255 1135 2308 in
1159 2253 1563 2326 ,superioribus,
1588 2251 1641 2305 id
1666 2257 1769 2315 est,
1795 2257 1856 2304 ut
1887 2248 1987 2302 ite-

406 2363 532 2405 rum
580 2347 870 2404 revertaris
898 2361 1020 2402 cum
1049 2345 1246 2415 gaudio
1289 2343 1354 2398 ad
1385 2357 1517 2407 nos;
1560 2356 1625 2397 ac
1657 2341 1703 2396 si
1735 2340 1947 2396 dicatur
1969 2379 1984 2404 ,

409 2440 544 2496 Cum
575 2438 808 2510 gloriosa
850 2435 1284 2507 frequentatione
1312 2432 1542 2488 Alleluia
1578 2431 1870 2487 comitetur
1899 2442 1990 2483 an-

411 2529 565 2601 gelus
594 2529 807 2584 Domini
839 2529 1032 2592 bonus,
1059 2534 1114 2581 et
1147 2526 1285 2580 bene
1332 2525 1584 2594 disponat
1635 2523 1832 2577 itinera
1863 2530 1986 2586 tua,

409 2628 471 2675 et
499 2635 622 2675 cum
645 2619 840 2674 iterum
867 2616 1148 2672 advenerit
1178 2623 1420 2684 tempore
1445 2610 1864 2669 resurrectionis
1886 2609 1992 2664 Do-

415 2709 549 2764 mini
575 2708 750 2763 nostri
769 2707 896 2762 Jesu
918 2706 1143 2772 Christi,
1164 2713 1220 2759 et
1247 2704 1502 2759 nativitas
1519 2703 1744 2774 pulchra
1767 2711 1824 2758 et
1847 2702 1992 2757 clara

413 2808 474 2855 et
517 2807 665 2854 casta
709 2814 808 2869 per
833 2797 1173 2868 baptismalia
1219 2805 1578 2861 sacramenta,
1626 2811 1750 2851 cum
1798 2796 1993 2866 gaudio

413 2901 722 2946 revertatur
763 2891 829 2944 ad
861 2904 992 2954 nos,
1022 2896 1079 2944 et
1105 2905 1172 2944 ex
1197 2904 1294 2944 ore
1339 2897 1527 2944 nostro
1556 2904 1653 2959 per
1680 2903 1870 2943 omnes
1898 2889 1996 2942 Ec-

413 2982 613 3038 clesias
659 2981 909 3035 audiatur
943 2978 1192 3033 Alleluia.
1247 2978 1520 3047 Septimus
1575 2977 1989 3047 responsorius,

2087 1784 2431 1854 suntintegri
2457 1800 2489 1838 a
2532 1783 2667 1838 feria
2708 1792 2899 1854 quarta
2938 1799 3110 1855 usque
3151 1787 3205 1840 in
3227 1786 3538 1841 sabbatum.
3566 1789 3672 1845 Ubi

2081 1873 2238 1928 datur
2265 1873 2507 1943 intelligi,
2531 1873 2675 1942 quod
2701 1873 2823 1942 quis
2843 1874 2886 1927 si
2908 1879 3258 1942 peccatorum
3285 1874 3670 1930 remissionem

2083 1962 2241 2032 digne
2265 1969 2323 2018 et
2341 1963 2590 2017 ordinate
2610 1963 2886 2031 quaesierit
2907 1964 2962 2018 in
2987 1965 3285 2034 primordio
3309 1979 3424 2020 sua:
3443 1981 3669 2021 conver-

2083 2054 2271 2118 sionis,
2305 2053 2374 2108 ad
2398 2053 2907 2122 contemplationem
2943 2053 3226 2124 perveniet
3259 2063 3467 2110 saneta
3491 2055 3675 2110 Trini-

2087 2142 2236 2196 tatis.
2273 2141 2626 2212 Septuagiuta
2651 2144 2812 2198 annis
2839 2143 3058 2198 fuerunt
3078 2153 3262 2214 patres
3299 2147 3478 2201 nostri
3504 2147 3561 2200 iu
3588 2163 3680 2202 ca-

2084 2232 2355 2302 ptivitate,
2382 2233 2525 2288 circa
2550 2233 2845 2289 terminum
2881 2233 3307 2306 Septuagesimre
3332 2237 3681 2307 supputatio-

2087 2320 2174 2375 nis
2196 2331 2513 2376 meruerunt
2531 2323 2777 2378 revocari
2797 2323 2865 2378 de
2893 2324 3227 2392 captivitate.
3257 2324 3355 2380 illa
3382 2327 3679 2394 captivitas

2088 2409 2473 2478 praefigurabat
2517 2411 2891 2482 captivitatem
2929 2410 3222 2468 Christiani
3261 2412 3469 2483 pepuli,
3513 2429 3680 2483 quam

2088 2500 2293 2568 patitur
2321 2501 2420 2556 sub
2463 2501 2676 2556 diabolo
2702 2509 2770 2556 et‘
2788 2503 3052 2558 ministris
3084 2503 3221 2573 ejus.
3277 2503 3400 2572 lpsa
3429 2504 3683 2574 deplora-

2091 2599 2181 2645 tur
2230 2592 2282 2646 iu
2318 2593 2549 2662 psalmo,
2591 2593 2841 2650 Miserere
2868 2595 2990 2660 mei,
3022 2595 3182 2650 Deus.
3208 2595 3477 2660 Psalmus,
3521 2595 3683 2650 Nise-

2093 2679 2347 2747 rere'mei,
2382 2683 2540 2747 Deus,
2569 2685 2877 2740 continetur
2913 2701 3140 2741 numero
3179 2686 3637 2756 quinquagesimo
3666 2705 3679 2738 :

2094 2771 2195 2838 Qui
2233 2789 2494 2829 numerus
2528 2776 2739 2829 orditur
2762 2791 2829 2830 ex
2861 2777 3112 2846 quinario
3140 2793 3384 2831 numero.
3418 2777 3683 2844 Quinario

2095 2864 2241 2916 enim
2268 2879 2429 2918 sensu
2484 2874 2730 2919 nostrum
2761 2875 3042 2935 peccatum
3075 2867 3368 2938 colligitur.
3411 2867 3682 2932 Psalmus,

2097 2954 2430 3022 Confitemini
2478 2953 2726 3022 Domino,
2774 2957 3084 3011 continetur
3126 2973 3356 3012 numero
3382 2961 3685 3013 centesimo

417 3071 837 3144 Multiplicentur
899 3087 931 3124 a
980 3069 1206 3123 Domino
1251 3025 1376 3124 anni
1426 3069 1527 3134 tui,
1570 3025 1707 3139 pen;
1743 3069 1994 3123 eumdem
2021 3025 2066 3086 Ο
2098 3047 2330 3144 septimi)
2355 3047 2584 3144 ξ’θοίωθ·
2612 3047 2719 3102 Per
2747 3048 2892 3144 mf“?
2917 3065 3203 3144 _""'_“er_“m
3240 3050 3561 3144 ἀῗξξεηπυτ
3603 3068 3686 3144 τέ’

419 3179 640 3220 sensum
671 3163 852 3218 habet.
881 3161 1066 3216 Potest
1093 3160 1480 3216 convenienter
1510 3158 1665 3214 subdi
1709 3173 1998 3228 responso-

421 3254 520 3309 riis
543 3253 686 3317 istis,
718 3250 964 3305 Narrabo
994 3265 1180 3303 nomen
1204 3257 1352 3302 tuum
1395 3248 1652 3318 fratribus
1679 3247 1840 3301 meis:
1865 3261 1932 3301 ac
1951 3245 1997 3300 si

423 3345 563 3399 dicat
594 3342 768 3396 Mater
795 3347 1000 3405 nostra,
1031 3354 1151 3410 quae
1178 3338 1578 3393 commendavit
1604 3336 1832 3390 Alleluia
1856 3335 1997 3407 apud

422 3436 569 3490 cives
592 3433 862 3498 cmlestes,
892 3440 946 3487 et
973 3433 1165 3487 iterum
1190 3432 1511 3500 deprecatur
1537 3431 1655 3500 ejus
1683 3430 1994 3496 adventum,

423 3523 558 3578 Cum
583 3537 859 3577 reversum
886 3521 1050 3576 fuerit
1073 3522 1139 3576 ad
1163 3535 1250 3576 me
1272 3520 1520 3585 Alleluia,
1547 3509 1778 3575 narrabo
1801 3535 1998 3575 nomen

426 3626 580 3671 tuum
626 3615 888 3672 fratribus
937 3617 1090 3671 meis.
1137 3615 1292 3671 Hunc
1322 3617 1566 3686 sequitur
1595 3617 1996 3688 responsorius,

426 3707 632 3759 Bonum
661 3714 737 3758 est
778 3704 1036 3774 conﬁteri.
1067 3704 1124 3758 In
1150 3719 1217 3758 eo
1247 3705 1556 3760 declaratur
1600 3706 1730 3776 quid
1759 3706 1833 3760 sit
1872 3721 1999 3759 nar-

429 3809 550 3848 rare
576 3803 629 3848 et
651 3794 869 3848 laudare
892 3807 1086 3847 nomen
1110 3792 1354 3847 Alleluia.

972 3921 1201 3978 CAPUT
1238 3923 1429 3978 XXXI.

977 4030 1054 4084 De
1093 4029 1446 4102 Sexagesima.

499 4141 800 4196 Praesentes
829 4141 1160 4210 responsorii
1187 4143 1513 4198 conveniunt
1553 4153 1612 4199 et
1634 4149 1882 4215 praesenti
1913 4165 2001 4204 ce-

432 4231 737 4295 lcbrationi,
769 4230 822 4284 id
867 4239 972 4294 est,
1021 4230 1461 4301 Septuagesimte,
1494 4241 1550 4289 et
1584 4235 1758 4290 “statui
1796 4244 2004 4306 tempo-

435 4338 577 4386 rum,
618 4323 672 4375 id
696 4330 800 4385 est,
843 4322 1104 4391 principio
1132 4323 1279 4377 anni.
1309 4324 1366 4377 ln
1401 4324 1518 4380 istis
1546 4328 1690 4382 enim
1732 4330 2003 4385 revelatur

432 4413 649 4468 miseria
679 4412 936 4476 hominis,
966 4413 1110 4480 quali
1144 4417 1302 4471 modo
1341 4421 1753 4477 commeruisset
1779 4427 2005 4494 captivi-

435 4501 599 4555 tatem
627 4519 640 4554 :
678 4513 734 4557 et
765 4502 1059 4571 primordia
1089 4512 1459 4561 creaturarum
1501 4511 1839 4570 decantatur.
1880 4517 2008 4573 Ver-

436 4611 559 4649 num
584 4605 783 4666 tempus
802 4593 1114 4665 principium
1139 4607 1214 4650 est
1238 4600 1382 4652 anni.
1412 4600 1469 4654 In
1501 4617 1566 4656 eo
1590 4614 1882 4662 cantantur
1922 4626 2008 4666 re-

436 4683 721 4749 sponsorii,
753 4681 842 4749 qui
875 4685 1137 4752 assumpti
1179 4696 1305 4740 sunt
1328 4687 1394 4742 de
1424 4689 1676 4748 Historiis
1702 4696 2002 4764 primorum

435 4782 740 4826 sanctorum
769 4784 1003 4843 patrum,
1031 4793 1128 4845 per
1153 4794 1288 4846 quos
1313 4792 1497 4837 sancta
1526 4785 1712 4856 religio
1734 4790 2005 4857 primaevis

437 4865 766 4929 temporibus
797 4864 1088 4920 reformata
1129 4878 1212 4923 est
1251 4883 1372 4940 post
1393 4874 1793 4934 damnationem
1816 4884 2005 4951 primae

436 4969 647 5007 massae.
683 4955 1026 5026 Responsorii
1073 4961 1137 5014 de
1170 4961 1517 5033 Sexagesima
1569 4969 1866 5027 admonent
1907 4992 2006 5031 nos

435 5053 518 5097 sat
545 5043 608 5096 de
634 5042 787 5098 felice
812 5048 1082 5102 creatione
1106 5052 1266 5120 primi
1292 5054 1547 5119 hominis,
1575 5066 1632 5112 et
1653 5062 1786 5116 satis
1805 5064 2004 5120 misera

436 5135 730 5189 imitatione
757 5133 894 5204 eius,
923 5137 977 5191 id
1006 5149 1110 5206 est,
1133 5141 1200 5195 de
1225 5142 1344 5197 luce
1365 5144 1419 5197 in
1445 5146 1720 5215 tenebras,
1748 5151 1814 5205 de
1837 5151 2009 5210 felici-

439 5231 548 5278 tate
573 5225 627 5278 in
678 5224 971 5278 miseriam.
1005 5226 1158 5292 Quod
1185 5238 1361 5297 potest
1399 5233 1674 5291 admoneri
1703 5254 1769 5292 ex
1798 5241 2007 5298 duobus

439 5315 818 5385 responsoriis,
863 5316 1088 5381 scilicet,
1121 5317 1260 5372 Dum
1291 5321 1647 5380 deambularet
1673 5327 1933 5386 Dominus
1953 5334 2007 5388 in

436 5406 682 5475 paradiso
709 5424 722 5458 :
756 5415 830 5468 et,
865 5405 928 5458 In
956 5405 1146 5461 sudore
1188 5407 1355 5463 vultus
1383 5413 1460 5464 tui
1484 5418 1699 5475 vesceris
1730 5436 1864 5488 pane
1893 5431 2004 5478 tuo.

440 5492 830 5564 Responsorios
855 5495 1012 5564 liuius
1039 5497 1396 5555 conclusionis
1419 5504 1662 5563 ordiuavi
1684 5508 1840 5580 juxta
1868 5519 2011 5571 teno-

441 5599 554 5638 rem
585 5586 844 5658 historim,
875 5589 941 5643 de
970 5603 1072 5660 qua
1101 5591 1360 5661 assumpti
1383 5603 1528 5650 sunt.

2096 3152 2260 3208 gnum
2284 3137 2382 3192 Dei
2404 3146 2748 3207 perpetuum.
2781 3138 2885 3206 Qui
2915 3140 2969 3193 in
2998 3139 3235 3203 Psalmo,
3281 3138 3525 3194 Miserere
3547 3142 3682 3204 mei,

2095 3227 2259 3292 Deus,
2309 3226 2574 3282 satisfacit
2618 3229 2950 3297 pmnitendo,
3000 3239 3055 3284 et
3100 3230 3315 3300 publice
3370 3231 3688 3285 conﬁtendo

2094 3327 2317 3388 peccata
2344 3334 2439 3376 sua
2466 3319 2518 3372 in
2544 3327 2689 3372 terra
2720 3319 2914 3384 aliena,
2956 3321 3046 3374 hic
3069 3331 3310 3376 meretur
3337 3322 3586 3376 revocari
3629 3332 3682 3375 et

2099 3412 2314 3466 restitui
2340 3427 2508 3482 regno
2541 3411 2741 3467 Christi
2769 3429 2865 3482 per
2898 3413 3188 3481 psalmum,
3217 3412 3558 3480 Conﬁtemini
3580 3413 3684 3466 Do-

2097 3502 2261 3555 mino.
2309 3500 2749 3557 Satisfactionem
2798 3511 3102 3556 memorant
3151 3502 3466 3572 paenitentis
3499 3504 3687 3571 prima:

2102 3590 2409 3660 antipbonaa
2455 3592 2522 3647 de
2563 3591 2790 3660 psalmo,
2832 3591 3083 3646 Miserere
3107 3593 3228 3657 mei,
3262 3591 3425 3644 Deus.
3462 3591 3684 3645 Duabus

2101 3695 2169 3734 ex
2200 3682 2382 3736 causis
2407 3698 2696 3751 peccamus
2739 3700 2752 3736 :
2787 3690 2882 3737 aut
2918 3683 3136 3752 quando
3176 3683 3504 3737 dimittimus
3543 3685 3684 3752 quod

2101 3770 2288 3826 facere
2324 3772 2640 3838 debuimus;
2696 3782 2790 3845 aut
2844 3774 3058 3843 quando
3099 3772 3329 3828 facimus
3387 3776 3533 3842 quod
3579 3791 3685 3828 non

2100 3859 2386 3916 debuimus
2441 3861 2626 3918 facere
2677 3880 2690 3916 :
2757 3872 2945 3918 contra
2991 3878 3111 3933 quae
3171 3864 3390 3933 quidem
3447 3878 3687 3935 pugnare

2103 3969 2202 4008 nos
2262 3956 2536 4010 convenit.
2595 3955 2702 4010 Pro
2742 3965 2964 4026 peccato
3023 3956 3204 4010 delicti
3251 3955 3454 4010 clamat
3509 3957 3684 4026 prima

2105 4046 2418 4114 antiphona,
2473 4047 2724 4102 Miserere
2773 4050 2895 4113 mei,
2923 4048 3083 4112 Deus,
3143 4057 3191 4102 et
3253 4066 3285 4100 a
3325 4049 3520 4102 delicto
3577 4063 3688 4102 meo

2101 4137 2300 4191 munda
2344 4152 2468 4191 me:
2504 4139 2627 4208 quia
2655 4139 2748 4193 tibi
2778 4138 2876 4193 soli
2914 4140 3142 4210 peccari.
3193 4137 3492 4208 Postquam
3536 4154 3689 4193 mas

2102 4226 2243 4282 hanc
2277 4229 2567 4284 scintillam
2603 4229 2742 4285 lucis
2793 4234 3097 4301 perceperit
3142 4247 3209 4287 ex
3257 4232 3399 4285 dono
3451 4231 3692 4301 Spiritus

2107 4319 2301 4384 sancti,
2329 4327 2385 4374 et
2408 4322 2841 4389 perseveraverit
2863 4321 3099 4376 clamare
3138 4320 3304 4376 verba
3333 4321 3649 4390 antiphoum
3672 4361 3687 4383 ,

2098 4405 2211 4476 jam
2244 4407 2457 4462 initium
2486 4409 2918 4477 capit-redeundi
2947 4425 3012 4464 ex
3039 4410 3378 4479 captivitate.
3405 4409 3538 4464 Post
3558 4426 3690 4479 pm

2108 4507 2313 4552 sentem
2345 4499 2635 4568 psalmum,
2671 4501 2722 4554 id
2751 4509 2856 4564 est,
2881 4500 3128 4555 Miserere
3155 4502 3277 4566 mei,
3304 4499 3474 4564 Deus,
3504 4504 3688 4572 sequi-

2110 4592 2196 4638 tur
2218 4586 2478 4656 psalmus,
2517 4589 2851 4658 Conﬁtemini
2895 4590 3144 4656 Domino,
3183 4592 3434 4662 quoniam
3477 4594 3645 4647 bonus
3671 4608 3687 4641 :

2108 4674 2280 4746 llujus
2305 4678 2517 4746 psalmi,
2551 4679 2605 4732 id
2629 4688 2732 4745 est,
2757 4681 3040 4735 centesimi
3085 4681 3299 4748 septimi
3326 4681 3546 4746 decimi,
3590 4685 3691 4736 ini-

2108 4767 2200 4832 tia,
2232 4777 2288 4822 et
2319 4768 2592 4822 conclusio
2633 4770 3062 4840 quinquagesimi
3087 4770 3281 4839 psalmi
3316 4774 3686 4827 conveniunt:

2110 4859 2364 4930 Utraeque
2405 4870 2586 4931 partes
2633 4861 2896 4916 beneficia
2936 4861 3031 4915 Dei
3059 4862 3320 4916 recolunt.
3368 4861 3532 4918 Initia
3563 4880 3689 4919 vero

2106 4949 2535 5018 quinquagesimi
2570 4951 2764 5019 psalmi
2821 4959 2877 5005 et
2913 4952 3127 5005 termini
3151 4953 3434 5006 centesimi
3473 4956 3690 5024 septimi

2105 5040 2298 5095 decimi
2329 5041 2520 5108 psalmi
2561 5049 2750 5096 mutuo
2788 5043 3134 5111 respondent.
3189 5043 3244 5097 in
3287 5043 3460 5100 initiis
3497 5046 3690 5115 psalmi

2105 5125 2553 5202 quinquagesimi,
2568 5139 2650 5186 est
2674 5129 2946 5187 confessio
2969 5141 3317 5201 peccatorum
3331 5134 3402 5190 ad
3422 5135 3690 5190 abluenda

2109 5231 2330 5292 peccata
2359 5237 2372 5276 :
2411 5224 2464 5277 in
2494 5223 2740 5278 terminis
2774 5223 3056 5279 centesimi
3095 5224 3311 5294 septimi
3340 5225 3566 5291 decimi,
3609 5238 3692 5281 est

2113 5313 2382 5370 confessio
2441 5315 2642 5370 laetitiae
2673 5331 2773 5386 pro
2813 5317 3090 5388 perceptis
3134 5317 3419 5374 beneficiis
3466 5329 3526 5374 et
3570 5335 3692 5390 gra-

2115 5404 2311 5458 tiarum
2336 5405 2495 5459 actio.
2525 5404 2699 5459 Tanta
2721 5415 2806 5461 est
2831 5406 2927 5462 Dei
2959 5399 3331 5464 misericordia
3363 5424 3496 5478 erga
3528 5411 3690 5480 pasti-

2115 5502 2313 5559 tentes,
2359 5503 2475 5549 uta
2512 5495 2681 5566 gradu
2722 5497 2934 5553 timoris
2964 5499 3329 5568 suscipiantur
3366 5501 3544 5570 gradu
3587 5501 3693 5569 pis-

2116 5586 2263 5652 tatis,
2293 5593 2346 5640 et
2377 5603 2406 5639 a
2429 5587 2594 5657 gradu
2619 5587 2941 5644 humilitatis
2969 5589 3338 5658 suscipiantur
3354 5590 3535 5660 gradu
3552 5587 3688 5645 eral»
