4000 6178
347 272 486 329 i285

1305 259 1508 316 LIBER
1543 259 1635 316 DE
1672 258 1930 316 ORDINE
1967 257 2488 316 ANTIPHONARII.

3468 261 3608 319 1986

348 381 588 438 tationis.
618 377 942 447 Antiphone:
959 374 1148 445 primm
1176 373 1242 428 de
1264 371 1500 442 psalmo,
1527 371 1778 426 Miserere
1804 372 1928 436 mei,
1959 372 2008 431 Α
2035 354 2218 426 catum
2245 387 2348 442 per
2367 371 2726 442 quadraginta
2761 378 2816 426 et
2854 387 2950 428 sex
2995 387 3188 429 annos.
3232 374 3314 430 De
3357 389 3468 445 quo
3496 393 3613 448 tu}.

347 473 510 537 Deus,
541 469 787 525 recolunt
807 467 1134 522 sententiam
1155 464 1432 519 dicentem
1453 481 1468 518 :
1491 463 1680 518 lues
1704 464 1760 518 in
1778 467 1924 535 prin-

345 564 482 633 cipio
527 567 811 614 accusator
847 566 922 612 est
966 557 1083 610 sui:
1126 565 1182 610 et
1225 556 1534 624 antiphoua:
1572 554 1642 608 de
1672 553 1882 622 psalmo
1905 591 1922 619 ,

344 651 676 721 Conﬁtemmi
697 648 942 712 Domino,
971 654 1154 702 tenent
1174 646 1420 700 ordinem
1444 643 1718 714 Evangelii
1743 643 1928 698 dicen-

346 745 435 807 tis,
462 740 594 797 Cum
639 749 850 794 vocatus
876 737 1061 806 fueris,
1091 740 1240 800 vade,
1291 733 1531 788 recumbe
1556 735 1612 786 in
1643 733 1926 785 novissimo

343 834 478 897 loco,
505 842 562 886 ut
589 847 709 884 cum
736 829 932 884 venerit
952 829 1043 900 qui
1068 836 1116 881 te
1138 827 1376 881 invitavit
1396 825 1538 877 dicat
1564 821 1698 876 tibi:
1722 823 1923 884 Amice,

344 923 564 979 ascende
609 922 850 992 superius
883 933 901 971 :
931 928 1056 973 tunc
1095 921 1193 973 erit
1231 917 1324 972 tibi
1355 916 1525 987 gloria
1558 931 1735 969 coram
1765 913 1925 968 simul

343 1011 808 1068 discumbentibus.
840 1007 1003 1063 Juxta
1029 1010 1169 1063 hanc
1206 1009 1535 1063 sententiam
1571 1021 1782 1069 versus,
1813 1020 1927 1062 sur-

345 1120 462 1161 sum
497 1103 727 1158 tendunt
755 1101 1065 1171 antiphona:
1103 1099 1387 1171 prmsentis
1414 1097 1610 1167 psalmi
1641 1115 1655 1152 :
1696 1094 1798 1162 Qui
1828 1110 1926 1165 per

343 1195 719 1266 penitentiam
749 1201 1074 1248 revocantur
1117 1193 1186 1247 ad
1226 1190 1548 1254 Ecclesium,
1587 1204 1684 1260 per
1726 1187 1924 1259 gradus

344 1287 668 1343 humilitatis
699 1276 898 1340 debent
927 1285 1242 1340 ascendere.
1266 1282 1600 1352 Antiphona,
1625 1281 1928 1350 Conﬁtebor

344 1384 457 1446 tibi,
497 1382 565 1437 ad
619 1381 861 1436 laetitiam
910 1380 1168 1452 pertinet,
1226 1379 1440 1434 dicente
1490 1377 1815 1433 Cassiodoro
1867 1375 1924 1430 in

345 1483 578 1531 tractatu
606 1473 848 1542 ejusdem
869 1472 1062 1542 psalmi
1089 1491 1102 1525 :
1131 1471 1376 1525 Breviter
1398 1469 1685 1534 edicimus,
1700 1476 1760 1522 ut
1784 1469 1925 1522 hanc

346 1564 739 1620 confessionem
783 1564 1140 1628 laetissimam,
1187 1569 1313 1630 post
1357 1568 1611 1630 percepta
1658 1558 1924 1614 beneﬁcia

346 1655 520 1712 fusam
567 1655 868 1725 intelligere
910 1655 1228 1710 debeamus.
1268 1655 1340 1708 At
1364 1661 1574 1710 creverat
1600 1652 1923 1722 Antipltonm

2030 462 2200 516 sterio
2235 476 2302 530 ex
2346 461 2506 516 dictis
2530 460 2815 532 Augustini
2863 461 3126 518 habemus
3167 466 3428 535 scriptum
3461 472 3516 523 in
3547 472 3610 525 li-

2028 552 2170 608 bello
2194 552 2429 619 oiliciali,
2464 555 2516 608 in
2552 554 2672 609 loco
2697 555 2787 608 ubi
2819 555 3075 610 scribitur
3119 558 3184 612 de
3224 557 3358 613 feria
3383 573 3605 630 quarta,

2027 659 2147 713 qua:
2171 652 2400 698 vocatur
2427 654 2589 714 caput
2624 642 2837 713 jejunii.
2885 644 2931 700 A
2957 649 3210 716 prteseuti
3256 648 3387 704 feria
3415 663 3610 721 quarta

2027 743 2154 789 sunt
2193 735 2548 804 quadraginta
2591 750 2684 790 sex
2731 735 2849 791 dies
2878 752 3050 805 usque
3087 739 3153 792 ad
3199 738 3472 808 publicum
3522 746 3612 800 ba-

2031 825 2308 894 ptismum.
2343 826 2602 892 Quamvis
2628 826 2760 880 ordo
2800 842 2904 880 non
2936 834 3120 881 teneat
3156 837 3216 882 ut
3243 830 3296 883 in
3321 832 3506 886 eadem
3534 834 3613 890 fe-

2026 917 2106 972 ria
2151 925 2344 987 quarta
2391 918 2568 986 primo
2615 927 2870 973 cantetur
2925 920 3324 989 responsorius,
3366 922 3613 989 Quadra-

2023 1007 2168 1076 ginta
2211 1007 2320 1060 dies
2354 1016 2401 1060 et
2453 1018 2641 1072 noctes,
2681 1017 2860 1063 tamen
2898 1009 3052 1076 juxta
3097 1013 3340 1067 ordinem
3370 1015 3612 1070 historiae

2025 1097 2232 1166 prunus
2259 1106 2509 1152 cantatur
2536 1099 2590 1152 in
2618 1113 2680 1153 ea
2707 1099 2984 1156 Dominica
3025 1109 3205 1168 nocte,
3238 1105 3324 1158 cui
3364 1106 3612 1161 subditur

2026 1188 2080 1242 in
2109 1203 2204 1241 sua
2227 1188 2564 1243 hebdomada
2589 1188 2721 1244 feria
2743 1200 2935 1263 quarta
2964 1200 3126 1261 caput
3141 1192 3352 1262 jejunii.
3375 1193 3612 1264 Etjuxta

2025 1278 2272 1333 ordinem
2301 1279 2540 1334 historias
2561 1289 2618 1335 et
2639 1281 2792 1350 juxta
2816 1293 3212 1337 sacramentum
3237 1286 3379 1353 quod
3399 1287 3615 1341 cuditur

2025 1369 2092 1422 de
2128 1366 2544 1423 ratiocinatione
2582 1371 2981 1441 quadragesimi
3031 1375 3264 1438 numeri,
3317 1389 3613 1445 congruum

2025 1459 2204 1513 locum
2248 1458 2453 1514 habent
2501 1463 2834 1531 responsorii
2878 1462 2944 1517 de
3000 1462 3132 1530 Noe,
3181 1465 3235 1518 in
3274 1462 3618 1538 Quinquage-

2027 1548 2163 1603 sima
2203 1555 2327 1601 ante
2351 1549 2664 1613 Abraham;
2711 1552 3086 1618 responsorios
3124 1552 3192 1608 de
3228 1553 3523 1620 Abraham,
3553 1562 3618 1609 ut

2025 1641 2238 1712 priores
2275 1638 2543 1706 ordinari,
2569 1642 2724 1712 juxta
2767 1642 3015 1698 ordinem
3057 1645 3315 1711 historiae,
3351 1654 3407 1700 et
3439 1646 3493 1700 in
3521 1661 3618 1700 uo-

346 1745 684 1816 sequentium
722 1744 1055 1814 psalmorum
1100 1745 1308 1799 vadunt
1359 1758 1460 1813 per
1501 1743 1748 1797 ordinem
1796 1755 1928 1794 con-
1953 1734 2003 1794 B
2028 1735 2252 1790 vissimo
2279 1734 2435 1802 posui
2458 1736 2564 1790 duo
2597 1735 2664 1790 de
2691 1734 3150 1806 Evangeliisqum
3185 1737 3240 1791 in
3267 1738 3458 1794 eadem
3484 1737 3619 1793 heb-

347 1843 524 1891 tcxtus
558 1835 895 1906 singulorum
939 1823 1291 1904 psalmorum.
1332 1832 1467 1887 Cum
1527 1831 1674 1886 enim
1716 1828 1930 1884 veneri-

347 1941 481 1989 mus,
523 1926 636 1980 Deo
676 1924 993 1990 miserante,
1023 1922 1091 1978 ad
1116 1922 1234 1978 loca
1278 1923 1372 1978 ubi
1412 1921 1546 1977 ordo
1589 1935 1648 1977 se
1686 1934 1931 1976 commu-

348 2017 559 2083 taverit,
585 2016 829 2072 dicemus
852 2016 925 2070 ibi
947 2017 1092 2085 quod
1113 2015 1376 2069 Dominus
1396 2013 1630 2070 dederit.

880 2123 1110 2179 CAPUT
1143 2122 1378 2178 XXXIII.

840 2192 919 2248 De
957 2193 1422 2266 Quinquagesimu.

416 2284 874 2355 Quinquagesima
902 2299 1000 2354 per
1037 2285 1318 2354 obliquum
1359 2284 1714 2350 descendens,
1757 2292 1866 2339 stat
1898 2299 1930 2338 a

346 2378 754 2451 Septuagesima
779 2378 833 2433 in
859 2377 1024 2432 tertio
1047 2378 1238 2449 gradu.
1283 2375 1420 2432 Nam
1448 2384 1506 2432 et
1527 2375 1803 2432 Abraham
1831 2383 1934 2430 ter-

348 2472 419 2526 tia
441 2479 598 2528 atate
622 2469 810 2526 mundi
839 2470 1072 2525 exstitit.
1097 2469 1559 2540 Quinquagesima
1587 2468 1748 2523 habet
1767 2467 1933 2522 deno-

348 2565 698 2620 minationem
728 2579 759 2617 a
792 2562 1042 2634 quinario
1066 2577 1314 2617 numero.
1345 2559 1636 2629 Quinarius
1662 2559 1806 2614 enim
1834 2574 1934 2614 nu-

349 2669 532 2710 merus
555 2653 803 2724 congruit
826 2652 1088 2708 exteriori
1119 2651 1350 2718 homini,
1396 2650 1490 2720 qui
1520 2650 1763 2720 quinque
1807 2663 1933 2703 sen-

347 2745 498 2801 sibus
543 2750 840 2813 vegetatur,
886 2743 1002 2798 sive
1048 2743 1116 2797 ad
1164 2741 1391 2808 bonum,
1443 2741 1560 2797 sive
1594 2740 1662 2794 ad
1707 2739 1929 2794 malum.

349 2835 834 2906 Quinquagesimus
866 2834 1109 2905 psalmus
1141 2833 1309 2890 habet
1349 2845 1536 2889 vocem
1566 2830 1886 2902 pmnitentis
1915 2847 1928 2882 :

351 2931 838 3001 Quinquagesimus
869 2944 1046 2984 annus
1075 2929 1298 2999 ponitur
1323 2927 1378 2982 in
1393 2926 1629 2997 jubilzeo.
1657 2925 1935 2995 Quinqua-

351 3025 552 3095 gesima
579 3024 743 3079 habet
784 3037 1103 3092 responsum
1151 3022 1205 3075 in
1254 3021 1370 3092 ipsa
1400 3020 1488 3075 die
1523 3017 1935 3074 resurrectionis

339 3103 581 3168 .Domini.
630 3113 765 3167 Nam
813 3127 844 3166 a
885 3108 1340 3179 Quinquagesima
1376 3117 1503 3163 sunt
1545 3107 1931 3178 quinquaginta
1960 3099 2003 3160 C

350 3209 467 3262 dies
503 3220 674 3275 usque
717 3203 784 3259 ad
830 3203 1035 3257 Pascha
1070 3201 1301 3255 Domini.
1352 3199 1454 3265 Qui
1491 3199 1544 3253 in
1592 3198 1933 3268 Quinquage-

351 3299 484 3353 sima
506 3305 626 3352 orat
644 3311 743 3367 pro
767 3302 1013 3366 peccato,
1029 3290 1637 3362 consequiturlattitiam
1653 3290 1706 3342 in
1725 3289 1932 3343 Pascha

352 3389 584 3443 Domini.
614 3385 1009 3455 Responsorios
1038 3384 1104 3437 de
1128 3380 1240 3438 Noe
1279 3381 1371 3451 qui
1394 3380 1446 3435 in
1489 3380 1594 3434 isto
1621 3379 1811 3434 ordine
1838 3379 1934 3432 ha—

350 3479 480 3533 bent
505 3477 706 3540 locum,
738 3475 917 3529 inveni
947 3472 1264 3541 conjunctos
1294 3472 1349 3526 in
1373 3469 1632 3525 Romanis
1669 3468 1937 3538 Antipho-

351 3567 521 3623 uariis
546 3581 673 3621 cum
703 3565 942 3634 antiquis
971 3563 1336 3633 responsoriis
1377 3562 1442 3617 de
1485 3559 1930 3630 Quadragesima.

353 3657 428 3710 De
454 3670 560 3726 qua
587 3652 966 3722 conjunctione
988 3668 1092 3706 non
1123 3660 1207 3706 est
1234 3651 1364 3706 mihi
1395 3649 1597 3719 aliquid
1625 3647 1931 3712 dicendum,

353 3744 652 3816 praesertim
679 3759 801 3798 cum
844 3744 896 3797 in
942 3744 1058 3814 ipso
1083 3757 1282 3812 sequar
1325 3742 1619 3795 modernos
1647 3739 1702 3793 in
1747 3747 1933 3793 nostra

355 3833 614 3899 Ecclesia,
653 3833 746 3903 qui
793 3848 918 3887 cum
967 3831 1330 3903 responsoriis
1373 3833 1437 3885 de
1491 3828 1935 3900 quinquagesima

356 3932 482 3978 ante
503 3923 775 3978 Abraham
813 3932 1111 3992 posuerunt
1134 3937 1246 3976 eos.
1283 3919 1444 3975 Juxta
1486 3928 1800 3975 contextum
1833 3919 1932 3974 sci-

357 4017 482 4073 licet
501 4017 739 4073 bistoria:
759 4017 892 4071 ordo
921 4024 1085 4072 estut
1110 4017 1253 4070 inter
1281 4017 1654 4087 responsorios
1674 4017 1740 4071 de
1763 4015 1936 4070 Adam

357 4117 413 4163 et
451 4109 720 4164 Abraham
776 4109 963 4164 inserti
1023 4109 1129 4162 sint
1183 4107 1252 4163 de
1298 4107 1430 4164 Noe.
1484 4107 1763 4176 Quomodo
1813 4121 1940 4162 con-

359 4200 580 4256 veniens
627 4202 697 4254 sit
741 4215 968 4256 numero
997 4208 1393 4255 sacramentum
1423 4200 1780 4271 quadraginta
1823 4199 1938 4254 die-

361 4289 481 4348 rum
513 4301 566 4346 et
596 4295 856 4358 noctium,
890 4294 1088 4361 quibus
1115 4293 1238 4348 coeli
1278 4295 1448 4365 aperti
1483 4303 1632 4360 sunt,
1663 4311 1788 4351 cum
1812 4295 1941 4350 heb-

361 4383 588 4438 domada
617 4383 891 4452 praesenti,
925 4383 1264 4437 occasionem
1294 4383 1626 4453 intelligendi
1650 4399 1846 4455 ponam
1870 4400 1938 4439 ex

2035 1828 2261 1884 domada
2292 1828 2565 1900 leguntur.

2573 1917 2801 1975 CAPUT
2829 1919 3070 1975 XXXIV.

2138 2012 2216 2067 De
2247 2010 2546 2083 antiplronis
2569 2010 2626 2064 in
2653 2011 2924 2065 matutinis
2947 2012 3003 2065 in
3039 2009 3503 2084 Quinquagesima.

2102 2125 2159 2179 In
2188 2125 2294 2180 isto
2331 2123 2521 2178 ordine
2545 2121 2680 2177 dicit
2718 2122 3056 2192 antiphona:
3107 2121 3411 2177 Secundum
3440 2121 3620 2177 multi-

2030 2215 2262 2268 tudinem
2287 2205 2680 2268 misel'ationum
2703 2222 2913 2265 tuarum
2941 2210 3055 2266 dele
3075 2212 3402 2282 iniquitatem
3427 2228 3618 2266 meum.

2029 2303 2086 2358 In
2115 2304 2215 2358 ista
2246 2309 2436 2356 oratur
2463 2299 2618 2355 venia
2649 2314 2750 2369 pro
2789 2300 2874 2354 his
2894 2315 3015 2370 qua;
3037 2299 3246 2370 Operati
3277 2315 3465 2355 sumus
3492 2315 3622 2355 con-

2032 2403 2118 2448 tra
2163 2393 2338 2464 legem
2398 2390 2634 2445 Domini.
2684 2389 2744 2444 In
2788 2390 2971 2460 priore
3021 2389 3302 2446 Dominica
3347 2389 3622 2462 deprecati

2032 2499 2223 2540 sumus
2260 2498 2363 2553 pro
2403 2482 2512 2547 bis,
2548 2480 2676 2552 quia
2703 2495 2768 2535 ea
2811 2495 2932 2550 qua:
2963 2478 3247 2535 debuimus
3282 2478 3484 2546 facere,
3515 2495 3623 2534 non

2031 2577 2295 2641 fecimus;
2327 2575 2383 2630 in
2417 2575 2519 2630 ista
2557 2574 2914 2642 deprecamur
2937 2585 3037 2640 pro
3070 2570 3178 2634 his,
3221 2571 3348 2640 quia
3397 2568 3624 2626 fecimus

2033 2683 2153 2740 quae
2185 2683 2292 2721 non
2318 2664 2683 2722 debueramus
2708 2660 2912 2717 facere.
2945 2660 3075 2716 Post
3094 2660 3195 2716 bas
3217 2661 3351 2716 duas
3377 2661 3624 2731 antipha-

2034 2771 2134 2813 nas
2175 2755 2339 2811 datur
2366 2753 2667 2826 gratiarum
2709 2751 2851 2806 actio
2879 2751 2934 2806 in
2985 2751 3279 2822 antiphona
3319 2751 3385 2807 de
3416 2752 3626 2822 psalmo

2035 2846 2291 2911 secundo,
2338 2859 2402 2899 ac
2424 2832 2476 2898 si
2506 2858 2567 2898 se
2613 2841 2799 2896 credat
2838 2855 2992 2896 mens
3029 2842 3277 2911 adeptam
3319 2856 3438 2897 esse
3481 2842 3628 2911 quod

2035 2937 2322 3007 deprecata
2362 2941 2465 2988 est.
2523 2931 2677 2987 Unde
2726 2930 2862 2986 dicit
2903 2928 3255 2985 Cassiodorus
3303 2930 3357 2984 in
3392 2938 3626 2986 tractatu

2038 3033 2368 3082 memorato:
2411 3024 2555 3078 Deus
2578 3039 2723 3077 meus
2752 3038 2805 3075 es
2843 3031 2921 3086 tu,
2949 3029 2998 3073 et
3024 3020 3310 3089 conﬁtebor
3334 3020 3459 3075 tibi:
3485 3021 3626 3075 Deus

2035 3134 2180 3171 meus
2205 3132 2257 3170 es
2287 3125 2365 3180 tu,
2397 3123 2445 3168 et
2473 3113 2716 3168 exaltabo
2757 3121 2823 3167 te.
2875 3110 2933 3165 In
2963 3111 3138 3180 primo
3162 3111 3306 3164 enim
3353 3119 3624 3166 commate

2033 3209 2164 3264 dicit
2189 3227 2201 3262 :
2231 3206 2532 3277 Conﬁtebor
2557 3207 2668 3270 tibi,
2695 3205 2839 3274 quod
2866 3204 2931 3258 ad
2954 3204 3253 3274 gratiarum
3283 3204 3520 3274 pertinet
3544 3219 3630 3260 ac-

2036 3302 2274 3362 tionem;
2318 3299 2373 3350 in
2403 3298 2662 3359 secundo,
2704 3295 2965 3348 Exaltabo
2992 3303 3062 3359 te,
3108 3295 3233 3363 quia
3275 3296 3618 3364 praedicatio-

2034 3390 2194 3444 nibus
2218 3388 2501 3442 beatorum
2530 3401 2628 3457 per
2659 3392 2884 3440 cunctas
2913 3395 3103 3455 gentes
3139 3385 3413 3440 exaltatur
3439 3386 3625 3441 Domi-

2036 3495 2138 3534 nus
2159 3478 2409 3534 Christus
2429 3477 2521 3549 qui
2552 3476 2728 3530 reddit
2755 3476 2952 3530 bonum
2984 3491 3084 3546 pro
3114 3475 3277 3530 malo.

2594 3565 2822 3622 CAPUT
2848 3563 3069 3620 XXXV.

2560 3659 2639 3714 De
2667 3658 3108 3729 Quadragesima.

2109 3754 2375 3808 Metenses
2400 3751 2573 3806 solent
2593 3763 2790 3804 canere
2814 3736 3186 3803 invitatorium
3208 3748 3262 3803 in
3289 3749 3466 3804 media
3488 3748 3626 3818 Qua-

2038 3845 2365 3916 dragesima,
2423 3842 2547 3896 Non
2577 3843 2644 3896 sit
2685 3840 2828 3894 vobis
2857 3856 3046 3893 vanum
3084 3857 3236 3894 mane
3269 3855 3482 3910 surgere
3512 3851 3632 3895 ante

2038 3938 2228 4001 lucem,
2264 3936 2387 4006 quia
2416 3934 2654 4005 promisit
2702 3931 2960 3986 Dominus
2995 3948 3241 3986 coronam
3269 3930 3628 4002 vigilantibus.

2040 4023 2166 4078 llmc
2189 4025 2332 4078 enim
2371 4022 2663 4092 autiphona
2701 4021 2944 4076 continet
2973 4019 3265 4089 quamdam
3297 4021 3631 4076 exhortatio-

2039 4131 2162 4169 nem
2203 4130 2498 4186 congruam
2536 4113 2603 4168 ad
2645 4126 2885 4182 prmsens
2921 4119 3150 4178 tempus.
3198 4109 3405 4163 Idcirco
3451 4110 3629 4165 visum

2040 4217 2124 4263 est
2156 4206 2304 4268 mihi,
2336 4215 2396 4261 ut
2423 4207 2477 4260 in
2505 4221 2621 4274 cap.
2666 4201 3145 4273 quadragesimalis
3196 4202 3453 4271 temporis
3493 4216 3630 4271 prae—

2040 4311 2236 4367 ponam
2285 4295 2452 4349 illam.
2501 4292 2846 4363 Responsorii
2903 4292 2970 4345 de
3030 4290 3452 4362 Quadragesima
3504 4302 3634 4348 sunt

2042 4386 2222 4440 claves
2259 4384 2401 4437 tituli
2441 4383 2505 4437 de
2531 4382 2945 4437 conversatione
2988 4389 3044 4436 et
3082 4389 3226 4436 statu
3253 4382 3438 4456 totius
3481 4383 3630 4450 Qua-

361 4475 518 4529 dictis
546 4474 719 4528 sancti
757 4474 1068 4544 Augustini,
1100 4483 1160 4528 ut
1187 4475 1366 4530 inveni
1389 4477 1444 4529 in
1476 4443 1747 4530 volumine
1769 4475 1940 4544 Eugy-
1964 4443 2017 4502 Β
2046 4477 2384 4546 dragesimze.
2436 4475 2494 4528 In
2543 4474 2628 4528 bis
2678 4475 2821 4529 enim
2870 4473 3060 4529 diebus
3104 4453 3319 4544 oportet
3359 4475 3627 4545 corrigere

361 4567 458 4636 pii,
486 4567 720 4638 capitulo
741 4567 1076 4636 sexagesimo
1113 4568 1289 4638 primo
1314 4585 1325 4618 :
1359 4566 1724 4634 Quadraginta
1750 4567 1942 4621 diebus

362 4665 418 4712 et
459 4657 814 4737 quadraginta
866 4656 1114 4712 noctibus
1163 4657 1318 4726 pluit,
1360 4658 1487 4726 quia
1534 4657 1713 4712 omnis
1759 4665 1944 4712 reatus

362 4757 706 4817 peccatorum
754 4750 809 4803 in
835 4749 1018 4805 decem
1068 4749 1352 4819 prmceptis
1392 4749 1524 4820 legis
1555 4749 1825 4804 amittitur
1849 4764 1946 4820 per

365 4839 672 4894 universum
724 4841 911 4894 orbem
965 4847 1232 4893 terrarum
1281 4839 1374 4909 qui
1424 4847 1655 4910 quatuor
1698 4839 1947 4908 partibus

365 4929 692 4984 continetur.
723 4929 920 4984 Decem
962 4929 1158 4999 quippe
1184 4938 1378 4999 quater
1406 4930 1565 4985 ducta
1590 4929 1947 5000 quadraginta

364 5017 590 5073 faciunt.
623 5017 749 5074 Sive
793 5033 921 5090 ergo
946 5018 1033 5073 ille
1075 5027 1274 5085 reatus,
1320 5021 1412 5090 qui
1459 5018 1526 5074 ad
1565 5020 1681 5075 dies
1715 5020 1948 5090 pertinet

366 5125 437 5168 ex
462 5126 643 5166 rerum
676 5112 1054 5182 prosperitate,
1091 5112 1205 5166 sive
1230 5113 1321 5181 qui
1363 5113 1430 5166 ad
1459 5119 1646 5168 noctes
1671 5127 1738 5167 ex
1764 5127 1946 5167 rerum

370 5202 696 5258 adversitatc
739 5211 1051 5257 contractus
1075 5203 1148 5256 sit
1172 5210 1514 5257 sacramento
1555 5201 1808 5270 baptismi
1836 5214 1948 5256 ete-

369 5294 522 5350 lestis
547 5293 803 5349 abluitur.
833 5293 900 5348 Hi
925 5294 1068 5348 enim
1095 5294 1188 5363 qui
1213 5291 1541 5348 reformandi
1581 5297 1709 5344 sunt
1726 5303 1825 5360 per
1847 5289 1943 5342 ba-
1971 5318 1977 5324 -

369 5385 650 5453 ptismum,
700 5393 916 5455 oportet
956 5385 1122 5440 rimas
1170 5395 1393 5455 tangere
1436 5381 1855 5455 quadragenarii
1897 5389 1954 5436 et

371 5476 570 5532 senarii
602 5478 832 5532 numeri.
875 5475 978 5531 Per
1015 5476 1342 5546 baptismum
1381 5475 1636 5530 recolitur
1680 5475 1954 5543 dispersus

372 5552 580 5634 primus
627 5567 789 5622 homo
828 5567 997 5622 Adam
1037 5579 1134 5636 per
1171 5575 1405 5636 quatuor
1444 5573 1628 5634 partes
1671 5565 1855 5620 mundi
1882 5566 1951 5620 ad

374 5670 542 5711 unum
567 5671 763 5728 corpus
797 5656 998 5712 Christi
1028 5674 1042 5726 ;
1074 5671 1273 5728 corpus
1317 5657 1520 5711 Christi
1569 5655 1764 5728 legitur
1790 5654 1954 5711 fabri-

2043 4583 2224 4623 mores
2240 4574 2475 4632 nostros,
2487 4562 2751 4635 jejunare,
2767 4563 2999 4636 plorare,
3014 4580 3190 4630 orare,
3208 4564 3475 4635 patientes
3488 4580 3630 4634 esse,

2045 4659 2292 4732 vigilare,
2317 4658 2607 4730 pmnitere,
2656 4655 3052 4728 eleemosynam
3095 4655 3225 4710 dare
3271 4670 3385 4725 pra:
3421 4657 3633 4712 caeteris

2046 4755 2379 4827 temporibus
2417 4751 2566 4807 anni.
2607 4751 2666 4806 In
2718 4751 2823 4807 isto
2871 4748 3115 4820 catalogo
3163 4749 3422 4818 spurcitia
3455 4748 3632 4804 homi-

2048 4865 2176 4904 num
2204 4848 2550 4918 abstergitur,
2579 4855 2635 4899 et
2663 4845 2874 4899 lavatur
2906 4845 3068 4898 homo
3098 4842 3164 4896 ab
3187 4841 3438 4896 omnibus
3461 4841 3634 4912 inqui-

2050 4940 2338 4996 namentis.
2378 4935 2773 5007 Responsorios
2820 4934 2886 4989 de
2912 4931 3118 5003 jejunio
3159 4931 3239 4987 sic
3280 4932 3412 4987 mihi
3458 4932 3634 4987 visum

2054 5031 2156 5086 fuit
2179 5027 2516 5091 scribendos,
2551 5033 2608 5078 ut
2642 5025 2848 5094 primus
2889 5031 3234 5087 statueretur,
3281 5021 3634 5077 Emendemus

2049 5124 2106 5176 in
2134 5119 2317 5174 melius
2345 5133 2463 5188 qute
2510 5116 2811 5186 ignorantes
2863 5117 3206 5186 peccavimus.
3263 5113 3408 5170 Ordo
3456 5122 3559 5180 est,
3587 5113 3633 5168 si

2050 5211 2174 5280 quis
2200 5206 2427 5262 voluerit
2459 5204 2826 5260 conversionis
2854 5204 2956 5259 iter
2980 5205 3238 5275 arripere,
3268 5212 3331 5260 ut
3357 5202 3533 5274 primo
3556 5201 3632 5255 di-

2055 5301 2232 5355 mittat
2252 5299 2401 5353 vitia.
2430 5297 2567 5365 Quid
2593 5305 2779 5368 postea
2819 5298 3084 5368 agendum
3112 5297 3200 5358 sit,
3234 5293 3501 5351 secundus
3541 5306 3633 5345 re-

2053 5389 2370 5460 sponsorios
2419 5395 2706 5453 monstrat,
2731 5385 2800 5441 In
2837 5387 3047 5458 jejunio
3093 5395 3143 5439 et
3187 5385 3334 5452 ﬂetu.
3370 5379 3510 5447 Quid
3538 5395 3635 5451 per

2055 5481 2194 5534 hanc
2219 5471 2630 5549 castigationem
2661 5487 3029 5547 consequatur
3094 5475 3182 5543 pia
3222 5485 3393 5535 mens,
3440 5470 3636 5525 tertius

2055 5569 2431 5640 responsorios
2472 5575 2763 5632 monstrat,
2803 5563 3056 5619 Paraaisi
3093 5569 3270 5632 portas
3311 5559 3506 5628 aperiet
3540 5575 3635 5613 no-

2057 5661 2133 5714 bis
2164 5658 2352 5728 ieiunii
2378 5667 2597 5726 tempus.
2640 5654 2949 5723 Przupositis
2985 5651 3127 5707 enim
3163 5650 3516 5720 responsoriis
3543 5651 3632 5722 qui
