4000 6178
401 253 533 310 1287

1348 241 1678 298 AMALARII
1710 240 2146 298 PRESBYTER!
2187 237 2531 304 ωκαξιε

3535 245 3675 300 1383

399 370 468 423 de
497 364 704 436 jejunio
729 354 1042 432 prmdiCant,
1074 355 1317 426 sequitur
1346 357 1487 412 alter
1526 360 1718 412 modus
1751 347 1982 411 ablutio-
2009 357 2060 416 Α
2087 355 2252 410 tionis
2278 354 2541 410 destituat
2565 353 2672 408 tale
2699 352 3012 421 aedilicium,
3059 355 3364 426 postulatur
3397 356 3455 410 in
3481 367 3678 426 quarta

399 461 505 526 nis,
533 459 586 512 id
608 466 710 520 est,
739 469 836 524 per
859 467 952 506 cor
989 449 1280 519 ptenitens,
1323 463 1423 503 nec
1448 464 1556 502 non
1591 457 1645 502 et
1685 449 1897 514 tertius,
1932 448 1989 503 id

399 559 506 614 est,
543 547 1022 612 elcemosynarum.
1078 538 1372 607 Propterea
1427 537 1494 591 de
1537 533 1747 606 jejunio
1773 553 1988 607 praepo-

399 649 622 703 nuntur,
674 635 799 704 quia
843 631 1110 702 praecipue
1144 629 1606 698 quadragesimale
1654 638 1868 698 tempus
1905 629 1988 698 je-

393 730 547 799 junio
573 732 951 782 consecratum
997 728 1101 775 est.
1156 718 1606 788 Iiesponsorium,
1639 717 1846 788 [Pater,
1871 734 1989 788 pec-

401 822 510 874 cavi
540 819 594 872 in
613 814 846 886 caelum]
880 812 1072 868 abstuli
1103 812 1170 866 de
1196 812 1300 866 isto
1321 810 1460 874 loco,
1493 818 1549 864 et
1572 809 1729 878 posui
1757 808 1906 864 illum
1931 809 1987 862 in

399 928 464 967 ea
494 908 831 966 hebdomada
880 905 1096 975 quando
1126 903 1180 957 id
1235 902 1574 972 evangelium
1629 901 1822 971 legitur
1847 900 1990 955 unde

399 1009 708 1071 assumptus
731 1005 833 1053 est.
864 996 1012 1050 More
1035 1002 1224 1049 nostro
1246 981 1480 1057 subdidi,
1504 999 1625 1061 post
1648 991 1749 1045 hos
1771 1004 1990 1060 respon-

401 1092 598 1155 sorios,
629 1085 1000 1158 responsorios
1022 1083 1089 1138 ad
1120 1083 1337 1138 tertiam
1362 1089 1418 1136 et
1447 1089 1660 1136 sextam
1685 1089 1740 1136 et
1759 1095 1980 1144 nonam,

401 1196 538 1252 quos
575 1179 770 1248 scripsi
809 1175 1020 1234 duobus
1055 1174 1358 1230 ordinibus.
1397 1173 1594 1228 Nostra
1636 1171 1788 1243 regio
1832 1172 1989 1227 solita

399 1283 484 1326 est
511 1272 580 1326 ad
619 1269 834 1324 tertiam
865 1279 1060 1322 canere
1088 1280 1186 1334 per
1214 1265 1349 1318 duas
1386 1263 1778 1326 hebdomadas,
1812 1258 1991 1316 Parti-

401 1364 566 1432 cipem
596 1378 678 1416 me
710 1359 816 1428 fac,
857 1358 1018 1422 Deus,
1058 1365 1114 1410 et
1150 1363 1380 1410 ceteros
1415 1354 1506 1423 qui
1535 1353 1906 1408 inscribuntur
1935 1354 1990 1408 in

401 1454 628 1510 Metensi
687 1450 1100 1521 Antiplionario.
1158 1449 1235 1502 De
1287 1457 1589 1502 memorato
1646 1448 1992 1517 responsorio

402 1545 543 1600 facta
571 1551 654 1598 est
674 1543 878 1596 mentio
903 1541 958 1595 in
983 1541 1102 1596 Vita
1131 1538 1189 1593 S.
1215 1538 1508 1592 Ambrosii.
1534 1537 1654 1607 Ipse
1682 1537 1748 1591 de
1785 1552 1843 1591 se
1869 1553 1994 1591 nar—

401 1643 489 1690 rat
537 1634 665 1703 quid
705 1647 894 1687 sensus
919 1629 1205 1684 memorati
1237 1643 1428 1683 versus
1466 1628 1607 1697 apud
1635 1643 1695 1682 se
1723 1628 1994 1682 recolere-

2090 446 2383 515 autiphona
2425 446 2647 516 spiritus
2679 444 3003 501 humilitatis
3035 455 3090 501 et
3117 447 3300 501 anima
3325 449 3590 510 contrita,
3626 458 3683 504 et

2089 538 2145 592 in
2170 539 2256 592 his
2281 536 2644 592 oblationibus
2687 547 2742 590 et
2787 537 3118 593 holocaustis
3159 539 3362 610 suscipi
3391 539 3628 594 militem
3654 555 3685 592 a

2089 629 2339 684 Domino.
2374 627 2689 698 Antiphona
2729 628 2940 698 quinta,
2973 629 3210 683 Laudate
3231 630 3542 696 Dominum,
3571 632 3686 684 celi

2089 717 2360 783 caelorum,
2416 725 2566 771 tenet
2614 717 2860 772 ordinem
2910 718 3122 788 psalmi.
3181 719 3465 789 Excipitur
3515 720 3687 775 solet

2088 811 2236 878 luna,
2265 827 2385 880 qua:
2411 819 2762 866 reservantur
2801 810 2870 864 ad
2900 810 3184 866 historiam
3203 810 3425 880 Ioseph.

2619 943 2848 1000 CAPUT
2883 944 3148 1000 XXXVII.

2181 1057 2260 1112 De
2287 1057 2630 1128 responsoriis
2651 1059 2739 1127 qui
2764 1066 3028 1112 canuntur
3047 1057 3112 1112 de
3137 1058 3296 1113 Isaac
3323 1070 3370 1113 et
3400 1058 3593 1113 Iacob.

2161 1167 2514 1238 Responsorii
2536 1168 2602 1224 de
2629 1166 2784 1222 Isaac
2812 1175 2868 1222 et
2893 1167 3084 1236 Iacob,
3118 1168 3276 1238 juxta
3300 1171 3556 1226 ordinem
3602 1172 3686 1226 hi-

2091 1262 2296 1328 stori;e,
2319 1268 2467 1316 stant
2493 1270 2616 1331 post
2647 1261 2924 1316 Abraham
2958 1271 3171 1331 patrem
3199 1263 3436 1318 illorum.
3466 1264 3608 1318 Nam
3630 1273 3688 1319 et

2091 1354 2192 1408 hos
2213 1351 2372 1420 juxta
2396 1353 2645 1409 ordinem
2665 1352 2906 1408 historia:
2937 1353 3124 1409 statui.
3157 1353 3216 1409 In
3238 1355 3533 1410 novissimo
3564 1355 3688 1410 loco

2091 1443 2441 1514 praesentium
2457 1445 2926 1513 responsoriorum
2940 1452 3046 1499 stat
3071 1447 3468 1516 responsorius,
3493 1444 3685 1510 Pater,

2090 1538 2295 1607 peccavi
2325 1538 2381 1591 in
2419 1536 2627 1602 calum,
2667 1545 2890 1607 propter
2930 1538 3270 1607 evangelium
3297 1538 3440 1607 quod
3482 1537 3690 1608 legitur

2095 1628 2151 1683 in
2179 1628 2415 1685 Sabbato
2452 1630 2737 1700 praesentis
2785 1629 3159 1694 hebdomadae,
3187 1630 3330 1684 unde
3371 1641 3688 1700 assumptus

403 1733 493 1790 tur
522 1725 573 1778 in
623 1738 722 1778 sua
747 1721 1012 1785 oratione,
1044 1721 1098 1775 id
1127 1728 1234 1785 est,
1273 1728 1331 1774 ut
1376 1720 1700 1789 participem
1753 1735 1878 1774 eum
1909 1719 1988 1772 fa-
2016 1712 2062 1770 B
2089 1732 2192 1777 est.
2223 1723 2361 1777 Bato
2385 1723 2580 1778 ordine
2608 1731 2719 1778 stat
2741 1723 2845 1777 iste
2886 1722 3268 1790 responsorius
3307 1731 3432 1790 post
3460 1736 3688 1790 respon-

403 1823 552 1870 ceret
595 1813 740 1868 Deus
786 1812 842 1866 in
891 1810 1343 1882 quadragesimali
1385 1819 1626 1881 tempore
1653 1811 1896 1866 omnium
1926 1811 1993 1867 ti-

402 1907 664 1960 mentium
693 1921 774 1971 se,
819 1903 1036 1974 quando
1088 1903 1139 1958 ei
1190 1902 1486 1958 revelatum
1533 1902 1633 1958 fuit
1676 1904 1744 1958 de
1792 1904 1992 1959 sanctis

402 2002 736 2072 martyribus
778 1998 1038 2055 Gervasio
1070 2005 1122 2052 et
1164 1997 1427 2052 Protasio.
1470 1998 1687 2052 Etenim
1716 1998 1894 2052 inveni
1921 1997 1994 2050 al-

404 2104 551 2148 teros
586 2091 958 2161 responsorios
1005 2088 1286 2143 breviores
1338 2088 1392 2142 in
1439 2087 1686 2144 Romano
1727 2087 1994 2157 Antipho-

405 2185 581 2238 nario.
613 2181 818 2250 Scripsi
847 2187 1136 2248 utrumque
1165 2178 1413 2233 ordinem
1437 2179 1493 2234 in
1523 2186 1712 2233 nostro
1737 2178 1995 2247 Antipho-

406 2276 595 2342 nario.
637 2273 938 2342 Aliquoties
981 2272 1128 2326 enim
1177 2271 1312 2326 istos
1351 2279 1656 2338 cantamus,
1701 2271 1994 2341 aliquoties

407 2365 544 2420 illos.
598 2362 1022 2431 Quadragesima
1069 2362 1453 2416 denominatur
1486 2377 1518 2416 a
1563 2370 1816 2432 quatuor.
1867 2361 1994 2417 Haec

402 2454 774 2510 denominatio
803 2453 857 2508 in
882 2460 1078 2523 quarto
1101 2451 1218 2506 loco
1258 2460 1366 2508 stat
1396 2468 1429 2507 a
1455 2467 1552 2508 suo
1580 2453 1910 2518 authentico,
1938 2452 1994 2507 id

402 2553 506 2609 est,
535 2561 563 2598 a
589 2543 1017 2613 Septuagesima,
1046 2550 1102 2598 et
1128 2541 1292 2598 habet
1330 2557 1482 2598 suam
1525 2543 1912 2612 perfectionem
1938 2543 1993 2597 in

403 2638 572 2693 C(ena
619 2636 853 2700 Domini,
902 2635 1118 2705 quando
1163 2634 1413 2692 lavantur
1461 2635 1628 2704 pedes
1679 2633 1910 2689 fratrum
1937 2643 1994 2689 et

401 2727 717 2798 pavimenta
758 2726 1133 2784 ecclesiarum.
1181 2726 1322 2781 Vere
1351 2725 1442 2794 qui
1477 2727 1840 2797 quadraginta
1877 2725 1994 2781 dies

403 2818 672 2874 studuerit
701 2817 801 2872 sub
837 2816 1123 2886 disciplina
1165 2815 1490 2886 constringi,
1519 2831 1639 2884 quae
1661 2823 1880 2871 ostensa
1909 2823 1995 2880 est

404 2904 460 2958 in
499 2904 860 2975 responsoriis
897 2905 963 2958 de
1003 2903 1446 2972 Quadragesima,
1495 2918 1606 2958 non
1647 2911 1733 2958 est
1770 2903 1994 2958 dubium

405 2993 536 3060 quin
575 3009 628 3047 In
656 3007 811 3047 coena
839 2991 1050 3046 Domini
1077 2991 1249 3060 possit
1275 2991 1454 3047 notari
1489 2991 1661 3046 cultui
1688 2992 1987 3048 munditias

945 3122 1172 3179 CAPUT
1203 3121 1445 3178 XXXVI.

514 3237 589 3293 De
611 3235 911 3306 antiphonis
937 3232 1335 3288 matutinalibus
1363 3233 1418 3288 in
1444 3233 1884 3306 Quadragesima.

479 3350 653 3405 Prima
681 3349 976 3419 antiphona
1005 3347 1058 3402 in
1089 3349 1368 3404 matutinis
1405 3349 1554 3414 dicit,
1602 3349 1707 3405 Cor
1740 3349 1991 3406 mundum

405 3459 526 3496 crea
548 3442 602 3495 in
630 3457 729 3506 me,
755 3440 917 3507 Deus,
968 3439 1209 3510 spiritum
1259 3450 1456 3495 rectum
1496 3443 1686 3498 innova
1730 3443 1787 3496 in
1829 3443 1993 3497 visce-

407 3533 550 3587 ribus
580 3533 729 3585 meis.
770 3530 906 3585 Nam
956 3538 1011 3585 et
1051 3540 1344 3604 praesentes
1395 3533 1722 3603 antiphona,
1755 3535 1894 3589 sicut
1942 3541 1998 3589 et

406 3631 602 3678 caetera
645 3620 819 3677 ollicia
865 3636 986 3690 quae
1043 3622 1317 3692 pertinent
1360 3623 1426 3678 ad
1453 3624 1636 3694 [istum
1680 3626 1853 3691 diem,
1908 3626 1993 3679 in-

407 3721 625 3768 struunt
644 3713 858 3783 qualem
874 3714 1224 3769 intentionem
1245 3715 1581 3772 abstinentes
1601 3717 1834 3772 debeant
1847 3719 1999 3774 exhi-

406 3803 537 3858 bere
564 3817 714 3856 suam
743 3818 925 3857 coram
954 3805 1063 3858 Deo
1093 3804 1148 3858 in
1180 3813 1420 3876 tempore
1447 3807 1838 3864 emendationis
1861 3825 1992 3865 suae.

408 3891 736 3961 Antiphona,
775 3889 879 3944 Cor
909 3892 1161 3945 mundum
1193 3909 1311 3947 crea
1348 3894 1404 3947 in
1433 3911 1534 3962 me,
1565 3895 1727 3962 Deus,
1761 3899 1998 3968 postulat

410 3988 614 4035 rectam
641 3980 1019 4050 cogitationem
1047 3981 1099 4034 in
1146 3982 1469 4039 abstinente.
1516 3985 1670 4052 Quod
1703 3989 1848 4043 enim
1889 3998 1992 4057 est,

411 4072 515 4128 Cor
542 4071 795 4126 mundum
839 4089 959 4126 crea
999 4073 1054 4126 in
1093 4089 1194 4138 me,
1239 4073 1400 4141 Deus,
1441 4077 1675 4147 idipsum
1710 4081 1994 4150 repetitur,

411 4162 666 4232 Spiritum
700 4171 894 4217 rectum
925 4162 1113 4217 innova
1148 4164 1203 4218 in
1243 4165 1521 4222 visceribus
1565 4171 1712 4224 meis.
1766 4170 1998 4242 Spiritus

409 4262 592 4308 rectus
622 4255 688 4308 ad
742 4270 837 4310 cor
891 4257 1146 4310 mundum
1200 4259 1470 4327 pertinet:
1522 4258 1656 4316 Crea
1700 4271 1755 4318 et
1806 4264 1997 4321 innova

409 4360 576 4398 umnm
605 4345 897 4413 postulant.
941 4345 1273 4416 Antiphona,
1317 4348 1360 4404 0
1402 4350 1649 4423 Domine,
1689 4354 1890 4410 salvum
1914 4373 1996 4411 me

411 4435 516 4504 fac,
548 4433 592 4489 0
627 4434 869 4502 Domine,
897 4432 1034 4492 bene
1059 4452 1379 4509 prosperare
1404 4443 1658 4510 postulat,
1695 4461 1793 4516 per
1824 4447 1993 4503 inter-

405 4527 698 4598 jectionem
723 4526 793 4595 0,
822 4529 874 4584 id
899 4537 1002 4595 est,
1026 4545 1123 4601 per
1147 4547 1402 4602 magnum
1430 4535 1775 4605 desiderium,
1799 4547 1858 4594 ut
1886 4539 1992 4609 Do-

412 4620 590 4674 minus
617 4620 975 4677 abstinentem
1006 4623 1212 4678 salvum
1248 4624 1407 4681 faciat
1430 4642 1458 4681 a
1487 4630 1743 4698 peccatis,
1775 4634 1989 4701 etquod

412 4723 666 4776 asperum
688 4711 898 4766 videtur
929 4721 983 4768 et
1004 4713 1384 4786 naufragosum
1409 4717 1462 4770 in
1492 4719 1679 4775 diebus
1715 4721 1988 4777 abstinen-

414 4799 523 4861 tiae,
555 4799 810 4857 Dominus
856 4803 1019 4858 faciat
1066 4803 1195 4858 illud
1243 4807 1590 4877 tranquillum
1631 4818 1686 4863 et
1725 4811 1993 4879 portabile

414 4897 578 4956 atque
622 4903 892 4946 serenum.
939 4892 1090 4960 Quod
1128 4903 1212 4950 est
1251 4895 1355 4954 alio
1399 4899 1562 4951 modo
1605 4898 1810 4966 dicere,
1842 4901 1992 4959 Hanc

415 4981 831 5050 prosperitatem
865 4985 1065 5038 tribuat
1101 4985 1366 5041 Dominus
1410 4987 1826 5056 abstinentibus,
1856 4993 1990 5048 utin

418 5071 742 5125 abstinentia
768 5086 929 5141 quam
953 5074 1340 5130 inchoaverunt
1372 5075 1425 5129 in
1457 5077 1557 5131 isto
1581 5085 1842 5148 tempore,
1875 5095 1994 5149 per-

420 5168 667 5217 severent
701 5176 872 5232 usque
906 5162 958 5214 in
989 5162 1168 5217 linem.
1205 5165 1386 5220 Tertia
1427 5166 1737 5236 antiphona,
1784 5168 1874 5224 Sic
1901 5169 1991 5224 be-

421 5255 659 5309 nedicam
683 5263 729 5307 te
754 5253 808 5308 in
832 5255 938 5307 vita
966 5271 1103 5320 mea,
1134 5264 1286 5326 rogat
1316 5264 1377 5310 ut
1405 5258 1483 5312 sic
1509 5273 1568 5312 se
1596 5258 1807 5315 ﬁrmato
1835 5261 1888 5315 in
1909 5263 1998 5316 his

422 5360 542 5415 qum
599 5344 846 5415 superius
898 5345 1031 5409 dixi,
1072 5345 1194 5399 dein
1238 5346 1452 5400 insistat
1501 5347 1658 5403 bonis
1703 5351 1991 5420 cperibus:

421 5431 525 5486 hoc
559 5443 640 5487 est
671 5434 813 5488 enim
857 5433 1174 5488 benedicere
1204 5434 1510 5501 Dominum,
1552 5438 1838 5509 vigilanter
1866 5441 1998 5496 insi-

422 5530 563 5575 stcre
593 5524 645 5576 in
675 5525 829 5578 bonis
863 5523 1134 5594 operibus.
1166 5524 1233 5578 Et
1254 5524 1525 5596 deinceps,
1568 5527 1767 5581 Levabo
1807 5546 1994 5584 manus

423 5625 583 5678 meas,
618 5616 670 5671 in
694 5618 938 5673 oratione
972 5619 1027 5673 in
1056 5619 1272 5676 modum
1302 5620 1497 5676 crucis.
1530 5619 1607 5677 Ne
1649 5630 1840 5677 ventus
1883 5624 1994 5678 cla-

2095 1813 2274 1868 sorios
2297 1813 2363 1868 de
2393 1810 2581 1878 Iacob,
2617 1813 2709 1882 qui
2741 1819 3008 1868 memorat
3028 1811 3272 1867 exsulem
3308 1826 3596 1866 reversum
3620 1813 3688 1867 de

2093 1907 2304 1972 exsilio,
2335 1907 2527 1975 utique
2549 1905 2717 1961 Iacob
2759 1920 3012 1973 reversus
3051 1914 3136 1960 est
3163 1904 3230 1961 de
3253 1904 3449 1959 exsilio
3477 1904 3545 1958 ad
3587 1919 3686 1973 pa-

2093 1999 2276 2052 triam.
2319 1997 2502 2053 Potuit
2528 1997 2810 2053 institutor
2847 1995 3146 2052 oﬂiciorum
3187 1997 3688 2052 denominatione

2095 2089 2427 2144 tricesimam
2456 2103 2657 2159 ponere
2697 2088 2752 2142 in
2778 2087 2884 2144 isto
2921 2087 3113 2142 ordine
3145 2086 3300 2156 juxta
3325 2088 3689 2158 quantitatem

2094 2194 2442 2236 numerorum
2468 2197 2483 2247 ;
2507 2179 2603 2235 sed
2625 2179 2752 2249 quia
2785 2179 3153 2234 denominatio
3178 2178 3608 2250 Septuagesima:
3637 2188 3691 2234 et

2095 2270 2460 2341 Sexagesima:
2523 2276 2579 2324 et
2631 2267 3104 2339 Quinquagesimaa
3155 2266 3508 2337 prmfationes
3562 2279 3694 2323 sunt

2093 2361 2557 2432 Quadragesimze,
2606 2374 2727 2429 quae
2772 2359 3144 2416 denominatio
3183 2359 3360 2414 currit
3388 2375 3491 2429 per
3517 2369 3692 2415 totum

2095 2459 2310 2520 tempus
2328 2449 2518 2519 jejunii
2552 2465 2725 2519 usque
2760 2450 2818 2503 in
2861 2450 3065 2520 pascha
3104 2449 3344 2515 Domini,
3383 2451 3456 2504 ab
3481 2450 3597 2512 illa,
3638 2451 3691 2504 id

2094 2549 2179 2596 est
2199 2582 2213 2606 ,
2264 2541 2713 2612 Quadragesima,
2751 2551 2969 2597 cessant
3017 2551 3311 2612 sequentes
3366 2543 3682 2599 denomina-

2094 2633 2289 2690 tiones.

2613 2723 2843 2781 CAPUT
2882 2723 3173 2780 XXXVIII.

2471 2836 2551 2891 De
2581 2837 2880 2907 antiphonis
2919 2835 2976 2888 in
3008 2837 3300 2892 matutinis.

2160 2945 2342 3002 Prima
2388 2947 2676 3017 antiphona
2721 2947 2849 3003 dicit
2893 2947 3139 3020 [Domine
3165 2989 3180 3014 ,
3230 2948 3372 3002 labia
3400 2967 3517 3004 mea
3563 2969 3691 3021 ape-

2095 3038 2217 3104 ries,
2249 3048 2296 3092 et
2323 3055 2379 3092 os
2411 3055 2584 3092 meum
2629 3038 2965 3093 annuntiabit
3007 3039 3217 3092 laudem
3261 3039 3456 3112 tuam].
3498 3042 3558 3096 In
3588 3043 3688 3097 ista

2095 3127 2434 3185 hebdomada
2476 3135 2812 3184 memoratur
2843 3128 3139 3183 consolatio
3170 3129 3279 3194 illa,
3320 3145 3483 3199 quam
3513 3145 3691 3201 popu-

2095 3218 2180 3273 lus
2211 3219 2304 3272 Dei
2353 3218 2558 3273 audivit
2585 3232 2685 3288 per
2720 3234 2783 3274 os
2823 3218 3003 3290 Αεςωί
3044 3227 3099 3273 et
3143 3219 3422 3274 Zacharize
3449 3223 3692 3289 prophe-

2094 3315 2270 3361 tarum
2301 3315 2425 3378 post
2457 3308 2859 3364 tribulationem
2904 3313 3068 3378 qu‘am
3105 3310 3253 3379 passi
3281 3320 3408 3364 sunt
3455 3310 3557 3364 sub
3586 3311 3692 3365 As-

2095 3414 2255 3455 suero
2280 3415 2426 3471 rege.
2458 3399 2759 3456 Renovatio
2785 3402 2986 3455 mentis
3014 3401 3156 3456 illius
3175 3401 3356 3471 populi
3397 3403 3467 3455 ad
3493 3402 3690 3472 gaudia

2094 3489 2394 3546 aediﬁcandi
2442 3490 2627 3560 templi
2679 3499 3012 3545 memoratur
3057 3507 3155 3562 per
3191 3501 3497 3562 prmsentes
3540 3493 3688 3546 anti-

2075 3580 2322 3650 tphonas.
2370 3577 2500 3635 Post
2548 3581 2922 3636 intermissum
2965 3596 3118 3652 opus,
3170 3589 3227 3636 et
3270 3582 3473 3636 iterum
3523 3583 3688 3636 incae-

2093 3680 2266 3742 ptum,
2289 3672 2488 3726 dicitur
2508 3673 2800 3742 antiphona
2847 3672 3111 3745 [Domine,
3136 3675 3275 3729 labia
3299 3693 3416 3729 mea
3438 3676 3684 3748 aperias].

2093 3762 2200 3819 Iste
2225 3779 2342 3819 mos
2365 3763 2541 3819 adhuc
2571 3774 2824 3820 servatur
2865 3767 2920 3819 in
2957 3766 3216 3822 Ecclesia.
3260 3767 3391 3822 Post
3419 3769 3687 3823 intermis-

2097 3868 2218 3908 sum
2267 3851 2612 3922 colloquium,
2663 3853 2991 3924 colloquium
3034 3864 3273 3925 tempore
3322 3857 3499 3911 noctis
3548 3873 3686 3927 pne-

2096 3953 2308 4002 sentem
2336 3961 2552 4000 versum
2580 3947 2776 4016 repetit
2812 3947 3029 4002 iterum.
3071 3947 3330 4019 Sequitur
3367 3953 3682 4022 antiphona,

2097 4037 2323 4092 Dextera
2349 4037 2562 4092 Domini
2590 4037 2711 4107 fecit
2732 4039 2991 4102 virtutem,
3020 4040 3257 4096 Dextera
3297 4041 3515 4097 Domini
3559 4044 3686 4098 fecit

2098 4129 2240 4183 hanc
2267 4129 2542 4193 virtutem,
2583 4139 2642 4183 ut
2672 4129 3004 4199 inciperetur
3027 4129 3346 4189 reiediﬂcari
3367 4135 3562 4189 domus
3587 4135 3684 4188 Do-

2097 4219 2247 4283 mini,
2279 4226 2334 4272 et
2361 4217 2429 4273 ad
2449 4219 2550 4273 hoc
2591 4218 2766 4274 factus
2788 4228 2872 4275 est
2900 4221 3160 4277 Dominus
3187 4221 3418 4291 adjutor.
3451 4224 3685 4292 Ereptus

2096 4309 2325 4378 populus
2351 4310 2416 4364 de
2439 4310 2654 4365 camino
2700 4327 2864 4380 quem
2914 4315 3238 4383 praeparavit
3286 4315 3334 4368 ei
3387 4315 3682 4378 Assuerus,

2021 4417 2074 4477 υ
2100 4400 2238 4455 alius
2281 4399 2485 4455 scilicet
2533 4399 3054 4470 Nabuchodonozor,
3098 4405 3292 4459 merito
3326 4406 3683 4475 antiphonam

2091 4498 2274 4550 cantat
2312 4490 2426 4544 Deo
2475 4487 2682 4561 [Trium
2722 4508 3003 4562 puerorum
3058 4503 3326 4548 cantemus
3380 4495 3681 4566 [igninum].

2090 4582 2241 4636 Multi
2273 4581 2570 4637 adversarii
2603 4583 2887 4638 voluerunt
2928 4585 3148 4640 turbare
3173 4585 3428 4654 populum
3459 4585 3580 4651 Dei,
3611 4601 3684 4640 ne

2089 4673 2383 4729 aediﬁcaret
2432 4674 2648 4728 domum
2695 4674 2828 4740 Dei;
2880 4676 2976 4731 sed
3020 4677 3146 4745 quia
3199 4692 3230 4730 a
3284 4675 3520 4732 Domino
3561 4687 3683 4732 erat

2030 4807 2036 4813 .
2095 4765 2202 4819 hoc
2239 4771 2519 4828 statutum,
2561 4780 2668 4818 non
2713 4765 2966 4819 valebant
2991 4766 3272 4822 destruere
3317 4783 3457 4837 opus
3505 4768 3680 4822 illud:

2098 4853 2202 4908 hoc
2233 4865 2496 4909 memorat
2525 4855 2837 4925 Antiphona
2883 4855 3106 4929 [Statuit
3149 4875 3210 4912 ea
3251 4859 3306 4912 in
3332 4869 3613 4926 a’temum,
3635 4873 3684 4914 et

2093 4945 2150 4999 in
2176 4945 2424 5001 sarculum
2455 4946 2678 5020 swculi].

2571 5061 2573 5064 ⁴
2635 5061 2863 5118 CAPUT
2895 5063 3134 5118 XXXIX.

2545 5151 2622 5206 De
2651 5155 2994 5222 responsoriis
3015 5154 3224 5224 Ioseph.

2170 5261 2392 5319 Fratres
2417 5263 2613 5334 Ioseph
2644 5265 3006 5320 adoravernnt
3025 5265 3244 5335 Ioseph,
3273 5265 3535 5333 quoniam
3557 5283 3685 5321 ven-

2100 5361 2284 5408 turum
2313 5365 2432 5410 erat
2475 5365 2533 5409 ut
2563 5357 2806 5411 Ecclesia
2834 5358 3084 5412 adoraret
3130 5355 3430 5412 Christum.
3473 5358 3683 5414 Idcirco

2099 5445 2213 5497 suis
2243 5447 2601 5514 responsoriis
2650 5458 2996 5518 praeponatur
3041 5448 3333 5517 antiphona
3365 5449 3682 5503 invitatoris

2101 5531 2414 5606 [Adoremus
2439 5536 2649 5609 Deum].
2693 5538 3087 5608 Responsorios
3110 5554 3241 5596 vero
3269 5539 3335 5597 de
3363 5544 3559 5600 eodem
3590 5541 3685 5596 Io-

2099 5625 2251 5696 seph,
2282 5626 2523 5682 ordinavi
2547 5625 2702 5696 juxta
2727 5638 3036 5685 contextum
3065 5633 3321 5688 historiae.
