4000 6178
387 301 490 358 ιεο

965 410 1191 468 CAPUT
1220 409 1329 464 XL.

754 503 833 559 De
853 505 1149 575 antiphonis
1170 504 1224 557 in
1245 501 1537 556 matutinis.

424 601 608 658 Prima
631 597 928 666 antiphona
969 604 1071 661 est,
1100 593 1333 666 Benigne
1358 593 1467 663 fac,
1496 591 1603 656 vel,
1629 598 1690 645 ut
1719 589 1941 660 quidam

1319 293 1518 351 LIBER
1558 291 1649 348 DE
1686 288 1942 347 0RDINE
1978 283 2486 341 ANTIPIIONAREI.

1965 406 2015 462 A

3483 280 3620 337 ηεο

2624 391 2850 448 CAPUT
2899 392 3034 448 XLI.

2445 486 2522 540 De
2570 487 2741 540 media
2779 484 2935 550 Quod
2942 485 3215 555 ragesima.

2117 579 2464 648 Responsorii
2495 579 2561 634 de
2587 577 2768 648 Moyse
2803 577 3008 630 vadunt
3045 592 3144 646 per
3188 585 3504 634 contextum
3549 580 3628 634 hi-

358 690 565 756 dicunt,
595 687 709 741 Fac
742 665 978 756 benigne,
1013 685 1157 754 quod
1195 698 1303 738 non
1336 682 1647 738 continetur
1678 680 1732 735 in
1767 686 1946 733 trans~
2045 671 2227 726 storize
2248 684 2417 738 usque
2438 667 2505 723 ad
2533 666 2907 736 responsorios
2926 666 2993 721 de
3017 665 3198 721 Josue.
3231 667 3378 722 Inter
3397 683 3627 738 respon-

358 783 563 839 latione
597 779 817 850 propria
857 779 1000 832 unde
1033 774 1459 845 Antiphonarius
1497 781 1806 842 assumptus
1835 780 1943 835 est,

357 872 454 928 sed
477 870 706 939 Benigne
733 867 820 936 [ac
857 867 910 920 in
942 865 1078 919 bona
1104 864 1370 919 voluntate
1399 873 1513 917 tua.
1562 862 1620 916 In
1665 861 1769 916 ista
1813 860 1947 916 heb-

360 961 592 1019 domada
637 957 898 1014 recolitur
939 955 1338 1011 consummatio
1368 969 1649 1010 murorum
1687 952 1948 1007 Hierusa-

360 1055 468 1110 lem
496 1066 616 1122 quae
661 1049 803 1104 facta
835 1057 921 1103 est
960 1047 1060 1103 sub
1103 1045 1380 1101 Nehemia.
1427 1045 1534 1100 Pro
1559 1060 1666 1114 qua
1697 1059 1950 1100 consum-

363 1146 603 1202 matione
628 1139 895 1211 praevenit
941 1137 1185 1210 precatio
1231 1138 1287 1192 in
1327 1136 1588 1208 praesenti
1627 1135 1946 1205 antiphona,

363 1235 599 1294 dicente,
632 1228 865 1299 Benigne
886 1228 971 1298 {ac
998 1226 1055 1281 in
1078 1226 1214 1280 bona
1253 1225 1520 1280 voluntate
1550 1232 1664 1290 tua,
1705 1223 1947 1288 Domine,

363 1333 422 1378 ut
448 1320 778 1389 aediﬁcentur
817 1316 955 1370 muri
997 1313 1353 1369 Hierusalem.
1381 1313 1829 1384 Impedimentum
1857 1309 1952 1364 ad-

361 1410 727 1468 versariorum
769 1407 1062 1470 Nehemite,
1094 1406 1186 1476 qui
1229 1404 1482 1460 volebant
1510 1400 1780 1458 infamare
1816 1413 1953 1470 opus

365 1503 516 1564 illud,
548 1498 873 1570 explanatur
898 1497 954 1551 in
974 1497 1115 1552 libro
1138 1495 1358 1550 Esdrae:
1395 1492 1502 1548 Sed
1531 1491 1793 1547 Dominus
1816 1489 1952 1545 resi-

365 1595 544 1651 stebat
567 1592 698 1657 illis,
727 1591 983 1645 hortante
1027 1587 1290 1642 Nebemia
1318 1585 1434 1641 sic:
1489 1583 1669 1638 Nolite
1711 1584 1892 1638 timere
1919 1599 1952 1636 a

370 1689 506 1759 facie
534 1703 736 1751 eorum,
766 1683 982 1738 Domini
1023 1682 1202 1752 magni
1241 1689 1290 1734 et
1334 1677 1582 1733 terribilis
1619 1676 1948 1732 mementote.

2047 761 2222 816 sorios
2248 760 2313 814 de
2349 758 2532 824 Iosue,
2559 759 2737 814 inveni
2776 774 2943 812 unum
2974 759 3041 813 de
3079 757 3300 814 Michtea
3339 763 3626 831 propheta,

2048 851 2102 906 id
2126 859 2230 916 est,
2263 848 2465 921 Popule
2500 865 2666 914 meus,
2693 849 2820 919 quid
2861 849 2964 920 feci
3010 849 3123 914 tibi,
3147 865 3304 920 quem
3333 854 3630 921 praenotavi

2049 959 2117 1000 ex
2153 951 2378 998 auctore
2402 943 2622 1012 proprio
2645 942 2714 997 de
2750 957 2859 1011 quo
2901 949 3208 1012 assumptus
3264 951 3366 996 est.
3406 942 3508 1008 Qui
3550 943 3632 997 id—

2050 1037 2200 1092 circo
2235 1034 2564 1090 conveniens
2591 1042 2676 1088 est
2713 1034 2970 1104 praesenti
3007 1033 3147 1099 loco,
3176 1034 3433 1103 quoniam
3481 1048 3634 1104 supc-

2052 1128 2252 1183 riorem
2280 1124 2562 1179 historiam
2594 1123 2853 1196 depingit.

2620 1237 2848 1295 CAPUT
2904 1239 3065 1295 XLII.

2409 1310 2487 1367 De
2515 1311 2814 1382 antiphonis
2859 1308 3280 1364 matutinalibus.

2124 1401 2445 1472 Antiphonae
2469 1411 2767 1474 prtesentes
2802 1402 3134 1473 temporibus
3170 1400 3369 1472 Moysis
3393 1409 3449 1456 et
3471 1399 3637 1457 Iosue

2053 1499 2399 1564 coaptantur,
2415 1501 2470 1547 et
2492 1493 2826 1562 temporibus
2846 1491 3138 1548 Nehemize.
3163 1492 3222 1546 In
3245 1500 3403 1547 nocte
3423 1493 3638 1562 quando

2053 1581 2172 1638 ista:
2196 1582 2506 1654 antiphonm
2530 1591 2848 1648 cantantur,
2875 1593 3166 1638 cantantur
3194 1585 3523 1654 responsorii
3572 1585 3640 1640 de

2055 1670 2239 1745 Moyse
2260 1682 2316 1730 et
2341 1671 2525 1730 Iosue.
2573 1673 2785 1746 Moyses
2827 1673 3012 1730 docuit
3061 1676 3388 1730 sacriﬁcium
3437 1674 3636 1732 otl'erre

371 1751 502 1834 'Vice
536 1778 696 1832 istius
739 1773 1025 1832 sententia:
1051 1751 1305 1827 cantatur
1337 1770 1652 1841 antiphona,
1696 1767 1954 1821 Dominus
1981 1751 2030 1812 Β
2059 1765 2190 1822 Deo.
2241 1765 2319 1821 De
2364 1765 2632 1822 sacriﬁcio
2677 1781 2871 1837 nempe
2921 1767 3053 1841 dicit
3094 1767 3268 1838 prima
3319 1769 3640 1839 antiphona.

367 1871 494 1924 mihi
516 1869 733 1940 adjutor
751 1876 847 1932 est,
890 1881 994 1920 non
1033 1863 1222 1918 timebo
1259 1861 1386 1934 quid
1428 1861 1590 1929 faciat
1618 1859 1745 1913 mihi
1781 1857 1954 1912 homo.

367 1961 424 2015 In
455 1962 557 2015 ista
584 1966 742 2014 nocte
763 1963 1047 2012 mutantur
1068 1955 1133 2009 de
1155 1968 1254 2008 suo
1275 1951 1464 2007 ordine
1488 1949 1607 2005 duae
1627 1949 1959 2019 antiphonae,

371 2050 426 2104 id
454 2057 561 2115 est,
592 2049 696 2102 ista
727 2060 868 2117 quae,
889 2043 1048 2114 juxta
1069 2042 1316 2097 ordinem
1338 2054 1549 2104 versus,
1575 2047 1740 2108 caput
1768 2038 1960 2108 psalmi

368 2147 486 2210 post
513 2139 885 2209 antiphonam,
919 2134 1128 2189 Bonum
1158 2142 1235 2187 est
1262 2147 1473 2202 sperare
1494 2129 1551 2184 in
1590 2129 1840 2194 Domino,
1869 2128 1963 2184 de-

371 2229 521 2284 beret
547 2236 724 2291 stare;
752 2235 828 2290 et,
857 2223 936 2280 sol
978 2232 1027 2278 et
1052 2223 1204 2286 luna,
1253 2235 1372 2291 qua:
1406 2219 1783 2276 descendendo
1811 2234 1840 2272 a
1871 2233 1962 2274 ca-

371 2320 480 2390 pite
505 2319 718 2389 psalmi,
749 2319 973 2373 deberet
1011 2324 1157 2371 stare
1188 2321 1316 2368 ante
1350 2311 1729 2382 antiphonam,
1763 2308 1962 2365 Statuit

371 2426 434 2464 eo
463 2410 518 2463 in
548 2421 842 2464 wternum:
896 2421 1054 2460 verso
1106 2404 1320 2469 ordine,
1365 2403 1470 2458 ista
1519 2411 1630 2458 stat
1681 2402 1734 2456 iu
1779 2402 1962 2470 priore

373 2501 514 2566 loco,
547 2509 602 2557 et
628 2501 720 2556 illa
747 2501 801 2555 in
827 2499 1146 2571 posteriore.
1189 2497 1296 2552 Ista
1323 2495 1638 2552 consolatur
1666 2492 1866 2550 fratres
1905 2493 1962 2548 in

376 2605 570 2661 magna
603 2590 967 2653 tribulatione,
1001 2604 1162 2658 quam
1202 2587 1551 2658 patiebantur
1585 2584 1654 2640 ab
1680 2585 1964 2657 insurgen-

375 2681 525 2736 tibus
548 2681 600 2736 in
627 2696 708 2747 se,
734 2681 929 2751 quibus
961 2679 1215 2735 convenit
1250 2677 1346 2734 Dei
1376 2675 1545 2734 solius
1578 2677 1875 2742 recordari,
1907 2684 1964 2731 et

379 2789 483 2828 non
515 2773 702 2831 timere
727 2773 1018 2829 hominem.
1051 2771 1256 2829 Idcirco
1290 2772 1444 2844 juxta
1475 2785 1719 2836 versum,
1762 2769 1840 2824 De
1873 2770 1962 2823 tri-

379 2863 642 2920 bulatione
665 2865 894 2919 invocavi
923 2863 1224 2931 Dominum,
1259 2871 1368 2920 stat
1392 2863 1686 2932 antiphona
1714 2861 1964 2916 maxima:

379 2957 780 3024 consolationis,
808 2957 1062 3012 Dominus
1091 2957 1222 3010 mihi
1259 2955 1478 3026 adjutor
1502 2964 1619 3010 est:
1646 2970 1771 3026 spes
1808 2954 1958 3010 enim

382 3049 572 3117 tepidis
593 3049 730 3105 solet
751 3049 1014 3104 arridere.
1036 3047 1140 3115 Qui
1167 3048 1412 3118 cogitant
1433 3061 1492 3102 se
1517 3045 1807 3102 defendere
1837 3061 1965 3101 con-

382 3107 464 3193 ira
488 3137 858 3196 imminentem
886 3141 1117 3204 hostem,
1145 3107 1369 3194 necesse
1395 3139 1598 3194 habent
1625 3137 1805 3193 dicere
1828 3137 1962 3192 antl-
1989 3107 2034 3170 Ο

380 3228 652 3298 pbonam:
685 3229 825 3284 Deus
847 3230 1157 3284 misereatur
1175 3236 1224 3282 et
1244 3227 1510 3282 benedicat
1535 3225 1702 3280 nobis.
1742 3225 1966 3294 Legitur

380 3317 433 3370 in
456 3317 801 3375 inferioribus
828 3318 1074 3388 partibus
1100 3317 1342 3373 historia:
1362 3325 1691 3372 memoratae.
1731 3313 1962 3369 Factum

378 3418 451 3461 est
473 3419 646 3462 autem
673 3424 792 3462 cum
821 3408 1089 3462 audissent
1134 3423 1310 3462 omnes
1336 3407 1537 3460 inimici
1575 3407 1762 3472 nostri,
1801 3414 1859 3458 ut
1897 3405 1963 3458 ti-

377 3506 572 3552 merent
602 3497 854 3551 universte
882 3505 1056 3567 gentes
1096 3513 1214 3567 qua:
1242 3505 1390 3550 erant
1423 3497 1477 3550 in
1506 3495 1730 3549 circuitu
1758 3502 1961 3559 nostra,

378 3599 427 3643 et
451 3586 774 3641 considerent
799 3587 936 3642 inter
973 3587 1290 3658 semetipsos.
1328 3585 1455 3642 Haec
1485 3585 1753 3642 sententia
1783 3591 1963 3654 potest

377 3693 486 3733 non
523 3678 962 3732 inconvenienter
991 3678 1162 3748 aptari
1190 3675 1518 3748 antiphonte,
1574 3674 1721 3748 [Vim
1755 3675 1964 3730 uirtutis

379 3785 489 3822 suta
517 3766 708 3820 oblitus
728 3777 802 3821 est
826 3767 984 3837 ignis,
1015 3775 1072 3820 ut
1105 3767 1256 3838 pueri
1285 3767 1362 3821 tui
1392 3765 1740 3821 liberarentur
1763 3763 1960 3836 illa'si.J

380 3858 554 3914 Furor
578 3859 740 3928 ignis,
788 3859 880 3928 qui
909 3865 1029 3915 erat
1069 3867 1260 3915 contra
1301 3857 1619 3914 Nehemiam
1667 3865 1724 3914 et
1768 3869 1966 3927 pueros

380 3963 506 4005 suos
541 3950 595 4003 in
618 3949 883 4005 universis
902 3951 1151 4022 gentibus
1175 3965 1295 4020 qua:
1320 3957 1478 4004 erant
1499 3949 1552 4003 in
1580 3948 1812 4004 circuitu
1839 3948 1966 4004 Hie-

383 4040 636 4107 rusalem,
666 4041 873 4111 sopitus
913 4049 1014 4108 est,
1042 4056 1165 4096 cum
1196 4047 1609 4096 consummatus
1636 4037 1739 4093 fuit
1777 4053 1964 4094 murus

383 4131 735 4187 Hierusalem.
767 4130 952 4187 Potest
975 4132 1091 4187 htec
1117 4131 1413 4202 antiphoua
1445 4128 1595 4204 [Vim
1621 4132 1827 4186 virtutis
1853 4147 1965 4186 sua:

385 4221 572 4275 oblitus
608 4231 686 4276 est
724 4220 903 4294 ignis,]
935 4221 1241 4292 specialiter
1269 4221 1442 4292 accipi
1481 4219 1550 4276 de
1585 4221 1836 4277 castitate
1874 4219 1966 4276 Io-

383 4316 512 4384 seph
545 4315 837 4372 iuviolabili
864 4333 877 4370 :
909 4317 1124 4386 quando
1150 4314 1367 4371 domina
1389 4331 1487 4371 sua
1511 4315 1720 4372 exarsit
1743 4314 1965 4371 libidine

385 4404 438 4462 in
464 4419 610 4472 eum,
638 4407 721 4462 vis
767 4407 908 4476 ignis
951 4407 1223 4464 libidinosi
1267 4407 1536 4462 exstincta
1567 4416 1654 4504 est
1682 4408 1735 4461 in
1764 4405 1962 4476 Ioseph
1988 4445 2041 4504 Β

385 4503 443 4549 ut
486 4498 601 4567 ipse
650 4513 786 4568 puer
836 4499 1095 4553 innocens
1140 4504 1503 4568 permaneret.
1551 4495 1870 4567 Antiphonta
1895 4497 1962 4552 de

383 4586 606 4657 psalmo,
637 4587 870 4643 Laudato
897 4588 1178 4643 Dominum
1216 4587 1280 4642 de
1317 4587 1483 4653 caelis,
1516 4597 1805 4658 cmperunt
1837 4604 1961 4644 cur-

382 4690 504 4730 rere
523 4691 620 4745 per
644 4677 886 4732 ordinem
911 4693 925 4742 ;
975 4680 1068 4732 sed
1115 4677 1217 4733 iste
1253 4676 1392 4732 ordo
1419 4684 1661 4731 mutatur
1689 4677 1742 4731 in
1775 4693 1960 4744 versu,

383 4762 619 4819 Laudate
653 4781 790 4832 eum,
831 4766 910 4820 sol
957 4776 1006 4821 et
1040 4765 1187 4820 luna.
1233 4765 1438 4837 Nempe
1480 4766 1586 4821 hoc
1629 4765 1834 4822 factum
1879 4779 1965 4825 est

382 4863 601 4929 pmpter
640 4859 779 4911 hanc
819 4857 1252 4912 convenientiam
1292 4873 1453 4927 quam
1493 4856 1698 4912 habent
1737 4857 1878 4912 inter
1903 4875 1962 4915 se

383 4947 708 5014 responsorii
745 4946 811 5002 de
835 4943 1054 5017 Ioseph,
1103 4955 1158 5003 et
1184 4947 1288 5003 ista
1326 4948 1621 5019 antiphona
1668 4965 1786 5020 qua:
1832 4949 1964 5006 facit

381 5033 617 5106 aliquam
649 5036 978 5093 mentionem
999 5037 1064 5093 de
1091 5039 1302 5095 somnio
1327 5037 1571 5110 Iosephi,
1613 5040 1667 5095 in
1696 5055 1804 5111 quo
1830 5042 1964 5098 vidit

380 5125 549 5179 solem
578 5135 634 5181 et
667 5127 852 5182 lunam
888 5142 947 5183 se
989 5129 1244 5194 adorare,
1292 5143 1411 5198 quae
1459 5138 1543 5184 εει
1586 5131 1867 5202 prophetia
1896 5133 1964 5188 de

378 5207 614 5271 Christo.
651 5217 948 5272 Reservata
973 5234 1036 5273 ea
1067 5220 1134 5274 de
1158 5234 1256 5274 suo
1283 5220 1472 5275 ordine
1515 5237 1687 5292 usque
1727 5223 1796 5278 ad
1824 5225 1963 5280 hanc

379 5316 615 5373 noctem,
666 5317 890 5378 propter
939 5309 1137 5364 dictam
1190 5325 1430 5375 causam,
1479 5312 1613 5367 ordo
1659 5313 1968 5382 postulabat

377 5403 501 5466 post
527 5395 740 5453 laudem
771 5398 1105 5470 angelorum,
1134 5400 1287 5468 sequi
1313 5398 1523 5454 laudem
1554 5401 1677 5456 ραιιί
1705 5403 1965 5459 caelorum

377 5494 434 5543 et
458 5488 699 5544 omnium
729 5505 1031 5560 aquarum:
1073 5490 1230 5559 juxta
1275 5491 1523 5546 ordinem
1571 5494 1815 5563 sequitur
1839 5503 1966 5551 tunc

377 5582 696 5654 antiphona,
721 5585 940 5658 [Statuit
963 5583 1070 5658 ea,]
1099 5599 1218 5656 qua:
1240 5586 1395 5656 juxta
1424 5587 1830 5657 congruentiam
1853 5604 1964 5645 sua:

383 5674 849 5745 interpretationis
878 5686 988 5732 stat
1026 5677 1080 5733 in
1111 5677 1454 5733 convenienti
1482 5677 1620 5734 loco.

780 5771 1051 5835 Psruon.
1088 5770 1216 5834 CV.

2062 1855 2208 1912 Tunc
2257 1858 2547 1927 acceptabis
2584 1857 2907 1926 sacriﬁcium
2944 1857 3191 1927 justitite.
3239 1858 3506 1928 Tempora
3547 1874 3639 1928 pa-

2060 1951 2580 2020 trum'antiquorum
2610 1950 2939 2021 replicantur
2969 1950 3022 2004 in
3069 1951 3295 2005 historia
3344 1949 3640 2007 Nehemire.

2058 2040 2206 2097 Inter
2231 2050 2426 2096 czetera
2462 2041 2541 2096 sic
2589 2041 2646 2095 in
2692 2056 2754 2096 ea
2783 2041 3039 2095 scribitur
3068 2040 3133 2095 de
3161 2049 3406 2110 tempore
3432 2039 3594 2096 Iosue
3626 2059 3640 2094 :

2060 2128 2266 2186 Dedisti
2291 2131 2364 2185 eis
2395 2147 2554 2202 regna
2580 2139 2628 2185 et
2667 2130 2907 2201 papulas,
2933 2141 2980 2185 et
3013 2131 3239 2201 partitus
3264 2149 3317 2186 es
3331 2133 3415 2192 eis
3455 2145 3642 2188 sortes.

2061 2231 2118 2276 ut
2147 2221 2471 2293 possiderent
2508 2233 2703 2276 terram
2743 2220 2893 2288 Sion,
2925 2230 2979 2276 et
3005 2230 3220 2277 cmtera.
3263 2223 3362 2279 Ubi
3404 2238 3524 2280 sors
3564 2224 3649 2279 in-

2063 2312 2311 2376 tercedit,
2338 2312 2635 2366 humanum
2664 2312 2950 2386 consilium
2983 2315 3266 2381 abscedit;
3309 2315 3401 2370 ubi
3449 2315 3641 2370 huma-

2061 2417 2191 2459 num
2219 2402 2505 2458 consilium
2536 2410 2631 2456 aut
2655 2400 2924 2472 refugium
2959 2403 3134 2470 abest,
3168 2404 3242 2459 ibi
3271 2412 3354 2460 est
3384 2420 3508 2475 spes
3530 2405 3642 2460 sola

2063 2496 2118 2552 in
2145 2495 2396 2561 Domino,
2423 2495 2491 2551 de
2515 2510 2621 2566 qua
2647 2495 2944 2565 antiphona
2972 2496 3106 2550 dicit
3135 2511 3149 2549 :
3181 2496 3387 2551 Bonum
3423 2508 3499 2552 est
3525 2515 3640 2569 spe-

2063 2605 2184 2643 rare
2215 2589 2270 2642 in
2299 2587 2546 2642 Domino.
2579 2586 2648 2641 Et
2670 2587 2845 2641 infra:
2881 2587 2949 2641 Et
2977 2598 3222 2643 venerunt
3247 2587 3371 2658 ﬁlii,
3391 2599 3439 2643 et
3465 2607 3632 2661 posse-

2061 2681 2252 2736 derunt
2288 2689 2503 2747 terram,
2548 2688 2596 2734 et
2645 2678 2937 2735 Itumiliasti
3000 2697 3178 2735 coram
3232 2683 3307 2736 eis
3327 2681 3644 2738 habitatores

2064 2779 2237 2825 terrae.
2290 2769 2460 2840 Hujus
2510 2771 2794 2826 sententia:
2821 2771 3102 2841 proximus
3131 2779 3217 2827 εει
3242 2787 3435 2828 sensus
3465 2775 3645 2829 novis-

2063 2861 2188 2916 simi
2224 2860 2438 2932 psalmi,
2467 2859 2609 2915 Deus
2635 2860 2945 2915 misereatur
2965 2861 3150 2915 nostri.
3177 2860 3332 2918 Unde
3353 2863 3646 2933 antiphoua

2064 2962 2166 3020 est,
2185 2953 2467 3010 Benedicat
2483 2973 2577 3010 nos
2595 2954 2736 3011 Deus
2754 2948 2892 3011 Deus
2915 2964 3113 3022 noster,
3127 2965 3176 3010 et
3195 2955 3461 3012 benedicat
3479 2957 3646 3012 nobis.

2064 3043 2123 3098 In
2146 3045 2525 3102 benedictione
2554 3047 2699 3102 enim
2730 3047 3089 3119 possederunt
3116 3046 3212 3102 ﬁlii
3240 3056 3465 3104 terram.
3495 3048 3648 3105 Tunc

2065 3137 2380 3192 metuebant
2438 3137 2724 3193 Dominum
2789 3153 2977 3193 omnes
3040 3138 3379 3196 habitatores
3441 3147 3600 3195 terrae
3629 3180 3646 3203 ,

2064 3242 2201 3296 quos
2225 3228 2368 3283 Deus
2405 3229 2716 3284 humiliavit
2761 3237 2888 3284 ante
2938 3229 3079 3286 ﬁlios
3127 3230 3315 3286 Israel.
3367 3231 3436 3288 Et
3483 3231 3647 3298 infra,

2063 3319 2204 3372 unde
2229 3333 2423 3387 supra:
2443 3317 2509 3372 In
2533 3328 2763 3388 tempore
2783 3318 3139 3373 tribulationis
3154 3336 3266 3374 sua:
3290 3321 3649 3376 clamauerunt

2063 3405 2133 3458 ad
2162 3415 2230 3470 te,
2253 3414 2302 3460 et
2333 3417 2390 3459 tu
2414 3405 2479 3460 de
2509 3405 2634 3459 caelo
2657 3406 2938 3469 exaudisti,
2963 3415 3013 3460 et
3039 3407 3326 3462 secundum
3357 3409 3649 3465 miseratio-

2064 3511 2152 3549 nes
2180 3504 2300 3548 tuas
2329 3494 2521 3549 multas
2561 3494 2751 3550 dedisti
2772 3497 2845 3551 eis
2873 3495 3184 3567 salvatores,
3208 3500 3298 3559 aui
3319 3502 3649 3557 salvaverunt

2062 3601 2149 3640 eos
2174 3584 2238 3639 de
2257 3601 2419 3639 manu
2444 3584 2674 3639 hostium
2703 3603 2940 3642 suorum.
2970 3587 3165 3644 Verbis
3185 3591 3347 3660 hujus
3367 3592 3650 3649 sententia

2064 3676 2308 3732 arrident
2333 3676 2497 3732 verba
2526 3677 2836 3747 antiphonae
2865 3679 3095 3736 dicentis
3123 3699 3136 3734 :
3169 3679 3363 3738 Potens
3410 3699 3500 3750 es,
3534 3683 3648 3739 Do-

2064 3769 2440 3838 mine,eripere
2470 3785 2584 3835 nos,
2613 3779 2662 3824 et
2688 3769 2752 3824 de
2780 3787 2941 3825 manu
2967 3773 3149 3827 mortis
3176 3771 3418 3830 liberare.
3440 3774 3499 3830 In
3527 3775 3652 3832 sul:-

2063 3855 2415 3926 sequentibus
2446 3857 2687 3914 historiae
2709 3869 3022 3916 memoratae
3073 3863 3319 3933 sequitur
3366 3863 3650 3934 catalogus

2066 3963 2252 4020 regum
2275 3945 2583 4004 Iudaeorum
2605 3951 2698 4019 qui
2728 3959 3094 4022 peccaverunt
3118 3953 3175 4008 in
3201 3953 3511 4010 Dominum.
3541 3953 3652 4010 Pro

2064 4056 2194 4112 quo,
2224 4055 2384 4096 versa
2425 4040 2562 4107 vice,
2597 4049 2850 4097 cantatur
2892 4044 3184 4114 antiphona
3208 4045 3264 4098 in
3290 4045 3396 4100 isto
3417 4046 3648 4100 ordine:

2067 4127 2233 4201 Reges
2261 4137 2418 4185 terrts
2455 4139 2505 4184 et
2541 4146 2719 4186 omnes
2745 4131 2950 4202 populi,
2974 4131 3187 4186 laudate
3203 4131 3396 4188 Deum.
3426 4133 3654 4204 Tempo-

2066 4222 2217 4278 ribus
2242 4220 2518 4278 Nehemite
2562 4223 2897 4278 conveniunt
2942 4233 3257 4280 memorata:
3303 4225 3648 4297 antiphonte;

2066 4313 2146 4368 sic
2180 4313 2444 4382 scriptum
2472 4319 2556 4368 est
2595 4312 2651 4366 in
2689 4312 3038 4369 inferioribus
3074 4315 3320 4386 partibus
3357 4316 3599 4372 historias
3631 4331 3647 4371 :

2069 4401 2371 4457 Statuemus
2398 4417 2554 4472 super
2583 4419 2677 4457 nos
2692 4413 2973 4474 prtecepta,
2995 4414 3052 4458 ut
3082 4405 3264 4460 demus
3287 4405 3494 4461 tertiam
3518 4423 3646 4478 par-

2067 4500 2168 4546 tem
2197 4489 2314 4544 sicli
2335 4507 2428 4560 per
2449 4507 2647 4546 annum
2668 4492 2737 4546 ad
2764 4509 2893 4564 opus
2916 4494 3101 4550 domus
3122 4493 3222 4548 Dei
3243 4497 3431 4563 nostri,
3453 4497 3524 4550 ad
3554 4513 3651 4568 pa-
3709 4499 3715 4507 “

2069 4599 2158 4637 nes
2194 4582 2585 4654 propositionis,
2616 4593 2665 4638 et
2705 4585 2774 4638 ad
2818 4586 3138 4655 sacriﬁcium
3181 4588 3552 4659 sempiternum
3593 4589 3650 4645 in

2067 4673 2319 4740 sabbatis,
2352 4682 2400 4728 et
2423 4671 2700 4743 Kalendis,
2726 4676 2779 4729 in
2802 4675 3219 4732 solemnitatibus
3256 4685 3305 4732 et
3333 4679 3387 4733 in
3414 4679 3651 4751 sanctiﬁ-

2067 4767 2218 4830 catis,
2243 4773 2292 4820 et
2319 4782 2414 4837 pro
2441 4775 2674 4837 peccato,
2700 4776 2756 4820 ut
2775 4777 3020 4822 exoretur
3041 4784 3136 4839 pro
3161 4765 3355 4824 Israel.
3371 4767 3508 4825 Iluic
3527 4784 3650 4826 sen-

2066 4856 2251 4911 tentia:
2287 4857 2536 4928 congruit
2565 4858 2880 4928 antiphona,
2915 4857 3088 4932 [Tunc
3122 4860 3418 4932 acceptabis
3442 4862 3651 4932 sacriﬁ-

2067 4949 2204 5002 cium
2233 4947 2506 5023 justitite.]
2559 4948 2859 5020 Sequitur:
2902 4950 3126 5024 Reliqua
3165 4969 3284 5008 vero
3327 4951 3471 5026 plebs
3507 4954 3650 5010 misit

2065 5050 2276 5106 sortem,
2302 5049 2359 5094 ut
2396 5039 2638 5096 tollerent
2670 5057 2834 5095 unam
2863 5051 3066 5112 partem
3092 5042 3157 5097 de
3189 5042 3400 5110 decem,
3431 5045 3521 5116 qui
3553 5045 3651 5100 lto—

2067 5132 2283 5185 bitaturi
2317 5141 2440 5186 sunt
2475 5133 2532 5186 in
2567 5131 2919 5187 Hierusalem.
2948 5132 3146 5191 Notum
3175 5143 3261 5192 est
3292 5135 3380 5192 his
3423 5135 3516 5206 qui
3566 5135 3651 5190 hi-
3755 5138 3761 5144 ’

2066 5224 2292 5278 storiam
2325 5223 2512 5280 Esdrse
2539 5224 2744 5296 legunt,
2769 5224 2982 5296 plebem
3011 5226 3194 5292 istam,
3217 5242 3339 5296 qua:
3362 5241 3507 5282 nunc
3529 5240 3654 5280 sor.

2069 5324 2175 5370 tem
2208 5315 2374 5369 mittit
2401 5330 2500 5386 pro
2522 5315 2608 5370 his
2631 5317 2722 5385 qui
2752 5316 3048 5373 habitaturi
3066 5325 3192 5373 sunt
3213 5315 3574 5382 Hierusalem.
3591 5323 3650 5370 et

2066 5407 2381 5463 Nehemiam
2412 5407 2647 5463 conﬁsos
2668 5423 2788 5464 esse
2811 5409 2865 5464 in
2894 5410 3011 5465 sola
3039 5423 3135 5478 spe
3155 5406 3366 5462 caelesti
3394 5413 3450 5462 et
3476 5405 3532 5460 in
3559 5405 3647 5461 via

2067 5506 2120 5554 et
2142 5499 2195 5553 in
2216 5498 2427 5568 patria:
2459 5498 2580 5553 ideo
2623 5513 2690 5552 ex
2740 5513 2926 5554 eorum
2968 5513 3196 5570 persona
3227 5511 3334 5553 non
3375 5497 3648 5555 immerito

2037 5591 2039 5594 ⁴
2067 5599 2318 5646 cantatur
2340 5590 2632 5661 antiphona
2651 5609 2662 5644 :
2684 5588 2890 5644 Bonum
2915 5601 2988 5644 est
3003 5606 3214 5660 sperare
3232 5591 3286 5644 in
3309 5589 3555 5644 Domino.
3581 5590 3649 5670 Et

2067 5681 2314 5753 sequitur
2360 5681 2501 5736 infra
2533 5695 2548 5734 :
2579 5678 2856 5735 Benediait
2912 5689 3086 5735 autem
3144 5679 3368 5751 populus
3410 5681 3646 5737 omnibus

3133 5771 3206 5835 lsi
