2000 3089
205 131 272 160 ἶΞθὶ

204 189 267 215 viris
282 195 324 221 qui
344 194 370 212 se
389 190 477 220 sponte
493 183 655 215 obtulerant,
671 187 699 209 ut
722 182 870 209 habitarent
890 182 916 208 in
932 180 996 208 Ilie-
1010 183 1035 211 Λ

206 232 331 260 rusalem.
347 231 400 258 Pro
413 230 473 257 istis
487 229 576 256 verbis
589 232 643 255 stat
667 228 814 262 antiphona
845 226 998 262 [Benedicat

207 286 254 305 nos
269 277 339 304 Deus
352 275 422 302 Deus
439 273 550 309 noster.]
572 273 701 307 Sequitur
723 272 749 298 in
774 272 826 298 fine
846 270 924 301 libri,
949 269 999 305 [De

206 324 269 358 [iliis
278 322 381 350 Joiadtu
392 321 441 355 lilii
455 319 567 351 Eliasih,
576 327 654 354 gener
664 323 719 345 erat
731 316 895 345 Sanabalath
907 315 1000 342 Oroni-

209 376 262 401 tes,
279 377 355 404 quem
379 367 467 402 fugavi
494 375 510 393 a
536 374 586 393 me.
616 364 775 395 Recordare,
793 363 903 389 Domine
928 362 999 388 Deus

209 423 291 445 ineas,
308 413 432 439 adversus
451 420 493 438 eos
512 412 556 446 qui
573 409 693 445 polluant
713 408 900 438 sacerdotium.
911 411 939 434 et
952 414 1002 433 etc-

210 464 277 486 lcra.
296 459 385 485 Melite
398 457 514 485 canebat
527 455 670 483 Nebemias
685 453 858 487 antipbonam
869 472 876 484 ,
891 451 1000 487 [Potens

209 512 245 536 es,
260 503 382 535 Domine,
394 502 463 536 eripe
477 500 547 535 1103,]
566 500 612 534 qui
627 498 753 533 ellugavil
769 503 898 532 generum
914 495 999 522 ducis.

209 548 268 575 Non
284 547 373 575 timuit
387 550 501 573 mortem
514 545 547 571 ab
561 543 669 571 homine
683 541 734 569 sibi
750 541 856 572 inferri,
871 540 916 574 qui
938 547 1002 566 con—

210 599 252 621 tra
272 592 419 628 potentiam
442 590 601 618 szeculorum
627 588 766 618 certabat,
788 594 821 613 ne
839 585 1002 620 pollueretur

209 639 401 668 sacerdotium.
415 637 479 664 Post
497 637 548 663 hoc
567 634 689 669 sequitur
713 633 739 659 in
767 631 880 659 historia
903 631 1002 658 consti—

211 685 295 712 tuisse
307 684 430 712 eumdem
446 682 602 710 Nollemiam
618 679 740 707 ordinem
755 683 840 705 totum
866 676 1003 704 ministro-

210 738 270 757 rum
285 729 343 757 Dei.
364 728 460 763 llujus,
482 728 509 754 id
528 730 571 754 est
587 724 723 753 Nehemiae
749 722 908 750 intentionis
933 722 1000 753 vice,

211 779 299 810 potest
320 774 467 809 antiphona
484 771 633 803 decantari,
654 769 748 805 [Reges
772 773 848 795 terra:
870 772 893 794 ct
915 775 1003 794 omnes

211 820 312 856 populi,
325 819 433 846 laudate
446 818 541 850 Deum,
554 817 615 852 quia
632 815 776 842 exaltatum
789 818 826 840 est
841 821 934 839 nomen
947 812 1004 847 ejus

685 126 851 154 AMALAlill
869 125 979 152 PRESB
985 124 1088 151 manu
1107 123 1280 152 METENSIS

1774 122 1848 149 i292

1050 181 1125 216 [Cum
1147 180 1246 215 angelis
1266 186 1291 206 et
1313 179 1425 214 pueris,j
1450 179 1492 205 his
1513 179 1557 213 qui
1574 179 1685 206 laudant
1702 180 1848 208 Dominum

1050 226 1083 253 de
1097 226 1182 253 cmlis.
1197 226 1225 252 ln
1239 225 1323 253 Coma
1340 225 1447 253 Domini
1464 226 1625 260 congregari
1651 225 1712 252 illos
1735 233 1848 259 respon-

1050 272 1137 299 sorios
1152 272 1178 299 in
1193 272 1291 306 quibus
1304 272 1436 298 Dominus
1449 271 1575 305 praedixit
1588 271 1729 306 discipulis
1744 272 1804 298 suis
1814 272 1849 299 de

1051 325 1098 343 sua
1113 316 1257 344 traditione
1272 320 1300 343 et
1313 316 1378 350 quid
1397 316 1485 351 egerit
1495 316 1615 348 orando,
1626 320 1655 342 et
1675 316 1741 350 quid
1763 315 1850 343 ludas

1051 366 1169 389 econtra
1184 362 1337 389 insidiando
1352 365 1380 388 et
1391 361 1531 388 tradendo.
1553 361 1607 389 Eos
1625 368 1695 395 quos
1711 362 1801 396 reperi
1815 362 1849 389 de

1052 404 1195 442 Evangelio
1221 412 1366 443 cxcerptos
1385 407 1463 442 juxta
1489 407 1613 435 ordinem
1635 407 1851 443 Evangeliorum

1050 453 1143 488 posui;
1168 457 1282 480 cmtcros
1305 457 1420 483 conatus
1444 459 1503 479 sum
1522 451 1601 485 juxta
1622 453 1850 487 consequentiam

1052 507 1141 526 rerum
1154 503 1291 533 gestarum
1302 506 1412 532 ponere.
1428 497 1456 524 ln
1470 502 1548 525 nocte
1564 497 1729 525 Paraseeves
1741 498 1848 525 mutavi

1052 544 1084 570 de
1100 543 1182 570 Coena
1199 543 1305 570 Domini
1329 542 1532 577 responsorium
1548 542 1582 568 de
1607 542 1677 569 Isaia
1701 543 1847 581 propheta,

1053 588 1133 624 [Ecce
1148 589 1258 615 vidimus
1268 588 1351 624 cum,]
1368 589 1414 623 qui
1430 588 1540 622 proprie
1553 588 1672 622 pertinet
1693 589 1727 615 ad
1740 594 1849 623 tempus

1052 633 1151 660 crucis.
1165 633 1241 659 lllnm
1252 633 1374 667 sequitur
1382 632 1415 660 de
1425 631 1543 659 Ieremia
1558 632 1697 667 propheta,
1710 631 1848 667 [Animam

1053 687 1136 706 meam
1168 678 1290 706 dilectam
1307 678 1406 705 tradidi
1429 679 1457 705 in
1482 686 1575 705 manus
1594 678 1766 714 iniquorum]
1793 679 1850 705 Hos

1053 725 1121 752 duos
1133 725 1165 752 de
1183 724 1322 759 prophetis
1336 723 1464 759 praemisi.
1479 724 1508 751 lu
1522 726 1652 752 cantent;
1671 725 1849 758 sequentium

1055 770 1293 805 responsoriorum
1320 769 1479 797 inscribitur
1498 770 1686 804 responsorius
1711 770 1747 796 de
1777 770 1848 797 Isaia

1055 814 1198 849 propheta,
1217 813 1351 849 [Empandi
1365 822 1458 840 manus
1469 813 1563 849 meas,]
1588 821 1666 849 quem
1681 822 1736 841 non
1752 819 1850 842 canta-

213 855 319 902 solius.]
339 866 469 900 Repetam
480 862 588 898 quodin
600 860 784 897 superioribus
794 858 917 895 partibus
926 857 1005 885 omisi
1019 855 1043 884 Β
1057 861 1145 888 vimus
1160 861 1186 887 in
1201 860 1259 887 istis
1276 860 1412 892 noctibus,
1426 860 1473 887 sed
1488 860 1515 886 in
1533 859 1678 887 festivitate
1692 861 1781 887 sancti
1795 861 1852 887 Ar:-

217 914 250 942 de
263 912 367 939 ratione
381 910 588 945 antiphonarum
602 914 662 942 qum
676 910 738 932 sunt
760 905 793 932 de
806 902 1003 931 benedictione.

211 959 253 986 Ab
271 958 315 985 illa
335 956 475 984 Dominica
500 954 554 986 die,
569 953 677 989 quando
698 951 754 985 jam
781 951 814 976 ab
837 949 950 975 Alleluia
969 956 1004 989 [se

212 1006 332 1032 continet
346 1012 377 1031 os
392 1002 531 1030 Ecclesize.
545 1001 570 1028 id
581 1004 633 1033 est,
645 1007 659 1026 a
673 997 849 1032 Sexagesima
864 1003 950 1029 usque
969 988 1005 1021 ad

212 1048 400 1084 responsorios
416 1047 448 1073 de
463 1044 562 1080 Ioseph
572 1065 579 1076 ,
594 1048 649 1071 tres
662 1042 815 1077 antiphonm
829 1045 888 1067 sunt
905 1041 937 1067 de
953 1047 1006 1067 me-

213 1099 319 1122 morata
332 1092 529 1123 benedictione,
544 1090 684 1121 videlicet,
700 1088 867 1125 [Benedictus
882 1095 907 1113 es
921 1087 948 1112 in
959 1086 1006 1120 ﬁr-

214 1145 345 1169 mamento
356 1138 424 1174 caeli]
431 1143 468 1169 et,
477 1137 622 1174 [llymnum
630 1135 718 1167 dicite,
726 1139 748 1161 et
755 1131 959 1168 superexaltate]
967 1135 1003 1161 et,

215 1187 318 1223 [Trium
331 1192 472 1220 puerorum
487 1187 619 1209 cantemus
638 1177 786 1215 hymnum]
807 1178 853 1205 Hm
867 1182 922 1204 tres
936 1175 1006 1203 anti-

214 1232 311 1268 pbonae
333 1234 484 1258 memorant
506 1234 561 1255 tres
584 1234 694 1261 pueros,
716 1225 857 1251 laudantes
885 1227 1006 1249 sanctam

215 1266 376 1304 Trinitatem
389 1275 414 1302 in
433 1274 549 1302 camino.
566 1271 730 1306 Antiphona,
752 1269 797 1305 [In
811 1268 905 1303 spiritu
918 1266 1006 1293 humi-

215 1320 322 1356 litatis,]
337 1328 396 1354 qure
407 1322 533 1347 cantatur
547 1317 573 1344 in
588 1314 811 1350 Quadragesima,
829 1316 871 1340 est
883 1311 1005 1347 qumdam

216 1365 371 1402 praedicatio
383 1365 417 1392 ad
433 1368 518 1391 totam
528 1362 670 1390 ecclesiam
682 1368 730 1396 pro
744 1363 799 1386 toto
813 1363 933 1395 tempore
945 1364 1008 1391 qua—

217 1412 374 1448 dragesimae
386 1409 547 1437 amictionis.
568 1407 720 1441 Antiphona
732 1412 798 1432 vero
812 1404 839 1431 in
861 1402 1008 1437 Septuage-

218 1458 295 1488 sima,
309 1456 461 1491 [Benedicat
483 1459 554 1480 terra
566 1452 719 1483 Dominum,
735 1455 758 1477 et
774 1449 860 1476 omnia
876 1447 1008 1474 nascentia

217 1503 244 1529 in
258 1511 288 1528 ea
301 1503 426 1535 hymnum
444 1499 532 1526 dicant
545 1498 592 1533 ei,]
607 1497 745 1524 humiliter
758 1494 896 1529 conjungit
910 1494 1007 1521 burna-

219 1554 280 1574 nam
293 1546 398 1573 laudem
417 1552 478 1572 cum
494 1543 572 1570 laude
588 1542 754 1576 angelorum.
778 1539 891 1568 Alleluia
913 1541 1009 1565 cantus

218 1598 259 1620 est
273 1592 428 1627 angelorum
451 1590 479 1617 in
499 1589 578 1617 cutio.
595 1588 760 1615 lilonstratur
783 1586 834 1613 hoc
855 1585 882 1612 in
902 1584 1010 1620 Apoca-

218 1640 286 1676 lypsi
311 1639 422 1667 Joannis
446 1636 568 1672 apostoli.
584 1634 756 1666 Benedictio,
778 1633 847 1660 unde
862 1631 1009 1676 antipbona

218 1675 355 1720 assumpta
369 1687 421 1716 est,
436 1681 589 1719 [Benedicat
615 1685 685 1706 terra
706 1675 872 1712 Dominum,]
896 1675 955 1703 laus
968 1679 1009 1702 est

219 1731 357 1758 hominum
370 1729 396 1756 in
409 1727 582 1755 tribulatione
593 1725 752 1760 positorum,
760 1723 793 1750 ad
804 1721 1008 1758 significandum

219 1778 376 1805 societatem
396 1778 550 1802 sanctorum
575 1771 729 1807 angelorum
749 1776 809 1796 esse
829 1775 889 1795 cum
907 1767 949 1793 his
963 1766 1008 1800 qui

218 1829 269 1856 pro
283 1820 339 1848 Deo
357 1818 503 1854 patiuntur.
531 1817 597 1844 Cum
624 1815 710 1842 tribus
735 1813 826 1848 pueris
851 1812 878 1838 in
903 1810 1009 1837 camino

219 1855 290 1901 ignis
305 1865 379 1892 visus
393 1867 435 1890 est
448 1863 489 1889 vir
501 1861 598 1889 similis
610 1860 679 1887 Filio
698 1858 756 1890 Dei,
777 1861 804 1885 et
827 1864 877 1891 pro
901 1856 952 1883 hac
974 1855 1010 1882 si-

219 1900 391 1945 giriilicatione
406 1909 432 1934 in
447 1906 649 1942 Septuagesima
668 1912 729 1932 cum
745 1903 874 1930 continuo
896 1900 1008 1928 Alleluia

220 1956 350 1982 miscetur
365 1953 522 1988 autiphona.
550 1951 689 1978 Benedicat
712 1954 782 1975 terra
809 1946 961 1977 Dominum,
984 1950 1007 1972 et

220 2000 306 2027 omnia
323 1997 454 2025 nascentia
470 1997 496 2023 in
512 2004 542 2023 ea
555 1996 679 2030 hymnum
693 1994 716 2020 ei
731 1991 842 2027 dicunt.]

503 2050 616 2079 CAPUT
634 2042 724 2077 mn.

410 2117 414 2125 Α
453 2087 490 2115 De
514 2086 634 2122 passione
659 2084 777 2112 Domini.

254 2139 291 2164 De
305 2142 419 2163 numero
432 2134 551 2161 noctium
566 2140 626 2167 qua:
643 2132 676 2159 ad
696 2130 885 2159 celebrandam
906 2129 1009 2164 passio-

219 2191 281 2209 nctn
302 2181 409 2210 Domini
431 2181 579 2215 pertinent,
591 2182 619 2207 et
633 2179 666 2205 de
684 2177 831 2205 omissione
845 2176 953 2209 Gloria,
968 2176 1009 2203 di-

219 2199 281 2209 ..ιιιι
302 2199 409 2210 wn"...
432 2199 579 2215 μι.....ν...,
592 2199 619 2207 ν,
633 2199 665 2205 ..ν
685 2199 831 2205 suum"..-
847 2199 953 2209 -.-..-,
970 2199 994 2203 _.

218 2234 291 2255 ctum
303 2231 344 2254 est
359 2227 385 2254 in
402 2226 493 2253 libello
507 2224 693 2260 suprascripto
714 2222 830 2251 olliciali.
851 2222 880 2250 ln
904 2220 1008 2249 duabus
1020 2199 1048 2230 Β

213 2272 432 2300 hebdomadibus
446 2274 509 2298 ante
522 2269 626 2297 Pascha
644 2268 751 2296 Domini
765 2268 943 2302 undecunque
962 2274 1009 2302 po-

219 2323 271 2344 tuit
300 2317 426 2352 colligere
455 2317 618 2351 compositor
649 2314 838 2350 Antiphonarii
870 2320 1009 2339 sermones

220 2365 411 2391 convenientes
425 2362 543 2398 passioni
559 2360 765 2395 Domini,super
777 2367 824 2386 eos
834 2358 899 2385 fecit
913 2365 1008 2384 sonum

220 2413 315 2436 cantus
326 2409 444 2436 habilem
458 2408 491 2435 ad
506 2407 531 2434 id
548 2412 664 2442 tempus,
675 2406 703 2434 id
714 2402 1008 2439 est,lugubrem,juxla

220 2461 362 2481 numerum
377 2452 592 2481 necessariorum
603 2450 833 2485 responsoriorum
848 2448 1008 2482 etantipho—

220 2506 325 2526 narum.
339 2498 508 2533 Antiphonas
521 2497 554 2523 de
575 2499 712 2531 unguento
734 2494 825 2521 Maria:
849 2491 949 2519 mutavi
975 2492 1007 2519 de

219 2546 306 2581 prima
320 2543 387 2572 feria
404 2543 531 2570 Mctensis
545 2540 734 2577 Antiphonarii
756 2540 782 2566 in
805 2538 947 2573 septimam
969 2537 1007 2564 fc-

219 2592 299 2619 riatn.
313 2589 358 2617 llla
371 2589 442 2617 enim
457 2587 500 2615 die
510 2587 645 2614 celebrata
656 2590 697 2614 est
707 2584 800 2612 eadem
812 2583 911 2614 unctio,
921 2582 1005 2614 idest,

218 2636 306 2673 priilie
322 2640 383 2663 ante
400 2635 517 2662 Palmas.
533 2634 562 2660 ln
581 2633 624 2659 die
644 2631 797 2659 Palmarum
820 2628 910 2656 inveni
938 2628 1007 2654 anti-

220 2682 349 2717 phonam,
362 2680 439 2718 [Cum
453 2677 550 2714 angelis
560 2682 583 2704 et
595 2677 681 2712 pueris
691 2677 718 2702 in
727 2673 925 2709 benedictione,]
939 2676 966 2700 et
981 2673 1007 2700 in

221 2728 367 2763 aliquibus,
384 2726 495 2763 [Videris
523 2722 678 2758 Dominus;]
703 2722 737 2749 ad
760 2721 864 2754 laudes,
880 2720 1008 2757 [Confun-

222 2775 342 2810 dantur.]
360 2775 450 2801 Visum
463 2777 503 2800 est
525 2770 601 2802 mihi,
617 2766 841 2805 [Confundentur]
860 2773 1008 2801 congruere

223 2819 353 2849 Chaldaeis
369 2820 517 2851 etludseis,
533 2819 578 2854 qui
605 2816 800 2844 succenderunt
829 2814 917 2848 ignem
944 2812 1007 2844 inc;

1022 1525 1044 1555 C

1055 906 1135 933 dreze.
1149 906 1251 933 Idcirco
1266 905 1343 940 posui
1360 905 1434 932 illum
1450 905 1477 931 in
1490 905 1542 932 isto
1553 905 1659 937 ordine,
1675 906 1740 940 quia
1755 906 1850 933 iuven-

1056 956 1099 979 tus
1113 955 1156 979 est
1169 951 1195 978 in
1208 951 1331 977 Romano
1353 949 1561 984 Antiphonario.
1585 949 1682 977 Creteri
1705 951 1851 985 conipnsiti

1056 1002 1119 1026 sunt
1137 1006 1152 1024 a
1168 997 1304 1032 magistris
1324 1000 1424 1024 sancta}
1444 995 1572 1024 Romanae
1588 996 1727 1029 Ecclesim,
1742 996 1768 1023 in
1791 997 1851 1031 qni-

1056 1043 1107 1070 bus
1118 1042 1290 1077 compnnctio
1303 1041 1456 1069 traditionis
1466 1041 1524 1076 ejus
1540 1040 1739 1074 frequentatur,
1753 1045 1783 1067 et
1802 1041 1850 1068 do-

1057 1087 1098 1114 lor
1119 1086 1302 1114 crucifixionis
1325 1086 1384 1121 ejus
1406 1085 1528 1112 stimulat
1551 1085 1635 1112 corda
1664 1084 1796 1113 ﬁdelium.
1823 1086 1851 1112 In

1057 1132 1210 1159 novissimis
1228 1131 1332 1158 duobus
1347 1131 1380 1157 de
1394 1130 1539 1166 Evangelio
1552 1130 1727 1157 celebrantur
1741 1138 1774 1157 ea
1792 1138 1854 1166 qua:

1058 1178 1084 1204 in
1098 1177 1244 1205 novissimo
1255 1179 1363 1210 peracta
1374 1179 1436 1202 sunt
1444 1176 1516 1202 circa
1525 1175 1678 1210 passionem
1687 1174 1758 1209 ejus,
1766 1183 1852 1210 usque

1058 1222 1092 1249 ad
1106 1221 1318 1248 celebrationem
1343 1220 1487 1255 sepultura:
1510 1220 1537 1247 in
1557 1219 1601 1248 die
1621 1219 1800 1247 Parasceves.
1824 1220 1852 1247 ιιι

1058 1267 1171 1294 sabbato
1186 1270 1280 1293 sancto
1301 1265 1431 1293 recolitur
1445 1264 1584 1300 sepultura
1600 1264 1658 1298 ejus
1672 1265 1700 1292 in
1715 1265 1852 1300 aliquibus

1059 1312 1250 1347 responsoriis,
1267 1312 1294 1338 in
1308 1311 1443 1345 aliquibus
1457 1318 1522 1338 vero
1535 1310 1660 1345 planctus
1672 1315 1700 1337 et
1711 1311 1793 1338 ﬂetus
1804 1311 1851 1338 do-

1058 1358 1170 1385 lentium
1184 1358 1217 1385 de
1231 1365 1297 1384 nece
1311 1356 1421 1392 injusta.

1342 1414 1457 1442 CAPUT
1474 1414 1564 1441 XLIV.

1061 1451 1098 1477 De
1122 1451 1292 1477 exstinctione
1315 1450 1443 1476 luminum
1462 1449 1534 1476 circa
1557 1449 1720 1484 sepulturam
1734 1448 1852 1476 Domini.

1097 1497 1153 1524 Mos
1165 1496 1292 1524 Ecclesiae
1308 1501 1407 1523 nostrm
1428 1495 1532 1522 obtinet
1553 1503 1602 1530 per
1625 1499 1682 1522 tres
1704 1500 1812 1526 noctes,
1829 1496 1854 1522 id

1059 1547 1112 1580 est,
1123 1550 1173 1579 per
1187 1541 1282 1568 feriam
1296 1542 1430 1576 quintam,
1441 1548 1501 1575 qua:
1516 1544 1628 1568 vocatur
1641 1547 1717 1567 caena
1734 1540 1854 1572 Domini,

1058 1582 1087 1616 el.
1093 1595 1142 1623 per
1154 1592 1270 1618 sextam,
1285 1594 1343 1621 qum
1357 1589 1467 1613 vocatur
1481 1585 1641 1618 Parascevc,
1655 1590 1683 1612 et
1705 1593 1753 1620 per
1768 1586 1853 1619 septi-

1060 1641 1144 1665 mam,
1157 1641 1216 1668 qme
1238 1637 1351 1660 vocatur
1375 1632 1518 1660 sabbatum
1542 1636 1679 1663 sanetum,
1693 1635 1722 1657 ut
1751 1632 1855 1658 exstin-

1060 1683 1176 1713 guuntur
1190 1678 1333 1705 luminaria
1342 1677 1462 1705 ecclesia:
1473 1677 1499 1704 in
1512 1681 1601 1704 nocte.
1617 1677 1653 1703 De
1664 1683 1739 1703 more
1751 1681 1855 1703 saucu-

1060 1723 1156 1751 matris
1180 1723 1309 1750 Romanaa
1331 1725 1431 1749 nostra:
1445 1721 1573 1748 Ecclesia:
1585 1720 1751 1755 interrogavi
1766 1721 1855 1747 archi—

1061 1769 1205 1796 diaconum
1224 1767 1396 1794 Theodorum
1417 1770 1574 1793 memoratae
1589 1765 1734 1796 Ecclesiae,
1749 1765 1853 1792 sdlicet

1061 1815 1201 1847 Romana),
1214 1815 1261 1849 qui
1277 1814 1416 1849 respondit
1432 1823 1438 1840 :
1455 1813 1535 1842 Soleo
1548 1820 1610 1841 esse
1623 1821 1684 1840 cum
1705 1814 1854 1848 apostolico

1060 1861 1087 1888 in
1103 1860 1243 1888 Lateranis
1253 1879 1259 1891 ,
1274 1859 1381 1894 quando
1396 1858 1515 1886 ofﬁcium
1537 1858 1691 1890 celebratur
1713 1858 1749 1885 de
1770 1857 1851 1885 Carna

1060 1906 1177 1934 Domini.
1193 1905 1265 1932 Nihil
1279 1905 1352 1932 enim
1365 1905 1402 1932 ibi
1422 1905 1450 1932 in
1474 1904 1567 1931 eadem
1592 1907 1670 1931 nocte
1692 1903 1853 1931 observatur

1060 1953 1093 1981 de
1113 1952 1292 1980 exstinctione
1308 1951 1449 1978 luminum.
1466 1950 1495 1977 ln
1514 1949 1582 1977 feria
1596 1954 1672 1977 sexta
1694 1949 1798 1976 nullum
1813 1949 1853 1975 lu-

1060 2007 1122 2026 men
1137 1999 1251 2026 habetur
1265 1997 1419 2032 lampadum
1431 1997 1488 2024 sive
1503 2003 1643 2024 cereorum
1658 1996 1686 2023 in
1699 1995 1814 2023 ecclesia
1826 1996 1852 2021 in

1060 2044 1371 2079 llierusalem,quandiu
1395 2043 1520 2072 dominus
1540 2042 1712 2077 Apostolicus
1732 2042 1769 2069 ibi
1792 2049 1853 2069 ora-

1061 2091 1149 2118 tiones
1162 2090 1296 2118 solemnes
1309 2088 1390 2121 facit,
1405 2092 1452 2115 aut
1466 2088 1586 2123 quandiu
1608 2095 1675 2114 crux
1698 2087 1850 2117 salutatur;

1061 2136 1108 2164 sed
1120 2140 1209 2163 tamen
1223 2136 1250 2163 in
1264 2135 1322 2170 ipsa
1335 2135 1380 2162 die
1392 2142 1479 2163 novus
1493 2134 1563 2169 ignis
1576 2134 1744 2166 accenditur,
1755 2134 1790 2161 de
1799 2142 1853 2169 quo

1060 2186 1215 2210 reservatur
1240 2189 1327 2216 usque
1351 2182 1386 2209 ad
1412 2180 1569 2208 nocturnale
1595 2178 1721 2207 ofﬁcium.
1737 2179 1853 2215 Utrique

1061 2235 1150 2256 mores
1164 2234 1212 2261 per
1232 2226 1392 2254 rationabile
1407 2226 1460 2253 iter
1480 2225 1649 2260 gradiuntur.
1673 2223 1772 2251 Noster
1794 2232 1853 2252 mos

1061 2272 1106 2306 qui
1126 2271 1275 2306 exstinguit
1290 2270 1391 2297 lumina
1406 2277 1548 2297 cercurum
1565 2273 1612 2296 aut
1626 2268 1782 2303 lampadum
1805 2276 1853 2303 per

1061 2321 1116 2345 tres
1128 2321 1233 2348 noctes.
1249 2316 1330 2344 docet
1342 2323 1391 2343 nos
1403 2315 1595 2350 apostropham
1609 2314 1699 2342 facere
1709 2315 1742 2342 de
1760 2315 1852 2342 lzetitia

1060 2362 1086 2388 in
1102 2362 1251 2393 tristitiam,
1264 2361 1297 2388 de
1315 2360 1414 2395 gaudio
1428 2360 1455 2386 in
1470 2359 1637 2386 mmstitiam.
1654 2358 1798 2393 Cognitum
1811 2364 1853 2385 est

1060 2406 1187 2433 omnibus
1206 2405 1352 2440 signiﬁcari
1367 2404 1494 2432 Ecclesiae
1505 2404 1627 2431 laetitiam
1640 2411 1689 2439 per
1699 2404 1793 2432 lumen
1807 2412 1853 2432 ce-

1062 2458 1169 2478 renrum
1193 2455 1219 2478 et
1243 2450 1407 2485 lampadum.
1432 2449 1518 2476 Simili
1542 2448 1622 2476 modo
1645 2453 1742 2476 cantus
1766 2451 1854 2484 magis

1060 2495 1177 2530 pertinet
1184 2495 1218 2522 ad
1228 2493 1436 2522 delectationem
1446 2497 1474 2520 et
1484 2492 1605 2520 laetitiam
1616 2491 1760 2522 mentium.
1769 2500 1853 2527 quam

1062 2541 1095 2568 ad
1107 2540 1207 2567 luctum
1222 2544 1250 2566 et
1262 2538 1431 2566 mmsiitiam.
1448 2537 1500 2565 Per
1516 2541 1572 2565 tres
1590 2537 1662 2564 enim
1682 2540 1779 2564 noctes
1804 2545 1855 2564 ex-

1060 2586 1234 2620 stinguuntur
1253 2584 1441 2618 lumina,_qua‘.
1456 2583 1598 2610 continent
1615 2582 1642 2609 in
1659 2588 1688 2609 se
1709 2588 1774 2608 cum
1795 2582 1855 2608 suis

1062 2631 1157 2658 diebus
1175 2629 1346 2664 septuaginta
1361 2629 1428 2656 duas
1447 2628 1539 2655 horas.
1555 2627 1607 2654 Per
1621 2631 1785 2661 pmentem
1807 2633 1855 2654 ει-

1059 2675 1230 2703 stinctionem
1242 2674 1398 2709 designatur
1410 2669 1553 2701 exstinciio
1567 2672 1666 2699 lictitiaa
1682 2679 1743 2706 quae
1757 2671 1854 2698 recoli.

1060 2724 1104 2746 tur
1126 2719 1196 2746 facta
1217 2726 1276 2746 esse
1297 2719 1323 2745 in
1353 2718 1480 2746 cordibus
1505 2717 1698 2751 discipulorum
1725 2715 1829 2743 Christi
1842 2735 1851 2746 ,

1060 2764 1179 2800 quandiu
1195 2764 1318 2792 Christus
1330 2763 1417 2798 jacuit
1431 2764 1457 2790 in
1481 2762 1615 2797 sepulcro.
1641 2760 1705 2788 Sive
1729 2761 1775 2787 illa
1802 2768 1850 2786 ct-

1061 2812 1169 2839 stinctio
1183 2811 1292 2844 lmtitize,
1308 2818 1366 2845 qnzc
1380 2809 1448 2837 facta
1464 2814 1504 2836 est
1520 2809 1545 2835 in
1565 2807 1691 2835 cordibus
1712 2805 1850 2841 apostolo-
