2000 3089
207 101 275 128 1Ξ95

722 95 825 122 LIBER
845 95 889 122 DE
909 94 1036 122 0RDINE
1056 93 1311 122 ANTIPHONARII.

1768 90 1838 117 ίίὲὓι

205 166 264 185 rum
279 159 339 192 post
351 155 522 182 traditionem
538 153 642 181 Domini
661 160 746 187 usque
760 153 823 179 dum
840 151 950 178 intravit
962 149 1033 183 ΝΓΛ
1048 151 1160 178 Mctcnsi
1175 158 1223 185 per
1241 150 1361 185 singulas
1375 157 1494 184 quasque
1510 149 1591 176 ferias
1609 156 1694 184 usque
1709 149 1743 176 ad
1756 150 1837 183 quin—

204 210 252 230 eos
264 201 357 237 januis
368 200 477 232 clausis,
488 203 517 226 et
531 198 649 226 ostendit
671 198 712 225 eis
733 205 830 225 manus
854 201 882 224 et
901 197 995 231 pedes,

204 251 288 282 atque
302 245 475 273 manducavit
487 251 580 271 coram
597 243 647 270 eis.
661 242 695 269 Et
705 243 774 270 bene
789 242 815 269 in
834 249 867 269 eo
880 242 939 269 loco
950 248 998 268 ex—

206 294 390 329 stinguuntur,
402 292 447 319 tibi
461 296 558 319 cantus
573 294 730 322 renovatur,
744 294 777 317 ut
790 290 942 317 innotescat
969 289 997 316 in

206 345 369 373 unoquoque
386 337 500 364 articulo
519 336 634 371 alicujus
654 336 808 370 improvisae
832 335 932 363 laetitia;
953 335 998 361 ad-

205 386 290 413 fuisse
303 391 410 419 semper
424 384 529 411 obicem
541 383 667 410 tristitia.
686 383 722 409 De
737 382 787 409 hac
800 390 830 409 re
842 386 870 409 et
885 390 998 410 numero

207 437 348 458 cereorum
360 429 493 456 habemus
507 428 639 462 scriptum
656 428 683 454 in
706 427 796 455 libello
817 427 934 455 ofﬁciali.
963 428 999 456 Ut

206 475 279 502 enim
295 474 322 501 iu
337 477 414 501 sexta
427 473 493 500 feria
505 472 584 506 juxta
595 472 747 499 Romanum
761 479 864 499 morem
873 480 999 500 reacccn—

207 521 281 547 ditur
294 520 385 546 lumen
401 526 510 551 novum,
525 518 596 546 hanc
607 519 689 546 habet
701 518 852 545 rationem:
864 518 891 545 in
904 519 999 546 eadem

208 567 252 593 die
265 566 311 593 sol
321 566 482 592 obscuratae
493 569 535 592 est
554 572 570 591 a
583 569 660 592 sexta
673 564 738 591 hora
753 572 838 599 usque
852 565 886 592 ad
904 565 998 592 horam

207 618 323 642 nonam;
347 610 434 637 instar
445 608 503 643 ejus
522 609 721 637 obscurationis
738 610 947 645 exstinguuntur
960 610 1000 636 lu-

209 656 281 683 mina
297 659 427 682 consueta
448 655 476 682 in
496 654 622 688 ecclesia,
641 659 668 682 et
694 655 792 682 iterum
821 660 997 687 renovantur,

207 701 337 736 quoniam
358 700 432 727 circa
459 700 554 728 horam
578 707 678 727 nonam
700 707 838 727 reversum
854 704 895 727 est
909 700 999 727 lumen

208 747 275 774 solis
286 746 319 773 ad
340 746 436 777 orbem
445 744 664 777 insumendum.
680 745 733 772 Per
749 750 804 772 tres
821 746 892 772 enim
918 745 1000 772 horas

210 800 263 820 non
281 792 355 819 dedit
379 792 470 820 lumen
489 799 566 819 suum
580 812 587 823 ,
601 796 630 818 ut
655 792 816 826 praedicaret
838 792 897 820 orbi
913 792 1000 819 tribus

208 838 304 866 diebus
321 842 348 865 et
363 838 452 865 tribus
472 838 598 865 noctibus
610 837 767 865 Creatorem
783 845 861 865 suum
875 841 1000 873 operato-
1014 826 1037 855 Β

209 892 266 912 rem
279 885 488 912 obscuraturum
502 891 531 912 se
545 884 572 911 in
587 884 721 919 sepulcro.
737 884 771 911 Et
784 889 894 919 propter
909 892 1002 912 neces-

210 931 318 957 sitatem
332 937 504 958 communem
520 931 707 958 reaccenditur
721 932 746 958 in
761 936 855 959 sancta
880 932 1002 960 Romana

210 975 331 1002 Ecclesia
341 975 436 1003 eodem
451 975 508 1007 die,
517 980 547 1002 ut
561 983 594 1003 ex
607 976 654 1003 illo
675 976 728 1004 cibi
747 982 899 1012 coquantur
916 983 944 1006 et
957 984 1001 1004 re-

210 1025 335 1048 servetur
351 1021 385 1048 ad
398 1029 475 1048 nsunt
491 1022 579 1049 noctis
598 1022 793 1049 necessarium.
808 1022 837 1050 In
852 1023 947 1050 eadem
960 1030 1003 1050 ve-

213 1074 242 1093 ro
260 1070 349 1097 nocte,
364 1065 391 1092 id
403 1069 455 1097 est,
469 1066 696 1101 Dominica,—qu:e
718 1067 836 1101 pertinet
859 1066 892 1094 ad
916 1074 1004 1094 resur-

214 1114 360 1141 rectionem
374 1112 485 1145 Christi,
497 1120 579 1140 causa
597 1113 766 1149 significandi
780 1114 900 1149 mysterii
912 1113 1002 1140 omnia

213 1158 312 1185 lumina
327 1162 502 1185 renovantur.
515 1158 631 1194 Propter
639 1163 841 1186 sacramentum
855 1158 1003 1186 Dominicm

213 1204 355 1239 sepultura:
365 1208 392 1231 et
405 1204 612 1231 resurrectionis
625 1204 651 1231 in
665 1203 804 1231 Dominica
817 1208 908 1236 nocte,
920 1204 1004 1238 liquet

215 1256 300 1277 ratum
324 1257 383 1277 esse
403 1249 536 1281 ordinem,
549 1254 579 1277 ut
600 1257 662 1276 cum
681 1254 790 1277 ventum
805 1249 887 1276 fuerit
901 1250 934 1276 ad
946 1248 1004 1276 ol'fl-

213 1295 285 1322 cium
295 1295 366 1329 quod
379 1294 496 1329 pertinet
505 1294 539 1321 ad
557 1295 782 1322 resurrectionem
794 1293 908 1326 Christi,
917 1302 1003 1322 novus

215 1339 284 1374 ignis
296 1343 323 1367 et
333 1346 527 1374 permansurus
540 1343 680 1373 exsurgat,
690 1339 745 1373 'qui
761 1339 895 1367 illuminet
918 1343 1003 1367 totam

214 1384 368 1412 ecclesiam.
393 1385 449 1412 lloc
471 1389 513 1412 est
537 1385 608 1419 quod
630 1385 689 1412 dico
709 1389 863 1412 reservetur
884 1385 954 1420 ignis
971 1385 1004 1412 de

216 1435 290 1458 sexta
303 1430 380 1462 feria,
395 1435 425 1457 ut
443 1430 591 1458 luminetur
606 1438 702 1458 cereus
715 1431 760 1465 qui
779 1431 889 1465 ponitur
902 1431 929 1457 in
944 1430 1004 1458 vice

217 1476 347 1504 columnze
358 1476 429 1511 ignis
441 1475 475 1503 ad
488 1476 711 1509 benedicendum,
724 1477 770 1511 qui
783 1476 817 1503 ab
831 1476 909 1503 initio
922 1476 1004 1509 bene-

1047 201 1102 222 tam
1117 195 1222 222 feriam.
1241 196 1331 222 Visum
1354 195 1420 221 mihi
1445 194 1496 221 fuit
1519 194 1618 221 rationi
1638 201 1788 229 congruere
1808 199 1840 221 ut

1047 241 1111 275 quia
1127 241 1247 276 quinque
1262 239 1336 267 feria:
1360 240 1504 274 tleputatos
1526 240 1712 274 responsorios
1736 239 1838 266 habue-

1048 290 1121 318 ruut,
1136 291 1219 313 sexta:
1230 292 1258 313 et
1275 286 1397 320 septimae
1409 292 1461 312 non
1478 285 1584 312 deesset
1602 286 1659 312 lucc
1672 285 1836 320 proprietas.

1047 331 1127 358 Juxta
1143 331 1266 358 ordinem
1281 331 1418 365 Evangelii
1435 331 1460 357 in
1484 331 1572 365 capite
1595 330 1673 357 debui
1696 338 1840 366 responso-

1049 379 1118 405 rium
1131 378 1286 413 depingere,
1302 376 1383 412 [Dum
1398 377 1535 403 transisset
1550 375 1708 411 sabbatum],
1722 376 1768 404 sed
1780 384 1840 410 [πω

1048 429 1108 460 pter
1121 423 1288 451 nobilitatem
1313 427 1408 449 cantus
1431 426 1459 449 et
1482 420 1654 449 manifestam
1673 421 1839 456 explanatio-

1049 477 1110 497 nem
1125 468 1333 496 resurrectionis
1346 468 1463 498 Domini.
1481 466 1559 501 juxta
1575 472 1696 494 tenorem
1711 466 1841 502 plurimo—

1049 524 1109 543 rum
1137 515 1397 549 Antiphonariorum
1423 514 1501 549 posui
1527 514 1554 541 in
1582 513 1685 548 capite,
1714 512 1840 548 [Angelus

1050 560 1334 588 Dominidescenditde
1341 559 1429 595 malm]
1443 567 1523 594 quem
1537 563 1688 594 sequuntur
1700 559 1752 585 duo
1763 558 1841 592 juxta

1051 612 1153 633 textum
1166 606 1313 641 Evangelii,
1328 607 1354 633 id
1367 611 1419 639 est,
1434 606 1516 642 [Dum
1527 607 1664 633 transisse!
1678 605 1841 641 sabbatum,]

1049 658 1087 680 et.
1103 651 1229 687 [Angelus
1241 651 1348 678 Domini
1362 651 1465 678 locutus
1480 656 1516 678 est
1529 651 1706 687 mulieribus.]

1333 706 1448 735 CAPUT
1467 706 1558 734 XLVI.

1317 752 1355 778 De
1368 752 1436 786 feria
1451 752 1577 779 secunda.

1088 796 1169 823 Maria
1184 795 1339 831 Magdalcne
1351 798 1578 824 resurrectionem
1591 797 1697 825 Domini
1712 797 1843 825 declarat.

1053 841 1216 878 [Introduxit
1229 850 1273 869 vos
1290 842 1430 878 Dominus]
1452 843 1668 878 competentibus
1681 843 1782 871 Iudaeis
1806 845 1845 872 lo-

1052 887 1154 921 quitur.
1182 887 1233 924 [De
1252 896 1295 914 ore
1319 888 1478 924 prudentis,]
1507 889 1633 915 convenit
1659 890 1844 923 superioribus

1052 932 1152 967 verbis,
1169 934 1273 961 scilicet
1289 934 1361 961 melli
1377 939 1404 961 ct
1419 934 1471 969 legi
1484 935 1600 961 Domini.

1327 1000 1441 1028 CAPUT
1461 1000 1562 1028 XLVII.

1333 1045 1372 1072 De
1391 1046 1457 1079 feria
1473 1047 1561 1073 tertia.

1090 1091 1207 1126 Surgem
1221 1092 1298 1119 Jeeus
1322 1092 1452 1119 Dominus
1477 1097 1575 1124 noster,
1589 1093 1622 1120 de
1647 1094 1847 1121 resurrectione

1054 1137 1160 1164 Domini
1172 1141 1260 1164 sonat.
1274 1137 1393 1173 [Virtute
1407 1138 1528 1174 magum]
1542 1139 1721 1166 constantiam
1744 1140 1847 1175 primo-

1055 1191 1114 1210 rum
1128 1184 1337 1218 przedicatorum
1361 1183 1497 1211 decantat.
1516 1183 1557 1218 [Si
1572 1186 1775 1212 εοηιιιγγεπὶειὶι
1787 1193 1846 1211 cum

1055 1228 1182 1264 Christo,]
1198 1229 1313 1256 attrahit
1327 1229 1467 1256 ministros
1482 1229 1515 1256 ad
1531 1229 1620 1256 locum
1632 1230 1678 1256 ubi
1691 1230 1778 1257 victor
1790 1236 1849 1256 cer-

1055 1275 1164 1302 taminis
1174 1278 1226 1302 est.

1326 1319 1439 1348 CAPUT
1459 1319 1573 1347 XLVIII.

1323 1365 1361 1392 De
1386 1365 1454 1399 feria
1481 1370 1585 1401 quarta.

1089 1411 1119 1438 In
1132 1411 1199 1438 feria
1214 1414 1311 1445 quarta
1324 1415 1366 1437 est
1380 1410 1469 1437 adhuc
1485 1410 1614 1437 allocutio
1624 1411 1658 1437 ad
1670 1409 1788 1443 Iudaeos,
1801 1412 1848 1445 qui

1052 1455 1110 1491 jam
1136 1456 1284 1483 invitantur
1307 1454 1341 1482 ad
1356 1463 1470 1490 regnum
1483 1455 1594 1483 Christi.
1614 1455 1739 1483 Christus
1753 1461 1795 1483 est
1808 1456 1850 1484 leo

218 1522 341 1549 dictionis
355 1500 520 1549 iﬁuminatus
530 1525 581 1548 est.
598 1521 633 1548 Et
646 1500 714 1549 cum:
726 1500 886 1548 benedictus
908 1505 959 1552 est,
971 1521 1005 1548 ab
1019 1503 1041 1534 Ο
1056 1502 1177 1552 de_mbu
1194 1500 1263 1528 ’1⁸⁸1³
1282 1505 1320 1552 et"
1332 1501 1422 1552 "39”"
1447 1501 1547 1552 Dav'fl‘
1561 1507 1691 1552 quive"
1705 1506 1732 1529 et
1745 1506 1854 1537 apem"

218 1575 250 1594 eo
264 1567 432 1595 illuminetur
450 1567 584 1594 secundus
596 1574 702 1594 cereus.
718 1567 822 1594 Caetera
843 1567 1006 1594 illuminaria

218 1613 350 1640 exstincta
365 1616 540 1647 permaneant
549 1619 633 1647 usque
644 1612 676 1639 ad
688 1612 863 1639 novissimam
876 1612 1005 1643 litaniam,

218 1665 277 1693 qum
287 1657 409 1693 pertinet
422 1657 456 1684 ad
467 1656 582 1684 cilicium
596 1657 685 1684 missae
700 1657 733 1684 de
746 1657 945 1684 resurrectione
956 1657 1008 1683 Do-

218 1704 294 1730 mini.
309 1703 386 1730 Tunc
405 1702 589 1730 accendantur
602 1702 747 1730 luminaria
762 1702 884 1730 ecclesia:
897 1707 924 1730 et
948 1709 1010 1729 neo-

219 1748 375 1783 phytorum,
391 1751 420 1774 ut
440 1747 608 1783 signiﬁcetur
629 1750 829 1775 resurrectione
851 1747 952 1775 Christi
976 1748 1010 1774 de

221 1799 292 1821 terra
308 1793 513 1821 illuminandum
530 1794 624 1821 orbem
639 1798 785 1821 terrarum.

510 1849 625 1877 CAPUT
642 1848 722 1876 XLV.

425 1885 463 1912 De
480 1885 670 1912 resurrectione
688 1884 806 1911 Domini.

257 1931 295 1957 De
313 1938 426 1958 numero
440 1930 607 1965 psalmorum
617 1936 667 1964 per
682 1929 825 1964 paschales
838 1933 932 1956 noctes
945 1929 1012 1956 scri-

222 1977 325 2011 psimus
336 1977 407 2011 quod
425 1977 561 2011 potuimus
574 1976 602 2003 in
616 1981 765 2004 memorato
786 1976 877 2004 libello
895 1976 941 2011 qui
965 1984 1013 2004 vo—

223 2021 457 2061 catur’oilicialis.
484 2020 513 2047 In
541 2025 635 2048 nostro
663 2020 858 2056 Antiphonario
879 2020 1014 2055 reperitur

224 2067 302 2099 ordo,
317 2067 364 2101 qui
384 2067 409 2094 in
426 2067 548 2094 Romano
562 2066 760 2101 Antiphonario
783 2071 836 2098 est,
852 2066 1015 2101 antiphona-

226 2119 286 2139 rum
299 2115 329 2138 et
340 2111 575 2145 responsoriorum
588 2110 623 2138 de
636 2110 810 2146 paschalibus
821 2111 925 2139 diebus.
940 2110 969 2138 In
983 2118 1016 2139 eo

225 2157 319 2184 ordine
333 2163 385 2183 non
396 2156 570 2183 inveniuntur
584 2156 739 2190 antiphonae
753 2164 822 2191 quas
840 2157 959 2184 solemus
973 2163 1017 2184 ca-

226 2207 292 2228 nere
303 2200 329 2227 in
343 2204 422 2228 nocte
433 2200 640 2227 resurrectionis
654 2200 760 2227 Domini
774 2208 856 2235 super
869 2205 1015 2228 nocturna-

228 2245 267 2273 les
278 2245 408 2280 psalmos,
424 2245 451 2272 id
464 2249 516 2277 est,
532 2244 600 2280 [Ego
611 2253 670 2271 sum
680 2245 724 2279 qui
738 2253 797 2271 sum
809 2245 830 2281 :]
845 2250 888 2277 et,
907 2245 1017 2281 [Postu-

227 2291 279 2317 laei
292 2295 391 2325 patrem
405 2299 490 2318 meum
503 2289 524 2326 :]
541 2295 578 2322 et,
592 2289 660 2325 [Ego
679 2289 816 2325 domini].
839 2290 936 2318 Nescio
947 2291 1019 2318 unde

228 2344 275 2364 cas
293 2336 463 2372 collegissent
484 2335 626 2363 Metenses.
653 2335 741 2363 Unum
767 2336 833 2367 scio,
849 2337 911 2370 quia
934 2337 1018 2364 verba

230 2382 332 2410 habent
354 2381 532 2410 consonantia
559 2381 768 2409 resurrectionis
792 2380 903 2408 Christi.
928 2380 1018 2409 Prima

230 2428 388 2462 antiphona,
413 2427 482 2463 [Ego
503 2435 562 2454 aunt
584 2426 629 2461 qui
651 2425 721 2462 sum]
747 2426 865 2454 ostendit
880 2426 1019 2455 Christum

231 2473 401 2506 crucifixum,
416 2474 500 2501 Deum
515 2479 584 2504 esse,
598 2476 625 2499 et
638 2472 687 2500 Dei
699 2472 864 2500 voluntatem
887 2480 940 2500 non
960 2480 1020 2500 esse

232 2527 293 2546 cum
309 2519 400 2554 impiis
415 2518 460 2553 qui
475 2518 613 2546 Christum
627 2518 770 2545 voluerunt
779 2518 1021 2553 exstinguere,sed

232 2572 294 2592 cum
306 2565 359 2593 illis
370 2564 470 2592 Iudaeis
488 2565 534 2599 qui
557 2565 585 2591 in
605 2564 664 2600 lege
679 2565 727 2592 Dei
744 2564 879 2593 veraciter
896 2572 1022 2600 perseve-

235 2615 339 2644 rarunt,
352 2612 423 2638 sicut
433 2611 529 2638 Petrus
545 2615 573 2639 et
586 2611 686 2638 Paulus
706 2610 837 2639 fecerunt.
855 2612 1022 2647 Antiphona,

236 2655 386 2691 [Pontiani
407 2655 515 2683 Patrem
531 2655 641 2693 meum],
659 2657 740 2684 docet
752 2657 879 2691 gentilem
896 2658 1024 2693 populum

235 2701 356 2728 additum
366 2708 427 2729 esse
437 2701 512 2736 gregi
523 2700 624 2728 Christi
633 2708 681 2736 per
693 2701 846 2736 passionem
860 2709 946 2729 suam.
960 2702 1026 2730 Ter-

236 2747 274 2774 tia
287 2754 362 2780 vero,
372 2747 440 2783 [Ego
449 2746 583 2783 dormivi,]
602 2746 702 2774 Christi
712 2748 938 2774 resurrectionem
950 2755 1026 2775 mou-

237 2796 315 2820 strat.
329 2793 526 2827 Responsorios
538 2792 680 2821 distinctos
689 2792 778 2828 reperi
791 2793 818 2820 in
828 2793 1026 2827 Antiphonario

1057 1548 1113 1575 suis
1139 1552 1232 1582 portas
1259 1547 1331 1574 caeli.
1362 1547 1568 1582 llesponsorius,
1599 1547 1851 1583 [Expurgateretue

1057 1593 1237 1628 fermentum]
1250 1593 1372 1620 continet
1386 1594 1411 1620 in
1426 1601 1454 1620 se
1475 1594 1534 1620 haec
1557 1595 1639 1621 verba
1662 1594 1779 1630 [Pascha
1804 1603 1852 1621 no-

1057 1643 1141 1666 strum
1160 1638 1310 1665 immolatus
1322 1643 1358 1665 est
1374 1638 1504 1670 Christus,
1518 1640 1606 1674 imque
1615 1640 1750 1674 epulemur
1761 1641 1789 1667 in
1799 1640 1854 1667 Do~

1058 1684 1153 1720 mium]
1172 1685 1210 1711 De
1227 1684 1278 1711 hac
1291 1684 1445 1718 epulatione
1462 1685 1528 1711 dicit
1544 1684 1713 1712 oﬂ'ertorium
1734 1686 1806 1719 quod
1819 1693 1852 1713 ea

1059 1730 1103 1757 die
1127 1729 1256 1757 canitur:
1279 1728 1378 1756 Panem
1402 1729 1557 1764 angelorum
1574 1731 1741 1758 manducavit
1763 1732 1854 1759 homo.

1061 1775 1270 1810 Responsorius,
1290 1775 1421 1811 [Christus
1438 1784 1574 1811 resurgens
1591 1786 1607 1803 a
1629 1776 1764 1813 mortuia,]
1788 1785 1853 1804 con-

1061 1826 1224 1848 summatam
1241 1822 1382 1849 victoriam
1396 1822 1498 1849 Christi
1518 1827 1546 1849 et
1560 1823 1703 1857 primitivae
1725 1823 1854 1851 Ecclesia)

1061 1866 1226 1894 manifestat.

1347 1913 1461 1941 CAPUT
1477 1914 1569 1941 XLIX.

1341 1960 1380 1987 De
1394 1960 1461 1995 feria
1475 1962 1577 1997 quinta.

1101 2003 1251 2039 [Talentm
1268 2004 1411 2033 Dominum
1431 2006 1556 2043 meum,]
1577 2012 1732 2042 assumptus
1755 2013 1798 2036 est
1822 2009 1856 2036 de

1067 2049 1207 2085 evangelio
1223 2050 1295 2084 quod
1313 2050 1413 2086 legitur
1430 2052 1458 2078 in
1477 2052 1572 2086 quinta
1591 2051 1668 2079 feria.
1696 2053 1724 2080 ln
1744 2061 1858 2089 respon-

1067 2096 1142 2124 sorio
1160 2095 1406 2131 [congratulamini
1423 2097 1489 2124 mihi
1506 2105 1594 2125 omnes
1610 2098 1657 2133 qui
1675 2098 1785 2134 diligitis
1802 2099 1858 2126 Do-

1068 2143 1185 2174 minum,
1201 2141 1211 2177 ]
1231 2141 1313 2168 Maria
1336 2142 1409 2169 circa
1432 2146 1637 2171 monumentum
1654 2144 1751 2179 quierit
1769 2145 1861 2172 Domi-

1030 2177 1056 2206 D
1071 2194 1152 2219 num,
1170 2191 1198 2213 et
1214 2186 1327 2213 invenit.
1352 2186 1382 2214 In
1397 2193 1574 2215 monumento
1601 2177 1723 2223 sepultus
1746 2194 1788 2217 est
1812 2190 1864 2217 Do—

1070 2232 1170 2259 minus.
1195 2232 1224 2259 In
1254 2233 1444 2267 responsorio,
1470 2231 1616 2269 [Populus
1641 2235 1863 2270 acquisitionia,]

1072 2281 1239 2305 monstratur
1254 2278 1281 2304 in
1296 2278 1348 2306 hac
1360 2278 1428 2306 feria
1444 2280 1614 2306 mentionem
1629 2279 1687 2313 ejus
1699 2280 1790 2315 populi
1805 2280 1865 2308 fleri

1072 2324 1118 2358 qui
1133 2323 1165 2351 de
1180 2324 1312 2358 prrcputio
1326 2326 1475 2360 acquisitus
1489 2331 1531 2353 est
1545 2326 1648 2354 Christi
1664 2327 1808 2362 sanguine.

1380 2382 1492 2410 CAPUT
1512 2382 1543 2409 L.

1360 2429 1397 2456 De
1410 2430 1476 2464 feria
1491 2434 1575 2456 sexta.

1109 2472 1305 2507 Rcsponsorius
1323 2472 1468 2509 [Surrexit
1488 2479 1580 2509 pastor
1600 2474 1725 2511 bonus,]
1743 2474 1866 2502 ostendit

1073 2526 1134 2545 eum
1154 2519 1335 2547 resurrexisse
1352 2519 1399 2554 qui
1417 2519 1445 2546 in
1464 2524 1540 2547 sexta
1562 2520 1607 2547 die
1630 2521 1750 2548 animam
1771 2520 1865 2555 posuit

1075 2573 1125 2600 pro
1140 2566 1236 2592 ovibus
1251 2566 1317 2593 suis.
1335 2565 1364 2593 In
1380 2571 1457 2594 sexta
1473 2567 1516 2594 die
1532 2571 1699 2595 memoratur
1713 2567 1864 2600 baptismus

1075 2611 1204 2645 gentium.
1231 2611 1259 2637 In
1286 2613 1473 2646 responsorio,
1499 2611 1623 2648 [Dignus
1642 2620 1669 2639 es
1683 2632 1689 2644 ,
1711 2610 1864 2646 Domine,]

1075 2656 1267 2690 praedicatores
1284 2657 1412 2692 praecipui
1430 2657 1523 2685 laudes
1541 2657 1636 2691 dignas
1656 2657 1720 2684 dant
1740 2655 1862 2682 Christo.

1076 2701 1182 2728 Etenim
1197 2702 1274 2737 cujus
1289 2703 1399 2738 sanguis
1413 2702 1515 2730 eﬂ‘usus
1530 2707 1572 2730 est
1586 2709 1635 2737 pro
1650 2706 1742 2729 nostra
1757 2702 1864 2729 redem-

1076 2747 1183 2781 ptione,
1200 2748 1298 2783 dignus
1311 2753 1354 2775 est
1368 2749 1490 2775 revelare
1505 2755 1604 2774 arcana
1623 2747 1787 2782 Scriptum,
1804 2754 1865 2781 qua:

1077 2795 1110 2822 de
1133 2795 1227 2822 eadem
1247 2795 1431 2830 redemptione
1450 2794 1589 2829 prmlibata
1613 2798 1686 2822 sunt.
1707 2793 1865 2830 Responso-
