4000 6178
389 279 410 332 1
426 275 526 330 295

1422 275 1754 338 AMALARII
1797 271 2232 331 PRESBYTER!
2274 269 2614 328 METENSIS

3519 276 3662 334 {296

360 393 527 454 .rius,
571 389 750 462 [Data
783 397 859 442 est
889 388 1043 451 mihi,
1071 385 1090 460 ]
1128 387 1193 444 de
1220 387 1441 458 proprio
1470 387 1750 458 evangelio
1779 401 1969 442 excer-
1997 391 2042 449 Α
2076 383 2166 438 ubi
2208 382 2297 436 illa
2333 382 2420 438 die
2452 381 2617 437 statio
2652 381 2733 434 ﬁt.
2778 380 3054 436 invenitur
3089 383 3256 438 etiam
3292 396 3489 455 quarta
3523 388 3662 447 feria

359 490 508 551 sptus
536 490 637 534 est.

1003 545 1230 604 CAPUT
1262 546 1345 602 ιι.

1005 637 1084 693 De
1111 638 1344 693 sabbato.

453 727 719 800 [Ostendit
764 728 893 783 mihi
945 727 1164 800 angelus
1203 728 1401 800 fontem
1451 745 1604 800 aqua
1643 726 1834 801 vium]
1873 726 1963 784 Sic

347 821 639 891 loquitur,
675 820 831 890 quasi
877 819 931 876 hi
967 824 1262 893 loquantur
1296 821 1365 874 ad
1402 819 1738 886 Ecclesiam,
1777 819 1869 890 qui
1907 819 1963 874 in

377 911 594 966 Christo
632 910 893 981 baptizati
923 917 1050 966 sunt
1075 950 1090 976 ,
1130 919 1186 964 et
1213 919 1340 966 sunt
1369 909 1494 983 agni
1523 909 1716 964 novelli
1741 950 1754 975 ,
1784 917 1838 964 et
1864 909 1963 964 bo—

376 1001 464 1055 die
492 1008 840 1056 revertuntur
871 1001 936 1056 ad
965 1000 1143 1056 fontes
1167 1009 1228 1055 ut
1250 1009 1451 1056 exuant
1474 1015 1533 1056 se
1568 999 1725 1054 albis.
1755 998 1962 1066 Quibus

374 1091 622 1146 subditur
659 1092 1077 1161 responsorius,
1107 1088 1140 1163 V[
1164 1088 1360 1145 Omnes
1399 1091 1489 1163 qui
1537 1091 1594 1144 in
1633 1087 1840 1144 Christo
1868 1089 1960 1142 ba-

345 1185 558 1252 .ptizati
586 1183 736 1248 estis,
771 1183 1050 1240 Christum
1081 1183 1357 1238 induistis.
1383 1181 1404 1256 ]

977 1292 1205 1350 CAPUT
1242 1292 1347 1348 LII.

369 1384 451 1438 De
471 1383 697 1455 glorioso
719 1385 883 1455 o/ﬁcio
906 1384 1046 1455 quod
1065 1384 1292 1455 ﬁtcirca
1305 1383 1682 1455 uespertin‘ales
1705 1384 1955 1455 terminos

512 1456 566 1508 in
589 1452 827 1524 paschali
850 1452 1260 1510 hebdomadain
1282 1452 1529 1508 Romana
1553 1452 1811 1508 Ecclesia.

442 1563 640 1619 Notum
691 1563 1011 1620 solemniter
1057 1572 1141 1620 est
1188 1579 1388 1620 canere
1433 1574 1666 1621 matrem
1712 1575 1954 1621 nostram

343 1660 670 1713 ‘ltomanam
722 1657 1023 1734 Ecclesiam
1075 1665 1188 1714 tres
1232 1657 1471 1728 psalmos
1521 1667 1645 1713 ante
1693 1659 1955 1732 hymnum

2070 476 2447 545 responsorius
2485 475 2736 540 indutus,
2770 474 2791 547 [
2817 474 2952 530 Haec
2979 476 3092 532 dies
3121 495 3282 547 quam
3313 479 3439 548 fecit
3475 482 3665 539 Deuri-

2067 583 2165 620 nus
2189 565 2207 638 ]
2231 575 2355 636 post
2378 566 2486 622 duo
2511 565 2765 632 Alleluia,
2793 574 2854 620 ut
2879 567 3283 624 demonstretur
3306 572 3461 627 illum
3487 573 3663 633 fuisse

2063 657 2243 726 primo
2275 665 2544 712 statutum
2575 672 2678 727 pro
2704 657 2986 723 versibus,
3015 662 3112 716 sed
3141 661 3407 731 dignitate
3437 676 3662 734 aposto—

2065 744 2169 800 lica
2203 745 2431 800 Alleluia
2469 753 2738 800 mutatum
2771 757 2859 802 est
2894 765 2994 819 pro
3027 750 3127 806 eis.
3167 751 3370 808 Eadem
3408 756 3560 810 enim
3597 774 3658 814 re

2064 833 2267 890 factum
2296 844 2383 892 est
2412 844 2472 892 ut
2504 836 2661 891 multi
2689 853 2881 894 versus
2904 838 3136 894 Alleluia
3159 839 3348 898 Graeca
3378 844 3564 916 lingua
3597 850 3655 902 in

2061 937 2365 983 memorato
2402 927 2588 984 ofﬁcio
2620 937 2910 984 canantur.
2947 929 3006 984 lu
3043 940 3202 987 sexta
3236 931 3374 987 feria
3408 934 3655 1006 interpo-

2061 1020 2211 1074 nitur
2242 1021 2656 1090 responsorius,
2691 1019 2848 1092 [Hae
2877 1021 2990 1076 dies
3016 1039 3177 1094 quam
3205 1025 3329 1093 fecit
3361 1025 3648 1102 Dominus]

2062 1111 2204 1167 inter
2240 1112 2351 1168 duo
2385 1112 2651 1177 Alleluia,
2689 1122 2749 1168 ut
2786 1114 3001 1184 opinor,
3039 1126 3265 1186 propter
3297 1117 3414 1173 loca
3455 1121 3650 1176 statio-

2059 1219 2214 1270 num,
2242 1219 2360 1272 quae
2384 1205 2536 1273 prius
2561 1205 2916 1275 designantur
2947 1221 3048 1275 per
3079 1207 3199 1260 loca
3233 1209 3362 1262 vilia
3399 1217 3457 1264 et
3490 1221 3648 1280 post-

2059 1306 2122 1346 ea
2163 1291 2384 1346 nobilia.
2430 1293 2505 1346 De
2527 1291 2727 1362 quibus
2748 1293 3009 1348 scribitur
3050 1294 3104 1348 in
3128 1294 3374 1351 Romano
3398 1297 3646 1354 Ordine:

2061 1381 2246 1453 Usque
2277 1383 2346 1438 ad
2390 1383 2532 1438 diem
2575 1388 2829 1437 octavum
2858 1381 3119 1449 Pascha,
3154 1381 3311 1463 juxta
3339 1386 3650 1443 Romanam

2057 1475 2538 1549 consuetudinem,
2591 1483 2954 1530 memoratum
3005 1491 3229 1533 cursum
3278 1479 3646 1535 celebramus.

2055 1566 2114 1621 ln
2146 1574 2309 1621 nocte
2347 1566 2494 1621 enim
2526 1565 2764 1621 solemus
2793 1555 2988 1624 versus
3011 1582 3234 1624 cauere.
3283 1567 3502 1624 Scimus
3537 1574 3651 1626 duo

2057 1656 2327 1712 curricula
2377 1665 2717 1726 temporum,
2769 1657 2876 1712 diei
2924 1657 3140 1712 scilicet
3183 1666 3242 1713 et
3286 1661 3509 1724 noctis,
3564 1661 3650 1715 di-

365 1750 646 1822 Evangelii
673 1792 688 1818 ,
717 1757 772 1806 et
797 1759 921 1822 post
945 1750 1209 1822 hymnum
1237 1749 1492 1820 duosgper
1518 1751 1732 1806 diversa
1757 1750 1952 1805 altaria
1981 1759 2028 1817 Β
2057 1745 2256 1800 stincta
2285 1759 2406 1799 esse
2433 1759 2465 1798 a
2495 1744 2726 1800 Domino
2752 1745 2807 1800 in
2835 1744 3129 1817 Evangelia
3147 1746 3407 1803 Joannis:
3435 1748 3499 1803 Si
3525 1750 3648 1818 quis

367 1844 708 1898 diversorum
746 1841 1010 1900 locorum.
1056 1839 1370 1913 Stepissime
1407 1849 1590 1895 tamen
1630 1841 1699 1896 ad
1731 1855 1948 1896 crucem

359 1949 414 1992 et
447 1939 513 1993 ad
542 1936 754 2004 fontes,
786 1944 848 1992 ut
875 1951 944 1992 cx
970 1936 1190 2007 scriptis
1219 1935 1487 2002 dicimus,
1519 1951 1641 2005 quae
1672 1937 1954 1991 continent

366 2045 463 2099 per
512 2029 759 2083 diversos
810 2027 1024 2083 libellos
1077 2028 1328 2082 ordinem
1368 2027 1716 2082 altomanum.
1778 2027 1953 2083 Simili

366 2119 524 2174 modo
566 2126 755 2174 notum
793 2117 1056 2188 estquod
1098 2118 1154 2172 in
1201 2116 1310 2172 ﬁne
1357 2116 1691 2188 psalmorum
1730 2133 1950 2173 versum

345 2210 603 2265 vsolentus
635 2209 819 2264 dicere
858 2216 987 2264 ante
1019 2207 1324 2264 orationem
1369 2222 1535 2278 quam
1585 2207 1822 2264 solemus
1870 2208 1953 2264 fa-

348 2315 500 2358 cere.
525 2315 699 2372 genua
740 2299 1042 2365 flectendo,
1080 2302 1234 2365 sive,
1273 2297 1486 2353 vultum
1523 2299 1846 2356 declinando
1895 2301 1948 2355 in

350 2400 586 2448 terram.
617 2391 814 2446 ,ἵει-ευ»
831 2389 976 2444 enim
1014 2403 1430 2444 commonemur
1457 2387 1527 2443 ad
1557 2388 1795 2458 aliquam
1826 2405 1948 2444 mu-

348 2484 624 2539 tationem
650 2490 707 2537 et
734 2480 1146 2538 renovationem
1179 2480 1411 2546 mentis,
1445 2481 1817 2537 continentem
1848 2482 1948 2536 ha-

363 2575 534 2630 bitum
564 2573 847 2628 orationis.
877 2571 955 2628 De
983 2573 1175 2628 eodem
1205 2587 1365 2627 versu
1391 2573 1656 2643 scriptum
1686 2573 1949 2628 habemus

363 2669 416 2722 in
452 2666 634 2722 libello
661 2664 878 2721 olliciali
917 2672 976 2720 et
1029 2665 1084 2720 in
1107 2663 1338 2737 prologo
1365 2664 1546 2720 istius.
1581 2665 1656 2719 Ea
1685 2665 1828 2720 enim
1860 2664 1952 2720 hic

361 2765 576 2828 oportet
605 2757 787 2812 dicere
813 2754 884 2812 de
910 2754 1034 2821 illo,
1057 2755 1262 2825 quibus
1293 2755 1631 2826 intelligatur
1657 2770 1765 2825 qua
1795 2755 1862 2810 de
1889 2769 1950 2810 re

351 2849 700 2904 consuetudo
739 2853 943 2901 sancta:
971 2844 1236 2900 Romana:
1262 2844 1534 2900 Ecclesia:
1570 2846 1789 2900 amittat
1827 2859 1948 2900 ver-

349 2952 482 2991 sum
519 2937 574 2990 in
611 2933 961 3006 paschalibus
997 2933 1222 2999 diebus,
1259 2941 1314 2990 et
1347 2934 1486 2989 alter
1523 2943 1713 2990 cantus
1739 2935 1944 2990 consti-

361 3034 546 3081 tuatur
573 3039 678 3096 pro
697 3039 784 3081 co.
818 3021 1099 3078 Paschalis
1125 3023 1273 3077 enim
1303 3023 1420 3078 dies
1439 3063 1454 3090 ,
1485 3023 1579 3094 qui
1609 3039 1707 3093 per
1736 3033 1944 3095 septem

2059 1834 2399 1890 ambulaverit
2442 1836 2499 1890 in
2539 1836 2655 1903 die,
2692 1853 2799 1890 non
2841 1837 3096 1907 oﬂ'endit,
3123 1840 3249 1910 quia
3285 1839 3457 1894 luceat
3482 1841 3648 1911 hujus

2054 1925 2242 1980 mundi
2282 1926 2418 1980 videt
2441 1943 2462 1992 ;
2507 1926 2552 1980 si
2593 1937 2770 1982 autem
2796 1926 3140 1982 ambulaverit
3170 1930 3226 1982 in
3255 1939 3407 1984 nocte
3427 1971 3444 1996 ,
3476 1933 3648 2000 olea-

2053 2015 2164 2080 dit,
2198 2015 2323 2085 quia
2363 2013 2459 2069 lux
2507 2031 2612 2070 non
2653 2025 2729 2070 est
2771 2016 2829 2069 in
2868 2031 2948 2070 eo.
2994 2015 3381 2074 l’raasumimus
3407 2021 3558 2076 enim
3589 2023 3648 2077 in

2053 2105 2174 2171 die,
2218 2105 2272 2160 id
2317 2114 2433 2172 est,
2477 2107 2532 2161 in
2574 2106 2798 2161 meliore
2826 2116 2985 2178 parte
3014 2106 3178 2176 hujus
3207 2111 3428 2176 mundi,
3461 2111 3518 2166 in
3548 2127 3651 2182 spe

2052 2194 2226 2251 laetari
2271 2196 2336 2252 de
2377 2195 2559 2252 futura
2603 2210 2703 2262 rc;
2736 2197 3177 2266 pertimescimus
3205 2213 3335 2254 vero
3361 2200 3418 2255 in
3448 2210 3644 2267 nocte,

2052 2286 2106 2343 id
2153 2295 2238 2342 est
2284 2287 2340 2342 in
2391 2286 2664 2342 deteriore
2715 2295 2870 2357 parte
2923 2285 3086 2355 hujus
3133 2288 3360 2354 mundi,
3408 2287 3648 2352 dicendo

2052 2393 2270 2434 versum
2301 2396 2314 2432 :
2362 2377 2446 2431 Ne
2477 2378 2612 2448 forte
2641 2377 2973 2447 aliendamus
2999 2383 3366 2448 prtesuntendo
3405 2381 3473 2434 de
3515 2398 3646 2453 spe,

2049 2485 2168 2542 qua:
2213 2477 2381 2541 potest
2425 2469 2481 2522 in
2521 2469 2668 2522 nobis
2712 2469 2978 2539 corrumpi
3005 2483 3072 2522 ea;
3101 2477 3284 2522 nostra
3313 2468 3643 2540 fragilitate,

2051 2543 2154 2615 nisi
2193 2560 2453 2615 Dominus
2494 2560 2803 2615 custodierit
2832 2576 2946 2614 nos.
2977 2559 3211 2615 Eosdem
3239 2561 3486 2630 psalmos
3510 2577 3646 2618 an-

2051 2659 2231 2706 tamus
2269 2665 2372 2721 per
2416 2650 2661 2722 singulos
2689 2665 2978 2721 vesperos,
3019 2651 3148 2721 quia
3188 2668 3296 2706 una
3337 2653 3646 2724 eademque

2050 2742 2140 2798 die
2182 2741 2509 2798 celebratur.
2539 2741 2598 2797 ln
2635 2742 2943 2797 nocturnali
2986 2741 3169 2798 ofﬁcio
3209 2757 3305 2798 eos
3346 2745 3644 2802 recolimus

2050 2848 2189 2904 quos
2230 2832 2470 2888 solemus
2514 2833 2569 2887 in
2597 2833 2826 2905 singulis
2865 2833 3173 2905 quibusque
3541 2851 3642 2892 no-

2051 2930 2230 2986 ctibus
2251 2929 2560 2986 .celebrare.

2641 3039 2870 3096 CAPUT
2907 3039 3040 3096 Llﬂ.

354 3117 479 3171 dies
513 3113 670 3185 quasi
703 3112 994 3200 unusdies
1027 3112 1357 3179 celebratur,
1418 3114 1562 3184 apud
1618 3129 1719 3169 nos
1753 3113 1942 3170 ordine
1972 3109 2017 3172 C
2091 3126 2563 3200 Degmpomorﬁ.
2594 3131 2685 3200 qui
2721 3129 3124 3200 ρναιιεωιηωτ
3165 3133 3232 3186 ἀρ
3273 3133 3592 3190 ,πηνίκα

346 3209 525 3266 ofﬁcii
555 3208 639 3264 sui
664 3194 925 3278 praedicat
954 3204 1113 3261 nobis
1143 3204 1274 3260 illud
1305 3212 1521 3276 tempus
1550 3205 1617 3261 de
1645 3221 1753 3277 quo
1782 3205 1941 3263 Jesus

347 3302 612 3359 Christus
643 3299 781 3356 dixit
817 3299 873 3354 in
911 3297 1208 3369 Evangelio
1234 3295 1463 3352 Joannis
1489 3313 1504 3352 :
1535 3296 1736 3352 Iterum
1767 3310 1941 3354 autem

351 3393 542 3452 uidebo
578 3410 699 3460 vos,
735 3399 785 3446 et
815 3388 1060 3462 gaudebit
1090 3405 1183 3442 cor
1208 3397 1470 3455 vestrum,
1499 3397 1549 3443 et
1579 3390 1831 3460 gaudium
1859 3406 1943 3446 ve-

348 3498 530 3544 .strunt
566 3501 714 3540 muto
751 3479 894 3536 tollet
929 3497 962 3534 a
1001 3478 1142 3534 vobis
1170 3493 1189 3531 :
1217 3487 1266 3533 et
1293 3478 1348 3533 in
1377 3477 1472 3532 illo
1501 3479 1585 3533 die
1613 3495 1694 3534 me
1723 3494 1826 3533 non
1859 3495 1943 3534 ro-

362 3577 550 3649 gobilis
585 3573 892 3647 quidquam.
919 3570 1142 3629 Orando
1173 3572 1320 3627 enim
1350 3586 1607 3644 rogamus
1635 3572 1779 3642 quod
1807 3589 1944 3627 non-

357 3673 487 3726 dum
525 3669 805 3727 habemus.
841 3665 998 3733 Quod
1031 3679 1141 3720 non
1176 3665 1282 3720 erit
1315 3665 1686 3721 necessarium
1725 3667 1943 3736 quando

356 3776 452 3815 cor
485 3760 781 3815 electorum
820 3757 1107 3830 gaudebit,
1144 3764 1202 3812 et
1246 3757 1502 3828 gaudium
1548 3771 1736 3811 eorum
1780 3771 1944 3813 nemo

359 3850 510 3905 tollet
539 3850 607 3903 ab
635 3849 761 3913 illis,
790 3856 847 3902 et
874 3862 982 3902 non
1006 3848 1114 3902 erit
1141 3861 1370 3902 necesse
1398 3855 1460 3901 ut
1483 3846 1696 3916 aliquid
1726 3854 1938 3916 rogent.

364 3940 433 3996 Ut
464 3937 578 4006 jam
607 3938 938 4009 gaudeamus
965 3937 1022 3990 in
1051 3951 1148 4006 spe
1183 3952 1252 3992 ex
1287 3951 1353 3992 eo
1387 3937 1531 4007 quod
1562 3943 1941 4007 exspectamus

2348 3217 2414 3254 ea:
2446 3217 2668 3272 persona
2702 3203 2999 3272 Synagogar
3031 3203 3314 3256 credentis.

2117 3288 2472 3361 Rcsponsorii
2501 3290 2595 3361 qui
2618 3291 3029 3362 praetitulantur
3051 3291 3119 3348 de
3144 3293 3490 3359 auctoritate,
3521 3309 3643 3351 Ine-

2045 3391 2266 3439 morant
2306 3383 2591 3438 introitum
2633 3384 3017 3454 apostolorum
3046 3385 3116 3441 ad
3144 3385 3445 3442 Ecclesiam
3464 3427 3482 3453 ,
3514 3403 3642 3457 qua

2046 3488 2113 3528 ex
2153 3471 2356 3528 Judaiis
2398 3473 2625 3529 collecta
2665 3482 2749 3530 est
2782 3475 2858 3530 ad
2894 3474 3057 3531 ﬁdem
3095 3475 3233 3532 Novi
3275 3477 3636 3534 Testamenti.

2009 3613 2017 3621 .
2045 3566 2342 3637 Propterea
2384 3566 2547 3621 iidem
2567 3566 2980 3638 .przetitulantur
3007 3570 3074 3624 de
3101 3570 3430 3625 auctoritate
3451 3611 3467 3635 ,
3498 3585 3639 3641 quo-

2045 3661 2191 3714 niam
2221 3659 2484 3730 apostoli,
2515 3673 2746 3730 quorum
2774 3660 2996 3716 habitus
3022 3662 3384 3732 praesentibus
3415 3678 3638 3733 nespon-

2046 3751 2208 3806 soriis
2247 3751 2589 3817 decantatur,
2624 3749 2740 3805 vice
2769 3749 2978 3808 Christi
3019 3760 3273 3807 auctores
3301 3751 3639 3806 exstiterunt

2037 3843 2282 3901 Judaicte
2322 3844 2578 3900 Ecclesia
2603 3844 2937 3915 .etgentilis.
2965 3843 3183 3900 Primus
3213 3847 3635 3915 responsorius,

2045 3937 2160 4008 Ego
2205 3938 2339 3992 sicut
2381 3935 2500 3991 uitis
2544 3934 2894 4005 fructi/icui,
2938 3935 3133 3992 blande
3171 3935 3380 4007 colligit
3418 3946 3638 4006 partem

356 4035 599 4086 futurum
636 4029 690 4084 in
726 4043 820 4092 re,
862 4042 1052 4084 versus
1089 4029 1182 4098 qui
1215 4029 1352 4084 solet
1401 4029 1646 4084 animum
1693 4035 1941 4084 nostrum
2033 4029 2284 4086 Judaicaa
2326 4029 2501 4100 plebis
2545 4028 2616 4084 ad
2663 4028 2928 4084 unitatem
2975 4027 3122 4083 ﬁdei.
3171 4026 3454 4097 Sapientia
3482 4027 3635 4082 enim

355 4135 618 4178 revocare
641 4119 712 4176 ad
736 4118 974 4188 aliquam
1004 4118 1451 4175 introduceudam
1479 4119 1810 4183 orationem,
1846 4134 1942 4174 au-

356 4218 532 4273 fertur
566 4215 622 4270 in
655 4212 1003 4285 paschalibus
1039 4211 1262 4280 diebus,
1295 4221 1351 4269 et
1385 4221 1640 4269 cantatur
1668 4228 1855 4285 proco
1875 4215 1944 4270 ad

347 4309 566 4380 aliquos
609 4323 804 4364 cursus
850 4305 1126 4362 diurnales
1167 4307 1580 4378 responsorius,
1627 4304 1802 4379 [Hac
1830 4305 1942 4360 dies

2039 4122 2134 4178 illa
2174 4123 2416 4193 loquitur
2455 4122 2513 4176 in
2551 4120 2808 4192 prasenti
2849 4120 3228 4191 responsorio,
3257 4119 3326 4174 de
3349 4135 3461 4190 qua
3499 4119 3639 4174 dicit

2045 4214 2315 4270 Dominus
2341 4213 2640 4284 apostolis:
2670 4212 2786 4284 Ego
2815 4213 2953 4267 enim
2992 4213 3129 4267 dabo
3171 4213 3314 4267 vobis
3353 4229 3415 4267 os
3450 4224 3506 4268 et
3543 4231 3639 4269 sa-

2045 4306 2317 4376 pientiam.
2359 4305 2482 4374 Ipsa
2505 4303 2800 4373 Sapientia
2824 4304 3023 4360 blande
3040 4311 3106 4360 et
3131 4305 3371 4359 suaviter
3397 4305 3637 4376 alloqui-

353 4416 512 4470 quam
553 4398 674 4469 fecit
711 4397 1005 4463 Dominus,
1035 4396 1352 4452 easultemus
1381 4407 1430 4452 et
1457 4397 1698 4452 laetentur
1723 4399 1780 4452 in
1809 4396 1937 4470 ea.]
1974 4449 2018 4470 η
2045 4405 2133 4451 tur
2177 4395 2435 4467 populum
2478 4392 2767 4450 Iudaicum
2810 4410 2912 4467 per
2951 4410 3048 4450 ora
3092 4395 3490 4465 apostolorum,
3543 4395 3631 4450 di-

361 4489 663 4547 Exsultatio
694 4497 753 4545 et
785 4489 974 4544 laetitia
1003 4488 1149 4544 unde
1177 4489 1554 4559 responsorius
1580 4504 1822 4558 prmsens
1849 4489 1934 4544 di-

352 4584 463 4646 cit,
491 4581 752 4637 clariores
773 4579 1089 4636 efﬁciuntur
1117 4579 1172 4634 in
1202 4587 1600 4636 menteuostra
1628 4581 1674 4636 si
1702 4580 1936 4636 clariore

358 4672 570 4743 lingua,
603 4672 657 4726 id
693 4681 782 4728 est
809 4669 1035 4726 Hebraea
1057 4711 1072 4735 ,
1104 4670 1470 4741 pronuntiata
1504 4671 1646 4741 apud
1684 4686 1786 4726 nos
1820 4669 1937 4724 fue-

361 4764 488 4816 rint.
515 4761 640 4816 ldeo
670 4763 724 4817 in
753 4777 815 4817 ea
847 4762 1081 4818 statione
1112 4761 1167 4816 in
1204 4777 1310 4832 qua
1338 4761 1666 4832 apostolicus
1693 4760 1935 4815 celebrat

361 4850 717 4918 vrspert’nalc
753 4851 1025 4918 officium,
1063 4849 1294 4906 Alleluia
1344 4849 1558 4906 canitur
1611 4865 1734 4904 cum
1784 4849 1931 4904 omni

352 4938 727 5010 supplemento
761 4949 816 4994 et
847 4941 1167 4996 excellentia
1210 4955 1466 4996 versuum
1517 4947 1574 4995 et
1621 4939 1933 5010 sequentia-

357 5048 494 5086 rum.
517 5030 584 5088 ,ln
613 5031 826 5086 czeteris
853 5031 1050 5089 officiis
1079 5033 1418 5088 diurnalibus
1443 5047 1542 5102 pro
1569 5033 1814 5088 versibus
1842 5049 1933 5088 ca-

359 5125 507 5176 nitur
541 5121 950 5190 rcsponsorius,
985 5120 1113 5176 Ηωο
1146 5122 1277 5176 dies.
1308 5121 1366 5176 In
1397 5123 1746 5192 vespertinali
1767 5164 1780 5190 ,
1811 5133 1934 5194 post

305 5190 316 5208 ’
353 5223 468 5267 tres
506 5211 774 5282 psalmos,
806 5209 1020 5265 canitur
1055 5226 1220 5266 unum
1253 5212 1480 5267 Alleluia
1495 5190 1639 5267 ante
1669 5190 1931 5285 hymnum

356 5311 555 5358 sanch
582 5300 788 5367 Mariae;
817 5307 939 5372 post
964 5309 1214 5370 quartum
1236 5341 1250 5366 ,
1280 5317 1479 5368 unum;
1508 5312 1632 5372 post
1652 5303 1896 5372 quintum
1913 5344 1928 5369 ,

358 5411 559 5462 unum,
597 5410 718 5464 quae
752 5393 1028 5464 pertinent
1067 5393 1134 5447 ad
1170 5409 1387 5449 crucem
1423 5404 1477 5449 et
1511 5395 1578 5449 ad
1630 5395 1828 5451 fontes.
1878 5395 1936 5450 ln

356 5485 601 5542 Romano
628 5484 771 5538 enim
801 5482 1002 5542 Ordine
1032 5483 1306 5538 invenitur
1333 5484 1391 5538 in
1421 5485 1536 5554 ipsa
1570 5485 1657 5540 die
1688 5501 1937 5541 resurre-

356 5577 552 5632 c.ionis
578 5577 790 5632 Domini
820 5576 1080 5645 repetitus
1106 5573 1347 5646 Psalmus
1372 5615 1386 5637 ,
1411 5573 1476 5646 [1
1486 5591 1519 5628 η
1548 5576 1690 5629 exitu
1718 5574 1934 5647 Israet.|

360 5669 469 5724 lloc
502 5670 645 5723 enim
688 5671 742 5724 ﬁt
779 5677 998 5741 propter
1039 5667 1353 5740 multiplicia
1397 5667 1588 5723 altaria
1620 5667 1763 5723 illius
1793 5667 1932 5735 loci,

1967 4449 2019 4508 D

2045 4505 2176 4545 cens
2200 4503 2215 4542 :
2247 4488 2501 4544 Transito
2529 4487 2599 4543 ad
2626 4503 2734 4554 me,
2753 4503 2946 4544 omnes
2974 4487 3067 4558 qui
3097 4487 3485 4556 concupiscitis
3517 4502 3633 4553 me,

2046 4580 2151 4634 hoc
2178 4586 2263 4633 est
2281 4618 2298 4643 ,
2327 4578 2421 4648 qui
2451 4577 2840 4650 concupiscitis
2869 4576 3192 4648 sapientia
3211 4617 3226 4642 ,
3258 4585 3315 4631 et
3341 4591 3372 4630 s
3401 4591 3635 4648 genera-

2045 4668 2281 4725 tionibus
2308 4669 2447 4724 meis
2471 4655 2842 4738 adimplemini
2863 4708 2880 4734 ,
2901 4668 2958 4724 id
2979 4677 3096 4733 est,
3123 4683 3154 4721 a
3189 4668 3480 4738 mysteriis,
3508 4682 3635 4736 qua

2043 4761 2358 4817 revelantur
2402 4775 2500 4832 per
2543 4775 2648 4816 nos
2690 4761 2967 4833 apostolos
3012 4761 3069 4816 in
3119 4768 3366 4831 tempore
3409 4759 3536 4814 hoc.
3569 4759 3629 4814 la

2042 4853 2231 4908 multis
2268 4851 2680 4923 Antiphonariis
2716 4851 2988 4908 invenitur
3029 4850 3405 4921 responsorias
3442 4849 3498 4903 in
3543 4864 3634 4904 se-

2037 4943 2220 4998 cundo
2263 4943 2414 5008 loco,
2467 4939 2758 5014 [Speciosa
2799 4941 2946 5010 facta
2972 4956 3028 4995 es
3074 4949 3125 4995 et
3157 4939 3362 5004 uanis,
3395 4936 3633 4990 altitudo

2039 5047 2132 5092 tua
2162 5037 2350 5092 similis
2393 5036 2586 5107 palma
2612 5033 2977 5107 iudeﬁcienti]
3005 5051 3020 5099 ;
3049 5048 3213 5104 quem
3242 5047 3343 5086 nos
3369 5029 3632 5102 ponimus

2039 5124 2097 5179 in
2146 5124 2308 5180 tertio
2351 5123 2472 5179 loco
2515 5132 2736 5194 propter
2775 5122 3109 5192 responsorii
3147 5119 3587 5178 convenientiam
3610 5156 3629 5183 ,

2041 5215 2063 5288 [
2087 5215 2371 5270 Delectatio
2401 5213 2578 5287 bona]
2610 5230 2734 5271 cum
2761 5216 2960 5287 primo.
2990 5215 3097 5271 Iste
3127 5215 3512 5286 responsoris
3539 5229 3636 5270 ae-

2039 5307 2248 5362 cundus
2292 5319 2391 5376 per
2446 5305 2662 5364 laudem
2709 5306 2994 5376 sapientia
3044 5307 3298 5362 hortatur
3341 5307 3632 5362 auditores

2039 5399 2274 5454 transire
2318 5400 2388 5454 ad
2433 5399 2686 5456 doctores
2733 5398 3036 5468 sapientiae.
3079 5397 3364 5468 Sapientia
3398 5407 3486 5454 est
3528 5399 3628 5454 de-

2039 5489 2256 5544 lectatio
2297 5491 2482 5554 bona;
2528 5489 2584 5543 in
2626 5489 2883 5558 operibus
2929 5504 3188 5543 annum
3236 5487 3382 5543 illius
3418 5487 3634 5542 divitia

2038 5581 2242 5636 multae.
2286 5581 2684 5651 Responsorius
2726 5581 2920 5636 tertius
2964 5580 2983 5652 [
3011 5579 3262 5652 Speciosa
3304 5581 3448 5648 [aeta
3492 5577 3628 5650 es.)

2043 5671 2438 5740 quodammodo
2489 5679 2667 5741 potest
2714 5673 3005 5728 concinere
3065 5672 3379 5729 formidanti
3438 5672 3627 5727 animo
