4000 6178
374 375 395 428 l
406 369 514 428 297

1400 373 1600 430 LIBER
1640 378 1729 432 DE
1760 374 2018 434 0RDINE
2055 381 2575 441 ANTIPHONABH.

3506 401 3640 456 1298

379 483 719 547 auditorum,
763 483 853 552 qui
895 498 1001 537 non
1046 483 1213 539 fidam.
1263 500 1322 541 se
1358 500 1516 556 posse
1555 488 1847 543 ascendere
1883 489 1951 542 ad
1980 494 2029 552 Α
2059 499 2266 550 teneret
2294 496 2465 568 legem
2495 499 2740 566 Domini;
2769 501 3090 557 admonetur
3120 508 3348 577 populus
3375 510 3639 570 Christia-

379 574 721 629 altitudinem
747 574 960 644 palmae,
990 591 1166 645 neque
1196 577 1462 631 viriditati
1489 576 1605 646 ejus
1632 578 1959 634 indeficienti

377 665 706 734 comparari.
740 663 906 732 Cujus
933 665 1207 720 altitudini
1235 674 1290 722 et
1316 667 1706 737 pulchritudini
1736 668 1961 724 altitudo

379 753 657 822 sapientia:
708 754 1078 823 apostolorum
1129 756 1427 810 assimilata
1477 765 1581 812 est.
1639 757 1719 837 ljlx
1770 772 1958 812 eorum

378 855 523 900 castu
553 844 655 899 fuit
683 845 975 915 aliquando
1003 848 1229 914 Petrus,
1263 851 1356 920 qui
1386 851 1522 905 dixit
1551 850 1780 907 Domino
1809 870 1821 907 :
1853 852 1960 907 Exi

377 954 410 989 a
456 951 537 990 me
583 937 706 1006 quia
753 937 908 991 homo
958 949 1201 1007 peccator
1254 957 1391 994 sum.
1443 941 1560 996 Tali
1607 945 1960 1013 querimonia:

377 1027 631 1080 subvenit
672 1035 901 1095 quartus
942 1031 1356 1099 responsorius,
1396 1032 1622 1088 dicens:
1666 1033 1887 1089 Veniens
1925 1055 1959 1091 a

377 1113 577 1168 Libano
606 1132 764 1186 quam
791 1115 1012 1186 pulchra
1041 1119 1184 1188 [acta
1212 1137 1285 1186 es,
1312 1131 1360 1175 et
1383 1123 1515 1176 odor
1539 1123 1958 1181 vestimentorum

373 1213 586 1258 tuorum
613 1221 770 1275 super
795 1209 973 1261 omnia
1001 1221 1278 1275 aromata;
1304 1228 1370 1267 ac
1395 1214 1441 1268 si
1470 1215 1683 1270 dicatur
1710 1217 1832 1271 rudi
1863 1234 1958 1272 au-

374 1294 582 1350 ditori:
638 1295 758 1357 Noli
807 1297 1042 1353 timere:
1089 1317 1213 1356 cum
1258 1305 1474 1361 veneris
1523 1323 1554 1360 a
1606 1306 1812 1364 Libano
1857 1310 1955 1365 ba-

372 1386 592 1456 ptismi,
622 1385 848 1455 pulchra
888 1389 1038 1455 eris,
1083 1399 1140 1445 et
1175 1393 1310 1446 odor
1353 1395 1798 1451 vestimentorum
1840 1409 1958 1454 tuo-

374 1489 495 1527 rum
524 1474 630 1529 erit
659 1490 823 1545 super
864 1479 1047 1532 omnia
1087 1491 1330 1536 aromata
1363 1484 1574 1541 Veteris
1603 1487 1953 1544 Testamenti.

370 1564 501 1620 Post
541 1565 642 1621 hos
681 1569 932 1637 sequitur
967 1573 1191 1640 quintus
1230 1577 1607 1644 responsorius
1642 1579 1709 1634 de
1746 1581 1956 1650 Apoca-

372 1658 513 1728 lypsi
532 1698 546 1721 ,
583 1657 807 1731 [Audiui
833 1677 1006 1715 vocem
1029 1662 1083 1716 in
1108 1663 1236 1718 calo
1261 1674 1511 1738 tanquam
1535 1685 1711 1734 vocem
1736 1673 1957 1727 tonitrui

373 1752 583 1821 magni,
616 1751 873 1823 Regnabit
899 1754 1041 1810 Deus
1068 1767 1263 1823 noster,
1295 1768 1348 1814 et
1374 1763 1620 1836 caetera]
1650 1765 1707 1820 ιιι
1737 1766 1842 1822 isto
1869 1782 1957 1823 re-

372 1845 658 1914 sponsorio
686 1853 770 1900 est
798 1847 1002 1903 locutio
1040 1853 1110 1904 ad
1147 1852 1486 1920 baptizatos,
1532 1864 1589 1910 et
1625 1867 1958 1915 memoratur

376 1935 601 1990 victoria
653 1935 900 2003 Christi,
959 1941 1054 2010 qui
1112 1942 1293 1996 dixit:
1326 1943 1625 2014 Con/idite,
1683 1965 1780 2020 ego
1856 1951 1958 2005 uici

373 2028 648 2083 mundum.
698 2029 958 2102 Sequitur
988 2043 1215 2092 sextus:
1251 2036 1477 2110 [Audiri
1521 2058 1694 2096 vocem
1731 2045 1787 2099 in
1830 2045 1957 2100 caelo

370 2118 678 2189 angelorum
741 2123 1028 2179 multorum
1060 2168 1074 2194 ,
1134 2128 1419 2185 dicentium
1463 2149 1483 2186 :
1533 2131 1730 2188 Timete
1773 2135 1957 2190 Domi-

287 2226 290 2229 ·
371 2226 518 2281 num,
567 2221 616 2266 et
657 2213 781 2267 dare
821 2214 1113 2272 claritatem
1156 2219 1282 2293 illi.]
1313 2223 1392 2278 Ac
1441 2223 1487 2278 si
1518 2225 1768 2281 dicatur:
1798 2227 1956 2284 Illum

372 2303 590 2369 timete,
623 2314 678 2360 et
715 2305 792 2360 illi
822 2307 947 2364 date
975 2309 1282 2366 claritatem
1304 2353 1319 2379 ,
1351 2313 1506 2383 cujus
1535 2317 1764 2372 victoria
1803 2319 1956 2374 vobis

369 2391 608 2448 intonuit
645 2394 701 2449 in
743 2398 1026 2466 superiore
1069 2403 1450 2470 responsorio,
1483 2405 1610 2474 quia
1653 2407 1770 2476 ipse
1797 2406 1958 2463 Chri-

368 2491 520 2547 stus,
553 2484 646 2554 qui
673 2499 771 2541 vos
799 2488 997 2556 eripuit
1027 2490 1096 2544 de
1126 2506 1292 2562 regno
1318 2494 1554 2560 diaboli,
1585 2504 1640 2551 et
1668 2495 1799 2552 fecit
1830 2513 1952 2554 esse

371 2586 530 2626 suum
559 2590 784 2644 regnum
803 2617 819 2643 ,
850 2578 967 2647 ipse
992 2591 1076 2635 est
1102 2583 1196 2651 qui
1223 2582 1353 2639 fecit
1382 2586 1580 2640 caelum
1623 2597 1680 2643 et
1718 2596 1950 2654 terram,

365 2678 519 2718 mare
537 2672 593 2718 et
617 2663 796 2722 fontes
821 2683 1108 2738 aquarum.
1140 2672 1196 2726 ln
1228 2674 1421 2744 primis
1444 2679 1802 2746 responsoriis
1829 2695 1955 2734 nar-

368 2759 526 2806 ratur
555 2753 813 2812 adunatio
838 2758 907 2812 ad
936 2774 1098 2814 unam
1131 2760 1291 2817 fidem
1325 2765 1632 2821 auditorum
1663 2777 1718 2823 et
1746 2770 1955 2841 praepo-

367 2837 635 2908 sitorum;
689 2843 744 2897 in
796 2848 1153 2915 sequentibus
1203 2856 1570 2924 responsoriis
1617 2837 1954 2916 monstratur

365 2925 626 2984 Ecclesia:
645 2969 661 2996 ,
693 2947 816 3002 qua:
843 2950 990 2993 nunc
1016 2937 1242 2995 collecta
1273 2951 1390 3009 est,
1421 2946 1739 3016 mysterium
1768 2951 1951 3019 sponsi

364 3027 420 3073 et
447 3034 658 3089 sponsa
686 3023 753 3079 de
784 3026 981 3094 quibus
1011 3027 1128 3098 ipsa
1152 3043 1441 3099 procreata
1468 3044 1571 3090 est.
1603 3038 1722 3108 lpsa
1753 3055 1952 3110 sponsa

363 3115 446 3162 est
468 3108 805 3168 Hierusalem
823 3154 838 3180 ,
854 3122 912 3170 et
930 3115 1134 3174 idcirco
1153 3118 1469 3191 frequenter
1488 3141 1731 3197 praesens
1751 3108 1949 3201 sponsa

361 3206 696 3256 memoratur
722 3217 821 3272 per
844 3203 1214 3276 Hierusalem,
1243 3221 1303 3265 ut
1327 3228 1426 3282 per
1453 3193 1559 3272 hoc
1586 3234 1741 3275 mens
1772 3193 1950 3280 iterta-
1977 3193 2021 3254 C

360 3298 451 3344 tur
494 3303 782 3351 cantorum
828 3298 882 3353 in
928 3299 1054 3356 istis
1095 3307 1457 3372 responsoriis
1501 3311 1570 3364 ad
1613 3313 1947 3382 primitivam

359 3379 694 3451 Ecclesiam,
739 3402 861 3456 quae
898 3391 1078 3459 primo
1119 3395 1286 3464 cmpit
1327 3412 1578 3456 crescere
1608 3379 1663 3458 in
1689 3403 1950 3463 Hierusa-

358 3469 490 3524 lem.
545 3472 822 3543 Septimus
868 3485 1278 3551 responsorius,
1333 3485 1603 3559 [Locutus
1641 3503 1718 3548 est
1754 3496 1825 3550 ad
1866 3513 1948 3552 me

359 3577 496 3616 unus
526 3580 592 3617 ea:
620 3576 814 3636 septem
842 3571 1042 3641 angelis
1067 3573 1123 3646 ,]
1153 3577 1361 3647 profert
1389 3595 1679 3651 personam
1718 3585 1948 3659 alicujus

358 3650 545 3706 eximii
590 3654 888 3725 auditoris,
939 3661 1168 3720 dicentis
1205 3669 1273 3724 ad
1315 3650 1462 3728 cives
1505 3679 1671 3731 sues:
1707 3650 1946 3737 Locuius

358 3749 444 3796 est
477 3742 546 3797 ad
575 3760 662 3801 me
692 3763 834 3806 unus
861 3766 930 3807 ex
959 3765 1168 3826 septem
1188 3799 1205 3824 ,
1236 3759 1291 3816 id
1317 3771 1402 3818 est
1428 3781 1494 3822 ex
1522 3769 1780 3837 perfectis
1815 3787 1946 3842 prae-

356 3829 721 3901 dicatoribus;
765 3840 918 3906 veni,
969 3848 1254 3904 ostendam
1323 3853 1420 3908 tibi
1473 3829 1672 3913 novam
1719 3829 1942 3934 nuptam

357 3934 610 4022 sponsam
656 3928 803 3995 agni.
848 3931 1002 3998 Quod
1029 3946 1115 3992 est
1143 3950 1332 4010 aperte
1365 3943 1582 4013 dicere,
1618 3928 1941 4022 Mysterium

355 4012 490 4068 illud
519 4019 805 4076 ostendam
837 4024 969 4093 tibi,
999 4028 1144 4097 quod
1171 4041 1258 4088 est
1296 4035 1352 4090 in
1393 4012 1612 4096 Christo
1651 4012 1708 4097 et
1747 4044 1801 4099 in
1840 4045 1944 4102 Ec-

296 4135 310 4148 .
352 4102 542 4160 clesia.
575 4105 840 4167 Narratur
880 4115 937 4169 in
976 4127 1172 4182 octavo
1211 4130 1591 4195 responsorio,
1621 4133 1752 4202 quid
1780 4136 1944 4196 vidis-

353 4205 439 4250 set
487 4199 787 4268 aspiciens.
838 4203 1006 4277 [Vide
1051 4210 1390 4273 Hierusalem
1435 4199 1832 4280 descendentem
1876 4230 1943 4285 de

353 4286 482 4387 calo
503 4329 518 4354 ,
562 4303 806 4369 ornatam
843 4313 977 4353 auro
1022 4304 1254 4372 mundo,
1294 4317 1350 4362 et
1385 4313 1646 4387 caetera]
1677 4316 1803 4373 ideo
1830 4321 1939 4376 vidi

351 4370 688 4438 Hierusalem
718 4385 1131 4449 descendentem
1156 4397 1224 4451 de
1239 4370 1390 4454 cmlo
1416 4403 1542 4472 quia
1581 4370 1661 4461 sic

352 4471 433 4525 xit
463 4488 600 4529 unus
625 4490 694 4530 ex
724 4479 964 4550 angelis:
1003 4481 1172 4540 Omne
1198 4487 1382 4544 datum
1422 4471 1676 4564 optimum
1708 4510 1758 4554 et
1787 4518 1939 4557 omne

347 4651 626 4710 luminum.
661 4657 719 4713 ln
754 4665 968 4719 caeteris
1007 4671 1382 4738 respousoriis
1408 4685 1666 4732 narratur
1692 4681 1935 4749 pulchri-

337 4744 479 4799 tudo
521 4755 806 4806 structura:
836 4751 1177 4812 Hierusalem
1197 4799 1214 4825 ,
1244 4775 1367 4830 qua:
1396 4766 1580 4822 omnia
1607 4744 1822 4839 Oportet
1851 4773 1935 4828 in-

347 4836 516 4908 telligi
557 4842 786 4912 mystice
823 4844 892 4900 de
933 4849 1306 4919 spiritualibus
1346 4857 1591 4915 aedificiis
1630 4836 1686 4916 ἐι
1724 4863 1933 4921 caelesti

345 4926 706 4989 Hierusalem.
747 4934 808 4991 in
849 4953 991 4996 novo
1016 4941 1346 5002 describitur
1373 4957 1529 5018 porta
1563 4950 1718 5021 ejus;
1752 4955 1806 5010 in
1836 4956 1932 5013 de-

344 5021 508 5120 cimo,
534 5024 726 5094 plateae
746 5030 917 5120 ejus;
947 5033 1006 5088 in
1035 5037 1327 5097 undecimo
1369 5044 1615 5113 aperitur
1640 5049 1786 5118 quod
1815 5049 1930 5120 ipsa

343 5109 681 5171 Hierusalem
712 5119 785 5174 sit
810 5122 1003 5180 civitas
1032 5141 1229 5198 magna
1261 5109 1537 5199 caelestis,
1577 5109 1698 5206 quis
1745 5109 1928 5196 tanien

339 5202 519 5260 adhuc
549 5205 603 5260 in
635 5210 838 5266 saeculo
868 5214 1135 5272 retinetur
1171 5235 1274 5290 pro
1314 5202 1666 5282 tabernaculo
1707 5229 1824 5285 Dei.
1870 5231 1928 5286 In

340 5292 664 5384 duodecimo
694 5302 967 5374 eliquatur
993 5311 1137 5380 quod
1164 5313 1395 5384 populus
1419 5315 1583 5375 Israel
1613 5323 1842 5380 credens
1871 5327 1924 5381 in

333 5382 512 5441 Deum
542 5389 654 5445 Deo
683 5391 873 5454 laudes
899 5396 1155 5455 decantet
1181 5382 1252 5456 in:
1267 5405 1458 5460 eadem
1482 5407 1702 5466 civitate
1732 5412 1785 5468 in
1817 5430 1924 5486 qua

337 5474 490 5543 prius
537 5477 709 5536 David
755 5487 1006 5556 regnavit
1043 5497 1101 5544 et
1137 5505 1262 5546 cum
1304 5494 1420 5551 suis
1458 5501 1774 5559 cantoribus
1813 5474 1924 5562 Deo

335 5563 525 5624 laudes
552 5574 803 5630 canebat.
833 5575 892 5632 in
923 5581 1090 5636 tertio
1120 5583 1360 5652 decimo,
1385 5603 1539 5646 more
1567 5590 1795 5664 Moysis,
1828 5601 1920 5669 qui

335 5672 436 5727 per
475 5663 640 5718 verba
687 5671 1046 5737 responsorii,
1093 5672 1320 5745 [Docete
1346 5679 1487 5747 ﬁlios
1516 5686 1786 5760 uestros,]
1827 5663 1923 5746 ad-

339 5752 550 5808 monuit
594 5757 848 5827 populum
896 5771 1184 5834 antequam
1227 5781 1552 5844 moreretur,
1604 5752 1920 5838 memoriter

2067 598 2169 639 nus
2197 601 2262 638 ex
2294 587 2708 646 circumcisione
2727 631 2740 656 ,
2778 600 2836 646 ut
2866 593 3057 648 doceat
3086 598 3455 664 posteritatem
3486 619 3639 658 suam
3709 597 3713 603 ’

2060 674 2232 747 legem
2265 678 2630 736 Christianam
2676 685 2991 739 memoriter
3032 696 3233 742 tenere.
3281 689 3439 746 Juxta
3487 703 3640 751 teno-

2061 781 2176 820 rem
2207 767 2513 824 ofﬁciorum
2544 787 2662 841 qua:
2692 774 2976 830 continent
3009 777 3060 831 in
3105 793 3162 834 se
3205 795 3488 849 personam
3532 789 3642 855 pri—

2061 855 2263 912 mitiva:
2312 859 2604 928 Ecclesiae,
2656 875 2869 934 oportet
2913 877 3211 937 prmsentcs
3264 877 3644 944 responsorius

2059 959 2158 1014 per
2191 955 2299 1004 tres
2330 949 2697 1008 hebdomadas
2727 957 3024 1012 decantari.

2647 1069 2876 1128 CAPUT
2914 1073 3047 1128 LIV.

2251 1153 2330 1209 De
2361 1160 2703 1227 responsoriis
2731 1162 3054 1231 psalmorum
3081 1183 3200 1220 cum
3227 1167 3454 1226 Alleluia

2445 1253 2451 1259 -
2608 1246 2673 1282 ea:
2697 1249 2919 1301 persona
2945 1235 3092 1303 ﬁliai.

2129 1309 2435 1371 Praesentes
2467 1321 2798 1389 responsorii
2819 1363 2833 1386 ,
2862 1325 2952 1394 qui
2984 1327 3386 1394 praetitulantur
3415 1333 3480 1388 de
3506 1333 3644 1405 psal-

2057 1404 2196 1470 mis,
2245 1418 2512 1464 conantur
2555 1423 2861 1471 monstrare
2910 1418 3266 1478 intentionem
3314 1439 3502 1482 eorum
3552 1430 3656 1500 qui

2057 1495 2184 1550 olim
2230 1497 2612 1559 habitaverunt
2654 1507 2710 1560 in
2754 1509 3061 1582 Babylone,
3109 1515 3163 1571 id
3203 1527 3315 1584 est,
3363 1521 3417 1575 in
3460 1495 3645 1579 conlu-

2057 1587 2212 1642 sione
2241 1589 2398 1645 istius
2428 1595 2612 1649 mundi
2638 1637 2652 1662 ,
2682 1605 2737 1652 et
2764 1609 2951 1669 postea
2980 1602 3309 1664 desiderium
3341 1612 3648 1670 habuerunt

2059 1675 2185 1731 inde
2216 1682 2461 1736 revocari
2503 1699 2601 1754 per
2629 1689 3071 1756 praedicationem
3091 1737 3106 1761 ,
3139 1705 3195 1751 et
3222 1702 3524 1758 orationem
3544 1747 3558 1771 ,
3591 1716 3656 1762 et"

2058 1764 2361 1825 doctrinam
2390 1787 2578 1829 eorum
2609 1779 3025 1846 praedicatorum
3066 1788 3158 1856 qui
3201 1789 3266 1844 de
3309 1791 3643 1852 Hierusalem

1986 1843 2034 1903 B
2061 1853 2460 1916 descenderunt
2486 1864 2662 1922 visere
2703 1884 2816 1924 eos.
2861 1871 3069 1930 I'dcirco
3107 1879 3316 1948 primus
3361 1900 3650 1955 responso-

2058 1946 2172 2003 rius
2199 1959 2284 2005 est
2312 1952 2378 2007 de
2405 1955 2612 2024 psalmo
2631 1999 2646 2023 ,
2685 1957 2705 2030 [
2729 1959 2901 2033 Super
2927 1946 3150 2035 ﬂumina
3179 1946 3468 2044 Babylonii
3485 2017 3498 2039 ,
3532 1978 3642 2033 illic

2056 2041 2286 2098 sedimus
2316 2055 2366 2099 et
2411 2048 2653 2117 ﬂeuimus
2679 2051 2803 2107 dum
2835 2059 3236 2116 recordaremur
3267 2063 3397 2121 Sion
3420 2109 3432 2131 ,
3459 2067 3476 2141 ]
3527 2070 3640 2140 ipse

2058 2139 2432 2205 responsorius
2457 2156 2565 2196 non
2592 2144 2802 2212 minus,
2836 2147 2937 2220 [Si
2967 2151 3158 2209 oblitus
3187 2157 3336 2227 fuero
3368 2139 3482 2228 tui,
3516 2163 3646 2220 Hie-

2057 2224 2283 2280 rusalem
2301 2268 2314 2292 ,
2345 2229 2684 2288 obliviscatur
2711 2253 2793 2291 me
2823 2239 3037 2295 dextera
3066 2224 3264 2320 meai;]
3296 2247 3398 2304 iste
3427 2266 3642 2324 respon-

2055 2317 2235 2373 sorius
2279 2317 2496 2377 fervens
2543 2324 2781 2381 studium
2829 2331 3150 2399 gentilitatis
3199 2317 3472 2395 monstrat
3517 2317 3644 2413 post

2056 2411 2468 2468 conversionem
2521 2413 2670 2484 ejus,
2725 2420 2862 2476 adeo
2909 2432 2969 2478 ut
3014 2426 3153 2480 mala
3202 2429 3304 2484 sibi
3351 2411 3540 2503 optet,
3593 2440 3636 2492 si

2055 2500 2315 2572 deinceps
2341 2505 2543 2561 oblitus
2569 2505 2733 2566 fuerit
2773 2514 2966 2569 matris
2998 2531 3110 2572 suae
3140 2500 3501 2578 Hierusalem.
3537 2526 3636 2583 Se-

2055 2593 2266 2648 cundus
2306 2599 2718 2666 responsorius,
2763 2600 2870 2673 [In
2911 2613 3019 2658 toto
3062 2608 3220 2662 corde
3243 2627 3360 2683 meo
3390 2617 3642 2685 exquisivi

2055 2690 2103 2734 te
2123 2680 2181 2752 ,]
2219 2681 2375 2751 juxta
2415 2701 2637 2742 sensum
2669 2689 2960 2747 verborum
2993 2709 3212 2752 suorum
3243 2680 3498 2772 praeponi
3539 2721 3637 2774 po-

2055 2772 2282 2838 tuisset,
2326 2775 2453 2843 quia
2499 2780 2722 2848 exponit
2767 2779 3050 2850 cujusdam
3093 2802 3190 2842 cor
3231 2791 3482 2861 gentilis,
3533 2772 3638 2850 tale

2053 2865 2214 2934 quale
2255 2864 2358 2921 fuit
2400 2866 2657 2925 Cornelii.
2701 2871 2844 2942 Sed,
2891 2882 2953 2929 ut
2993 2878 3254 2946 praidixi,
3297 2883 3365 2937 ad
3411 2885 3641 2942 manife-

2054 2955 2304 3012 standam
2336 2964 2512 3018 totam,
2532 2960 2728 3016 seriem
2758 2965 3105 3033 praesentium
3135 2974 3599 3039 responsoriorum
3623 3019 3637 3040 ,

2054 3050 2120 3106 de
2150 3060 2451 3108 memorato
2489 3055 2699 3125 psalmo
2741 3057 2953 3128 primus
2982 3065 3362 3132 responsorius
3391 3078 3638 3140 sumptus

2053 3148 2168 3208 est,
2223 3142 2278 3197 in
2329 3158 2437 3212 quo
2487 3145 2776 3214 plurimum
2825 3150 3075 3220 queritur
3114 3164 3339 3225 propter
3381 3160 3642 3231 repagula

2053 3228 2361 3304 Babylonia:
2387 3240 2741 3309 captivitatis.
2770 3244 2826 3298 In
2860 3247 3020 3302 tertio
3049 3254 3413 3320 responsorio,
3446 3256 3498 3310 id
3519 3228 3633 3315 Vest.

2049 3318 2271 3390 [Deduc
2311 3341 2394 3383 me
2422 3327 2477 3379 in
2506 3330 2690 3384 semita
2719 3333 3090 3389 mandatorum
3121 3318 3330 3394 tuorum
3354 3341 3410 3414 ,]
3452 3355 3637 3413 postu-

2047 3409 2192 3466 latur
2236 3414 2323 3468 via
2377 3419 2610 3474 exeundi
2661 3422 2728 3476 de
2767 3421 3176 3494 Babylone,-et
3228 3409 3468 3487 inti-andi
3513 3434 3636 3489 Hie-
3715 3479 3726 3489 .

2047 3501 2303 3559 rusalem.
2355 3506 2473 3577 Ipse
2502 3510 2596 3578 qui
2635 3510 2736 3566 fuit
2773 3513 3013 3586 Babylon
3055 3517 3341 3587 profitetur
3383 3537 3630 3579 errorem

2046 3607 2203 3648 suum
2254 3595 2309 3650 in
2359 3599 2551 3668 quinto
2597 3605 2974 3674 responsorio,
3026 3606 3313 3680 [Viderunt
3353 3624 3404 3669 te
3445 3634 3653 3690 aqum,

2044 3683 2189 3740 Deus
2208 3728 2222 3752 ,
2252 3688 2494 3745 viderunt
2525 3701 2574 3746 te
2600 3711 2775 3766 aqum,
2803 3707 2852 3752 et
2881 3699 3230 3775 timuerunt].
3263 3703 3342 3760 Ac
3371 3706 3417 3761 si
3449 3683 3589 3764 dicat

2045 3776 2294 3845 Quandiu
2335 3784 2534 3839 merito
2572 3786 2734 3846 bruto
2774 3791 2992 3847 animali
3018 3809 3364 3866 comparatus
3394 3798 3491 3866 fui,
3519 3819 3652 3856 i:on..

2042 3871 2191 3939 potui
2224 3879 2276 3928 te
2303 3872 2488 3930 videre
2515 3895 2528 3931 :
2559 3893 2703 3936 nunc
2731 3882 3041 3939 rationabili
3079 3902 3241 3944 sensu
3289 3891 3502 3950 deditus
3530 3913 3657 3966 ego

2043 3969 2099 4017 et
2135 3965 2364 4034 populus
2399 3983 2554 4025 meus
2593 3971 2840 4031 videmus
2879 3984 2932 4032 te
2973 3977 3142 4036 Deum
3178 3997 3326 4050 esse,
3371 3992 3426 4040 et
3467 3965 3628 4042 time-

2045 4067 2184 4107 mus.
2217 4054 2501 4122 Quomodo
2541 4062 2646 4118 hoc
2685 4065 2760 4119 sit
2796 4064 3002 4122 factum
3041 4070 3096 4124 in
3140 4073 3492 4142 sequentibus
3533 4076 3630 4129 eli-

2041 4155 2262 4218 quatur,
2302 4168 2474 4207 rocem
2510 4155 2765 4212 dederunt
2795 4160 2975 4215 nubes:
3012 4162 3163 4220 Hanc
3201 4180 3388 4221 vocem
3421 4170 3628 4225 audivit

2039 4239 2269 4310 populus
2308 4242 2412 4296 iste
2449 4245 2625 4312 primo
2653 4245 2708 4300 in
2740 4247 2979 4316 Eﬂrata,
3011 4260 3069 4306 ut
3097 4258 3472 4324 responsorius
3503 4275 3625 4316 sex-

2044 4337 2132 4384 tus
2157 4329 2290 4385 dicit
2314 4335 2572 4403 quoniam
2606 4337 2678 4393 ibi
2720 4350 2880 4397 natus
2918 4349 3002 4398 est
3042 4344 3293 4404 Christus
3325 4369 3338 4405 :
3376 4350 3501 4423 Ipsa
3542 4357 3630 4410 iu-v

2037 4787 2380 4858 evangelicae.
2429 4791 2724 4867 Postquam
2768 4801 2935 4871 pedes
2983 4806 3194 4864 Domini
3248 4822 3516 4872 steterunt
3565 4821 3619 4876 in

2035 4876 2223 4944 gentili
2254 4879 2455 4949 populo
2475 4924 2496 4950 γ
2521 4899 2808 4957 cmperunt
2834 4891 3170 4954 habitatores
3209 4899 3518 4975 Babylonim
3547 4912 3620 4964 ci-

2036 4967 2222 5024 vitatis
2269 4970 2502 5030 irridere
2547 4992 2722 5044 eum,
2755 4990 2810 5037 et
2859 4988 3048 5043 conari
3099 4991 3332 5050 evellere
3379 5012 3502 5054 eum
3553 5003 3618 5055 dc

2035 5058 2270 5116 statione
2309 5079 2406 5118 sua
2427 5106 2442 5130 ,
2471 5067 2766 5140 dicuntque
2807 5075 2856 5129 ei
2898 5076 2952 5132 in
2982 5083 3211 5150 septimo
3238 5093 3581 5156 respensoric
3601 5134 3615 5156 ,

2035 5146 2343 5220 [lfymnum
2381 5167 2586 5214 cantate
2627 5162 2832 5237 nobis.]
2874 5146 3153 5239 Superbus
3196 5146 3520 5248 Balivlonius

2032 5255 2298 5313 arrogans
2343 5247 2455 5302 vult
2494 5249 2595 5306 sibi
2638 5251 2790 5310 lusus
2817 5265 2873 5312 et
2898 5261 3119 5319 delicias
3146 5266 3212 5320 de
3252 5268 3347 5322 Dei
3387 5271 3614 5325 canticis

2030 5331 2298 5389 exhiberi.
2327 5334 2536 5404 Quibus
2562 5347 2998 5414 respondendum
3027 5361 3109 5409 est
3135 5373 3147 5408 :
3180 5354 3455 5420 Quomodo
3485 5375 3615 5414 can-

2029 5423 2254 5480 tabimus
2281 5429 2544 5486 canticum
2572 5432 2785 5492 Domini
2815 5440 2870 5494 in
2898 5450 3039 5513 terra
3067 5442 3240 5497 aliena
3266 5445 3291 5498 ?
3317 5445 3485 5501 Miror
3512 5465 3622 5506 cur.

2027 5513 2372 5583 subjunctum
2417 5520 2492 5576 sit
2534 5521 2765 5581 Alleluia
2813 5543 2996 5597 pravae
3045 5531 3284 5587 irrisioni
3312 5573 3328 5598 ,
3379 5534 3435 5591 id
3482 5549 3570 5596 εει
3589 5581 3619 5606 ,.

2029 5602 2337 5676 [llymnum
2369 5621 2578 5667 cantate
2612 5617 2793 5681 nobis,
2843 5617 3144 5693 Alleluia,]
3187 5637 3289 5691 pro
3333 5641 3441 5696 quo
3484 5602 3625 5686 mu;

2024 5695 2162 5760 tavi,
2195 5696 2493 5769 [Alleluia,
2532 5705 2606 5758 ait
2633 5703 2927 5779 Babylon.]
2957 5708 3038 5765 Ob
3063 5695 3434 5772 defensionem
3467 5736 3612 5776 cono

2023 5795 2106 5842 ιω
2141 5788 2204 5845 ist
2214 5805 2275 5846 os
2310 5792 2450 5865 Bahy
2461 5793 2646 5853 Ionios.
2656 5807 2912 5856 cantatur
2925 5824 2927 5826 ·
2940 5807 3318 5876 responsorius
3331 5819 3639 5880 octavus”
