4000 6178
390 464 528 521 4290

392 626 512 721 cum
545 676 689 718 servo
730 653 880 724 tum]
904 651 1035 706 Post
1066 647 1208 701 hanc
1241 635 1676 710 persecutionem
1723 626 1974 696 sequitur

395 753 650 812 liberatio
690 721 926 802 Domini.
971 738 1078 793 Pro
1104 749 1208 804 qua
1241 728 1563 784 liberatione
1591 721 1723 776 dicit
1751 730 1974 786 respon-

1451 423 1781 488 AMALARII
1816 415 2036 476 PRESB
2049 409 2254 468 YTERI
2297 397 2638 460 METENSIS

392 573 629 650 [Judica
651 563 916 637 judicium
945 571 1113 612 meum
1135 551 1187 625 ,]
1227 566 1282 605 et
1323 549 1519 602 iterum
1559 554 1735 594 nonus
1757 577 1772 601 ,
1815 531 1965 606 [Fac
1995 535 2044 589 Α

3521 374 3661 428 1300

2671 505 2898 564 CAPUT
2944 500 3053 556 ΙΝ.

2427 609 2503 662 De
2550 599 2920 676 festivitatibus
2968 600 3290 649 sanctorum.

2144 725 2326 784 Otiicia
2377 727 2710 779 sanctorum,
2774 725 2896 780 qua:
2949 704 3294 761 celebrantur
3343 692 3490 750 infra
3543 690 3666 746 dies

397 784 650 812 uucruuu
691 784 926 802 ..νυ-...μη
975 784 996 793 -
1022 784 1075 791 --
1109 784 1198 804 ..-ν
1846 784 1856 786 γ

397 852 576 909 soritis
614 843 898 902 decimus:
945 832 1174 909 [Dicant
1207 841 1344 881 nunc
1372 821 1462 893 qui
1490 814 1739 884 redempti
1780 819 1900 865 sunt
1943 824 1976 859 a

2135 821 2439 877 :ntecostes,
2469 811 2522 864 in
2544 813 2730 862 nostro
2751 795 3148 867 Antiphonario
3167 787 3372 844 inserui
3400 784 3548 838 inter
3573 793 3664 834 re-

2311 905 2322 909 ”
2455 901 2468 909 “
2639 905 2648 909 ‘
2723 895 2757 909 “
2774 901 2848 909 -ι-
2922 895 2967 909 ἰ
3011 879 3388 909 -ιυ--ιη-υ-Λ-ἶηρ
3412 873 3482 909 Λα
3506 870 3664 909 Dcssl-

398 935 685 1008 Domino.]
711 931 851 1001 Quid
875 927 1112 982 habeant
1138 919 1318 975 dicere
1342 909 1664 968 undecimus
1690 913 1976 970 responso-

398 1035 516 1090 rius
553 991 912 1085 mallifestat:
960 1013 1204 1087 [Bonum
1248 1013 1322 1060 est
1364 994 1601 1067 conﬁteri
1644 991 1898 1051 Domino,
1931 994 1979 1039 et

401 1116 683 1196 psallere.]
714 1109 939 1183 Quare?
963 1079 1093 1176 quia
1134 1115 1202 1156 ex
1242 1093 1496 1152 omnibus
1533 1079 1979 1142 tribulationibus

405 1173 609 1273 nostris
633 1204 888 1264 liberavit
912 1213 1010 1255 nos
1030 1193 1309 1249 Dominus.
1343 1183 1604 1254 Sequitur
1629 1173 1981 1233 duodecimus

405 1300 812 1376 responsorius,
842 1293 1036 1366 [Deus,
1066 1284 1326 1340 canticum
1355 1291 1544 1331 novum
1573 1269 1794 1326 cantabo
1823 1260 1979 1334 tibi.]

406 1357 632 1463 Derquo
665 1357 1021 1446 Cassio-dorus
1058 1378 1111 1430 in
1150 1378 1384 1429 tractatu
1412 1363 1612 1420 Psalmi
1664 1357 1978 1414 Benedictus

411 1443 667 1544 Dorrlinits
708 1477 848 1533 Deus
889 1487 1068 1532 meus,
1113 1465 1186 1519 ita
1213 1477 1228 1515 :
1255 1459 1449 1520 Venit,
1491 1451 1701 1522 inquit,
1733 1446 1800 1502 ad
1838 1443 1986 1499 ordi-

411 1593 536 1635 nem
578 1567 870 1629 secundum
911 1563 965 1616 in
1008 1573 1114 1628 quo
1157 1568 1214 1609 se
1253 1557 1374 1622 post
1413 1541 1789 1600 liberationem
1821 1535 1983 1606 spiri—

415 1665 638 1722 tualium
681 1653 1046 1726 nequitiarum
1089 1654 1144 1700 et
1186 1639 1502 1698 immanium
1541 1631 1862 1704 populorum
1889 1640 1989 1696 per

417 1769 614 1811 novum
658 1715 926 1804 canticum
963 1737 1236 1808 Propheta
1275 1730 1477 1803 gratias
1515 1739 1676 1796 agere
1701 1722 1812 1776 Deo
1839 1715 1991 1788 polli-

418 1856 591 1902 cetur.
636 1842 704 1896 Et
746 1835 883 1891 infra
911 1851 925 1886 :
974 1830 1180 1884 Novum
1209 1823 1354 1878 enim
1395 1817 1588 1874 merito
1615 1813 1837 1873 dicitur,
1865 1807 1992 1878 quia

422 1940 549 1992 dum
589 1947 696 1988 non
743 1930 814 1984 sit
851 1941 883 1980 a
920 1920 1122 1979 ludatis
1157 1921 1444 1982 receptus,
1472 1907 1668 1977 quibus
1694 1901 1995 1973 promissus

427 2029 607 2084 fuerat
631 2031 691 2077 ut
715 2019 953 2079 veniret,
986 2008 1240 2067 transivit
1275 2004 1345 2058 ad
1380 2008 1585 2071 gentes.
1623 1993 1911 2062 Sequitur:
1938 1989 1997 2042 in

423 2081 671 2191 psalterio
713 2112 889 2165 decem
925 2102 1240 2158 chordarum
1289 2091 1509 2164 psallam
1546 2086 1657 2140 tibi.
1706 2084 1775 2138 Et
1816 2081 1996 2136 infra:

426 2175 751 2266 Psalterium
795 2201 982 2255 decem
1033 2190 1357 2248 chordarum
1402 2191 1485 2240 est
1529 2179 1856 2249 decalOgus,
1909 2175 2000 2246 qui

429 2302 590 2355 datus
627 2303 713 2350 est
750 2288 998 2346 tribubus
1039 2282 1411 2338 Hebraeorum.
1454 2275 1519 2328 Et
1546 2281 1605 2326 ut
1632 2272 1790 2324 ambo
1817 2267 2008 2322 Testa—

428 2397 611 2445 menta
631 2398 798 2439 unum
817 2379 1021 2434 habere
1041 2368 1417 2427 manifestaret
1438 2371 1714 2417 auctorem
1733 2399 1746 2423 ,
1771 2358 1824 2412 in
1851 2355 2008 2408 utris-

432 2497 537 2552 que
562 2491 620 2533 se
644 2473 862 2530 Christo
902 2464 1130 2522 Domino
1169 2457 1402 2531 psallere
1439 2448 1827 2522 compromisit.
1864 2445 2010 2498 Prie-

433 2585 559 2628 sens
593 2562 836 2622 Ecclesia
878 2573 986 2615 non
1021 2563 1106 2610 est
1149 2557 1433 2612 contenta,
1461 2554 1519 2600 ut
1545 2543 1658 2611 ipsa
1687 2541 1799 2594 sola
1830 2544 2014 2592 cantet

435 2662 592 2724 Deo;
634 2652 842 2711 mavult
881 2648 1158 2718 divulgare
1200 2656 1395 2697 nomen
1434 2635 1552 2705 ejus
1593 2643 1706 2689 toto
1743 2631 1874 2686 orbe
1917 2643 2014 2698 per

434 2746 843 2821 responsorium
886 2739 1105 2795 tertium
1153 2733 1454 2793 decimum,
1497 2724 1784 2800 [Narrabo
1829 2736 2013 2775 nomen

439 2815 586 2899 tuu-m
615 2836 868 2910 fratribus
892 2828 1080 2902 meis.]
1107 2827 1245 2894 Quid
1271 2825 1415 2880 dicat
1439 2819 1698 2876 fratribus
1721 2815 1834 2870 suis
1862 2826 2018 2882 quar—

439 2948 528 2993 tus
554 2934 794 2990 decimus
819 2921 1199 2997 responsorius
1222 2922 1524 2979 monstrat,
1551 2912 1738 2967 dicens
1766 2927 1777 2962 :
1809 2905 1879 2978 [Ι
1884 2922 1916 2958 η
1942 2920 2019 2957 ec-

443 3027 613 3084 clesiis
641 3020 922 3078 benerlicite
954 3009 1294 3081 Dominum]
1335 3010 1390 3063 in
1432 3006 1537 3060 isto
1566 2997 1911 3072 responsorio
1937 3008 2022 3048 se-

445 3125 606 3191 parat
633 3112 816 3169 lideles
843 3125 872 3162 a
900 3099 1291 3161 conventiculis
1318 3095 1696 3152 haereticorum
1739 3095 1793 3142 et
1831 3096 2023 3155 pravo-

447 3223 570 3264 rum
588 3247 603 3272 ,
632 3219 694 3258 ac
721 3208 877 3269 rogat
901 3196 1070 3251 Deum
1098 3190 1323 3246 laudare
1350 3187 1405 3241 in
1431 3183 1676 3240 ecclesiis
1697 3221 1710 3244 ,
1741 3179 1796 3232 in
1829 3175 2024 3246 quibus
2053 3213 2098 3274 Ε

446 3315 554 3356 una
601 3297 740 3352 fides
775 3304 857 3348 est
892 3297 946 3346 et
987 3286 1232 3343 doctrina
1275 3277 1664 3352 apostolorum.
1707 3271 1774 3326 Et
1827 3271 2028 3322 iterum

452 3393 692 3448 decimus
717 3386 966 3458 quintus,
999 3365 1260 3451 [Caritate
1285 3373 1418 3438 Deo,
1444 3367 1704 3441 psalmum
1733 3361 1888 3416 dicite
1914 3357 1960 3411 ei
1976 3354 2027 3427 ,]

349 3487 351 3489 ’
453 3488 705 3540 hortatur
727 3454 954 3548 populos
979 3466 1037 3526 nt
1059 3471 1114 3524 in
1137 3469 1222 3523 his
1242 3481 1362 3537 qua:
1383 3462 1662 3518 audierant
1686 3454 1826 3510 ﬁdeli
1851 3457 2031 3506 mente

456 3545 866 3646 prmsumentes,
897 3563 1084 3618 laudes
1106 3559 1216 3614 Deo
1242 3555 1493 3627 hymnica
1521 3545 1884 3605 exsultatione
1911 3554 2036 3594 con-

459 3663 735 3720 celebrent
761 3678 772 3712 :
801 3657 1001 3713 idcirco
1023 3655 1368 3707 assumuntur
1390 3648 1686 3716 praesentes
1707 3629 2036 3705 responsorii

461 3759 528 3813 de
563 3753 820 3826 psalterio
849 3747 992 3820 quod
1026 3751 1111 3800 est
1135 3742 1320 3797 decem
1347 3734 1705 3794 chordarum,
1747 3729 1801 3781 in
1839 3723 2038 3793 quibus

465 3817 682 3899 dilectio
709 3841 802 3894 Dei
828 3817 1048 3908 propter
1074 3833 1174 3886 tria
1195 3872 1209 3896 ,
1237 3837 1293 3884 et
1314 3825 1532 3882 dilectio
1554 3817 1787 3892 proximi
1816 3821 2042 3885 propter

467 3941 674 4006 septem
708 3903 1037 3996 designatur,
1077 3930 1137 3974 ut
1169 3935 1236 3973 ex
1271 3911 1631 3984 responsoriis
1656 3903 1896 3976 psallcrii
1924 3915 2044 3972 pro-

467 4030 549 4085 les
593 4041 652 4081 se
704 4021 942 4077 insinuet
985 4015 1208 4084 diligere
1254 4024 1510 4080 sponsum
1555 4004 1747 4060 matris
1792 4015 1933 4061 suae,
1974 4005 2044 4050 et

471 4127 702 4175 matrem
747 4125 933 4176 suam,
975 4115 1030 4163 et
1069 4105 1218 4174 loqui
1259 4118 1318 4157 se
1357 4115 1421 4154 ac
1463 4096 1791 4166 respondere
1833 4090 2044 4146 civitati

472 4201 807 4263 Hierusalem
826 4240 842 4264 ,
879 4211 998 4268 quae
1027 4195 1081 4249 in
1109 4192 1245 4248 coelo
1272 4189 1501 4245 habitat.
1542 4183 1667 4239 Tria
1694 4181 1837 4234 Citii“
1865 4177 2044 4233 ofiicia

473 4295 770 4358 diurnalia,
811 4292 865 4346 id
903 4297 1020 4354 est,
1061 4283 1316 4358 [Cantate
1343 4274 1638 4348 Domino,]
1678 4283 1766 4336 et,
1809 4269 2046 4343 [Vocem

468 4382 880 4461 jucunditatis,]
909 4388 997 4445 et,
1026 4376 1263 4450 [Exaudi
1285 4415 1300 4440 ,
1331 4372 1573 4433 Domine,
1605 4383 1779 4422 vocem
1804 4378 1973 4417 meam
1995 4359 2046 4432 ,]

476 4477 722 4535 recolunt
757 4474 946 4528 eadem
975 4479 1217 4536 tempora
1249 4477 1368 4534 quae
1403 4465 1776 4516 memorantur
1800 4469 1897 4525 per
1921 4466 2054 4521 prte-

481 4580 669 4628 sentes
702 4563 1094 4636 responsorios.
1133 4559 1341 4614 idcirco
1378 4554 1453 4608 nil
1492 4549 1755 4620 delinquit
1792 4547 1884 4615 qui
1919 4557 2053 4612 prce-

485 4651 1068 4727 sentes‘responsorios
1089 4647 1390 4705 cantavcrit
1413 4659 1512 4714 per
1532 4652 1642 4697 tres
1669 4634 2052 4694 hebdomadas,

483 4751 538 4804 id
566 4757 679 4812 est,
712 4720 988 4801 ab-officio
1014 4738 1269 4812 [Cantate
1295 4728 1584 4800 Domino,]
1610 4740 1783 4794 usque
1819 4723 1885 4776 ad
1923 4720 2057 4773 Pen-

488 4846 730 4892 tecosten
751 4877 764 4900 ,
807 4834 955 4890 salva
989 4837 1045 4886 et
1081 4827 1352 4884 celebrata
1388 4819 1679 4878 festivitate
1714 4812 2062 4868 Ascensionis

488 4927 709 4984 Christi.
752 4925 937 4994 Neque
978 4917 1315 4991 reprehendo
1339 4907 1781 4970 consuetudinem
1811 4901 2063 4956 Ecclesiae

491 5027 686 5076 nostra!
710 5031 828 5085 quae
853 5015 922 5070 ob
947 5027 1187 5067 amorem
1212 5003 1558 5065 exaltationis
1583 4998 1782 5054 Christi
1810 4996 1869 5072 in,
1889 4993 2062 5054 caelis,

491 5120 547 5166 et
581 5105 909 5164 desiderium
947 5091 1094 5156 illius
1128 5098 1279 5170 regni
1317 5109 1424 5166 quo
1453 5093 1566 5162 jam
1605 5090 1719 5159 ipse
1757 5068 2060 5155 praeessit,

493 5210 680 5260 cantat
715 5194 1089 5266 responsorios
1123 5193 1190 5245 de
1227 5186 1558 5244 Ascensione
1592 5195 1689 5252 per
1714 5179 1900 5233 decem
1925 5173 2060 5228 dies.

494 5295 740 5350 Habeant
778 5287 940 5341 ﬁnem
968 5280 1293 5350 responsorii
1319 5277 1386 5330 de
1409 5273 1632 5347 psalmis
1659 5272 1714 5325 in
1744 5278 2066 5339 quocunque

497 5398 742 5457 tempore
761 5425 775 5447 ,
812 5388 1007 5435 cantor
1045 5370 1438 5428 rationabiliter
1457 5363 1783 5438 iudicaverit
1808 5379 1820 5413 :
1851 5358 2065 5413 initium

495 5485 674 5532 ratum
711 5488 818 5526 non
847 5471 1073 5540 possunt
1097 5461 1298 5517 habere
1324 5465 1448 5511 ante
1472 5453 1809 5510 Dominicam
1830 5489 1843 5510 ,
1875 5448 1928 5500 in
1961 5461 2066 5514 qua

503 5577 755 5624 cantatur
790 5561 1048 5618 lntroitus
1069 5599 1082 5622 ,
1133 5553 1396 5628 [Caritate
1420 5547 1646 5603 Domino
1677 5542 1936 5598 canticum
1971 5553 2064 5591 no—

500 5675 640 5713 t‘um.
661 5659 682 5729 ]

2077 905 2392 979 sponsorios
2438 901 2505 955 de
2535 895 2872 954 auctoritate,
2915 895 2970 944 et
3011 879 3390 954 responsorios
3412 873 3482 929 de
3506 870 3665 926 Psal-

2079 969 2204 1064 mis,
2237 998 2303 1052 de
2329 993 2525 1064 quibus
2546 1002 2691 1044 nunc
2719 980 2933 1051 scripsi.
2965 973 3180 1032 Etenim
3207 969 3389 1038 aliqua
3419 973 3667 1031 tempora

2081 1091 2191 1156 illa,
2242 1089 2298 1142 in
2341 1085 2537 1155 quibus
2576 1077 2925 1135 celebrantur
2954 1064 3278 1121 festivitates
3325 1064 3663 1113 sanctorum,

2082 1185 2148 1238 de
2183 1179 2380 1250 quibus
2403 1187 2567 1242 supra
2590 1161 2911 1227 memoravi,
2937 1157 3118 1214 solent
3147 1160 3460 1212 occurrere,
3487 1142 3670 1215 prius-

2083 1285 2247 1342 quam
2266 1271 2551 1323 cantentur
2583 1251 2916 1329 responsorii
2943 1250 3012 1305 de
3038 1243 3282 1318 psalmis.

2676 1382 2902 1442 CAPUT
2948 1378 3082 1434 LVI.

2368 1488 2446 1542 De
2491 1481 2679 1555 uigiliis
2711 1479 2767 1532 in
2809 1472 3123 1530 Ascensione
3159 1463 3387 1518 Domini.

2159 1598 2554 1672 Responsorios
2595 1595 2663 1649 de
2691 1587 3024 1646 Ascensione
3049 1577 3285 1642 Domini,
3313 1572 3494 1630 notavi
3516 1569 3679 1639 juxta

2092 1699 2235 1753 hanc
2259 1660 2726 1758 consequentiam,
2757 1691 2921 1749 quam
2951 1679 3117 1736 tenet,
3147 1676 3210 1722 ut
3235 1665 3396 1720 nobis
3432 1660 3684 1718 videtur,

2093 1787 2226 1842 ordo
2253 1750 2733 1848 rerum-gestarum
2773 1768 2844 1822 de
2871 1765 3062 1821 eadem
3091 1756 3444 1814 Ascensione.
3482 1750 3685 1805 Notavi

2024 1868 2070 1929 B
2097 1841 2152 1932 in
2178 1873 2444 1947 principio
2459 1841 2593 1924 illos
2634 1863 2728 1934 qui
2780 1857 3058 1915 continent
3085 1848 3378 1922 quamdam
3417 1841 3685 1914 pralocu-

2101 1931 2305 2024 uo'nem
2331 1931 2534 2019 Christi
2558 1957 2628 2011 ad
2654 1931 2948 2021 discipulos
2989 1944 3056 1999 de
3079 1957 3179 1996 sua
3203 1936 3560 1996 Ascensione,
3589 1931 3686 2000 qui

2103 2058 2448 2116 continentur
2475 2049 2667 2105 ordine
2693 2040 3017 2110 subscripto.
3056 2035 3271 2089 Primus
3295 2036 3401 2091 est,
3430 2025 3688 2098 [Tempus

2104 2161 2179 2204 est
2214 2159 2271 2200 ut
2316 2151 2548 2199 revertar
2573 2138 2642 2191 ad
2687 2151 2810 2188 eum
2856 2129 2945 2201 qui
2975 2143 3054 2181 me
3105 2123 3248 2179 misit
3280 2119 3347 2191 :]
3393 2114 3687 2174 secundus,

2109 2239 2261 2313 [Non
2280 2234 2519 2289 turbetur
2539 2244 2629 2284 cor
2649 2235 2875 2280 vestrum
2896 2237 2912 2274 :
2939 2219 2953 2292 ]
2978 2216 3196 2278 tertius,
3221 2211 3373 2284 [Non
3393 2208 3692 2276 relinquam

2109 2298 2196 2390 bos
2238 2322 2546 2399 orphanos.]
2580 2320 2684 2374 Per
2712 2320 2844 2373 istos
2886 2322 2998 2367 tres
3033 2306 3384 2366 consolantur
3411 2299 3577 2355 corda
3612 2298 3696 2351 di-

2111 2391 2460 2493 scipulorum,
2508 2391 2576 2469 ne
2631 2409 3025 2465 conturbentur
3061 2401 3130 2456 de
3176 2398 3294 2468 ejus
3334 2391 3695 2455 Ascensione,

2113 2486 2238 2573 cum
2269 2511 2386 2580 ejus
2416 2509 2680 2563 adventus
2700 2498 2891 2573 procul
2911 2496 3073 2552 dubio
3095 2494 3290 2547 iterum
3320 2486 3702 2557 promittatur,

2114 2614 2236 2680 post
2274 2577 2459 2659 decem
2515 2597 2649 2653 dies.
2703 2594 2760 2648 in
2812 2597 3008 2660 quarto
3055 2581 3428 2654 responsorio,
3472 2577 3526 2632 id
3575 2583 3698 2637 est,

2120 2667 2394 2759 inuitare,
2424 2692 2666 2754 Domine,
2695 2689 2752 2740 in
2778 2684 2966 2740 virtute
2995 2691 3110 2741 tua,
3133 2684 3220 2759 est
3246 2670 3506 2728 allocutio
3531 2667 3700 2723 disci-

2117 2753 2391 2866 pulorum,
2439 2785 2507 2839 ad
2531 2781 2807 2838 Christum
2852 2775 2946 2830 illo
2995 2753 3193 2844 genere
3243 2762 3560 2826 locutionis,
3590 2774 3704 2829 quo

2121 2856 2298 2940 mater
2317 2875 2558 2933 Ecclesia
2578 2870 2869 2943 praelocuta
2890 2873 2978 2921 est
2995 2863 3050 2918 in
3073 2860 3313 2917 Canticis
3337 2856 3702 2915 canticorum,

2124 2972 2296 3043 Fuge,
2340 2967 2528 3022 dilecte
2555 2963 2648 3027 mi,
2679 2953 2978 3014 assimilare
3018 2965 3223 3022 caprea:
3248 2944 3572 3014 hinnuloque
3591 2957 3709 2995 aer-

2122 3077 2304 3121 oorum
2335 3073 2492 3129 super
2533 3061 2733 3108 montes
2775 3055 3114 3103 aromatum:
3147 3055 3213 3096 ac
3239 3038 3287 3094 si
3326 3037 3471 3091 dicat
3503 3053 3520 3086 :
3561 3031 3711 3098 Quo-

2127 3155 2275 3209 niam
2315 3123 2543 3206 docente
2594 3152 2645 3198 te
2681 3139 2976 3200 credimus,
3021 3133 3148 3204 quia
3187 3128 3350 3186 existi
3394 3141 3422 3179 a
3452 3123 3616 3176 Patre
3653 3130 3714 3175 et

2130 3242 2324 3300 venisti
2362 3242 2416 3294 in
2461 3235 2742 3297 mundum,
2795 3217 2888 3284 ubi
2942 3241 3038 3298 pro
3082 3223 3239 3279 nobis
3288 3219 3460 3276 multa
3500 3214 3712 3284 ﬂagella

2128 3350 2325 3410 passus
2376 3346 2437 3387 es
2483 3346 2512 3383 a
2548 3324 2788 3397 perfidis,
2825 3322 2918 3393 qui
2965 3325 3092 3375 sunt
3137 3313 3324 3371 mundi
3353 3318 3625 3366 amatores
3656 3314 3716 3360 et

2133 3405 2240 3482 non
2267 3423 2418 3479 fuisti
2449 3421 2748 3475 honoratus
2773 3414 2827 3468 in
2856 3409 3059 3466 mundo
3081 3415 3142 3462 ut
3175 3405 3375 3467 decuit,
3404 3416 3547 3456 nunc
3575 3412 3718 3468 prmo

2135 3516 2325 3572 sertim
2349 3527 2472 3568 eum
2500 3508 2805 3565 audivimus
2828 3506 2926 3560 abs
2957 3511 3012 3556 te
3039 3499 3196 3556 nobis
3230 3508 3452 3552 necesse
3481 3507 3626 3552 esse,
3655 3497 3716 3541 ut

2137 3624 2232 3665 eas
2256 3617 2310 3663 et
2332 3607 2519 3661 mittas
2546 3600 2699 3655 nobis
2744 3593 3081 3668 paraeletum
3105 3597 3280 3653 tuum,
3302 3599 3429 3640 cum
3449 3591 3506 3637 te
3529 3582 3719 3635 deceat

2142 3703 2372 3773 hymnus
2409 3698 2465 3752 in
2518 3693 2649 3749 Sion
2676 3690 2925 3760 relinque
2953 3683 3231 3743 mundum,
3261 3687 3319 3734 et
3344 3677 3484 3731 vade
3515 3674 3582 3728 ad
3610 3672 3716 3726 Pa-

2141 3770 2301 3847 trem.
2354 3789 2436 3844 Tu
2462 3782 2792 3843 exaltaberis
2820 3780 2875 3842 in
2899 3778 3121 3839 virtute,
3144 3770 3454 3843 paraeletus
3477 3775 3602 3820 tuus
3629 3775 3721 3816 vc-

2143 3885 2274 3948 niet,
2327 3890 2383 3936 et
2439 3875 2654 3934 docebit
2689 3887 2790 3929 nos
2845 3871 2912 3926 de
2968 3878 3060 3924 tua
3089 3862 3503 3921 clarificatione,
3557 3870 3719 3926 quam

2144 3975 2314 4031 habes
2362 3972 2501 4043 apud
2539 3971 2757 4026 Patrem
2788 3973 2940 4020 tuum
2971 3979 2986 4014 :
3031 3958 3248 4016 interim
3287 3953 3634 4010 cantabimus
3669 3955 3724 4001 et

2145 4038 2438 4138 psallentis
2467 4060 2715 4118 Alleluia.
2763 4057 2895 4112 Post
2918 4057 3061 4110 hanc
3100 4047 3448 4106 concordiam
3477 4038 3725 4112 magistri

2148 4133 2203 4214 et
2249 4156 2656 4226 discipulorum,
2711 4149 2965 4220 Magister
3037 4139 3328 4210 discipulos
3381 4133 3728 4191 mmmendat
3754 4144 3772 4162 ·

2147 4249 2300 4305 Patri
2335 4248 2392 4301 in
2437 4240 2783 4312 respousorio
2809 4238 3019 4309 quinto,
3065 4233 3247 4295 Pater,
3295 4227 3568 4297 inquiens,
3611 4240 3728 4276 cura

2152 4354 2315 4394 essent
2339 4349 2455 4388 cum
2481 4332 2576 4395 eis,
2607 4346 2700 4400 ego
2750 4327 3021 4383 seruabam
3067 4338 3154 4378 eos
3194 4335 3325 4390 quos
3361 4316 3553 4370 dedisti
3579 4315 3728 4366 milii.

2154 4433 2214 4488 in
2245 4436 2478 4500 quatuor
2505 4422 2858 4493 sequentibus
2877 4424 3132 4473 narratur
3177 4414 3292 4483 ipsa
3332 4407 3594 4464 Ascensio
3628 4406 3732 4458 Do-

2155 4527 2288 4583 mini
2337 4522 2404 4576 ad
2467 4517 2652 4576 oculos.
2699 4515 2761 4570 In
2797 4509 3168 4582 responsorio,
3230 4501 3382 4578 [Post
3437 4500 3731 4572 passionem

2158 4613 2358 4686 suam,]
2402 4611 2644 4682 loquitur
2685 4617 2916 4675 persona
2957 4606 3242 4656 cantorum
3284 4593 3352 4648 ad
3391 4590 3733 4647 concionem.

2159 4719 2391 4763 narrans
2419 4704 2468 4758 ei
2499 4700 2745 4756 ordinem
2770 4692 2972 4772 Christi
3004 4686 3358 4745 ascensionis.
3387 4683 3447 4738 In
3490 4680 3738 4735 Romano

2162 4794 2558 4867 Antiphonario
2600 4787 2782 4859 reperi
2827 4769 3234 4854 responsorium
3277 4776 3562 4845 scriptum,
3625 4769 3740 4822 Viri

2163 4863 2396 4954 Galila'i,
2431 4901 2594 4957 quem
2623 4898 2721 4938 nos
2743 4895 2850 4935 non
2869 4876 3046 4948 piguit
3075 4880 3264 4930 notare
3289 4871 3343 4924 in
3371 4874 3565 4922 nostro
3591 4863 3743 4919 Anti-

2165 4980 2451 5053 phonario.
2483 4977 2543 5031 Si
2566 4974 2690 5044 quis
2709 4970 2941 5026 voluerit
2966 4981 3090 5022 eum
3116 4970 3338 5020 cantare
3361 4959 3506 5013 inter
3525 4963 3744 5010 noemo-

2166 5071 2318 5126 nales
2357 5063 2752 5135 responsorios,
2782 5059 2948 5114 habet
2973 5069 3096 5110 eum
3117 5059 3335 5124 prato.
3353 5049 3412 5102 In
3450 5044 3746 5101 novissimo

2166 5161 2354 5217 ordine
2422 5133 2632 5228 positus
2679 5160 2784 5215 est,
2838 5146 3048 5220 [Omnis
3113 5138 3454 5215 pulchritudo
3509 5133 3744 5194 Domini,

2167 5250 2402 5306 exaltata
2425 5226 2519 5301 test
2549 5259 2706 5311 super
2754 5237 2979 5310 sidera.]
3004 5235 3207 5292 Christi
3247 5244 3444 5300 corpus
3464 5229 3582 5298 jam
3609 5226 3666 5280 in
3692 5239 3748 5277 re

2169 5347 2465 5401 exaltatum
2511 5348 2596 5395 est
2620 5351 2783 5408 super
2823 5335 3002 5389 sidera
3034 5327 3312 5385 :membra
3355 5319 3748 5388 videlicetejus

2177 5439 2252 5493 ibi
2300 5441 2425 5491 sunt
2463 5433 2517 5486 in
2563 5441 2675 5500 spe,
2713 5427 2805 5481 ubi
2857 5431 3020 5493 caput
3049 5433 3134 5476 est
3181 5419 3236 5472 in
3264 5429 3346 5470 re.
3378 5413 3450 5468 Et
3493 5411 3620 5465 ideo
3645 5421 3749 5463 non

2180 5528 2382 5581 frustra
2431 5496 2654 5590 ponitur
2700 5511 3096 5584 responsorios,
3153 5504 3368 5579 [Omnis
3415 5496 3752 5569 pulchritudo

2186 5614 2419 5686 Domini]
2449 5613 2501 5667 in
2525 5609 2822 5666 novissimo
2843 5605 2984 5668 loco,
3013 5601 3068 5656 in
3098 5612 3206 5668 quo
3227 5601 3488 5650 narratur
3513 5586 3754 5659 perfecta

2183 5718 2240 5764 et
2287 5677 2497 5763 summa
2526 5699 2768 5770 receptio
2791 5690 3207 5768 pulchritudinis
3233 5683 3447 5742 Domini
3491 5693 3654 5750 super
3685 5677 3760 5730 si-

2187 5800 2334 5852 dera.
2382 5792 2704 5860 Antiphone
2763 5800 2923 5854 super
2963 5781 3197 5854 psalmos
3250 5771 3622 5833 matutinus.
3683 5777 3767 5820 tc-
