4000 6178
339 393 472 451 1301

1357 388 1560 442 LIBER
1601 387 1687 442 DE
1718 385 1972 442 ORDINE
2011 381 2521 438 ANTIPIIONARH.

3456 382 3608 435 τεῦξ’.-

335 522 524 563 norem
569 505 828 569 historiae,
863 504 953 575 qui
1002 504 1233 572 scriptas
1277 512 1359 557 est
1392 503 1445 556 in
1473 501 1832 573 Evangelistis
1863 509 1916 554 et
1945 503 1994 560 Α
2022 497 2159 552 senti
2186 495 2500 558 festivitate,
2537 503 2595 548 ut
2645 494 2694 546 in
2734 492 2946 564 [ultimo
2986 491 3294 546 festivitatis
3325 490 3436 563 die]
3459 508 3594 547 con-

335 599 390 652 in
417 598 642 653 Actibus
671 596 1056 668 apostolorum,
1086 602 1324 650 servant.

334 697 351 714 '
919 707 1146 763 CAPUT
1185 707 1342 761 Lvu.

448 781 687 850 Oﬁcium
719 778 1026 833 ttocturnale
1054 778 1118 832 de
1147 777 1428 846 festivitate
1460 774 1806 829 Pentecostrs.

410 873 594 926 Primo
651 871 945 925 notandum
996 877 1099 931 est,
1163 867 1484 936 antiphonas
1521 875 1649 927 tres,
1710 865 1759 917 ἧς]
1812 872 1913 925 est,

339 960 567 1035 [Factus
596 970 670 1014 est
699 969 902 1030 repente
925 959 990 1012 de
1025 957 1150 1012 caelo
1185 954 1368 1026 sonus]
1393 963 1466 1020 et,
1499 954 1788 1026 [Con/iram
1822 953 1917 1006 tibi:

341 1051 528 1124 Deus],
554 1061 625 1114 et,
654 1051 872 1123 [Emitte
901 1051 1140 1122 spiritum
1164 1050 1358 1123 tuum,]
1394 1066 1526 1119 quas
1558 1058 1743 1102 uestra
1774 1048 1918 1117 regio

340 1145 485 1198 canit
509 1143 780 1197 [tertianos
801 1158 906 1196 non
929 1157 1125 1197 canere
1151 1160 1161 1195 :
1189 1158 1254 1196 ex
1280 1142 1502 1196 Metcnsi
1526 1140 1919 1210 An‘tiphonario

338 1235 655 1304 scripsimus
709 1249 801 1287 eas
846 1234 897 1286 in
935 1243 1140 1288 nostro.
1177 1234 1251 1287 De
1277 1234 1470 1288 ordine
1520 1231 1677 1301 hujus
1703 1230 1860 1286 cilicii
1901 1250 1914 1282 :

340 1329 396 1382 id
433 1336 535 1391 est,
571 1325 904 1381 nocturnalis
950 1327 1002 1379 in
1055 1325 1346 1380 festivitate
1378 1324 1746 1380 Pentecostes.
1788 1339 1920 1392 quo-

341 1418 500 1472 modo
526 1417 665 1485 apud
711 1415 985 1470 Romanos
1011 1415 1335 1479 celebretur,
1383 1415 1645 1485 scriptum
1673 1415 1844 1469 habeo
1867 1415 1919 1468 in

339 1507 563 1578 prologo
607 1504 834 1575 hujusce
878 1505 1140 1574 opusculi.
1184 1504 1478 1560 N'umerum
1508 1504 1841 1575 psalmorum
1867 1513 1923 1559 et

341 1599 807 1670 responsoriorum
854 1606 1027 1651 totum
1073 1596 1329 1666 adimplet
1372 1595 1614 1651 Romana
1658 1595 1917 1656 Ecclesia,

340 1705 502 1758 quem
561 1688 796 1743 solemus
865 1701 1064 1741 canere
1115 1702 1212 1756 per
1266 1695 1492 1741 caeteras
1562 1686 1922 1742 Dominicales

340 1787 545 1834 noctes.
572 1778 648 1833 De
683 1791 911 1832 numero
931 1791 1082 1838 vero,
1107 1791 1226 1846 qum
1255 1784 1439 1830 nostra
1470 1777 1617 1846 regio
1649 1786 1795 1832 tenet
1824 1793 1922 1846 per

341 1871 519 1938 aliqua
547 1869 687 1933 loca,
721 1869 984 1937 scriptum
1007 1867 1268 1920 habemus
1295 1866 1347 1919 in
1380 1865 1558 1920 libello
1581 1866 1812 1920 ofﬁciali.

410 1961 638 2030 Propter
690 1967 1029 2015 sacramenta
1071 1957 1438 2026 baptismalia,
1483 1973 1712 2012 numero
1760 1959 1921 2012 trium

339 2051 671 2120 psalmorum
713 2049 1050 2120 complemus
1093 2049 1432 2105 nocturnalia
1465 2049 1646 2104 ofﬁcia
1675 2065 1772 2120 per
1799 2060 1924 2107 octo

343 2145 458 2198 dies
509 2143 714 2198 ultimae
774 2142 1128 2197 hebdomadis
1171 2141 1540 2198 Pentecostes.
1583 2141 1734 2197 Unde
1783 2143 1924 2211 quod

339 2241 512 2310 potui,
563 2247 623 2293 ut
651 2238 971 2304 memoravi,
1003 2237 1268 2307 scriptum
1295 2237 1470 2291 habeo
1500 2237 1553 2292 in
1596 2235 1778 2292 libello
1805 2236 1926 2291 offi-

342 2330 486 2384 ciali.
535 2329 722 2384 Restat
759 2327 1098 2384 solummodo
1128 2327 1217 2381 hic
1259 2327 1498 2382 scribere
1547 2327 1792 2382 ordinem
1843 2343 1926 2382 re-

346 2417 778 2486 sponsoriorum,
832 2431 993 2485 quem
1055 2425 1242 2470 noster
1284 2415 1710 2486 Antiphonarius
1755 2423 1922 2469 tenet.

346 2509 562 2563 Primus
583 2508 982 2578 responsorius,
1005 2506 1169 2578 [Dum
1198 2505 1583 2576 complerentur
1603 2506 1712 2560 dies
1736 2504 1928 2560 Pente-

343 2601 560 2672 costes,]
587 2607 854 2656 monstrat
881 2601 1106 2654 chorum
1138 2599 1526 2668 discipulorum
1555 2597 1718 2652 simul
1758 2596 1927 2654 fuisse

347 2696 403 2748 in
448 2693 680 2763 quodam
709 2692 1012 2757 caenaculo,
1049 2700 1101 2747 et
1135 2699 1484 2762 exspectasse
1517 2690 1932 2760 promissionem.

347 2781 572 2836 Christi.
612 2780 876 2837 Monstrat
898 2781 1061 2836 etiam
1102 2781 1350 2852 figurate,
1383 2779 1617 2850 qualiter
1640 2780 1930 2850 promissio

347 2872 551 2928 Christi
590 2873 888 2936 adveniret,
921 2871 1093 2926 instar
1118 2871 1368 2926 videlicet
1403 2871 1613 2925 sonitus
1643 2871 1933 2925 vehemen-

349 2963 421 3017 tis
443 2962 683 3032 spiritus.
719 2961 1022 3027 Secundus,
1055 2960 1309 3034 [Spiritus
1339 2971 1553 3015 sanctus
1593 2959 1876 3029 procedens
1898 2977 1932 3014 a

351 3052 582 3124 throno,'|
612 3052 836 3122 exponit
884 3052 972 3106 cui
1017 3052 1095 3106 rei
1143 3053 1479 3106 ministraret
1522 3067 1686 3108 sonus
1709 3051 1932 3120 spiritus

353 3144 724 3208 vehementis,
772 3144 826 3198 id
872 3151 978 3206 est,
1034 3140 1259 3211 Spiritui
1312 3151 1500 3197 sancto
1553 3142 1933 3210 procedentia

351 3236 566 3290 throno.
595 3236 694 3290 llic
720 3251 887 3291 sonus
909 3234 1135 3304 spiritus
1155 3235 1493 3289 vehementis
1512 3234 1718 3288 excitat
1742 3234 1928 3298 corda,
1959 3212 2004 3272 (δ

249 3335 254 3339 ·
351 3333 411 3378 ut
437 3325 882 3396 iutendantoperi
897 3327 1132 3396 Spiritus
1154 3329 1349 3392 sancti,
1371 3328 1461 3396 qui
1477 3327 1820 3383 invisibiliter
1838 3344 1934 3396 pe-

346 3426 502 3469 ctora
535 3417 899 3484 apostolorum
931 3418 1255 3486 penetravit.
1287 3416 1502 3472 Tertius
1530 3417 1930 3486 responsorius,

351 3505 579 3577 [Factus
606 3516 681 3560 est
714 3519 917 3577 repente
939 3509 1003 3564 de
1025 3509 1151 3564 caelo
1180 3526 1344 3564 sonus
1371 3508 1695 3564 advenientis
1717 3510 1933 3580 spiritus

351 3599 688 3662 vehementis,
719 3597 809 3652 ubi
846 3610 995 3654 erant
1024 3601 1283 3666 sedentes,
1316 3610 1364 3654 et
1395 3599 1575 3670 repleti
1601 3610 1724 3654 sunt
1754 3617 1935 3656 omnes

351 3688 561 3760 Spiritu
601 3691 832 3763 κωβιοί]
860 3691 964 3746 hoc
1005 3692 1169 3748 habet
1204 3692 1435 3761 amplius
1484 3693 1538 3746 in
1565 3707 1662 3747 sua
1688 3693 1934 3748 doctrina

349 3796 465 3850 prae
520 3781 735 3836 caeteris
782 3783 1152 3852 superioribus
1203 3782 1436 3848 duobus,
1489 3791 1549 3837 ut
1601 3786 1934 3838 demonstret

353 3872 625 3941 apostolos
675 3873 910 3943 repletos
964 3890 1087 3930 esse
1149 3873 1355 3945 Spiritu
1414 3883 1624 3930 sancto.
1677 3875 1932 3942 Quartus,

355 3958 612 4031 [Spiritus
661 3961 876 4017 Domini
929 3962 1138 4033 replevit
1189 3963 1365 4017 orbem
1411 3974 1696 4027 terrarum,
1745 3973 1793 4016 et
1839 3964 1936 4017 hoc

353 4052 494 4119 quod
516 4053 744 4107 continet
769 4055 974 4118 omnia,
1002 4054 1277 4108 scientiam
1304 4053 1458 4108 habet
1485 4053 1668 4125 ποίει]
1694 4053 1807 4109 Hoc
1831 4055 1935 4110 iste

355 4158 467 4211 pne
498 4142 708 4198 caeteris
737 4143 899 4199 habet
919 4144 1172 4213 amplius,
1201 4152 1263 4198 ut
1279 4144 1618 4199 demonstret
1652 4145 1935 4200 scientiam

357 4231 506 4285 vocis
547 4232 884 4287 diversarum
910 4233 1239 4305 linguarum,
1290 4233 1474 4288 datam
1499 4249 1621 4289 esse
1660 4234 1938 4305 discipulis

357 4336 453 4389 per
476 4320 763 4376 adventum
797 4320 1030 4391 Spiritus
1061 4322 1254 4376 sancti.
1283 4319 1516 4386 Quintus
1541 4320 1935 4392 [Apparuerunt

359 4408 608 4476 apostolis
640 4410 934 4480 dispartita:
955 4409 1151 4480 lingua:
1172 4419 1424 4478 tanquam
1455 4410 1638 4482 ignis,]
1672 4421 1938 4466 monstrat

359 4501 506 4567 quod
540 4499 592 4553 in
641 4500 1008 4569 superioribus
1053 4514 1159 4553 non
1196 4497 1523 4564 audivimus,
1574 4501 1678 4555 hoc
1721 4510 1825 4566 est,
1876 4510 1933 4556 ut

361 4589 555 4659 linguae
593 4589 763 4660 ignea:
790 4590 1030 4645 sederint
1067 4603 1232 4657 super
1265 4588 1560 4658 apostolos.
1610 4589 1806 4647 Sextus
1851 4605 1935 4645 rc-

361 4681 694 4747 sponsorius.
747 4677 974 4751 [Περίοιὶ
1019 4688 1139 4733 sunt
1183 4695 1361 4734 omnes
1409 4678 1614 4750 Spiritu
1656 4694 1860 4748 sancto,
1891 4695 1938 4738 et

359 4779 624 4840 coeperunt
672 4769 813 4842 loqui
849 4782 1002 4842 prout
1049 4770 1279 4842 Spiritus
1317 4783 1531 4828 sanctus
1577 4773 1734 4826 dabat
1769 4774 1939 4844 eloqui

361 4867 514 4940 illis.]
568 4868 665 4922 Hic
716 4876 981 4922 monstrat
1020 4867 1308 4937 quamdam
1356 4867 1617 4922 fabricam
1665 4879 1940 4940 peractam

362 4974 504 5013 esse.
576 4957 858 5013 Fabricam
918 4959 1078 5024 dico,
1135 4974 1295 5028 quam
1353 4958 1641 5014 fabricavit
1705 4961 1942 5030 Spiritus

365 5058 584 5106 sanctus
611 5065 707 5120 per
735 5065 892 5104 suum
935 5051 1224 5106 adventum
1265 5051 1318 5104 in
1349 5051 1631 5120 apostolis,
1664 5051 1718 5107 id
1751 5061 1851 5112 est,
1887 5062 1944 5106 ut

365 5143 750 5211 prmdicatores
775 5142 1073 5198 existerent
1099 5157 1212 5197 suae
1243 5143 1592 5212 operationis.
1622 5143 1733 5201 Hoc
1762 5154 1946 5199 osten-

367 5234 445 5287 dit
481 5250 726 5304 praesens
768 5234 1144 5304 responsorius
1193 5235 1248 5288 in
1279 5235 1462 5291 verbis
1487 5235 1602 5290 suis
1648 5255 1659 5288 :
1706 5236 1894 5292 dicens
1929 5255 1940 5289 :

367 5323 436 5378 Et
460 5335 727 5396 ceperunt
750 5324 893 5396 loqui
915 5334 1069 5396 prout
1091 5323 1322 5396 Spiritus
1347 5336 1562 5382 sanctus
1587 5327 1748 5382 dabat
1772 5327 1944 5398 eloqui

369 5415 494 5470 illis.
529 5416 818 5487 Hucusque
859 5417 1084 5472 historia
1111 5419 1394 5487 praesentis
1436 5419 1742 5474 festivitatis
1770 5420 1947 5476 decla-

372 5515 490 5562 rata
527 5516 610 5563 est
636 5526 649 5564 :
674 5508 868 5564 Caeteri
915 5509 1246 5579 responsorii
1277 5511 1368 5580 qui
1400 5521 1706 5580 supersunt,
1741 5513 1795 5566 id
1842 5523 1941 5572 est.

373 5596 593 5670 |Ultimo
617 5599 913 5669 festivitatis
935 5599 1041 5671 die]
1070 5599 1158 5664 Et,
1185 5599 1329 5671 [lam
1353 5617 1453 5654 non
1472 5601 1589 5655 dico
1612 5618 1697 5656 vos
1723 5602 1943 5674 servos,]

371 5690 441 5743 de
491 5690 651 5746 dictis
674 5691 857 5747 verbis
887 5690 1097 5747 Domini
1124 5691 1176 5745 in
1214 5691 1334 5746 aliis
1365 5691 1497 5748 locis
1536 5695 1737 5763 sumpti
1772 5703 1899 5750 sunt
1927 5712 1938 5746 :

375 5780 464 5847 qui
495 5790 674 5838 tamen
701 5783 753 5838 in
792 5796 889 5837 suo
923 5787 1071 5835 textu
1098 5781 1272 5851 aliqua
1299 5784 1458 5839 verba
1491 5784 1694 5840 habent
1717 5785 1782 5840 dc
1807 5801 1945 5856 prte-

2022 589 2223 643 tinetur
2255 587 2395 640 inter
2420 584 2523 638 alia
2549 602 2561 638 :
2596 583 2708 637 Hoc
2738 591 2918 637 autem
2948 582 3054 637 dixi
3097 581 3163 635 de
3189 582 3405 651 spiritu,
3434 595 3605 650 quem

2020 680 2292 749 accepturi
2323 685 2498 733 erant.
2539 677 2622 740 Et,
2649 674 2797 748 [Iam
2829 691 2932 729 non
2960 674 3080 727 dico
3109 689 3201 728 vos
3237 688 3434 736 servos,
3461 675 3600 726 acci-

2017 773 2121 840 pite
2139 770 2394 842 Spiritum
2411 778 2650 822 sanctum
2677 769 2731 821 in
2754 767 2894 821 vobis
2917 763 3293 837 paracletum.]
3317 764 3384 818 Et
3399 764 3600 819 idcirco

2022 859 2136 911 haec
2181 866 2364 911 tenent
2407 857 2544 919 loca,
2596 855 2646 910 id
2679 863 2783 920 est,
2817 855 3106 924 septimum
3153 861 3210 908 et
3255 860 3506 908 octavum
3545 853 3596 906 in

2022 957 2206 1004 nostro
2235 949 2627 1018 Antiphonario
2658 965 2670 1001 :
2697 947 3114 1018 Responsorius,
3151 943 3522 1017 [Disciplinam
3551 955 3598 996 et

2019 1041 2332 1111 sapientimn
2387 1041 2601 1094 docebat
2656 1057 2742 1094 eos
2793 1039 3052 1094 Dominus
3071 1037 3110 1110 ,]
3160 1053 3266 1093 non
3320 1037 3598 1092 minimam

2021 1139 2229 1200 partem
2271 1130 2450 1198 operis
2498 1128 2735 1199 Spiritus
2766 1129 2940 1183 sancti
2978 1128 3237 1182 declarat.
3292 1125 3418 1181 Tria
3455 1125 3598 1180 enim

2023 1221 2260 1276 declarat
2297 1220 2552 1284 ιιωλίιηλ,
2591 1219 2643 1274 id
2672 1227 2776 1284 εει,
2811 1220 2988 1289 primo
3019 1219 3268 1275 docuisse
3303 1231 3396 1273 eos
3421 1217 3603 1272 Domi-

2024 1329 2148 1366 nttm
2195 1311 2532 1382 disciplinam
2575 1321 2630 1365 et
2689 1311 3035 1380 sapientiam,
3081 1310 3321 1366 secundo
3371 1309 3608 1380 gratiam

2025 1403 2258 1473 Spiritus
2287 1404 2370 1458 sui
2399 1405 2644 1459 firmasse
2695 1404 2747 1457 in
2787 1403 2922 1467 illis;
2965 1403 3126 1458 tertio
3153 1402 3410 1472 implesse
3440 1400 3628 1456 corda.-

2023 1513 2210 1551 eorum
2248 1496 2543 1551 intellectu.
2577 1496 2652 1550 De
2676 1496 2957 1565 disciplina
2997 1495 3219 1565 exponit
3249 1503 3469 1550 sanctus
3497 1493 3606 1547 Au-

2023 1590 2271 1658 gustinus
2289 1590 2340 1643 in
2359 1598 2593 1643 tractatu
2612 1604 2775 1657 super
2787 1588 3052 1658 psalmum
3069 1587 3605 1642 octavumdecimum

2025 1684 2078 1736 in
2109 1697 2359 1736 sermone
2406 1681 2617 1736 decimo
2653 1682 2884 1749 septimo
2926 1680 2996 1733 ita
3033 1698 3044 1733 :
3081 1680 3302 1733 Addidit
3338 1687 3520 1733 autem
3552 1687 3608 1732 et

2024 1776 2382 1831 eruditionem
2410 1792 2421 1826 :
2449 1773 2551 1839 vel,
2583 1775 2723 1828 sicut
2743 1773 2924 1843 plures
2948 1773 3162 1826 codices
3189 1772 3414 1835 habent,
3442 1770 3607 1824 disci—

1952 1859 1996 1916 B
2024 1867 2245 1936 plinam,
2292 1864 2387 1920 sed
2417 1864 2758 1934 disciplinam
2796 1879 2955 1932 quam
2985 1861 3159 1917 Graeci
3191 1861 3464 1932 appellant
3495 1877 3606 1930 pre-

2026 1957 2190 2021 diam,
2219 1956 2290 2011 ibi
2318 1954 2821 2023 Scriptura-nostra:
2844 1967 3045 2022 ponere
3067 1959 3488 2015 consueverunt,
3515 1951 3606 2004 ubi

2026 2049 2372 2121 intelligenda
2421 2057 2508 2104 est
2552 2063 2647 2118 per
2677 2047 2957 2102 molestias
3002 2045 3258 2109 eruditio,
3310 2043 3609 2098 secundum

2027 2141 2152 2196 illud
2181 2161 2192 2194 :
2227 2141 2400 2209 Quem
2439 2141 2582 2195 enim
2621 2139 2795 2210 diligit
2821 2137 3101 2202 Dominus,
3131 2135 3357 2205 corripit
3385 2153 3399 2188 :
3429 2132 3612 2204 ﬂagel»

2027 2231 2100 2285 lat
2138 2239 2318 2285 autem
2359 2245 2576 2285 omnem
2608 2228 2798 2294 lilium,
2842 2241 3003 2298 quem
3055 2227 3267 2297 recipit.
3315 2225 3442 2281 Haec
3469 2225 3611 2296 apud

2027 2323 2435 2379 Ecclesiasticas
2473 2322 2684 2376 litteras
2714 2321 2820 2376 dici
2858 2321 3059 2376 assolet
3095 2317 3401 2390 disciplina,
3439 2318 3622 2392 inter-

2027 2424 2235 2484 pretata
2266 2416 2331 2470 de
2356 2414 2564 2479 Grzeco,
2594 2415 2686 2468 ubi
2716 2415 2912 2485 legitur
2953 2415 3144 2486 ptedia.
3182 2413 3296 2469 Hoc
3321 2409 3615 2469 enimver-

2027 2507 2152 2561 bum
2185 2507 2237 2560 in
2275 2505 2464 2562 Graeco
2495 2507 2755 2576 positum,
2781 2515 2865 2561 est
2892 2507 2944 2561 in
2974 2505 3202 2576 epistola
3237 2503 3302 2558 ad
3328 2501 3614 2566 Hebraeos,

2031 2601 2118 2654 ubi
2161 2599 2385 2654 Latinus
2422 2599 2692 2669 interpres
2728 2599 2805 2652 ait
2852 2597 3087 2654 :Omnis
3137 2599 3281 2652 enim
3322 2593 3604 2666 disciplina

2029 2692 2096 2746 ad
2127 2705 2387 2761 praesens,
2424 2705 2532 2745 non
2561 2689 2743 2760 gaudii
2789 2691 3004 2744 videtur
3033 2703 3154 2744 esse
3211 2687 3306 2742 sed
3349 2685 3605 2748 tristitiae,

2031 2790 2214 2853 postea
2261 2790 2441 2836 autem
2486 2780 2721 2836 lructum
2760 2781 3044 2852 pacificum
3075 2780 3183 2845 his,
3228 2779 3320 2849 qui
3363 2792 3463 2848 per
3491 2793 3612 2831 eam

2031 2881 2328 2937 certarunt,
2363 2873 2550 2928 reddet
2572 2871 2819 2940 justitize.
2852 2873 2985 2927 Cum
3015 2887 3122 2942 quo
3151 2886 3280 2941 ergo
3312 2869 3442 2926 facit
3470 2870 3615 2924 Deus

2032 2965 2377 3028 suavitatem,
2427 2965 2480 3020 id
2531 2973 2615 3021 est
2649 2967 2735 3020 cui
2790 2965 3057 3036 propitius
3087 2964 3318 3034 inspirat
3356 2962 3485 3018 boni
3522 2963 3615 3017 de-

2033 3055 2426 3120 lectationem,‘
2449 3064 2611 3125 atque
2643 3063 2700 3108 ut
2730 3055 2970 3123 apertius
3001 3052 3053 3107 id
3082 3051 3367 3122 explicem,
3405 3050 3492 3106 cui
3516 3049 3614 3104 do-

2036 3154 2197 3200 natur
2233 3162 2262 3200 a
2302 3146 2412 3200 Deo
2439 3147 2678 3201 charitas
2705 3146 2821 3210 Dei,
2853 3157 2908 3200 et
2933 3153 3154 3215 prepter
3177 3143 3347 3198 D'eum
3374 3140 3614 3196 Charitas

2035 3238 2290 3304 proximi,
2319 3237 2564 3304 profecto
2595 3237 2859 3290 instanter
2885 3249 3046 3288 orare
3074 3232 3231 3288 debet
3257 3249 3364 3302 quo
3408 3241 3614 3286 tantum

2035 3326 2137 3381 sibi
2184 3335 2448 3395 augeatur
2498 3327 2600 3379 hoc
2630 3325 2853 3387 donum,
2905 3334 2964 3377 ut
3013 3339 3119 3378 non
3170 3324 3346 3378 solum
3393 3339 3490 3392 pro
3527 3307 3624 3377 Illo

2035 3423 2348 3472 contemnat
2376 3416 2762 3470 delectationes
2789 3427 3037 3480 caeteras,
3073 3417 3166 3469 sed
3195 3416 3357 3469 etiam
3402 3430 3499 3486 pro
3529 3415 3645 3470 ille»

2033 3505 2302 3574 quaslibet
2325 3505 2564 3573 perferat
2585 3506 2882 3576 passiones.
2913 3505 3201 3575 [lucusque
3222 3505 3556 3576 Augustinus
3593 3524 3606 3560 :

2034 3597 2088 3651 in
2123 3598 2464 3667 responsorio
2507 3598 2750 3667 sequitur
2778 3605 2899 3666 post
2948 3597 3290 3666 disciplinam
3321 3598 3606 3669 sapientia.

2035 3689 2313 3759 Sapientia
2355 3698 2575 3759 estquae
2597 3688 2725 3744 facit
2756 3705 2946 3758 sapere
2980 3697 3203 3754 aeterna,
3233 3698 3401 3760 etpro
3427 3690 3506 3744 eis
3533 3691 3616 3746 in-

2036 3789 2242 3835 stanter
2288 3781 2536 3838 laborare
2564 3790 2620 3836 et
2663 3781 2901 3850 operari.
2953 3780 3125 3834 Tenet
3152 3781 3296 3835 enim
3345 3781 3444 3835 iste
3483 3781 3621 3836 ordo

2037 3889 2244 3930 morem
2291 3883 2493 3929 nostra:
2525 3873 2726 3930 schola:
2771 3882 2838 3927 ut.
2875 3873 3052 3944 primo
3094 3873 3413 3928 erudiantur
3442 3875 3645 3930 nostri-

2037 3963 2347 4019 scholastici
2397 3979 2498 4032 per
2557 3963 2917 4034 disciplinam,
2981 3971 3036 4018 et
3099 3972 3285 4034 postea
3347 3965 3622 4034 sapientes

2038 4053 2168 4108 liant
2211 4068 2308 4122 per
2358 4053 2696 4122 sapientiam.
2730 4051 2915 4121 Neque
2954 4052 3101 4106 enim
3153 4051 3253 4105 iste
3301 4067 3418 4106 mos
3449 4053 3621 4107 'deest

2037 4143 2298 4198 doctrina:
2325 4142 2552 4205 Christi,
2573 4141 2801 4196 dicentis
2826 4159 2838 4192 :
2868 4140 3054 4194 Nonne
3093 4139 3207 4192 haec
3237 4141 3476 4208 oportuit
3508 4143 3618 4210 pati
3651 4185 3653 4188 .

2037 4231 2405 4296 Christum,ct
2420 4232 2493 4285 ita
2524 4231 2727 4285 intrare
2746 4231 2800 4283 in
2831 4230 3056 4299 gloriam
3081 4245 3232 4284 suam
3254 4231 3276 4282 ?
3296 4231 3440 4286 Dixit
3464 4248 3621 4302 supe-

2040 4325 2152 4397 rius
2201 4330 2421 4378 sanctus
2453 4320 2791 4390 Augustinus
2835 4319 3172 4389 disciplinam
3224 4323 3494 4390 pertinere
3554 4326 3622 4378 ad

2039 4413 2246 4484 flagella
2303 4411 2565 4477 salubria,
2606 4425 2726 4481 qum
2777 4410 3083 4480 perducunt
3119 4411 3392 4466 hominem
3435 4415 3501 4469 ad
3534 4430 3622 4468 re-

2039 4504 2342 4574 ceptionem
2379 4502 2494 4556 Dei.
2527 4502 2658 4570 Qua:
2700 4501 2857 4557 nobis
2885 4501 3122 4557 initiavit
3150 4502 3419 4568 Christus,
3447 4511 3505 4558 ut
3534 4519 3624 4560 su—

2040 4597 2265 4666 perius,
2340 4596 2645 4651 audivimus
2713 4613 2725 4647 :
2775 4595 2964 4651 Nonne
3019 4597 3136 4651 hinc
3204 4597 3442 4666 oportuit
3514 4597 3652 4666 pati.

2041 4689 2360 4745 Christum?
2396 4688 2733 4761 Sapientiam
2763 4689 2994 4746 dicimus
3024 4705 3155 4744 vero
3186 4687 3340 4756 juxta
3371 4688 3624 4745 affectum

2040 4795 2228 4835 eorum
2274 4780 2364 4850 qui
2426 4789 2628 4834 mterna
2684 4781 2920 4850 sapiunt.
2972 4779 3074 4846 Qui
3130 4790 3330 4845 aeterna
3384 4781 3622 4852 sapiunt,

2044 4881 2255 4926 certant
2297 4879 2351 4926 et
2402 4872 2543 4926 inter
2571 4885 2830 4941 prospera
2861 4880 2916 4925 et
2965 4871 3108 4926 inter
3154 4871 3377 4926 adversa
3420 4871 3624 4926 aditum

2045 4964 2305 5031 arripere,
2358 4977 2465 5031 quo
2522 4962 2840 5032 perveniant
2888 4962 2955 5017 ad
3024 4961 3250 5033 gloriam
3323 4962 3622 5018 cmlestem.

2048 5053 2308 5108 Enmdcm
2338 5055 2582 5109 ordinem
2639 5055 2884 5124 sequitur
2926 5056 3324 5124 resmnsorius,
3376 5064 3434 5110 ut
3483 5055 3631 5109 dicat

2049 5142 2331 5196 Dominum
2376 5143 2623 5212 docuisse
2660 5143 3002 5213 disciplinam
3033 5145 3207 5215 primo
3235 5144 3548 5213 discipulos,
3576 5154 3628 5196 et

2050 5244 2232 5303 postea
2265 5233 2476 5288 cihasse
2521 5249 2616 5288 eos
2661 5250 2757 5304 per
2804 5235 3124 5304 sapientiam
3167 5237 3232 5289 de
3261 5250 3355 5304 spe
3397 5243 3630 5286 aeterno—

2053 5342 2188 5381 rum.
2225 5325 2466 5381 Gratiam
2499 5328 2791 5382 sanitatum
2817 5337 2872 5384 et
2893 5331 3257 5392 curationum,
3281 5335 3334 5380 ct
3358 5325 3629 5396 operatio-

2053 5434 2174 5472 nem
2222 5418 2480 5472 virtutum
2524 5419 2687 5487 quani
2742 5419 2929 5474 tribuit
2987 5418 3090 5472 illis
3142 5425 3268 5470 ante
3319 5415 3633 5484 passionem-

2053 5526 2202 5564 suam
2237 5510 2469 5562 firmavit
2499 5508 2552 5562 in
2595 5508 2699 5562 illis
2730 5523 2826 5578 per
2867 5508 3154 5561 adventum
3206 5503 3427 5573 spiritus
3450 5503 3530 5558 sui
3575 5511 3632 5557 et

2053 5601 2403 5664 intellectum,
2442 5615 2604 5668 quem
2639 5598 2742 5654 illis
2781 5599 2955 5667 primo
2980 5595 3148 5658 dedit,
3177 5594 3392 5663 quando
3417 5596 3630 5664 aperuit

2053 5709 2270 5747 sensum
2316 5694 2434 5754 eis,
2481 5702 2540 5745 ut
2583 5690 2948 5760 intelligerent
3003 5688 3330 5758 Scripturas,
3391 5687 3666 5757 implevit‘

2048 5784 2343 5852 perfectius
2373 5782 2537 5840 corda
2569 5796 2774 5838 eorum.
2808 5779 3072 5847 Quoniam
3117 5781 3169 5837 in
3205 5779 3312 5837 isto
3340 5792 3648 5851 responsa»
