2000 3089
238 159 308 188 I305

749 159 913 188 AMALARII
931 158 1147 187 PRESBYTERI
1167 159 1338 187 METENSIS

1795 164 1865 192 I505

235 219 280 246 rio
302 217 498 253 quodammodo
522 223 627 243 summa
645 216 767 251 operatio
793 216 910 251 Spiritus
934 215 1020 242 sancti
1034 216 1058 245 Α
1073 214 1135 242 Dies
1160 215 1233 242 enim
1258 223 1273 242 a
1300 214 1445 242 Nativitate
1467 215 1573 242 Domini
1593 223 1679 251 usque
1694 218 1728 245 ad
1752 223 1867 248 octavas

235 262 401 294 declaratur,
418 265 509 289 teneat
518 265 547 288 et
557 261 608 289 iste
619 261 794 289 novissimum
805 260 892 288 locum
907 268 1021 295 respon-

236 309 370 335 soriorum
393 307 420 334 in
439 307 566 341 praesenti
588 307 746 335 festivitate.
767 306 927 342 Antiphonae
942 313 1022 341 super

235 353 384 380 matutinas
396 352 520 380 ordinem
545 352 666 380 historia:
685 356 842 387 sequuntur.
855 351 1019 386 Antiphona,

236 399 262 425 in
280 397 472 425 benedictione
482 396 581 430 fontes,
596 402 624 425 et
641 397 731 425 omnia
755 405 816 432 quae
838 401 981 424 moventur
994 396 1021 423 in

234 443 311 477 aquis
325 445 456 470 consonat
474 441 594 469 fontibus
621 441 781 476 baptisterii.
801 441 850 469 llic
871 442 1021 469 notandum

233 492 285 520 est,
297 488 369 523 quod
382 487 504 515 consueti
518 487 602 514 simus
611 494 660 522 per
674 487 808 522 principia
822 486 952 514 festorum
967 487 1022 514 die-

235 542 304 567 rum,
318 538 346 561 ut
357 538 399 561 est
410 534 437 560 in
449 533 553 561 Pascha
565 533 682 567 Domini,
699 537 726 559 et
738 533 765 559 in
779 532 937 560 ascensione
951 531 1018 566 ejus,

233 583 261 607 et
280 579 306 606 in
321 578 448 613 praesenti
475 577 621 605 festivitate
635 576 797 611 antipbonas
820 583 919 604 canere
938 583 1021 611 super

232 623 351 658 psalmos
363 624 389 650 in
401 622 542 650 matutinis
554 625 582 649 et
590 622 618 649 in
628 621 733 649 czcteris
747 621 922 656 sequentibus
934 620 1020 648 nocti-

231 670 283 697 bus
302 668 427 700 Alleluia,
443 672 556 702 excepto
570 667 597 694 in
611 666 809 695 benedictione.
838 665 927 699 Quare
948 665 1020 693 hoc?

231 715 283 742 nisi
299 715 361 749 quia
377 714 404 741 in
422 714 465 741 his
488 714 613 741 noctibus
625 713 653 740 in
672 713 770 748 quibus
784 712 938 740 celebratur
962 712 1019 748 ipsa

230 767 275 788 res
301 764 397 796 gesta,
418 762 525 787 certant
554 764 680 786 cantores
710 758 852 786 historiam
877 757 1019 793 prasentis

230 805 386 833 festivitatis
408 804 546 832 declarare
561 814 568 830 :
581 804 617 831 At
630 804 657 831 in
681 804 788 831 caeteris
800 807 920 830 nostram
941 804 1019 830 devo-

230 851 343 883 tionem,
364 857 446 885 quam
468 856 575 884 semper
588 853 614 876 et
631 849 730 884 ubique
755 848 884 876 debemus
898 848 1017 876 recolere

1073 259 1245 294 Epiphaniae,
1281 264 1432 287 memorant
1465 261 1638 295 praesentiam
1672 264 1765 298 sponsi
1803 272 1866 293 cum

1073 312 1180 340 sponsa.
1198 305 1285 333 Simili
1311 305 1390 333 modo
1412 306 1471 333 dies
1492 314 1508 332 a
1533 309 1733 336 resurrectione
1757 310 1867 337 Domini

1071 358 1157 385 usque
1176 351 1210 378 ad
1225 356 1335 378 octavas
1358 352 1541 381 Pentecostes.
1565 354 1603 382 De
1622 355 1664 382 his
1678 357 1750 383 enim
1767 346 1885 386 diebus.

1071 395 1177 422 videtur
1194 395 1325 430 scriptum
1341 404 1401 424 esse
1415 406 1422 424 :
1440 397 1568 434 Nunquid
1585 405 1694 434 possunt
1707 401 1758 435 ﬁlii
1773 404 1867 436 sponsi

1066 440 1192 475 jejunare
1206 442 1324 476 quandiu
1337 450 1395 468 cum
1411 442 1513 470 illis'est
1525 445 1655 478 sponsus!
1670 445 1733 473 Dies
1748 454 1814 474 vero
1829 448 1866 475 ab

1070 486 1173 513 octavis
1195 486 1352 521 Epiphaniae
1385 495 1471 522 usque
1489 488 1517 514 in
1539 488 1773 525 Septuagesimam
1797 496 1827 518 et
1847 499 1865 518 a

1071 531 1218 559 festivitate
1240 531 1413 560 Pentecostes
1427 541 1513 568 usque
1527 533 1554 561 in
1575 536 1721 562 adventum
1741 536 1863 569 Domini,

1070 576 1193 605 recolunt
1207 577 1266 604 dies
1280 577 1313 605 de
1328 577 1425 612 quibus
1440 578 1538 605 iterum
1559 580 1724 607 scribiturin
1738 581 1864 616 Evange-

1069 621 1106 648 Iio
1118 630 1125 648 :
1143 620 1250 648 Veniant
1262 626 1348 648 autem
1359 622 1414 649 dies
1426 631 1485 649 cum
1498 623 1635 658 auferetur
1644 626 1675 651 ab
1688 626 1726 652 eis
1737 634 1861 660 sponsus,

1069 670 1093 692 et
1112 670 1174 692 tum:
1186 666 1356 700 jejunabunt.
1373 667 1402 694 In
1417 667 1623 704 Septuagesima
1636 678 1700 697 vero
1714 676 1864 699 renovatur

1069 711 1138 738 alter
1150 712 1216 739 ordo
1229 712 1345 744 dierum,
1359 712 1404 747 qui
1417 713 1524 740 videtur
1539 713 1664 747 majorem
1683 716 1860 743 adlictionem

1069 757 1170 784 inferre
1184 758 1211 784 in
1225 757 1384 785 Ecclesium.
1401 758 1530 793 Majorem
1547 760 1716 787 amictionem
1739 762 1861 789 sustinet

1067 804 1149 832 homo
1160 804 1207 838 qui
1227 805 1350 839 captivus
1362 809 1442 832 estet
1459 806 1547 839 exsul,
1570 813 1651 840 quam
1666 806 1710 833 ille
1725 807 1772 841 qui
1788 807 1861 835 infra

1067 849 1184 883 patriam
1202 852 1306 883 spectat
1321 849 1412 884 sponsi
1425 849 1578 877 adventum.
1600 850 1718 885 Tempus
1734 851 1768 878 ab
1783 855 1863 878 octa-

228 905 278 933 pro
297 897 436 925 beneﬁciis
461 896 520 929 Dei,
543 903 603 931 qua:
626 896 775 931 accipimus
799 903 833 923 ex
855 903 903 922 sua
923 902 1017 922 resur-
1030 888 1054 918 Β
1068 893 1109 921 vis
1120 893 1294 921 Pentecostes
1307 901 1392 928 usque
1404 894 1430 921 in
1442 894 1586 921 adventum
1599 894 1716 927 Domini,
1732 895 1861 922 humilia-

229 944 360 976 rectione,
378 948 406 971 et
416 943 585 976 ascensione,
605 946 632 970 et
654 950 686 969 ex
699 942 816 969 adventu
830 940 948 975 Spiritus
958 948 1017 968 san-

227 990 274 1017 cti.
291 990 381 1023 Quare
399 993 493 1017 nostro
507 995 582 1016 more
608 988 763 1022 antiphonaz
779 987 806 1014 in
829 986 1016 1014 benedictione

228 1039 380 1067 cantentur,
408 1034 538 1069 scriptum
563 1033 696 1060 habemus
722 1032 749 1059 in
778 1031 867 1059 libello
888 1031 1015 1065 Ofﬁciali,

228 1080 344 1113 scilicet,
359 1079 423 1116 quia
438 1079 465 1106 in
480 1086 513 1106 eo
530 1078 640 1114 hymno,
660 1078 686 1105 id
700 1081 741 1105 est
756 1076 939 1114 [Benedicile,]
960 1084 1016 1104 me-

228 1131 394 1159 ntemoratur
415 1129 522 1161 tempus
537 1124 661 1152 maxima:
687 1123 880 1156 tribulationis,
900 1130 959 1158 quae
974 1122 1015 1150 fu-

227 1175 344 1200 ture-est
366 1180 375 1199 :
397 1175 425 1199 et
446 1170 542 1198 Latina
556 1170 647 1205 lingua
656 1174 699 1198 est
711 1169 839 1197 humilior
858 1168 970 1197 Hebraea
987 1172 1015 1196 et

226 1218 332 1251 Graeca,
360 1216 421 1246 ideo
447 1215 592 1244 humiliore
615 1215 661 1242 illa
679 1219 785 1250 tempus
807 1214 970 1242 humilitatis
987 1218 1015 1241 et

227 1261 379 1290 aﬂlictionis
394 1261 520 1289 maximae
544 1264 742 1288 rememoratur
767 1267 816 1295 per
829 1259 1013 1295 Antiphonam

228 1316 284 1337 sua:
298 1309 406 1344 linguae,
418 1307 465 1345 [In
480 1306 680 1343 benedictione]

506 1362 619 1391 CAPUT
639 1362 727 1390 LVIII.

410 1397 450 1425 De
465 1398 636 1433 rerponsoriis
651 1397 822 1433 psalmorum.

259 1446 298 1473 De
310 1442 492 1479 responsoriis
502 1442 678 1478 psalmorum,
691 1442 788 1477 scripsi
800 1443 827 1470 in
838 1443 950 1478 prologo
963 1443 1012 1470 hu-

222 1490 266 1525 jus
280 1488 403 1520 somatis,
418 1487 491 1522 quod
517 1491 583 1514 tunc
600 1486 650 1513 fuit
673 1487 739 1514 mihi
765 1487 854 1514 visum
879 1488 1009 1515 scribere.

225 1534 301 1562 Unde
316 1533 415 1561 iterum
429 1539 483 1559 non
496 1530 570 1567 piget
589 1538 632 1558 me
646 1532 765 1559 scribere
780 1531 870 1566 aliqua
891 1539 923 1559 ex
946 1532 1009 1565 illis,

223 1578 352 1614 quoniam
361 1576 423 1605 veni
435 1576 469 1604 ad
479 1576 600 1605 ordinem
613 1581 775 1611 temporum,
787 1576 813 1603 in
827 1584 880 1611 quo
891 1571 1010 1605 solemus

224 1625 285 1652 illos
300 1630 408 1651 canere.
424 1621 552 1650 Ecclesia;
576 1625 675 1649 nostrae
689 1621 818 1657 regionis,
839 1627 969 1650 consueto
983 1627 1011 1650 et

224 1668 403 1696 usitatissimo
416 1675 492 1695 more
506 1671 607 1696 canunt
619 1667 680 1695 illos
690 1667 724 1695 ab
735 1667 839 1695 octavis
854 1668 1010 1703 Epiphania:

223 1721 309 1748 usque
322 1713 349 1740 in
360 1712 573 1748 Sexagesimam.
590 1712 646 1740 Mos
659 1719 723 1740 vero
736 1716 835 1740 nostrae
847 1713 1010 1741 humilitatis

223 1758 293 1792 apud
309 1762 417 1785 nostros
434 1758 549 1791 obtinet,
573 1761 603 1784 ut
623 1765 753 1785 canamus
772 1758 831 1785 illos
846 1758 883 1785 ibi
907 1763 935 1786 et
953 1759 1007 1792 hic,

222 1803 250 1830 id
262 1807 314 1835 est,
327 1803 361 1830 ab
372 1803 476 1831 octavis
486 1802 660 1831 Peutecostes
675 1811 760 1838 usque
772 1804 797 1831 in
813 1803 948 1831 Kalendas
963 1803 1010 1831 Ju-

221 1847 261 1875 lii.
279 1847 376 1875 Audivi
391 1847 451 1875 illos
466 1855 564 1875 canere
586 1848 613 1875 in
625 1848 677 1875 isto
689 1849 783 1876 ordine
796 1856 803 1876 :
815 1849 923 1884 quando
936 1849 1010 1876 vide-

221 1892 271 1919 bar
284 1900 351 1927 puer
365 1900 425 1920 esse
439 1896 502 1920 ante
515 1893 640 1921 Albinum
652 1893 837 1921 doctissimum
849 1894 1008 1928 magistrum

221 1938 306 1965 totius
318 1936 435 1972 regionis
448 1941 558 1964 nostras.
580 1937 662 1972 Cujus
682 1938 845 1965 auctoritate
858 1938 1008 1967 delectatus

221 1990 254 2010 ac
265 1981 359 2014 fretus,
371 1985 514 2017 postquam
525 1981 650 2009 libertate
661 1990 728 2010 usus
743 1990 803 2010 sum
818 1983 933 2012 canendi
947 1991 1008 2019 qua

221 2035 339 2064 congrua
353 2028 420 2056 mihi
434 2027 603 2060 videbantur,
619 2028 688 2063 coepi
705 2028 765 2056 illos
778 2036 874 2057 canere
886 2034 1008 2065 tempore

221 2081 301 2108 supra
317 2073 429 2108 scripto,
443 2072 469 2100 id
488 2076 539 2105 est,
551 2073 585 2100 ab
600 2072 703 2100 octavis
729 2072 901 2101 Pentecostes
922 2082 1008 2109 usque

220 2119 248 2145 iu
263 2117 396 2145 Kalendas
415 2117 489 2145 Julii.
514 2117 579 2145 Post
600 2118 652 2145 hoc
666 2118 777 2146 veniens
795 2117 920 2151 Romam,
936 2124 1008 2146 anno

220 2163 253 2190 ah
273 2163 459 2191 incarnatione
485 2162 603 2196 Domini,
624 2163 849 2198 octingentesimo
868 2164 1007 2192 tricesimo

219 2208 316 2244 primo,
332 2209 477 2237 indictione
494 2216 574 2241 nona,
598 2210 647 2237 sub
662 2210 775 2245 imperio
792 2211 892 2238 domini
904 2215 932 2238 et
942 2211 1007 2246 piis-

219 2254 279 2281 simi
289 2254 460 2289 imperatoris
470 2254 610 2288 Ludovici,
620 2259 647 2282 et
658 2256 808 2290 apostolatu
819 2256 1006 2292 gloriosissimi

219 2299 358 2334 apostolici
378 2300 511 2336 Gregorii,
526 2301 689 2336 interrogavi
699 2301 733 2329 de
752 2301 848 2329 ordine
863 2309 1004 2336 responso-

219 2344 321 2372 riorum
334 2352 349 2372 a
363 2344 509 2372 festivitate
530 2344 706 2373 Pentecostes
718 2353 803 2380 usque
816 2346 843 2372 in
860 2345 1005 2373 adventum

218 2389 336 2417 Domini.
347 2391 516 2426 Responsum
528 2395 569 2419 est
583 2391 650 2419 mihi
664 2399 679 2418 a
695 2391 763 2419 viris
777 2391 892 2419 eruditis
904 2395 1005 2420 sancta:

218 2435 314 2462 matris
337 2436 445 2463 nostrae
464 2436 592 2464 Ecclesiae
611 2446 617 2463 :
639 2436 728 2464 Prima
753 2437 920 2464 hebdomada
942 2442 1005 2466 ante

218 2480 405 2514 responsorios
423 2480 526 2515 Regum
540 2480 727 2515 responsorios
747 2481 781 2508 de
795 2481 908 2509 Psalmis
931 2483 1003 2510 cani-

218 2532 288 2552 mus.
315 2523 445 2552 Similiter
468 2530 530 2554 ante
552 2527 738 2562 responsorios
751 2527 783 2554 de
802 2527 950 2562 Sapientia,
967 2530 1003 2556 si-

217 2570 318 2598 militer
336 2575 399 2598 ante
421 2572 605 2606 responsorios
622 2572 655 2599 de
673 2572 734 2604 Job,
748 2572 873 2600 similiter
885 2579 949 2601 ante
961 2582 1003 2601 re-

217 2617 372 2651 sponsorios
386 2616 420 2644 de
434 2617 581 2651 prophetis.
597 2617 625 2644 Si
640 2617 720 2644 istum
740 2618 862 2645 ordinem
876 2626 890 2645 a
902 2624 1001 2654 praete-

217 2662 269 2687 rito
281 2666 402 2697 tempore
413 2662 545 2694 audirem,
559 2669 611 2689 non
620 2667 759 2690 cantarem
775 2663 900 2697 alterum,
913 2673 1000 2700 neque

217 2706 363 2734 scriberem
378 2708 411 2735 de
428 2707 525 2734 altero.
543 2707 615 2734 Talis
639 2707 709 2734 enim
725 2709 795 2736 ratio
816 2713 905 2744 potest
924 2712 1000 2739 reddi

217 2752 250 2778 de
268 2753 362 2780 ordine
378 2754 542 2789 psalmorum
561 2759 624 2782 ante
647 2753 889 2790 Septuagesimum,
912 2757 999 2791 qualis

180 2832 186 2840 ι
217 2797 346 2830 sequitur.
359 2797 445 2826 Sinili
458 2800 536 2827 modo
547 2801 619 2828 etde
632 2801 822 2835 responsoriis,
837 2802 882 2837 qui
898 2811 999 2829 canun-

218 2847 260 2867 tur
278 2842 346 2870 inter
361 2849 469 2873 octavas
483 2846 665 2879 Peutecostes,
680 2851 706 2875 ct
722 2848 866 2875 adventant
881 2847 997 2875 Domini.

1068 938 1168 965 tionem
1191 938 1264 965 illam
1279 938 1408 971 insinuat,
1423 946 1504 973 quam
1523 939 1592 966 solet
1611 940 1749 967 sustinere
1763 945 1859 968 sancta

1066 983 1185 1011 Ecclesia
1200 991 1215 1011 a
1234 979 1343 1019 propria
1369 984 1553 1012 dominatione
1570 988 1684 1019 propter
1704 985 1858 1013 absentiam

1066 1030 1157 1064 sponsi
1186 1030 1237 1057 sui.
1265 1030 1301 1058 Ut
1325 1030 1463 1065 sapienter
1479 1034 1507 1058 et
1529 1035 1636 1058 mature
1656 1038 1770 1067 agamus
1785 1032 1859 1059 circa

1067 1075 1119 1102 tale
1143 1080 1259 1110 tempus,
1275 1075 1431 1110 frequenter
1458 1076 1604 1111 repetimus
1618 1077 1812 1111 responsorios
1827 1078 1860 1105 de

1065 1121 1185 1156 psalmis,
1203 1121 1300 1155 quibus
1315 1121 1500 1154 admonemur,
1528 1126 1559 1149 ut
1580 1122 1606 1149 in
1624 1129 1657 1149 eo
1669 1127 1794 1157 tempore
1809 1123 1860 1150 hu~

1065 1166 1199 1194 miliemus
1218 1174 1268 1194 nos
1281 1167 1332 1194 sub
1349 1174 1431 1194 manu
1452 1167 1570 1202 potentis
1584 1167 1631 1194 Dei
1647 1172 1674 1194 et
1690 1167 1859 1201 jejunemus,

1064 1215 1092 1239 et
1111 1219 1229 1244 oremus,
1257 1216 1390 1247 quatenus
1413 1220 1544 1240 eruamur
1556 1213 1590 1240 de
1606 1213 1734 1247 periculis
1749 1213 1858 1240 instan-

1064 1257 1147 1290 tibus,
1160 1262 1188 1284 et
1205 1264 1377 1285 reservemur
1391 1258 1482 1286 sobrie
1493 1265 1578 1294 usque
1593 1259 1625 1285 ad
1639 1258 1788 1286 adventum
1802 1258 1858 1286 Do-

1063 1303 1140 1330 mini.
1155 1302 1333 1337 Jejtinandum
1348 1307 1390 1331 est
1403 1311 1435 1331 eo
1451 1308 1583 1339 tempore,
1599 1304 1728 1339 quoniam
1750 1304 1858 1332 oblatus

1063 1351 1105 1375 est
1118 1348 1197 1375 nobis
1211 1356 1326 1383 sponsus
1345 1356 1352 1376 :
1370 1353 1397 1376 et
1411 1349 1503 1376 Iretitia
1519 1350 1609 1377 vultus
1632 1349 1702 1384 ejus.
1718 1348 1856 1385 Jejunium

1062 1397 1090 1420 et
1100 1393 1187 1420 oratio
1199 1401 1283 1421 unum
1297 1394 1519 1422 meditamentum
1532 1399 1661 1430 praestant
1678 1404 1685 1421 :
1702 1395 1856 1422 immundo~

1063 1445 1123 1465 rum
1137 1438 1279 1472 spirituum
1294 1438 1336 1466 vel
1359 1439 1500 1467 hominum
1522 1443 1689 1467 tentamenta
1715 1445 1854 1475 superant.

1063 1481 1110 1509 His
1126 1482 1228 1510 duabus
1239 1483 1390 1520 'virtutibus
1410 1488 1545 1512 monstrat
1560 1492 1676 1520 sponsus
1699 1486 1780 1513 nobis
1800 1494 1857 1513 mea

1063 1526 1150 1553 delam
1165 1527 1288 1561 prmstari
1304 1531 1399 1555 contra
1423 1529 1565 1563 quemdam
1580 1530 1717 1563 morbum,
1736 1531 1831 1558 dicens
1847 1540 1854 1558 :

1024 1561 1046 1593 Ο
1062 1571 1119 1602 Hoc
1139 1580 1222 1607 genus
1246 1573 1273 1600 in
1289 1573 1362 1601 nullo
1390 1578 1480 1608 potest
1511 1575 1597 1608 exire,
1620 1576 1672 1603 nisi
1703 1576 1729 1603 in
1750 1576 1856 1610 jejunio

1061 1621 1089 1645 et
1103 1618 1236 1646 oratione.
1259 1618 1307 1647 His
1329 1620 1435 1653 diebus,
1451 1621 1484 1648 de
1499 1621 1596 1655 quibus
1622 1630 1704 1657 supra
1723 1623 1789 1654 dixi,
1806 1624 1853 1658 qui

1061 1664 1184 1691 recolunt
1196 1666 1366 1699 prmsentiam
1381 1667 1473 1701 sponsi
1490 1673 1550 1694 esse
1563 1675 1624 1695 cum
1637 1676 1746 1703 sponsa,
1762 1669 1851 1704 majo-

1060 1709 1137 1737 ribus
1150 1710 1237 1745 epulis
1251 1711 1339 1738 dedita
1360 1716 1402 1738 est
1415 1716 1508 1739 sancta
1526 1713 1649 1741 Ecclesia
1663 1722 1696 1741 ex
1708 1721 1853 1742 consuetu-

1060 1754 1122 1782 dine
1135 1755 1280 1790 majorum,
1295 1764 1375 1791 quam
1390 1757 1417 1784 in
1432 1758 1547 1785 cazteris.
1571 1758 1675 1787 Idcirco
1698 1760 1725 1786 in
1740 1760 1785 1787 bis
1798 1761 1853 1787 die-

1059 1799 1111 1827 bus
1124 1807 1176 1827 non
1190 1800 1272 1828 habet
1286 1801 1457 1829 occasionem
1470 1802 1593 1831 diabolus
1606 1808 1710 1831 tantam
1722 1810 1851 1839 quantam

1061 1845 1117 1872 vult
1141 1845 1252 1878 habere,
1278 1854 1326 1882 per
1348 1847 1476 1875 Cererem
1500 1853 1527 1876 et
1541 1848 1667 1876 Liberum
1693 1850 1849 1877 maculandi

1059 1889 1235 1917 honestorum
1251 1891 1390 1919 hominum
1409 1893 1525 1921 animas.
1541 1893 1661 1929 Expletis
1684 1895 1729 1922 bis
1742 1896 1848 1927 diebus,

1059 1938 1254 1964 consuetudine
1268 1942 1360 1966 vetere
1372 1942 1400 1966 et
1412 1939 1551 1974 voluptate
1566 1941 1669 1967 carnali
1687 1941 1791 1968 imbuta
1805 1942 1851 1968 hu-

1059 1982 1186 2014 manitas,
1210 1983 1357 2011 attrahitur
1380 1985 1501 2019 appetitu
1525 1993 1575 2013 suo
1590 1986 1623 2013 ad
1645 1986 1740 2020 epulas
1763 1987 1849 2014 licitas

1060 2026 1165 2054 dierum
1181 2027 1322 2056 festorum.
1334 2028 1384 2056 Cui
1395 2037 1448 2057 non
1463 2034 1570 2065 oportet
1584 2031 1706 2064 obedire,
1721 2033 1848 2067 qrmniam

1059 2072 1165 2100 ablatus
1178 2079 1220 2101 est
1235 2081 1359 2109 sponsus,
1377 2076 1424 2103 sed
1439 2077 1520 2104 atteri
1542 2081 1572 2104 et
1590 2076 1723 2111 jejunare.
1747 2079 1782 2107 Ut
1799 2080 1850 2107 hoc

1057 2118 1142 2152 possit
1157 2118 1226 2151 ﬁeri,
1247 2126 1358 2147 necesse
1370 2125 1412 2148 est
1430 2121 1592 2157 adiungatur
1607 2123 1706 2150 oratio.
1721 2123 1849 2152 Hasccine

1058 2170 1140 2190 causa
1157 2167 1209 2196 est,
1227 2172 1287 2199 qua:
1302 2172 1351 2192 nos
1374 2166 1453 2194 docet
1471 2168 1659 2202 responsorios
1672 2169 1706 2196 de
1723 2169 1847 2204 psalmis,

1058 2216 1118 2243 quae
1141 2209 1281 2237 continent
1294 2211 1432 2239 orationes
1454 2211 1556 2247 plures,
1569 2220 1651 2247 quam
1665 2214 1757 2241 ceteri
1772 2214 1847 2246 libri,

1020 2243 1045 2273 Ῐ)
1058 2260 1156 2280 canere
1175 2253 1203 2280 in
1218 2256 1375 2283 memoratis
1391 2256 1574 2291 temporibus?
1589 2261 1617 2284 et
1632 2262 1661 2284 ut
1674 2259 1791 2294 amplius
1803 2259 1848 2286 in-

1057 2302 1197 2326 struamur
1215 2300 1352 2334 pertinere
1372 2308 1420 2328 eos
1434 2302 1467 2329 ad
1484 2306 1588 2337 tempus
1600 2303 1778 2338 pumitentiaz,
1790 2304 1849 2337 pri-

1056 2351 1117 2372 mus
1131 2347 1318 2380 responsorius
1335 2352 1490 2383 assumptus
1503 2353 1546 2375 est
1559 2348 1592 2376 de
1613 2349 1718 2384 psalmo
1728 2349 1775 2384 qui
1790 2349 1848 2384 pri-

1055 2397 1117 2418 mus
1138 2390 1282 2426 deputatus
1308 2395 1351 2419 est
1374 2392 1402 2419 in
1422 2393 1518 2421 ordine
1531 2400 1627 2421 eorum
1647 2393 1694 2428 qui
1713 2399 1850 2422 vocantur

1055 2436 1151 2471 psalmi
1163 2437 1337 2472 poenitentia}.

1345 2487 1458 2516 CAPUT
1477 2488 1545 2515 LIX.

1162 2531 1201 2559 De
1215 2532 1353 2566 festivitate
1368 2534 1452 2560 sancti
1468 2533 1582 2561 Joannis
1597 2533 1735 2569 Baptista.

1088 2576 1211 2604 Praesens
1224 2577 1356 2604 festivitas
1370 2578 1532 2612 antiphonas
1553 2582 1581 2606 et
1592 2579 1780 2613 responsoriOs
1794 2579 1850 2606 ba-

1053 2620 1100 2647 bet
1110 2621 1143 2648 de
1153 2618 1295 2656 prophetia
1308 2621 1441 2654 Jeremim,
1455 2627 1483 2649 et
1496 2622 1582 2655 Isaiae,
1599 2628 1626 2650 et
1639 2624 1671 2650 de
1684 2623 1847 2658 Evangelio.

1053 2665 1184 2693 Jeremias
1201 2671 1229 2694 et
1246 2666 1362 2694 Joannes
1379 2667 1487 2702 utrique
1509 2668 1671 2695 sanctiﬁcati
1685 2673 1748 2695 sunt
1765 2672 1848 2696 utero

1053 2712 1157 2745 matris,
1174 2713 1281 2747 utrique
1302 2713 1442 2740 fortissimi
1461 2714 1653 2748 prmdicatores
1678 2715 1847 2742 exstiterunt

1051 2762 1144 2785 contra
1156 2759 1267 2786 duelles.
1284 2759 1345 2787 Ideo
1361 2760 1443 2787 verba
1462 2767 1521 2794 qua:
1537 2759 1609 2788 facta
1624 2765 1688 2787 sunt
1702 2760 1844 2791 Jeremim,

1052 2808 1230 2838 congruenter
1244 2805 1407 2839 deputantur
1419 2805 1514 2833 Joanni
1527 2806 1663 2841 Baptistre.
1676 2806 1844 2840 Antiphon:

1052 2857 1111 2883 qua:
1128 2854 1261 2884 excerptae
1287 2855 1349 2877 sunt
1364 2850 1389 2877 in
1407 2851 1533 2885 praesenti
1548 2850 1697 2878 festivitate
1720 2850 1755 2878 de
1769 2850 1845 2878 Isaia
