2000 3089
181 175 250 205 1505

179 278 228 307 sed
251 277 315 312 quia
341 275 459 303 Joannes
474 274 594 310 Baptista
614 283 766 311 praecursor
792 276 851 310 ejus
868 277 969 304 meruit

179 324 251 357 ﬁeri,
273 326 302 351 et
321 330 355 350 ex
374 326 470 349 ventre
490 322 585 350 matris
607 322 782 355 sanctiﬁeari,
806 323 971 351 conveniunt

179 368 380 407 quodammodo
394 367 419 396 ei
433 368 597 403 antiphonze,
606 368 734 396 Dominus
747 369 780 396 ab
800 374 875 398 utero
891 377 970 396 voca-

181 417 215 445 !t'l
229 424 291 449 me;
302 418 330 442 et
340 413 433 441 Posuit
447 422 475 441 os
487 422 584 448 meum,
597 414 765 450 formamque
776 423 817 442 me
832 423 865 442 ea:
879 420 970 447 utero;

181 466 263 497 atque
286 459 369 496 Reges
390 458 525 493 uidebunt,
546 464 571 487 et
585 465 741 495 consurgent
763 461 903 496 principes.
919 460 972 488 Ile-

180 506 336 544 sponsorios
362 509 390 534 et
414 505 574 541 antiphonas
596 506 624 533 in
640 506 781 534 matutinis
799 506 878 541 juxta
899 506 973 534 ordi-

180 561 243 582 nem
262 550 412 587 Evangelii,
441 555 473 578 ut
495 559 566 584 reor,
592 552 693 579 notavi.
723 552 777 580 Sed
804 556 832 579 et
859 553 911 580 hoc
928 553 972 580 in-

181 598 343 634 quirendum
368 600 419 630 est,
447 604 510 625 cum
535 597 691 632 antiphonae
715 597 749 624 de
777 597 973 626 festivitatibus

182 642 365 679 apostolorum
388 642 416 669 in
431 642 514 669 tertia
537 646 681 675 nocturna,
706 645 734 669 et
758 642 914 677 antiphonte
939 642 973 669 de

183 686 316 715 matutino
323 685 423 713 habent
430 684 543 712 Alleluia
556 684 584 712 in
597 684 662 718 ﬁne,
673 689 700 713 et
711 685 769 713 istae
780 693 834 713 non
845 686 972 713 habeant.

184 735 257 762 Duas
271 741 367 762 causas
394 733 439 760 hic
465 740 612 768 possumus
629 732 764 767 inspicere
787 741 794 759 :
820 732 908 768 prima
932 736 975 760 est

184 780 256 815 quod
275 779 430 814 antiphonaa
440 778 474 806 de
493 778 574 806 tertia
587 781 719 805 nocturna
733 782 761 805 et
774 777 928 813 antiphonaa
941 778 975 806 de

184 825 318 852 matutino
336 824 444 859 pulsent
468 824 590 851 animum
616 823 782 857 audientem,
807 828 838 851 ut
853 823 976 852 intendat

185 870 304 904 cogitare
318 870 390 905 quod
403 868 491 904 major
516 869 553 897 sit
573 869 659 904 gloria
681 870 731 898 sub
747 873 867 905 tempore
881 870 976 906 gratiae

693 174 794 202 LIBER
814 174 858 202 DE
875 173 1004 203 0RDINE
1021 173 1278 202 ANTIPHONARII.

178 232 321 269 propheta,
333 229 433 258 Christi
444 228 508 257 Jesu
518 229 635 265 propriae
647 208 770 265 personae
782 231 948 259 conveniunt
960 240 966 258 ε
982 232 1009 262 Α

1739 171 1807 202 I305

1323 229 1436 258 CAPUT
1455 229 1512 257 LX.

1134 276 1174 304 De
1187 276 1282 312 vigiliis
1295 275 1474 311 apostolorum
1486 274 1561 302 Petri
1571 279 1596 302 et
1608 274 1699 302 Pauli.

1054 322 1093 350 De
1112 330 1227 350 numero
1244 322 1411 357 psalmorum
1436 325 1465 349 et
1486 321 1696 355 antiphonarum
1718 325 1746 348 et
1763 327 1809 349 re-

1020 369 1234 404 sponsoriorum,
1244 368 1315 403 quod
1328 368 1413 403 potui,
1426 368 1522 402 scripsi
1536 368 1563 395 in
1577 367 1667 395 libello
1682 366 1788 395 ofﬁciali
1801 376 1809 401 ;

1020 424 1091 443 nunc
1113 424 1180 443 vero
1193 416 1256 450 quia
1270 415 1367 450 scripsi
1382 415 1409 442 in
1423 419 1517 442 nostro
1532 414 1728 449 Antiphonario
1744 413 1813 441 duas

1019 462 1126 496 vigilias
1140 469 1200 496 quae
1218 469 1271 488 non
1286 461 1462 489 continentur
1477 461 1504 487 in
1517 459 1630 487 Meteusi
1644 459 1813 493 Antipliona-

1021 507 1074 539 rio,
1087 511 1114 535 et
1125 507 1247 534 ordinem
1257 506 1358 533 mutavi
1373 506 1618 541 responsoriorum,
1626 506 1690 533 hinc
1699 506 1813 533 dicenda

1021 556 1085 579 sunt
1105 559 1202 586 pauca.
1218 551 1258 578 Ex
1282 551 1406 578 Romano
1431 550 1631 585 Antiphonario
1652 550 1730 585 posui
1746 551 1813 577 duas

1021 596 1126 631 vigilias
1154 596 1181 623 in
1201 600 1294 623 nostro
1307 595 1515 630 Antiphonario.
1536 595 1654 622 Primam
1671 595 1739 622 solet
1751 602 1816 630 apo-

1022 641 1135 669 stolicus
1150 640 1240 669 facere
1261 641 1288 668 in
1306 642 1384 669 initio
1398 642 1487 669 noctis
1500 662 1507 672 ,
1529 649 1588 676 qua:
1603 641 1634 668 ﬁt
1648 641 1706 668 sine
1717 641 1816 668 invita-

1023 687 1094 714 torio
1109 707 1116 720 ,
1143 688 1270 722 quoniam
1284 695 1317 714 ea
1331 688 1472 715 hora_non
1496 687 1628 713 invitatur
1652 686 1766 721 populus
1783 686 1817 713 ad

1023 732 1139 767 vigilias.
1153 731 1273 766 Populus
1288 733 1361 759 enim
1376 732 1556 764 invitatur,ad
1571 731 1677 766 vigilias
1696 739 1728 759 ea
1751 732 1816 759 hora

1024 777 1114 805 noctis
1128 777 1162 804 de
1177 785 1230 812 qua
1246 777 1354 805 dicebat
1368 778 1453 804 David
1469 778 1601 812 propheta
1622 787 1628 803 :
1648 776 1768 805 Prwveni
1791 778 1818 804 in

1024 823 1190 855 maturitate,
1213 827 1237 849 et
1252 822 1375 849 clamavi.
1391 822 1420 849 Si
1435 822 1497 857 quis
1521 822 1578 849 vult
1591 822 1697 849 discere
1710 830 1770 857 qua:
1784 822 1818 849 sil

1026 867 1071 895 illa
1083 868 1161 900 hora,
1175 867 1247 903 legat
1260 871 1384 895 sanctum
1396 866 1577 902 Augustinum
1590 874 1672 901 super
1685 867 1818 901 psalmum

185 915 253 943 Novi
267 915 445 948 Testamenti,
461 922 544 950 quam
565 914 636 943 foret
649 915 699 943 sub
710 919 831 950 tempore
845 916 912 951 legis
927 923 975 943 na-
988 907 1012 936 Β
1026 912 1159 940 decimum
1174 917 1312 945 octavum,
1326 912 1500 946 invenietque
1512 911 1548 938 ibi
1562 912 1747 938 maturitatem
1759 920 1819 940 esse

185 965 253 989 tura;
269 964 297 988 et
311 961 378 996 legis
388 960 496 987 litterae.
511 959 623 987 Joannis
636 960 709 988 enim
723 961 850 989 nalivitas
872 961 977 989 exstitit

185 1011 248 1033 ante
262 1005 488 1033 resurrectionem
504 1004 630 1037 Domini;
647 1004 832 1040 apostolorum
848 1013 913 1033 vero
928 1013 976 1032 na-

186 1051 277 1078 tivitas
290 1050 318 1077 in
332 1049 402 1077 caelo
415 1049 520 1077 exstitit
532 1052 595 1083 post
608 1048 830 1076 clariﬁcationem
848 1049 977 1077 Ecclesia:

185 1102 235 1130 per
249 1102 348 1123 nowm
370 1094 470 1122 donum
494 1093 613 1129 Spiritus
628 1094 724 1121 sancti.
742 1094 807 1121 Ideo
824 1094 884 1122 ista:
906 1094 978 1122 anti-

186 1142 283 1176 phonae
294 1149 349 1169 non
366 1141 531 1169 decorantur
541 1139 667 1173 Alleluia,
684 1140 789 1175 illasque
802 1140 975 1167 decorantur.

186 1188 277 1216 Altera
295 1191 346 1220 est,
362 1194 442 1221 quam
462 1186 602 1221 comperio
622 1193 655 1213 ex
671 1185 796 1214 Romano
809 1181 977 1221 Antiphoni»

187 1234 240 1266 rio,
251 1233 297 1268 qui
308 1233 342 1260 ad
357 1239 407 1259 nos
419 1232 552 1267 pervenit.
573 1230 603 1258 In
613 1231 829 1266 praeclarissimis
841 1230 976 1259 festivita-

186 1279 260 1307 tibus
274 1282 429 1305 sanctorum
449 1277 616 1305 consuetudo
638 1280 679 1305 est
702 1281 804 1305 sancta:
818 1276 916 1305 matris
929 1285 977 1305 no—

186 1327 251 1350 strae
276 1322 404 1350 Romana:
434 1322 575 1355 Ecclesiae,
602 1323 655 1350 duo
677 1322 764 1350 oﬁicia
792 1330 922 1359 peragere
949 1323 977 1350 in

187 1373 277 1401 nocte,
308 1375 423 1403 quorum
449 1366 537 1395 oﬁicia
561 1367 771 1402 pmtitulantur,
799 1367 840 1395 De
870 1367 976 1403 vigiliis.

188 1412 309 1440 Primum
322 1420 426 1445 eorum,
441 1412 511 1447 quod
532 1413 640 1439 canitur
659 1412 687 1439 in
707 1412 785 1439 initio
799 1412 896 1445 noctis,
921 1412 979 1440 sive

188 1458 301 1485 Alleluia
313 1458 463 1494 peragitur;
478 1457 593 1484 alterum
607 1464 682 1490 vero,
694 1457 767 1492 quod
776 1457 859 1485 habet
870 1457 978 1484 initium

189 1503 261 1530 circa
275 1504 392 1531 medium
405 1503 503 1535 noctis,
518 1507 545 1528 et
560 1503 652 1530 ﬁnitur
669 1503 697 1529 in
716 1503 769 1534 die,
791 1503 872 1530 habet
883 1503 910 1529 in
924 1507 979 1530 ter-

189 1548 226 1576 tia
240 1552 370 1576 nocturna
392 1548 420 1575 in
433 1548 489 1575 suis
511 1548 668 1583 antiphonis
682 1547 809 1580 Alleluia,
824 1553 852 1576 et
868 1548 895 1575 in
910 1547 979 1575 anti-

1025 956 1141 991 positam
1162 964 1212 991 pro
1226 957 1313 984 media
1327 961 1417 984 nocte.
1431 956 1469 983 Ea
1485 957 1551 983 liora
1567 955 1716 991 ingreditur
1729 956 1818 983 clerus

1026 1007 1054 1031 et
1066 1003 1181 1038 populus
1193 1003 1226 1030 ad
1245 1003 1391 1031 secundam
1406 1003 1526 1038 vigiliam
1537 1023 1545 1035 ,
1561 1007 1588 1030 et
1606 1006 1731 1029 cantatur
1748 1001 1819 1028 invi-

1027 1049 1168 1076 tatorium.
1184 1049 1381 1084 Responsorios
1394 1049 1422 1076 in
1437 1057 1511 1076 more
1525 1053 1619 1076 nostro
1633 1048 1729 1083 scripsi
1741 1047 1818 1081 juxta

1027 1095 1250 1130 consequentiam
1263 1103 1353 1122 rerum
1371 1099 1510 1130 gestarum
1523 1099 1551 1122 et
1563 1094 1687 1122 ordinem
1700 1093 1820 1121 historia;

1026 1140 1099 1167 unde
1115 1140 1215 1175 sumpti
1230 1145 1312 1173 sunt;
1331 1140 1359 1167 in
1375 1140 1532 1175 antiphonis
1549 1144 1659 1167 secutus
1677 1147 1737 1166 sum
1748 1138 1820 1166 ordi-

1027 1192 1089 1212 nem
1115 1184 1230 1212 Romani
1254 1184 1444 1220 Antiphonarii
1459 1204 1466 1217 ,
1493 1188 1548 1211 tam
1575 1184 1601 1211 in
1620 1184 1719 1218 vigiliis
1733 1183 1820 1210 sancti

1027 1230 1111 1263 Petri,
1120 1239 1201 1266 quam
1213 1232 1240 1258 in
1253 1231 1353 1267 vigiliis
1367 1231 1453 1259 sancti
1466 1230 1552 1257 Pauli.
1567 1230 1655 1263 Quare
1666 1230 1821 1264 antiphonis

1028 1281 1162 1303 canantur
1186 1284 1268 1310 super
1281 1276 1400 1311 psalmos
1420 1274 1616 1310 vespertinales
1636 1274 1664 1301 in
1690 1273 1743 1301 ﬁne
1766 1273 1819 1300 diei

1028 1320 1110 1353 festi,
1138 1321 1270 1356 scriptum
1297 1321 1428 1348 habemus
1454 1320 1480 1348 in
1511 1319 1601 1348 olﬁcio
1623 1320 1657 1348 de
1674 1319 1822 1346 Nativitate

1028 1365 1146 1394 Domini.
1189 1395 1195 1405 l

1324 1411 1439 1440 CAPUT
1457 1411 1524 1439 LXI.

1225 1458 1264 1485 De
1279 1458 1368 1493 vigilia
1380 1457 1465 1485 sancti
1477 1456 1624 1484 Laurentii.

1065 1505 1094 1532 In
1108 1503 1304 1539 vigiliasancti
1318 1502 1457 1530 Laurentii
1474 1502 1564 1529 inveni
1580 1502 1607 1529 in
1628 1501 1752 1529 Romano
1768 1501 1824 1528 An-

1030 1551 1186 1586 tiphonario
1202 1550 1255 1578 duo
1268 1549 1438 1577 nocturnalia
1452 1548 1549 1576 ollicia.
1559 1547 1690 1575 Eumdem
1701 1547 1824 1575 ordinem

187 1595 294 1630 plionis,
313 1594 346 1622 de
361 1594 504 1626 matutino,
519 1594 596 1628 quasi
611 1593 730 1628 primum
745 1594 846 1622 recolat
857 1594 902 1620 illa
912 1598 979 1620 tem-
990 1589 1013 1620 C
1029 1597 1130 1624 inserui
1143 1596 1170 1623 in
1185 1599 1280 1624 nostro
1293 1594 1502 1631 Antiphonario.

187 1646 266 1674 pora,
279 1639 386 1674 quando
398 1638 471 1666 circa
487 1639 664 1674 apostolicum
676 1639 789 1666 chorum
810 1639 904 1674 legalis
918 1646 977 1667 mos

186 1685 384 1712 observabatur
404 1688 432 1711 et
464 1684 577 1711 sabbata
608 1683 832 1717 celebrabantur;
861 1684 977 1712 alterum

185 1737 262 1762 vero,
275 1729 382 1764 quando
393 1729 503 1764 penitus
523 1729 569 1756 illa
587 1729 738 1765 postposita
760 1733 832 1762 sunt,
848 1732 875 1757 et
888 1737 979 1757 resur-

188 1777 272 1805 rectio
288 1776 394 1803 Domini
419 1776 503 1811 coepit
526 1776 658 1804 celebrari
678 1783 726 1811 per
739 1776 893 1803 Dominicos
909 1776 976 1809 dies,

186 1827 218 1850 ut
244 1822 326 1850 hodie
341 1822 474 1850 cernitur.
493 1821 585 1850 Oﬁieia
606 1821 751 1857 primitivte
771 1821 899 1849 Ecclesiae
924 1828 978 1849 non

187 1866 274 1895 solum
287 1874 319 1895 ea
336 1867 529 1902 procurabant,
544 1873 604 1901 qua:
627 1867 814 1894 tantummodo
825 1866 978 1894 necessaria

187 1917 265 1941 erant
280 1913 315 1939 ad
328 1912 431 1940 Novum
446 1912 659 1944 Testamentum,
674 1912 722 1940 sed
740 1916 767 1939 et
783 1919 815 1940 ea
828 1919 888 1947 qute
902 1915 979 1946 pote-

187 1962 249 1985 rant
273 1957 417 1985 subvenire
437 1957 589 1984 inﬁrmitati
605 1957 681 1985 rudis
694 1957 834 1990 Ecclesiae,
861 1961 888 1984 et
907 1957 979 1984 obsi-

187 2006 260 2031 stere
276 2002 387 2030 falsitati
402 2001 520 2029 Iudaicae
535 2003 585 2030 sub
596 2002 933 2032 introductionis..l;lcirco
946 2010 978 2030 ea

188 2056 248 2084 quae
262 2056 334 2076 nunc
355 2052 471 2084 aguntur
486 2048 512 2075 in
526 2052 619 2075 nostra
635 2048 756 2076 Ecclesia
771 2049 798 2075 in
812 2056 978 2076 commemo-

189 2094 294 2121 ratione
317 2093 389 2120 illius
413 2092 552 2128 temporis,
574 2093 683 2128 quando
702 2093 782 2120 mista
806 2097 885 2120 erant
909 2100 978 2120 nova

188 2145 250 2165 cum
273 2138 422 2170 veteribus,
446 2145 505 2171 quae
530 2141 560 2163 ut
586 2141 707 2164 stercora
732 2138 861 2173 deputata
881 2140 945 2165 sunt
963 2145 978 2165 a

187 2181 271 2210 Paulo
286 2182 311 2208 in
324 2181 443 2216 Epistola
454 2181 487 2208 ad
500 2181 696 2216 Philippenses,
711 2190 765 2209 non
781 2187 835 2210 tam
847 2182 978 2217 pmclara

189 2232 252 2256 sunt
262 2232 391 2263 quantum
406 2227 451 2254 illa
463 2235 523 2262 qum
538 2227 661 2254 recolunt
674 2227 719 2254 illa
737 2232 857 2263 tempora
870 2228 977 2264 quando

188 2281 220 2301 ea
235 2278 339 2301 tantum
354 2277 495 2308 cceperunt
507 2273 645 2300 observari
657 2280 716 2307 qua:
730 2273 868 2307 pertinent
877 2274 910 2301 ad
924 2273 977 2301 No-
988 2264 1017 2294 Ῑ)

189 2326 252 2346 vum
272 2318 486 2346 Testamentum.
502 2317 564 2345 Ideo
580 2317 626 2345 illa
640 2317 699 2345 sine
713 2317 829 2345 Alleluia
841 2327 978 2355 peragun-

189 2367 248 2396 tur,
261 2364 322 2396 ista,
337 2372 396 2399 quae
411 2367 552 2391 transeunt
565 2370 652 2398 usque
663 2363 697 2391 ad
715 2364 852 2391 consortia
866 2370 976 2392 sancto-

189 2416 249 2435 rum
270 2408 438 2443 angelorum,
461 2408 562 2436 habent
584 2407 611 2435 in
628 2407 685 2435 suis
712 2408 869 2443 antiphonis
893 2416 978 2444 prope

189 2453 270 2481 ﬁnem
285 2453 382 2488 positis
400 2453 523 2480 Alleluia.
538 2453 604 2487 Quae
618 2453 752 2481 sententia
766 2454 792 2481 in
814 2453 892 2481 initio
906 2454 976 2489 apud

188 2499 324 2534 perfectos
346 2506 453 2533 semper
470 2502 618 2532 teneretur,
633 2498 821 2527 manifestatur
842 2507 876 2527 ex
898 2499 977 2527 dictis

189 2543 267 2571 Beda:
279 2544 430 2579 presbyteri
443 2544 470 2571 in
483 2548 599 2572 tractatu
617 2551 698 2579 super
714 2544 814 2572 Lucam
832 2553 838 2571 :
855 2545 977 2573 Pruden-

190 2589 227 2617 tia
241 2598 315 2622 rero,
331 2590 429 2625 inquit,
440 2590 575 2625 justorum
590 2594 641 2623 est,
658 2598 712 2617 non
726 2590 759 2618 de
772 2590 839 2625 legis
851 2591 979 2625 operibus

186 2634 319 2670 justitiam
338 2643 515 2671 praesumere,
540 2636 587 2664 sed
599 2644 633 2663 ex
648 2636 700 2663 ﬁde
712 2636 826 2664 salutem
846 2644 976 2671 quaerere,

190 2684 220 2708 ut
230 2681 353 2715 quamvis
367 2682 393 2708 in
408 2680 466 2716 lege
482 2680 573 2715 positi,
589 2679 739 2715 legisjussa
750 2681 901 2715 perﬁciant,
918 2690 980 2717 gra—

192 2726 228 2753 tia
240 2734 268 2753 se
279 2730 369 2753 tamen
383 2725 430 2753 Dei
444 2732 492 2760 per
506 2725 644 2753 Christum
657 2726 804 2753 servandos
818 2725 978 2762 intelligant.

192 2770 230 2799 De
244 2772 338 2799 ordine
353 2771 520 2799 noeturnalis
531 2775 559 2799 et
570 2770 737 2798 matutinalis
752 2770 832 2799 oﬂlcii
844 2772 939 2808 scripsi
953 2773 980 2800 in

195 2817 284 2846 libello
297 2817 411 2846 olliciali.

1314 1648 1429 1675 CAPUT
1450 1648 1529 1675 LXII.

1044 1685 1083 1713 De
1095 1685 1185 1720 vigilia
1198 1688 1297 1711 sanctis
1313 1679 1407 1710 Maria:
1421 1684 1449 1710 in
1469 1684 1511 1710 die
1529 1683 1723 1719 Assumptionis
1737 1684 1805 1719 ejus.

1063 1730 1151 1758 Simili
1169 1728 1249 1756 modo
1274 1732 1303 1755 ut
1327 1728 1452 1763 superius
1476 1728 1529 1755 duo
1543 1728 1715 1756 nocturnalia
1736 1729 1824 1757 oﬁicia

1028 1776 1121 1804 inveni
1141 1775 1168 1802 in
1191 1774 1313 1801 Romano
1336 1773 1534 1808 Antiphonario
1553 1773 1580 1800 in
1607 1773 1699 1809 vigilia
1722 1779 1825 1802 sancta}

1028 1822 1119 1850 Maria:
1138 1822 1171 1849 de
1186 1820 1379 1856 Assumptione
1400 1818 1475 1854 ejus;
1494 1819 1596 1847 idcirco
1616 1823 1645 1847 et
1667 1827 1716 1847 nos
1738 1820 1826 1855 dupli-

1028 1868 1070 1896 cia
1088 1866 1179 1894 ofﬁcia
1195 1866 1335 1902 posuimus
1359 1866 1387 1893 in
1409 1864 1559 1893 festivitate
1586 1865 1613 1893 in
1634 1869 1729 1893 nostro
1750 1865 1825 1894 Anti-

1027 1913 1172 1949 phonario.

1312 1956 1427 1985 CAPUT
1447 1956 1538 1984 LXIII.

1265 2002 1304 2030 De
1318 2002 1407 2038 vigilia
1421 2001 1450 2030 S.
1465 2002 1587 2029 Audrey.
1841 2038 1844 2041 '

1063 2050 1092 2077 In
1105 2049 1196 2084 vigilia
1210 2048 1298 2076 sancti
1311 2048 1426 2075 Andreae
1439 2047 1540 2079 inveni,
1553 2051 1583 2073 ut
1600 2054 1692 2081 supra,
1705 2046 1823 2081 duplicia

1029 2095 1211 2126 nocturnalia,
1230 2094 1302 2130 quod
1325 2097 1435 2121 secutus
1455 2100 1515 2120 sum
1537 2093 1564 2120 in
1586 2097 1678 2120 nostro
1692 2092 1824 2128 Antipho-

1029 2142 1118 2170 nario.
1134 2139 1334 2175 Responsorios
1345 2142 1373 2166 et
1391 2138 1555 2173 antiphonas
1577 2138 1701 2173 proprias
1716 2143 1825 2165 sancto-

1029 2194 1089 2214 rum
1104 2186 1195 2221 plures
1213 2184 1309 2220 scripsi
1329 2184 1362 2212 de
1385 2183 1585 2219 Antiphonalzio
1601 2184 1740 2217 Romano,
1756 2192 1824 2220 quas

1029 2239 1084 2260 non
1096 2230 1186 2258 inveni
1200 2230 1227 2257 in
1241 2229 1354 2257 Metensi
1366 2229 1577 2264 Antiphonario.

1310 2285 1424 2313 CAPUT
1445 2283 1535 2313 LXIV-

1124 2322 1164 2350 De
1176 2321 1350 2357 ‘respomoriis
1365 2320 1546 2347 communibus
1558 2325 1710 2347 sanctorum

1062 2367 1264 2404 Responsorios
1275 2373 1434 2393 communes
1445 2366 1565 2392 omnium
1579 2369 1734 2392 sanctorum
1744 2365 1822 2400 juxta

1028 2415 1180 2442 Romanum
1200 2412 1427 2448 Antiphonarium
1461 2411 1635 2446 przetitulavi.
1671 2411 1736 2439 Post
1764 2412 1822 2439 haec

1027 2460 1125 2495 scripsi
1148 2466 1271 2487 seorsum
1297 2457 1330 2485 de
1350 2456 1501 2492 apostolis,
1529 2457 1563 2484 de
1587 2457 1771 2492 martyribus,
1791 2457 1824 2485 de

1029 2505 1239 2534 confessoribus.
1255 2504 1356 2531 lterum
1372 2503 1404 2530 de
1419 2510 1452 2530 eo
1474 2506 1569 2529 sancto
1583 2503 1629 2538 qui
1644 2510 1699 2530 non
1714 2502 1764 2529 fuit
1778 2510 1824 2530 vo-

1030 2556 1106 2579 catus
1124 2551 1279 2586 episcopus.

1313 2594 1428 2622 CAPUT
1448 2593 1528 2622 LXV.

1252 2641 1291 2668 De
1312 2640 1401 2676 oﬂiciis
1423 2648 1470 2675 pro
1490 2640 1608 2666 mortuis.

1066 2689 1131 2716 Post
1148 2688 1238 2716 ofﬁcia
1253 2691 1407 2715 sanctorum
1427 2685 1527 2713 inserui
1542 2684 1662 2712 cilicium
1684 2691 1734 2720 pro
1751 2691 1823 2713 mor-

1033 2735 1097 2762 tuis.
1122 2734 1198 2761 Multi
1222 2734 1294 2761 enim
1318 2735 1460 2759 transeunt
1477 2731 1509 2758 de
1521 2729 1646 2764 prmsenti
1662 2729 1759 2757 saeculo
1773 2731 1820 2765 qui

1034 2780 1105 2808 illico
1121 2779 1221 2807 sanctis
1237 2776 1446 2812 coniunguntur.
1460 2775 1513 2802 Pro
1527 2774 1625 2809 quibus
1645 2775 1724 2803 solito
1746 2784 1821 2804 more

1035 2825 1151 2853 ollicium
1166 2825 1265 2859 agitur.
1280 2822 1331 2855 Qui
1347 2825 1438 2848 autem
1454 2819 1542 2847 minor
1560 2824 1600 2846 est
1620 2820 1646 2847 in
1666 2820 1712 2848 illo
1727 2830 1819 2858 regno,

1036 2871 1121 2906 major
1134 2875 1175 2898 est
1189 2870 1240 2897 isto
1255 2871 1348 2896 sancto
1361 2866 1405 2901 qui
1422 2865 1449 2892 in
1464 2866 1590 2901 praesenti
1603 2868 1701 2897 saeculo
1717 2872 1766 2896 est.
