4000 6178
973 486 1199 542 CAPUT
1240 487 1423 544 LXVI.

827 575 904 631 De
943 578 1196 633 natalitiis
1225 581 1550 652 pontiﬁcum.

486 665 644 722 Ratio
679 665 887 721 reddita
933 678 1016 723 est
1063 684 1231 740 quare
1267 669 1620 740 subjungatur
1652 669 1848 724 ofﬁciis
1878 687 1996 724 san-

418 767 627 813 ctorum
665 756 904 813 ofﬁcium
967 775 1064 830 pro
1120 761 1367 816 mortuis.
1421 761 1687 827 Scilicet,
1740 763 1992 833 quoniam

413 845 546 913 justi
598 847 835 901 defuncti
883 849 1085 918 absque
1136 850 1375 919 periculo
1423 851 1741 906 insidiarum
1787 854 1995 921 antiqui

418 937 590 990 hostis
624 936 791 991 libere
820 938 1006 992 vivunt
1045 948 1099 994 et
1136 941 1357 994 melima
1392 951 1643 1012 Sperant;
1673 960 1771 1013 pro
1802 946 1997 1012 quibus

419 1035 598 1080 tamen
644 1027 820 1096 agitur
855 1029 1097 1083 ofﬁcium
1139 1032 1280 1098 quod
1314 1046 1412 1100 pro
1455 1032 1683 1087 mortuis
1732 1021 1992 1087 statutum

418 1127 522 1180 est,
553 1125 613 1171 ut
637 1119 886 1187 superius
933 1120 1239 1175 intimatum
1283 1133 1384 1176 est.
1419 1121 1557 1178 Justi
1592 1140 1722 1179 vero
1753 1125 1997 1179 viventes

420 1208 472 1262 in
518 1223 701 1274 carne,
757 1211 1006 1280 quamvis
1056 1213 1464 1284 religiosissime
1507 1216 1726 1277 vivant,
1783 1232 1998 1286 semper

418 1308 644 1368 possunt
681 1315 801 1356 esse
836 1302 1053 1356 solliciti
1097 1310 1151 1357 et
1200 1306 1471 1372 suspecti,
1503 1319 1570 1358 ne
1599 1304 1776 1373 aliqua
1808 1303 1997 1361 fraude

420 1390 650 1457 diaboli,
677 1400 771 1446 aut
806 1408 905 1447 sua
953 1393 1122 1462 ipsius
1153 1394 1474 1465 negligentia
1504 1404 1781 1465 torpentes
1801 1435 1818 1460 ,
1847 1395 1996 1450 debi-

420 1479 641 1536 litentur
664 1497 694 1536 a
719 1477 867 1538 récto
893 1500 1076 1538 cursu.

966 1573 1191 1632 CAPUT
1231 1575 1438 1631 LXVII.

700 1666 777 1721 De
817 1669 980 1738 o/ﬁcio
1010 1670 1066 1723 in
1095 1669 1423 1724 dedicatione
1454 1670 1702 1726 ecclesice.

487 1759 615 1814 Post
657 1760 896 1816 officium
940 1763 1257 1832 pontiﬁcum
1309 1764 1566 1818 inseritur
1603 1763 1842 1818 ofﬁcium
1888 1779 1994 1833 quo

416 1849 736 1906 dedicantur
761 1853 876 1907 loca
907 1870 1027 1922 qua:
1063 1863 1324 1909 vocantur
1349 1856 1565 1926 proprie
1588 1856 1848 1911 ecclesiae.
1881 1855 1996 1910 Nisi
2028 1830 2071 1889 Β

415 1943 567 2013 prius
591 1942 753 1998 fuerit
775 1947 1058 2016 episcOpus
1079 1987 1094 2010 ,
1123 1962 1230 2002 non
1259 1949 1502 2016 sequitur
1529 1949 1794 2005 dedicatio
1829 1951 2002 2006 eccle-

415 2036 530 2115 siae.
561 2035 859 2105 EpisCOpus
903 2037 1116 2106 perﬁcit
1143 2037 1381 2092 ofﬁcium
1405 2055 1511 2108 quo
1538 2038 1856 2095 dedicantur
1881 2041 1999 2098 loca

415 2126 678 2181 ecclesiae.
727 2127 896 2198 Major
934 2138 1018 2183 est
1058 2129 1204 2183 enim
1232 2129 1496 2199 pontifex,
1540 2132 1631 2202 qui
1685 2133 1956 2189 benedicit
1981 2175 1996 2200 ,

415 2231 576 2286 quam
615 2218 806 2273 domus
835 2234 955 2288 qua:
981 2218 1340 2275 benedicitur.
1369 2219 1508 2287 Quia
1535 2221 1865 2277 mentionem
1895 2222 2000 2280 feci

417 2307 484 2360 de
505 2307 842 2362 dedicatione
865 2308 1127 2372 ecclesiae,
1159 2325 1459 2381 congruum
1502 2319 1588 2364 est
1627 2319 1688 2364 ut
1729 2311 1906 2366 dicam
1935 2316 2001 2368 de

415 2397 597 2452 ofﬁcio
626 2399 769 2468 quod
816 2401 1028 2454 canitur
1075 2400 1131 2455 in
1177 2399 1514 2456 dedicatione
1554 2400 1796 2456 ecclesiae
1825 2403 1999 2460 sancti

416 2489 719 2556 Michaelis,
743 2491 886 2560 quod
926 2489 1167 2546 ofﬁcium
1207 2499 1314 2546 stat
1348 2491 1404 2547 in
1431 2507 1530 2547 suo
1558 2493 1768 2557 ordine,
1793 2493 1844 2547 id
1881 2501 1998 2558 est,

414 2581 580 2636 tertio
609 2577 876 2636 Kalendas
902 2580 1173 2637 Octobris.
1199 2580 1473 2639 Conﬁteor
1500 2598 1588 2638 me
1613 2583 1667 2637 in
1691 2574 2000 2639 nocturnali

415 2674 597 2728 ofﬁcio
623 2675 868 2744 posuisse
895 2675 966 2729 ibi
996 2675 1350 2745 antiphonas,
1405 2691 1527 2745 qua:
1564 2675 1782 2745 proprie
1811 2675 2000 2744 positae

414 2773 544 2819 sunt
574 2768 628 2820 in
657 2767 996 2822 dedicatione
1018 2768 1384 2823 communium
1405 2768 1794 2832 ecclesiarum;
1820 2777 1874 2822 et
1899 2769 2000 2823 hoc

416 2871 523 2908 non
552 2871 617 2909 ex
643 2871 748 2908 me.
783 2856 979 2910 Audivi
1013 2857 1131 2912 illas
1164 2858 1217 2911 in
1255 2872 1317 2911 ea
1360 2857 1656 2913 festivitate
1685 2872 1884 2914 canere
1905 2858 1999 2911 Al-

417 2945 604 2998 binum
630 2947 998 3000 doctissimum
1038 2948 1356 3018 magistrum
1382 2957 1583 3002 nostrae
1606 2947 1842 3017 regionis
1873 2987 1889 3012 ,
1933 2947 2000 3002 de

414 3050 524 3104 quo
545 3049 685 3106 saepe
712 3036 1041 3090 mentionem
1086 3036 1244 3091 facio.
1293 3029 1691 3105 Responsorios
1734 3037 2000 3106 quosdam

415 3126 508 3194 qui
546 3125 598 3179 in
640 3143 702 3180 ea
741 3125 1034 3181 festivitate
1072 3127 1455 3182 scribebantur
1492 3128 1546 3181 in
1591 3127 1841 3199 plurimis
1888 3127 2000 3182 An-

419 3219 761 3287 tiphonariis,
776 3227 830 3272 et
854 3219 1180 3274 cantabatur
1199 3235 1228 3272 a
1253 3219 1441 3274 multis
1457 3218 1638 3274 stultis
1655 3219 1995 3283 cantoribus,

416 3311 598 3365 audivi
648 3311 798 3366 illum
846 3326 1123 3383 respuere.
1156 3312 1302 3379 Quos
1340 3326 1446 3367 non
1493 3311 1687 3381 scripsi
1719 3311 1776 3366 in
1811 3319 2000 3367 nostro

416 3401 808 3472 Antiphonario
830 3444 844 3468 ,
897 3403 990 3457 sed
1023 3418 1123 3473 pro
1157 3404 1237 3459 eis
1267 3404 1432 3459 statui
1459 3404 1527 3459 de
1553 3403 1781 3458 diversis
1801 3401 2001 3458 ofﬁciis

418 3493 833 3566 responsorios,
880 3493 933 3548 in
982 3494 1178 3562 quibus
1227 3503 1407 3549 tamen
1448 3495 1628 3566 aliqua
1658 3495 1863 3549 mentio
1915 3511 2002 3551 re-

414 3584 613 3638 colitur
636 3586 702 3640 de
731 3586 1050 3640 ministeriis
1092 3585 1430 3656 angelorum.
1458 3584 1607 3652 Quos
1643 3585 1719 3640 ita
1753 3584 2000 3640 ordinavi

417 3681 476 3726 ut
512 3673 655 3728 ratio
689 3682 743 3728 et
776 3675 1003 3729 historia
1033 3673 1293 3730 librorum
1337 3677 1514 3730 docet.

947 3789 1177 3846 CAPUT
1215 3789 1451 3846 LXVI".

454 3855 530 3909 De
558 3857 857 3926 antiphonis
895 3876 1013 3928 qua:
1036 3870 1156 3915 sunt
1187 3878 1253 3915 ea:
1280 3862 1567 3933 evangeliis
1591 3863 1937 3934 quotidianis.

489 3946 616 4002 Post
650 3946 889 4003 ofﬁcium
920 3965 1028 4018 quo
1071 3949 1352 4006 dedicatur
1377 3953 1632 4019 ecclesia,
1679 3955 1873 4025 scripsi
1911 3975 2003 4014 an-

417 4038 670 4107 tiphonas
700 4040 766 4095 de
815 4039 1124 4110 evangeliis,
1170 4042 1236 4098 de
1264 4042 1458 4112 quibus
1505 4045 1834 4117 interrogavi
1886 4065 2003 4106 ma-

415 4131 619 4200 gistros
650 4131 908 4187 Romanae
928 4133 1193 4200 ecclesize,
1225 4134 1270 4190 si
1299 4133 1420 4188 illas
1445 4146 1726 4191 canerent.
1761 4137 2006 4209 Respon-

415 4222 642 4285 derunt,
677 4223 1051 4293 Nequaquam.
1086 4223 1267 4279 Nostri
1303 4233 1480 4281 tamen
1519 4227 1767 4298 magistri
1813 4228 2003 4285 dicunt

417 4328 476 4366 sc
500 4329 592 4368 eas
623 4312 690 4367 ab
719 4315 800 4368 eis
825 4315 1134 4386 percepisse
1156 4355 1172 4380 ,
1200 4330 1298 4386 per
1317 4317 1524 4388 primos
1548 4318 1839 4388 magistros
1865 4335 2002 4390 quos

419 4403 708 4457 melodiam
745 4413 939 4459 cantus
980 4404 1209 4460 Romani
1243 4407 1545 4462 docuerunt
1569 4407 1711 4464 infra
1738 4410 2002 4472 terminos

1438 370 1768 427 AMALARU
1809 367 2248 424 PRESBY'I‘ERI
2286 359 2626 418 METENSIS

2023 3174 2070 3237 C

3547 357 3690 415 ηδε

2667 475 2894 532 CAPUT
2932 475 3093 530 LXX.

2420 571 2492 624 De
2527 569 2826 639 antiphonis
2853 569 3012 620 tn'um
3036 585 3334 636 puerorum.

2167 683 2292 737 Post
2348 680 2687 736 invitatorias
2754 679 3076 748 antiphonas
3143 679 3392 749 sequitur
3440 682 3581 736 ordo
3629 690 3688 735 ut

2095 776 2402 830 scribantur
2425 773 2730 842 antiphona:
2756 772 2918 825 trium
2942 785 3251 841 puerorum.
3268 771 3374 826 Eas
3396 789 3508 830 non
3531 776 3690 831 aliter

2094 865 2340 920 ordinavi
2370 863 2472 918 nisi
2497 861 2652 931 juxta
2672 861 2917 915 ordinem
2941 868 3260 916 caaterorum
3285 863 3698 932 antiphonarioo

2097 974 2235 1012 rum.
2266 955 2522 1022 Quamvis
2548 954 2663 1008 hinc
2692 953 2873 1008 omnia
2910 951 3123 1006 initium
3161 953 3402 1010 habeant
3427 956 3496 1011 ab
3535 941 3692 1012 octa-

2097 1049 2178 1102 vis
2206 1048 2591 1109 Pentecostes,
2634 1059 2846 1099 necnon
2875 1052 2931 1098 et
2960 1044 3290 1112 responsorii
3320 1045 3386 1100 de
3413 1046 3643 1114 psalmis
3672 1089 3686 1108 .

2096 1148 2152 1194 et
2179 1140 2406 1210 Regum,
2440 1147 2495 1192 et
2520 1127 2847 1200 Salomonis,
2875 1144 2930 1190 et
2957 1135 3078 1199 Job,
3111 1145 3163 1190 et
3187 1147 3500 1207 sequentes.
3533 1138 3686 1193 nolui

2097 1231 2184 1284 his
2235 1228 2562 1299 interpolare
2591 1226 2769 1284 ofﬁcia
2820 1234 3169 1291 sanctorum,
3230 1236 3292 1282 ut
3337 1230 3592 1298 expedite
3632 1229 3687 1283 in

2099 1331 2288 1377 nostro
2318 1317 2718 1388 Antiphonario
2757 1317 2966 1386 possint
2996 1315 3225 1372 inveniri
3251 1317 3430 1374 ofﬁcia
3459 1327 3687 1374 sancto-
3777 1375 3792 1390 ο

2096 1429 2216 1468 rum
2249 1421 2306 1468 et
2331 1409 2513 1466 ofﬁcia
2561 1410 2629 1464 de
2684 1408 3016 1480 quotidianis
3066 1408 3278 1464 diebus.
3315 1408 3450 1463 Nam
3488 1417 3546 1464 et
3577 1409 3688 1464 Ro—

2098 1503 2244 1558 mani
2281 1503 2336 1556 in
2373 1500 2628 1555 omnib‘us
2659 1499 2774 1554 suis
2801 1498 2957 1553 libris
2992 1497 3316 1554 ofﬁcialibus
3360 1501 3687 1568 quotidiana

2097 1595 2151 1648 in
2177 1594 2283 1646 ﬁne
2310 1589 2491 1646 ofﬁcia
2517 1597 2750 1660 ponunt,
2774 1596 2974 1660 praeter
2995 1588 3230 1660 capitula
3259 1589 3324 1643 de
3347 1587 3690 1659 Evangeliis.

2101 1686 2201 1742 Ubi
2234 1685 2536 1740 notandum
2569 1683 2713 1754 quod
2765 1683 3003 1738 maxime
3027 1699 3124 1753 per
3154 1682 3466 1738 Dominicas
3496 1696 3690 1740 noctes

2099 1778 2168 1831 ab
2190 1777 2396 1832 octavis
2424 1775 2774 1831 Pentecostes
2805 1761 2976 1844 usque
3006 1775 3061 1829 in
3089 1766 3399 1830 Adventum
3442 1775 3690 1836 Domini,

2100 1865 2335 1920 Romani
2374 1874 2576 1920 canant
2630 1862 2957 1934 antiphonas
3012 1863 3079 1917 de
3134 1863 3378 1918 historiis
3416 1863 3685 1918 librorum

2100 1958 2243 2013 unde
2289 1957 2618 2026 responsorii
2661 1955 2927 2024 assumpti
2973 1963 3122 2018 sunt,
3172 1962 3266 2008 aut
3302 1953 3535 2007 Alleluia
3562 1971 3688 2010 cum

2100 2050 2318 2120 hymnis
2355 2049 2636 2103 Zachariae
2667 2054 2723 2103 et
2751 2054 2952 2102 sancta:
3001 2044 3203 2100 Mariae.
3255 2045 3484 2100 Easdem
3540 2047 3689 2101 anti-

2099 2141 2311 2211 phonas
2379 2138 2648 2210 przeposui
2710 2138 2765 2192 in
2818 2138 2998 2208 capite
3061 2138 3552 2206 responsoriorum.
3611 2138 3706 2194 Eo.

2102 2239 2344 2302 tempore
2373 2245 2480 2284 non
2501 2229 2580 2283 fui
2601 2229 2921 2284 recordatus
2944 2227 3087 2297 quod
3117 2226 3201 2280 illa
3233 2227 3365 2282 hora
3390 2227 3498 2281 diei
3519 2228 3692 2298 septi-

2099 2338 2203 2378 mze
2257 2321 2408 2378 feria:
2437 2361 2451 2388 ,
2507 2321 2722 2390 quando
2763 2319 2979 2374 canitur
3009 2315 3251 2387 psalmus
3281 2316 3348 2390 ad
3377 2331 3642 2386 vesperos
3673 2357 3690 2378 ,

2100 2411 2410 2468 Benedictus
2458 2411 2718 2465 Dominus
2766 2408 2910 2464 Deus
2963 2425 3131 2473 meus,
3177 2408 3266 2478 qui
3304 2406 3456 2461 docet
3497 2423 3689 2460 manus

2100 2521 2242 2559 meas
2272 2503 2344 2558 ad
2378 2502 2640 2575 prwlium,
2675 2499 3010 2570 frequentius
3041 2497 3312 2567 pertineat
3342 2496 3412 2549 ad
3442 2496 3694 2566 praeteri-

2102 2603 2213 2649 tam
2242 2593 2656 2658 hebdomadam,
2689 2575 2850 2660 quam
2883 2590 2949 2644 ad
2975 2596 3313 2657 sequentem.
3338 2585 3686 2642 Manifestum

2100 2691 2185 2738 est
2238 2698 2268 2736 a
2295 2677 2499 2737 Christi
2530 2679 2929 2735 resurrectione
2973 2679 3172 2732 habere
3213 2676 3428 2745 initium
3470 2674 3578 2730 diei
3623 2692 3691 2729 ac-

2100 2771 2298 2826 noctis.
2350 2769 2468 2826 Nox
2517 2771 2665 2824 enim
2717 2769 2993 2838 sequentis
3039 2767 3145 2822 diei
3200 2781 3305 2819 non
3352 2774 3533 2834 potest
3581 2766 3708 2820 dici.

2100 2861 2416 2932 priusquam
2443 2859 2523 2914 sol
2563 2858 2820 2929 praeteriti
2870 2858 2978 2913 diei
3027 2859 3096 2912 ad
3141 2872 3395 2912 occasum
3436 2857 3691 2912 redactus

2101 2953 2211 3016 sit,
2259 2959 2389 3005 ante
2429 2950 2582 3020 cujus
2609 2963 2863 3004 occasum
2897 2946 3338 3017 frequentissime
3375 2945 3692 3000 celebratur

2101 3043 2321 3114 synaxis
2358 3040 2688 3111 vespertina,
2718 3041 2771 3094 in
2808 3055 2916 3108 quo
2949 3038 3164 3094 canitur
3192 3037 3432 3107 psalmus
3462 3055 3476 3090 :
3513 3035 3692 3092 Bene-

2100 3137 2271 3190 dictus
2325 3135 2584 3189 Dominus
2623 3131 2764 3187 Deus
2803 3149 2978 3198 meus,
3017 3141 3073 3187 et
3131 3131 3314 3186 czeteri
3367 3140 3698 3200 sequentes.

2103 3230 2226 3286 Ideo
2255 3229 2506 3286 convenit
2536 3229 2778 3285 scribere
2808 3227 3131 3296 antiphonas
3161 3243 3281 3296 qure
3311 3228 3590 3298 pertinent
3621 3230 3689 3281 ad

2103 3321 2440 3380 Dominicam
2465 3327 2680 3376 noctem
2697 3318 2841 3373 illius
2860 3319 3056 3384 noctis,
3071 3319 3286 3388 quando
3304 3328 3596 3373 cantantur
3613 3333 3706 3372 re-

2101 3414 2372 3486 sponsorii
2395 3413 2603 3486 Regum
2623 3420 2747 3482 post
2771 3412 3162 3483 responsorios.
3181 3409 3359 3466 Simili
3385 3410 3548 3465 modo
3569 3410 3689 3463 dico

2101 3509 2169 3566 de
2201 3507 2563 3578 responsoriis
2590 3505 2806 3562 caeteris
2833 3513 2887 3560 et
2921 3504 3250 3574 antiphonis.
3278 3501 3437 3558 Unde
3471 3516 3685 3570 precor,

2100 3601 2149 3657 si
2187 3600 2382 3670 aliquis
2412 3600 2664 3670 dignatus
2702 3596 2871 3652 fuerit
2900 3603 3084 3653 nostra
3115 3591 3376 3664 opuscula
3402 3591 3646 3646 scribere
3667 3630 3683 3654 ,

2101 3693 2154 3746 in
2187 3691 2294 3746 ﬁne
2324 3689 2792 3760 responsoriorum
2817 3688 3069 3760 dignetur
3089 3700 3184 3742 eas
3213 3685 3475 3741 scribere.

2661 3823 2889 3882 CAPUT
2926 3822 3111 3878 LXXI.

2280 3919 2360 3974 De
2387 3917 2733 3990 responsoriis
2757 3915 2848 3986 qui
2872 3912 3266 3986 praetitulantur
3282 3911 3504 3982 Regum.

2175 4034 2246 4090 Ut
2274 4031 2525 4104 prredixi,
2569 4031 2645 4084 ita
2686 4028 2869 4084 audivi
2899 4043 2930 4082 a
2960 4027 3234 4098 magistris
3265 4025 3529 4081 Ecclesia:
3579 4023 3686 4080 Ro-

2102 4141 2298 4189 mamn,
2315 4124 2418 4178 hoc
2437 4129 2540 4186 est,
2570 4128 2632 4175 ut
2655 4120 2711 4174 in
2739 4118 2915 4191 prima
2943 4116 3282 4173 hebdomada
3305 4125 3431 4171 ante
3456 4131 3680 4186 respon-

2102 4217 2276 4274 sorios
2327 4215 2535 4287 Regum
2566 4219 2897 4268 canerentur
2932 4210 3263 4282 responsorii
3307 4209 3373 4264 de
3408 4209 3636 4280 psalmis
3668 4251 3684 4270 ,

2103 4308 2299 4378 quibus
2345 4304 2670 4361 emendatur
2719 4304 2914 4358 iterum
2961 4301 3206 4357 inchoari
3257 4298 3682 4370 tempusjejunii

2102 4406 2157 4450 et
2183 4395 2464 4452 orationis.
2495 4392 2637 4462 Quid
2675 4392 2900 4464 impedit
2941 4391 3121 4446 ordini
3167 4391 3216 4446 si
3257 4391 3548 4462 contigerit
3587 4406 3684 4461 per

417 4495 773 4550 Francorum.
804 4496 947 4551 Deus
977 4496 1082 4551 scit
1113 4496 1159 4552 si
1195 4497 1284 4551 isti
1326 4496 1518 4553 fallant
1545 4539 1559 4564 ,
1591 4509 1686 4554 aut
1720 4501 1764 4555 si
1795 4501 1896 4571 ipsi
1923 4499 2002 4557 fe-
2027 4523 2078 4584 ο
2105 4499 2310 4560 seplem
2358 4488 2740 4550 hebdomadas,
2775 4495 2870 4584 aut
2903 4502 3001 4557 per
3026 4502 3142 4550 sex,
3170 4493 3264 4584 aut
3301 4501 3400 4556 per
3441 4486 3682 4556 quinque

417 4586 714 4653 fellissent,
755 4589 846 4657 qui
877 4587 1096 4658 gloriati
1127 4597 1254 4643 sunt
1282 4605 1339 4644 se
1370 4605 1464 4645 eas
1491 4592 1799 4660 percepisse
1828 4607 1859 4644 a
1890 4607 2003 4645 ma-
2027 4576 2068 4584 ’
2103 4580 2381 4637 decantari
2411 4579 2785 4652 responsorios
2806 4577 3018 4650 Regum
3054 4585 3180 4632 ante
3205 4576 3506 4648 Augustum
3533 4593 3682 4630 men-

415 4675 602 4744 gistris
622 4675 881 4731 Romanae
907 4676 1192 4741 Ecclesiae,
1219 4686 1312 4731 aut
1347 4677 1576 4733 Romani
1597 4687 1822 4748 propter
1848 4679 2001 4733 incu-

421 4763 557 4817 riam
581 4773 636 4818 et
669 4765 1050 4837 negligentiam
1078 4782 1171 4822 eas
1191 4767 1520 4833 amisissent,
1543 4776 1634 4821 aut
1656 4768 1700 4821 si
1725 4783 2000 4838 nunquam

417 4862 726 4907 t-antasscnt
771 4871 886 4920 eas,
922 4864 1102 4911 tamen
1154 4873 1253 4913 nos
1294 4867 1578 4936 cantamus
1612 4859 1731 4913 illas
1780 4869 2001 4930 propter

417 4943 584 4998 verba
610 4944 988 5010 saluberrima,
1013 4957 1069 5003 et
1106 4950 1484 5014 auctoritatem
1527 4960 1839 5005 nostrorum
1868 4968 1998 5006 can-

418 5023 605 5091 toruni
626 5075 641 5100 ,
675 5036 768 5105 qui
796 5037 1096 5107 gloriantur
1143 5040 1453 5111 magisterio
1501 5056 1561 5096 se
1611 5042 1688 5095 uti
1718 5043 2000 5098 cantilena:

414 5127 841 5183 exercitationis.

981 5222 1208 5280 CAPUT
1245 5225 1430 5280 LXIX.

818 5315 896 5370 De
943 5315 1255 5371 invitatoriis
1299 5319 1612 5388 antiphonis.

489 5409 617 5464 Post
642 5409 745 5464 hoc
770 5409 964 5479 scripsi
1000 5407 1338 5464 invitatorias
1362 5408 1700 5478 antiphonas,
1731 5422 1994 5477 quaecur-

417 5510 543 5555 runt
573 5520 668 5571 per
713 5503 1021 5560 Dominicas
1051 5511 1237 5558 noctes
1259 5543 1274 5568 ,
1303 5510 1358 5556 et
1387 5502 1582 5572 scripsi
1606 5517 1699 5558 eas
1726 5517 1824 5572 per
1848 5500 1993 5554 ordi-

419 5609 541 5648 nem
571 5597 720 5663 juxta
763 5607 1071 5652 contextum
1114 5595 1305 5668 psalmi
1337 5637 1349 5661 ,
1399 5594 1642 5666 [l’euite,
1681 5582 1993 5648 ersultcmus

420 5683 690 5757 hominm]
737 5687 869 5743 Nam
901 5692 968 5745 de
1011 5689 1339 5762 quotidianis
1369 5690 1619 5745 noctibus
1646 5686 1834 5756 scripsi
1869 5693 1993 5738 ante

418 5772 899 5847 Septuagesimam.

2101 4692 2234 4743 sem,
2265 4684 2360 4730 aut
2380 4692 2480 4746 per
2509 4675 2643 4730 duas
2668 4673 2754 4727 vel
2782 4683 2892 4728 tres
2935 4674 3144 4728 cantari
3195 4671 3261 4726 de
3301 4669 3528 4739 psalmis
3562 4711 3578 4733 ,
3629 4680 3686 4726 et

2100 4777 2334 4840 quatuor
2376 4767 2583 4837 Regum
2609 4807 2624 4830 ,
2679 4780 2801 4821 cum
2837 4778 3061 4820 necesse
3096 4763 3165 4818 sit
3195 4762 3249 4816 in
3287 4761 3393 4815 isto
3434 4768 3684 4831 tempore

2101 4869 2161 4915 ut
2184 4860 2278 4915 ﬁat
2297 4859 2595 4915 admonitio
2619 4867 2674 4913 et
2701 4846 2947 4913 doctrina
2972 4853 3292 4910 humilitatis
3310 4861 3367 4908 et
3385 4851 3681 4921 subjectioo

2106 4956 2234 5010 nis?
2283 4952 2664 5010 Admonitione
2718 4951 2823 5007 hac
2869 4947 3153 5020 perfuncta
3190 4988 3206 5014 ,
3267 4953 3439 5002 restat
3494 4957 3681 5016 aptum

2105 5055 2318 5115 tempus
2355 5053 2589 5114 quatuor
2637 5040 3096 5097 hebdomadarum
3154 5037 3224 5093 ad
3284 5035 3680 5093 recordantium

2101 5135 2471 5204 exemplorum
2523 5137 2837 5188 sanctorum
2860 5129 3106 5192 Palmm,
3137 5127 3192 5183 id
3225 5133 3310 5182 est
3333 5166 3348 5191 ,
3385 5123 3680 5182 Samuelis.

2104 5223 2292 5288 David,
2340 5221 2473 5276 Elia:
2510 5231 2564 5275 et
2599 5218 2798 5274 Elisaei.
2856 5218 3059 5272 Horum
3090 5215 3333 5269 omnium
3388 5227 3640 5282 personae
3664 5252 3679 5272 ,

2095 5320 2252 5389 juxta
2281 5324 2593 5374 contextum
2620 5313 2862 5371 historiae
2883 5352 2898 5378 ,
2932 5309 3275 5382 reperiuntur
3312 5307 3367 5361 in
3397 5319 3679 5376 response»

2103 5409 2198 5464 riis
2226 5418 2280 5463 et
2305 5405 2618 5476 antiphonis
2643 5419 2764 5474 qua:
2809 5399 3208 5473 prietitulantur
3254 5395 3485 5468 Regum.
3519 5392 3676 5448 Juxta

2100 5501 2344 5556 ordinem
2375 5497 2616 5552 historiae
2639 5503 2864 5550 conatus
2888 5507 3008 5547 sum
3029 5487 3284 5546 ordinare
3304 5485 3679 5556 responsorios

2101 5601 2155 5645 et
2184 5588 2505 5658 antiphonas
2525 5601 2660 5656 quas
2683 5595 2965 5640 cantamus
2987 5582 3040 5635 in
3061 5587 3246 5634 nostro
3261 5575 3676 5645 Antiphonario.

2103 5681 2180 5736 Eo
2209 5679 2479 5748 praecipue
2508 5686 2750 5746 tempore
2774 5684 3056 5729 cantamus
3084 5669 3221 5730 illas,
3249 5685 3357 5738 quo
3391 5665 3570 5721 habile
3598 5673 3683 5719 cst

2103 5773 2184 5827 ire
2212 5771 2279 5827 ad
2303 5785 2554 5842 pugnam.
2587 5769 2680 5824 Vir
2705 5766 2992 5823 bellicosus
3024 5763 3124 5818 fuit
3151 5760 3337 5815 David.
