4000 6178
330 375 471 476 «sos

875 522 1104 581 CAPUT
1137 521 1348 579 LXXII.

334 627 409 686 De
459 618 805 694 responsorii:
846 617 939 687 qui
942 613 1362 755 (ﬁtﬁtgzggnr
1387 611 1451 667 de
1477 609 1788 674 Salomone,
1812 606 1917 660 sive

403 797 806 873 Responsorios
827 796 894 851 de
924 793 1215 851 Salomone
1237 800 1295 849 et
1321 789 1624 860 Sapientia,
1656 798 1717 842 ut
1757 799 1918 856 supe-

335 898 535 959 riores,
558 890 719 961 juxta
743 887 991 944 ordinem
1016 885 1258 941 historiae
1290 883 1495 961 certavi
1515 881 1793 937 ordinare.
1817 878 1919 937 Hic

334 993 625 1046 contextus
646 978 952 1045 ofﬁciorum
974 978 1131 1048 juxta
1161 976 1410 1033 ordinem
1438 972 1760 1029 canonicum
1789 985 1918 1025 cur-

336 1078 430 1136 rit.
460 1072 698 1143 Tempus
724 1068 1032 1126 Salomonis
1053 1065 1393 1123 concluditur
1422 1066 1477 1123 in
1504 1064 1660 1119 libris
1683 1060 1918 1133 Regum;

335 1167 739 1239 eonjunguntur
781 1160 835 1217 ei
863 1160 930 1215 de
962 1158 1239 1230 Sapientia
1280 1154 1632 1226 responsorii,
1661 1154 1920 1222 quoniam

336 1256 773 1331 sapientissimus
801 1251 924 1308 fuit.
947 1248 1119 1306 David
1138 1257 1394 1305 strenuus
1421 1247 1475 1302 in
1504 1244 1714 1301 bellicis
1732 1242 1918 1305 rebus,

238 1396 247 1403 .
340 1352 597 1410 Salomon
624 1356 880 1405 strenuus
904 1359 1016 1415 pra:
1051 1342 1265 1399 caeteris
1305 1342 1357 1395 in
1389 1337 1686 1409 sapientia;
1723 1350 1848 1393 nam
1866 1342 1924 1389 et

339 1446 555 1516 sapiens
578 1443 662 1497 vir
684 1439 844 1498 fortis
863 1438 1084 1494 dicitur.
1115 1434 1268 1491 Unde
1299 1432 1556 1488 Horatius
1583 1437 1741 1500 poeta
1774 1445 1787 1480 :

464 1553 628 1605 Fortis
648 1558 702 1602 et
723 1551 776 1599 in
796 1549 965 1611 seipse
985 1552 1118 1597 totus
1139 1549 1279 1594 teres
1295 1549 1450 1605 atque
1474 1537 1741 1589 rotundus.

344 1657 538 1715 Merito
585 1654 678 1725 qui
721 1650 986 1722 sapientia
1039 1646 1206 1718 pollet
1246 1644 1404 1700 fortis
1446 1642 1666 1698 dicitur.
1712 1639 1789 1693 De
1816 1652 1926 1708 qua

342 1750 603 1819 scriptum
648 1752 781 1800 est:
815 1739 1089 1811 Sapientia
1133 1736 1297 1793 vincit
1346 1733 1625 1789 malitiam.
1682 1731 1753 1786 lii
1817 1729 1926 1785 duo

1364 403 1568 463 LIBER
1606 401 1695 457 DE
1735 397 1992 457 ORDINE
2029 346 2541 451 ANTIPIIONARII.

3462 404 3603 458 1310

1938 508 2192 570 Asident
2241 505 2437 579 singuli
2486 504 2727 577 singulos
2779 518 3035 571 menses,
3082 505 3178 561 sed
3231 505 3289 559 in
3348 521 3500 574 uno,
3532 509 3592 561 in

2015 614 2123 669 quo
2144 597 2492 669 Assyriorum
2520 610 2747 667 regnum
2775 610 3160 675 memoramus,
3183 596 3603 655 concluduntur.

2018 691 2091 747 Ut
2115 690 2355 760 comperi
2392 690 2460 745 ab
2505 688 2627 745 his:
2656 688 2750 760 qui
2777 689 2830 743 in
2867 687 3023 759 plaga
3053 684 3318 744 Orientali
3348 689 3552 762 degunt
3579 732 3598 757 ,

2017 781 2214 852 oppido
2258 780 2507 836 inﬁrmus
2548 787 2633 835 est
2682 779 3018 849 Septembris
3067 781 3275 835 mensis
3330 797 3345 836 :
3396 780 3607 845 Idcirco

2020 872 2352 944 responsorii
2402 872 2470 926 de
2502 870 2604 943 Job
2642 879 2699 927 et
2748 870 2917 926 Tobia
2964 870 3196 926 inﬁrmis
3243 872 3298 925 in
3357 869 3603 942 Septem-

2019 964 2100 1019 bri
2145 978 2332 1019 mense
2374 970 2646 1018 canuntur
2674 1003 2690 1028 ,
2736 970 2797 1016 ut
2829 969 3152 1032 aegrotantes
3184 962 3239 1016 in
3286 976 3350 1016 eo
3393 960 3608 1016 discant

2013 1055 2175 1127 juxta
2223 1054 2530 1123 exemplum
2571 1055 2856 1109 beatorum
2888 1052 3112 1107 Patrum
3143 1050 3244 1108 Job
3276 1059 3332 1108 et
3378 1053 3561 1109 Tobiae
3589 1093 3605 1117 ,

2020 1144 2230 1215 ﬂagella
2269 1144 2365 1199 Dei
2395 1144 2668 1214 patienter
2695 1143 2950 1197 tolerare.
2984 1140 3221 1197 Narrant
3250 1141 3398 1197 enim
3422 1141 3605 1199 Orien-

2025 1238 2160 1297 tales
2205 1246 2427 1308 propter
2493 1234 2883 1309 abundantiam
2934 1248 3195 1289 novarum
3265 1233 3479 1306 frugum
3554 1241 3609 1290 et
3715 1231 3717 1234 ⁴

2023 1330 2186 1386 musti
2235 1330 2554 1393 novitatem,
2610 1326 2809 1381 mutari
2866 1325 2917 1379 in
2958 1324 3333 1380 inﬁrmitatem
3381 1339 3608 1396 corpora

2024 1422 2294 1479 sumentia
2316 1461 2332 1487 ,
2364 1430 2425 1477 ut
2457 1420 2680 1491 quidam
2699 1417 3039 1474 versiﬁcator
3058 1418 3208 1473 canit
3230 1458 3247 1485 ,
3278 1416 3612 1475 abundantia

2024 1514 2190 1571 musti
2216 1512 2458 1584 repletus
2479 1521 2566 1568 est
2600 1510 2920 1581 September
2953 1528 2965 1563 :

2150 1627 2353 1687 Sidere,
2378 1625 2552 1688 Virgo,
2572 1631 2661 1676 tuo
2681 1622 2922 1674 Bacchum
2940 1621 3239 1684 September
3256 1623 3456 1684 enimat.

2026 1731 2303 1800 Quantum
2327 1730 2566 1801 pertinet
2592 1727 2662 1782 ad
2699 1725 3005 1789 historiam,
3047 1738 3170 1795 qua:
3196 1739 3296 1794 per
3325 1739 3616 1794 responso-

342 1815 559 1898 menses
609 1833 893 1892 fortissimi
926 1839 1056 1889 sunt
1101 1829 1282 1886 calore
1303 1869 1319 1896 ,
1364 1834 1428 1883 ut
1462 1825 1683 1897 quidam
1728 1837 1923 1879 versus
1950 1851 2000 1911 Β
2027 1824 2142 1879 rios
2181 1821 2465 1894 mntis
2512 1819 2775 1889 temporis
2817 1815 3106 1887 eliquntur,
3152 1815 3342 1871 ﬁnitur
3386 1832 3614 1886 regnum

343 1931 592 1986 referunt
615 1940 637 1981 ε

466 2038 684 2092 Solstitio
708 2035 925 2087 ardentis
944 2032 1112 2087 Cancri
1136 2029 1234 2082 fert
1254 2028 1416 2081 Julius
1446 2032 1628 2078 astrum
1655 2066 1670 2088 ,

464 2102 739 2165 Augustum
762 2108 985 2149 mensem
1009 2095 1111 2146 Leo
1134 2091 1354 2145 fervidus
1377 2094 1496 2155 igne
1519 2091 1732 2153 perurit.

421 2207 500 2263 Ex
529 2202 826 2260 traditione
875 2206 1191 2256 sanctorum
1232 2196 1457 2252 Patrum
1491 2193 1751 2250 discimus
1799 2206 1928 2262 pro-

344 2301 528 2374 prium
567 2312 691 2353 esse
738 2294 1017 2365 sapientiae
1043 2332 1059 2358 ,
1117 2299 1179 2345 ut
1228 2288 1498 2345 fervorem
1541 2292 1762 2355 praestet
1813 2286 1928 2339 suis

345 2389 772 2448 cxsecutoribus.
816 2385 886 2442 Ut
927 2384 996 2440 de
1051 2382 1294 2454 pluribus
1345 2394 1511 2468 unum
1550 2376 1750 2443 dicam,
1798 2374 1931 2431 dicit

346 2482 708 2553 Hieronymus
732 2479 788 2533 in
815 2474 1044 2548 epistola
1068 2474 1137 2529 ad
1158 2472 1517 2542 Nepotianum
1540 2470 1609 2525 de
1636 2468 1929 2525 monacho-

347 2590 468 2629 rum
506 2579 562 2628 et
590 2570 908 2627 clericorum
940 2567 1072 2622 vita.
1102 2564 1277 2620 Porro
1322 2561 1621 2618 Sunamitis
1653 2561 1708 2614 in
1740 2559 1929 2630 lingua

348 2673 534 2721 nostra
565 2663 819 2719 coccinea
848 2659 1076 2724 dicitur,
1118 2664 1181 2712 ut
1224 2653 1495 2727 signiﬁcet
1514 2651 1694 2707 calere
1718 2649 1933 2720 sapien-

350 2758 451 2822 tia,
498 2766 553 2811 ct
600 2754 779 2811 divina
808 2752 1038 2809 lectione
1087 2749 1320 2804 fervere.
1370 2746 1582 2802 Idcirco
1631 2757 1932 2814 congruere

348 2850 565 2906 videtur
600 2848 845 2918 Augusto
885 2842 1057 2900 mensi
1084 2841 1314 2907 fervido,
1343 2847 1406 2894 ut
1448 2839 1506 2894 in
1552 2851 1618 2893 eo
1642 2843 1934 2892 canteutur

350 2940 683 3013 responsorii
705 2940 773 2995 de
797 2936 1082 3008 sapientia,
1118 2940 1386 3004 quatenus
1411 2944 1599 2987 eorum
1634 2934 1799 2984 cantu
1850 2926 1934 2981 in-

352 3043 629 3089 struamur
662 3040 918 3101 oportere
966 3028 1088 3083 illos
1123 3025 1216 3095 qui
1250 3024 1487 3094 aliquam
1519 3021 1811 3078 scintillam
1838 3034 1930 3076 sa-

352 3124 567 3195 pientitc
630 3121 979 3192 perceperint
1002 3158 1017 3183 ,
1074 3115 1290 3186 precari
1339 3120 1688 3185 augmentum
1735 3110 1855 3180 ejus
1900 3126 1932 3167 a

2024 1911 2375 1985 Assyriorum
2404 1911 2462 1966 in
2490 1907 2856 1980 responsoriis
2876 1907 2943 1962 de
2963 1906 3154 1962 Tobia.
3175 1906 3521 1977 Responsorii
3549 1907 3617 1962 de

2025 2003 2235 2067 Judith,
2264 2001 2435 2058 Esdra
2461 2010 2519 2058 et
2567 2002 2636 2056 de
2663 1999 2884 2064 Esther,
2913 2011 3090 2067 usque
3130 1999 3201 2052 ad
3241 1997 3617 2067 responsorios

2028 2096 2479 2161 Macbaba'orum,
2514 2093 2619 2150 sub
2647 2099 2890 2163 tempore
2926 2086 3216 2146 Persarum
3246 2096 3301 2144 et
3336 2088 3614 2145 Medorum

2022 2187 2225 2258 iacent.

2550 2275 2781 2333 CAPUT
2837 2274 3072 2330 LXXIV.

2175 2394 2254 2449 De
2285 2394 2630 2465 responsoriis
2667 2390 2880 2455 Iudith,
2936 2388 3124 2443 Eadm:
3167 2397 3215 2442 et
3260 2386 3469 2441 Esther.

2104 2509 2270 2566 Liber
2283 2507 2466 2565 Tobiae
2486 2514 2542 2562 et
2566 2505 2751 2563 Iudith
2773 2513 2830 2561 et
2849 2503 3049 2559 Esther
3070 2516 3177 2557 non
3208 2499 3541 2569 recipiuntur
3566 2499 3618 2554 in

2034 2612 2243 2655 canone
2277 2598 2418 2668 apud
2461 2594 2740 2652 Hebraeos.
2779 2593 2981 2650 Tamen
3011 2592 3140 2662 quia
3166 2606 3266 2648 uos
3296 2590 3525 2660 legimus
3558 2588 3622 2647 il-

2035 2689 2118 2745 Ios
2144 2690 2198 2743 in
2226 2688 2495 2753 Ecclesia,
2527 2698 2813 2743 cantamus
2850 2700 2918 2740 cx
2964 2683 3071 2739 illis
3112 2681 3509 2753 restiousorios.
3543 2680 3618 2735 Ita

2035 2778 2228 2835 scribit
2252 2778 2519 2833 Eusebius
2539 2777 2592 2831 in
2614 2773 2884 2837 Chronica
2906 2788 3004 2831 sua
3030 2773 3096 2828 de
3118 2771 3303 2828 Juuith
3337 2789 3351 2825 :
3384 2769 3617 2843 Camby-

2036 2884 2126 2925 ses
2153 2867 2441 2927 Persarum
2481 2880 2580 2922 rex
2617 2863 2892 2922 secundus
2927 2863 3086 2919 annis
3120 2872 3265 2919 octo.
3296 2860 3447 2918 Hunc
3469 2861 3625 2917 aiunt

2038 2960 2107 3015 ab
2140 2958 2384 3014 Hebraeis
2428 2958 2725 3014 secundum
2766 2953 3265 3011 Nabuchodonosor
3289 2950 3495 3017 vocari,
3522 2951 3624 3006 sub

2037 3065 2147 3122 quo
2174 3046 2360 3104 Judith
2386 3047 2618 3104 historia
2644 3044 3025 3102 conscribitur.
3045 3044 3122 3099 De
3150 3042 3348 3099 Esther
3372 3042 3450 3098 sic
3482 3060 3495 3096 :
3529 3040 3615 3096 Se-

2040 3141 2240 3211 ptimus
2282 3137 2612 3193 Artaxerxes
2640 3134 2798 3191 annis
2824 3133 3202 3205 quadraginta.
3242 3132 3318 3185 Ea
3340 3172 3357 3194 ,
3389 3147 3509 3201 qum
3556 3132 3624 3186 de

353 3228 560 3269 “mm”
587 3210 849 3282 sapienti“
881 3216 935 3264 θί
964 3205 1223 3278 perfecm’
1257 3219 1378 3275 qum
1407 3204 1460 3258 in
1496 3202 1638 3258 θωιθ
1664 3201 1881 3257 halm”
1913 3242 1930 3269 ν
1957 3200 2004 3264 C
2035 3200 2231 3285 Esther
2251 3235 2309 3284 et
2334 3226 2675 3282 Mardochzeo
2698 3200 2901 3293 scrip-ta
2928 3200 3075 3283 sunt.
3106 3220 3326 3290 quidam
3356 3218 3630 3275 allirmant

308 3320 317 3327 '
350 3303 501 3361 iuxta
537 3304 886 3377 priesentium
926 3298 1396 3370 responsoriorum
1433 3296 1599 3350 verba
1630 3312 1643 3348 :
1684 3293 1882 3349 Emitte
1914 3334 1930 3360 ,

354 3398 596 3461 Domine,
622 3394 933 3466 sapientiam
957 3392 1021 3447 de
1046 3391 1167 3446 sede
1191 3387 1570 3460 magnitudinis
1597 3395 1722 3440 tum.
1747 3383 1817 3439 Et
1835 3385 1935 3440 ite—

352 3502 476 3541 rum
508 3503 522 3539 :
563 3484 647 3539 Da
671 3485 821 3551 mihi,
857 3482 1076 3538 Domine
1099 3522 1114 3546 ,
1146 3481 1350 3538 sodium
1378 3488 1593 3532 tuarum
1619 3475 1935 3531 assistricem

353 3575 686 3646 sapientiam.
712 3572 919 3629 Fervor
946 3572 1151 3627 mensis
1194 3584 1295 3626 nos
1342 3568 1598 3622 admonet
1633 3572 1688 3620 et
1716 3564 1938 3619 instruit

356 3678 487 3723 suos
519 3678 613 3735 per
644 3661 1019 3733 responsorios
1063 3660 1335 3717 fervorem
1365 3665 1423 3714 et
1449 3668 1692 3713 amorem
1722 3653 1939 3724 sapien-

358 3756 450 3811 tia
477 3755 651 3811 sitire.
690 3754 750 3810 In
789 3752 1147 3824 praesentibus
1171 3750 1381 3806 duobus
1424 3745 1702 3803 mensibus
1752 3744 1945 3799 ﬁnitur

356 3845 639 3912 fortitudo,
669 3845 942 3915 decorque
969 3851 1025 3899 et
1054 3842 1284 3898 altitudo
1315 3839 1595 3909 sapientiae
1622 3879 1637 3903 ,
1674 3842 1938 3907 quantum

359 3940 427 3995 ad
451 3938 732 3995 historiam
760 3938 993 4010 pertinet
1014 3936 1227 3991 Veteris
1247 3931 1605 3995 Testamenti,
1627 3928 1963 3985 Israelitica

356 4031 550 4101 plebis.
580 4030 733 4098 Quod
758 4026 1103 4084 manifestius
1140 4026 1546 4081 demonstratur
1585 4038 1653 4078 cx
1698 4020 1971 4091 historiis,

357 4122 545 4179 Esdra:
596 4131 652 4177 et
691 4122 834 4178 libro
874 4121 1052 4192 primo
1090 4118 1549 4185 Maebabaeorum,
1579 4130 1705 4173 eum
1727 4130 1829 4185 per
1851 4126 1941 4171 or-

359 4212 539 4270 dinem
564 4228 765 4270 venero
790 4212 861 4270 ad
888 4212 1031 4268 illos.

894 4323 1122 4383 CAPUT
1160 4320 1390 4379 LXXIII.

720 4419 797 4474 De
829 4415 1171 4490 responsorii:
1196 4414 1296 4469 Job
1326 4422 1374 4469 et
1400 4413 1596 4468 Tobiw.

430 4531 489 4587 In
542 4528 847 4601 Septembri
888 4540 1094 4591 mense,
1136 4523 1296 4593 juxta
1341 4522 1645 4581 doctrinam
1684 4521 1945 4579 Romanae

363 4623 641 4693 Ecclesia),
679 4620 924 4677 canimus
959 4624 1184 4688 propter
1228 4612 1654 4670 admonitionem
1681 4625 1939 4667 necessa-

363 4717 500 4772 riam
529 4715 596 4771 de
629 4711 923 4769 aﬂlictione
943 4724 1104 4779 quam
1130 4706 1391 4763 debemus
1414 4701 1652 4758 recolere
1675 4700 1729 4756 in
1754 4701 1941 4756 diebus

363 4807 629 4865 incolatus
670 4803 843 4861 nostri
870 4841 886 4867 ,
930 4797 1307 4871 respousorios
1335 4796 1400 4853 de
1422 4791 1647 4865 psalmis
1681 4791 1736 4846 in
1766 4790 1939 4860 prima

360 4894 722 4959 hebdomade,
754 4892 989 4950 secunda
1015 4898 1071 4945 et
1115 4887 1271 4945 tertia
1298 4887 1364 4943 de
1394 4883 1512 4950 Joh,
1544 4883 1598 4938 in
1641 4888 1834 4951 quarta
1874 4879 1942 4935 de

354 4988 553 5047 Tobia.
582 4981 688 5039 Job
715 4982 782 5049 de
809 4980 997 5052 gentili
1033 4977 1231 5050 populo
1261 4975 1468 5032 electus
1492 4980 1575 5029 est
1604 4990 1617 5026 :
1649 4969 1846 5027 Tobias
1885 4969 1941 5023 in

397 5074 678 5144 aptivitate
715 5073 916 5129 meruit
956 5069 1173 5142 probari
1201 5110 1216 5133 ,
1257 5076 1311 5124 et
1352 5065 1616 5137 probatus
1662 5060 1937 5119 inveniri:

364 5165 592 5235 Utrique
617 5172 840 5237 propter
864 5177 1120 5219 coronam
1141 5158 1415 5231 patientiae
1440 5153 1945 5227 ﬁagellati,utrique

365 5254 576 5328 probati
633 5255 841 5311 inventi
888 5269 987 5325 per
1034 5249 1372 5323 patientiam.
1417 5245 1626 5303 Idcirco
1683 5242 1941 5298 memoria

365 5361 557 5402 eorum
582 5345 917 5417 coniunctim
944 5351 1001 5398 et
1025 5343 1079 5397 in
1106 5356 1216 5396 uno
1242 5352 1429 5393 mense
1458 5334 1783 5392 celebratur.
1817 5330 1946 5399 Qui-

367 5437 471 5492 bus
498 5436 682 5492 deﬁcit
706 5449 966 5490 numerus
990 5429 1477 5502 responsoriorum,
1503 5425 1555 5479 id
1589 5432 1690 5487 est,
1715 5435 1947 5476 novena-

371 5528 527 5594 rius,
577 5528 664 5584 his
717 5533 899 5597 potest
942 5524 1066 5579 addi
1107 5522 1175 5578 ad
1232 5518 1619 5592 perfectionem
1668 5512 1943 5569 novenarii

369 5618 582 5673 numeri
628 5616 958 5673 sufﬁcientia
993 5614 1059 5669 de
1096 5611 1458 5683 responsoriis
1489 5607 1613 5672 Job,
1665 5605 1718 5662 in
1753 5604 1947 5673 quibus

371 5708 525 5763 dolor
558 5716 613 5764 et
646 5708 896 5777 planctus
945 5703 1275 5759 continetur.
1327 5698 1528 5773 Neuter
1580 5694 1723 5749 enim
1758 5708 1946 5747 eorum

377 5798 529 5869 apic'c
557 5799 706 5870 regni
736 5796 1056 5854 sublimatus
1093 5799 1231 5847 erat.
1264 5787 1628 5858 Quamobrem
1669 5800 1776 5840 non
1826 5797 1949 5853 pos-

2034 3321 2135 3377 sub
2161 3322 2267 3375 hoc
2306 3333 2437 3390 rege
2477 3324 2655 3388 gesta,
2699 3314 2843 3385 quod
2869 3328 2973 3384 ego
3001 3327 3106 3366 non
3145 3317 3293 3381 puto.
3338 3310 3626 3379 Nunquam

2033 3411 2179 3467 enim
2207 3408 2411 3466 Esdras
2439 3407 2506 3463 de
2526 3406 2728 3464 Esther
2748 3404 2988 3460 siluisset
3015 3401 3105 3472 qui
3138 3400 3328 3456 scribit
3359 3401 3462 3455 hoc
3493 3407 3627 3455 tem-

2033 3518 2166 3575 pore
2196 3499 2428 3557 Esdram
2454 3506 2510 3555 et
2536 3496 2855 3553 Nehemiam
2892 3507 3143 3548 reversos
3160 3505 3223 3545 ex
3255 3488 3548 3559 Babylone,
3572 3499 3628 3542 et

2035 3606 2100 3647 ea
2132 3590 2389 3659 deinceps
2435 3595 2753 3649 consecuta,
2789 3600 2911 3654 qua:
2942 3584 3010 3639 ab
3055 3582 3141 3638 his
3172 3589 3321 3652 gesta
3370 3577 3620 3634 referun-

2037 3689 2145 3736 tur.
2175 3675 2465 3748 Hucusque
2513 3677 2697 3733 divina
2744 3675 3027 3745 Scriptura
3078 3682 3383 3742 temporum
3424 3669 3622 3724 seriem

2038 3768 2304 3826 continet.
2329 3766 2593 3822 Memorat
2616 3771 2945 3821 memoratus
2973 3761 3239 3817 Eusebius
3267 3775 3330 3815 ea
3357 3774 3477 3829 qum
3505 3768 3630 3813 sunt

2041 3857 2247 3929 scripta
2278 3856 2345 3911 de
2385 3854 2728 3910 Mardochaco
2752 3861 2809 3908 et
2833 3853 3056 3918 Esther,
3086 3849 3353 3907 contineri
3389 3860 3630 3921 tempore

2038 3948 2362 4006 Artaxerxis
2394 3946 2559 4019 regis,
2589 3947 2681 4017 qui
2721 3943 2823 4001 fuit
2850 3945 3170 4002 undecimus
3197 3940 3511 4009 Persarum,
3551 3939 3629 3995 sic

2042 4038 2230 4096 dicens
2262 4059 2275 4094 :
2303 4039 2597 4095 Persarum
2625 4037 2948 4094 undecimus
2997 4036 3352 4097 Artaxerxes,
3396 4031 3486 4101 qui
3540 4048 3630 4086 co-

2042 4131 2386 4203 gnominatus
2410 4137 2493 4185 est
2520 4127 2794 4207 Mnemon,
2833 4125 2982 4179 Darii
3011 4130 3065 4178 et
3092 4120 3425 4194 Parysatidis
3468 4118 3629 4184 ﬁliti's,

2042 4222 2201 4277 annis
2220 4220 2598 4293 quadraginta.
2630 4216 2744 4273 Sub
2770 4216 2874 4272 hoc
2904 4231 3030 4286 rege
3059 4213 3191 4269 mihi
3222 4213 3437 4269 videtur
3465 4212 3631 4269 histo-

2045 4318 2147 4381 ria,
2193 4331 2314 4386 quae
2358 4314 2413 4368 in
2456 4314 2654 4369 Esther
2692 4313 2832 4368 libro
2866 4310 3203 4377 continetur,
3230 4307 3465 4378 expleta.
3514 4305 3633 4379 Ipse

2045 4405 2244 4476 quippe
2275 4411 2380 4470 est,
2412 4404 2505 4474 qui
2544 4404 2612 4459 ab
2638 4403 2885 4459 Hebraats
2909 4401 3182 4457 Assuerus
3200 4439 3216 4465 ,
3245 4405 3302 4454 et
3340 4412 3372 4452 a
3399 4395 3634 4468 Septua—

2046 4496 2196 4566 ginta
2227 4492 2613 4565 interpretibus
2641 4493 2972 4547 Artaxerxes
2996 4498 3241 4547 vocatur.
3272 4487 3349 4544 De
3372 4501 3481 4557 quo
3508 4498 3631 4557 rege

2048 4583 2243 4640 scribit
2268 4577 2490 4638 sa'nctus
2521 4578 2886 4654 Hieronymus
2914 4579 2968 4635 in
3001 4578 3340 4650 expositione
3366 4568 3629 4631 Ezechie-

2049 4676 2135 4741 lis,
2164 4674 2245 4730 sic
2274 4692 2287 4727 :
2320 4672 2652 4728 Artaxerxes
2689 4680 3050 4743 cognomento
3097 4668 3371 4733 Mnemon,
3403 4664 3552 4720 Darii
3576 4674 3633 4720 et

2046 4763 2380 4836 Pnrysatidis
2428 4760 2592 4827 ﬁlius,
2638 4760 2887 4832 regnavit
2916 4760 3073 4815 annis
3107 4758 3486 4830 quadraginta,
3537 4755 3632 4828 qui

2050 4858 2119 4913 ab
2165 4856 2408 4913 Hebraeis
2442 4854 2714 4910 Assuerus
2742 4852 3061 4925 appellatur,
3114 4852 3215 4907 sub
3266 4866 3375 4921 quo
3419 4848 3633 4904 Mardo—
3672 4903 3693 4912 ς

2051 4946 2186 5005 chazi
2211 4955 2268 5002 et
2292 4945 2490 5002 Esther
2516 4952 2772 5000 narratur
2794 4943 3043 5010 historia,
3068 4942 3286 5012 quando
3324 4941 3504 4999 omnis
3533 4956 3631 5010 po-

2048 5041 2207 5113 pulus
2244 5037 2552 5094 Judaeorum
2583 5037 2649 5093 de
2688 5036 2881 5092 mortis
2904 5034 3146 5108 periculo
3166 5033 3449 5098 liberatus,
3485 5046 3633 5085 rece-

2046 5134 2126 5206 pit
2149 5132 2431 5203 pristinam
2482 5128 2809 5185 libertatem.
2857 5128 3128 5198 Fiuntque
3161 5143 3191 5181 a
3226 5124 3463 5181 secundo
3489 5136 3634 5174 anno

2048 5226 2199 5283 Darii
2242 5239 2414 5295 usque
2468 5222 2535 5279 ad
2588 5233 2892 5279 extremum
2944 5219 3184 5284 Assucri,
3237 5216 3363 5271 anni
3413 5220 3630 5268 centum

2050 5317 2435 5391 quinquaginta
2480 5315 2738 5386 quinque.
2768 5329 2984 5370 menses
3034 5318 3288 5391 quatuOr,
3335 5304 3429 5374 qui
3465 5300 3632 5355 additi

2052 5376 2426 5480 superioribus
2465 5376 2649 5462 annis-
2692 5403 2940 5462 ducentis
2991 5376 3210 5470 triginta
3255 5401 3510 5464 quatuor,
3556 5388 3631 5445 fa-

2052 5505 2203 5560 ciunt
2256 5515 2429 5569 annos
2476 5506 2748 5555 trecentos
2803 5493 3111 5564 octuaginta
3157 5503 3382 5551 novem,
3414 5497 3634 5539 menses

2052 5606 2302 5670 quatuor.
2332 5593 2537 5649 Idcirco
2558 5591 2715 5661 juxta
2757 5589 3003 5645 ordinem
3034 5580 3277 5638 historia:
3302 5586 3425 5651 post
3448 5574 3632 5631 Iudith

2053 5668 2381 5742 ordinandus
2409 5691 2494 5738 est
2536 5680 2912 5752 responsorius
2936 5677 3004 5733 de
3032 5673 3224 5738 Esdra,
3257 5680 3310 5726 ct
3344 5678 3467 5742 post
3491 5668 3633 5723 hunc

2055 5776 2383 5850 responsorii
2427 5776 2490 5831 de
2536 5773 2747 5829 Esther.
2780 5769 2889 5827 Hos
2941 5776 2994 5825 et
3052 5764 3357 5838 superiores
3409 5774 3631 5832 respon~
