4000 6178
414 343 548 400 1311
1443 327 1780 398 ΑΜΑιΑιὶιι
1817 326 2020 388 PRES!

2119 322 2257 384 FER]
2297 319 2640 382 METENSIS
3563 313 3711 376 13ιῖ

410 452 587 509 socios
615 460 766 505 more
794 446 952 503 solito
993 445 1149 517 juxta
1180 451 1494 499 contextum
1530 441 1772 496 historia:
1818 437 2001 494 studui
2030 442 2078 500 Α
2106 438 2172 493 de
2201 437 2447 508 psalmis,
2475 436 2529 490 in
2558 433 2733 488 tribus
2759 430 3116 500 sequentibus
3155 431 3223 484 de
3245 431 3554 502 prophetis.
3587 432 3711 489 Non

410 540 684 596 ordinare.
712 536 771 592 In
800 535 920 591 istis
936 536 1301 606 responsoriis
1329 540 1740 588 consummatur
1777 541 2001 600 regnum
2107 528 2414 597 requiratur
2435 526 2488 579 in
2508 522 2790 595 prephetis
2810 523 2946 576 ordo
2967 521 3209 576 historia:
3239 540 3252 574 :
3284 537 3387 577 nec
3413 523 3564 577 enim
3589 539 3715 580 mos

413 629 706 686 Persarum
744 635 799 682 et
828 626 1128 686 Medorum.
1180 625 1290 680 Hos
1319 625 1464 680 enim
1513 621 1914 692 responsorios,
1949 616 2004 671 id
2105 630 2190 676 est
2218 621 2626 690 prephetarum,
2655 623 2715 670 ut
2761 615 3010 670 ordinem
3064 615 3417 669 historiarum
3465 631 3714 686 sequan-

415 729 522 787 est,
547 721 613 775 de
627 717 844 782 Iudith,
873 717 1043 772 Esdra
1066 726 1121 771 et
1149 712 1372 783 Esther,
1403 723 1686 772 cantamus
1735 711 1788 766 in
1821 709 2004 780 priore
2106 719 2197 765 tur
2225 729 2237 764 :
2267 711 2364 765 sed
2394 717 2596 763 tactum
2622 705 2858 778 Spiritus
2880 704 3078 770 sancti,
3109 705 3201 774 qui
3227 705 3546 776 ubicunque
3571 708 3713 772 vult,

417 822 575 884 parte
604 810 858 868 Octobris
884 811 1108 865 mensis.

973 898 1200 955 CAPUT
1236 898 1451 954 LXXV.

727 990 806 1045 De
851 991 1193 1062 responsoriis
1244 988 1696 1043 Machabworum.

493 1080 927 1136 Machabzeorum
965 1080 1191 1135 historia
1231 1085 1474 1148 tempora
1503 1085 1557 1132 et
1597 1090 1760 1145 regna
1793 1072 2009 1128 Graaco-

422 1189 545 1230 rum
602 1179 886 1228 memorat.
936 1169 1071 1225 Nam
1115 1179 1171 1226 et
1224 1171 1324 1225 hos
1355 1167 1729 1239 responsorios
1782 1165 2007 1230 curavi,

422 1273 586 1336 prout
633 1265 804 1334 potui,
836 1270 1074 1318 statuere
1099 1263 1254 1333 juxta
1305 1261 1551 1316 ordinem
1593 1259 1852 1314 historim.
1904 1255 2013 1310 Re-

425 1359 790 1429 sponsorium,
821 1355 1188 1428 [Disrumpam
1228 1353 1436 1407 vincula
1461 1350 1642 1423 papuli
1685 1348 1860 1420 mei,]
1900 1363 2008 1403 non

425 1447 602 1517 reperi
629 1447 685 1500 in
707 1446 847 1500 libro
871 1444 1322 1500 Machabatorum.
1345 1442 1472 1497 Ideo
1497 1441 1655 1512 posui
1688 1440 1840 1494 illum
1868 1441 2011 1494 inter

429 1537 841 1608 responsorios,
897 1536 964 1591 de
1008 1549 1333 1605 quacunque
1386 1533 1736 1590 tribulatione
1787 1533 1860 1588 sit
1914 1546 2012 1586 ne-

427 1642 582 1682 cesse
606 1625 862 1681 clamare.
893 1625 1138 1696 Regnum
1166 1623 1442 1680 Medorum
1477 1624 1757 1692 praecessit
1786 1637 2010 1692 regnum

426 1723 741 1780 Graecorum
771 1740 785 1776 :
823 1722 968 1792 quod
1012 1721 1260 1792 superius
1302 1719 1599 1775 memoravi
1639 1717 1907 1774 defecisse
1953 1719 2010 1773 in

2107 803 2301 872 spirat,
2325 810 2380 855 et
2425 813 2547 854 cum
2575 813 2763 852 vocem
2805 795 2924 865 ejus
2956 796 3215 860 audieris,
3246 797 3424 851 nescis
3451 798 3602 852 unde
3630 815 3719 852 ve-

2106 893 2224 947 niat
2266 901 2321 946 et
2351 905 2459 960 quo
2488 889 2672 945 vadat.
2704 888 2797 942 Isti
2826 888 2971 942 enim
3017 887 3352 957 responsorii
3374 887 3498 943 vice
3527 888 3718 943 diver-

2109 998 2293 1039 sorum
2325 983 2639 1045 missorum,
2675 980 2913 1050 Spiritus
2942 981 3118 1035 sancti
3144 980 3556 1050 prmmittuntur
3581 991 3720 1037 ante

2110 1075 2402 1129 adventum
2449 1071 2674 1128 Christi.
2723 1072 2783 1126 In
2843 1071 3006 1126 nullis
3066 1071 3224 1126 libris
3265 1073 3483 1128 Veteris
3526 1073 3721 1127 Testa-

2106 1165 2280 1221 .menti
2311 1164 2471 1220 toties
2505 1163 2776 1233 reperitur
2821 1162 3120 1217 admonitio
3147 1162 3387 1232 Spiritus
3430 1165 3611 1218 sancti
3649 1165 3720 1218 ad

2107 1254 2390 1326 populum,
2416 1262 2477 1309 ut
2514 1259 2871 1308 convertatur
2906 1252 2975 1305 ad
3017 1251 3208 1315 Deum,
3239 1252 3456 1322 quoties
3488 1253 3546 1307 in
3583 1269 3724 1323 pro—

2107 1348 2306 1418 phetis.
2341 1347 2408 1402 Et
2431 1346 2556 1401 ideo
2584 1345 2709 1414 quia
2738 1345 2794 1398 in
2835 1345 3086 1414 proximo
3120 1353 3224 1408 est,
3247 1352 3307 1398 ut
3341 1346 3532 1400 veniat
3558 1345 3718 1402 salus

2109 1437 2314 1500 mundi,
2340 1424 2398 1491 id
2426 1443 2512 1490 est
2535 1435 2588 1490 in
2632 1449 2821 1490 mense
2848 1428 3157 1500 Decembri,
3187 1443 3246 1489 ut
3282 1437 3480 1491 eadem
3516 1438 3720 1492 admo-

2109 1529 2245 1584 nitio
2271 1528 2326 1582 in
2351 1527 2640 1582 Novembri
2675 1541 2860 1582 mense
2901 1525 3218 1595 frequenter
3241 1527 3575 1592 celebretur,
3611 1543 3715 1584 ne-

2109 1632 2261 1674 cesse
2291 1626 2394 1673 est.
2419 1617 2752 1672 Adveniente
2775 1625 3044 1686 tempore,
3082 1615 3227 1686 quod
3256 1617 3578 1670 nominatur
3604 1618 3722 1671 Ad-

2111 1721 2304 1768 ventus
2327 1711 2566 1775 Domini,
2607 1725 2672 1766 ea
2701 1725 2823 1781 qua
2869 1709 3102 1764 lucidius
3129 1718 3356 1764 narrant
3391 1709 3461 1764 de
3501 1709 3719 1764 Christi

430 1812 606 1870 ofﬁcio
649 1789 877 1884 Augusti
910 1789 1114 1867 mensis
1153 1809 1524 1864 fortitudinem
1571 1816 1629 1864 et
1659 1809 1919 1864 decorum
1959 1807 2015 1862 in
2042 1789 2090 1849 Β
2117 1809 2400 1863 nativitate
2446 1807 2702 1878 leguntur
2748 1813 2805 1861 et
2849 1814 3162 1861 cantantur.
3207 1804 3382 1860 Nemo
3420 1806 3723 1876 propheta-

429 1900 628 1972 populo
673 1899 870 1966 Israel,
902 1915 970 1956 ex
1017 1900 1246 1955 historia
1277 1900 1495 1965 Esdrae,
1541 1913 1610 1954 ex
1636 1898 1776 1952 libro
1801 1896 2020 1952 Macha-

430 1993 671 2047 bteorum
702 1992 757 2045 in
787 1992 891 2046 isto
919 1990 1038 2046 loco
1066 1989 1478 2045 monstrabitur.
1525 1987 1800 2058 Scriptum
1839 1995 1925 2042 est
1963 1987 2019 2040 in

435 2083 614 2153 primo
637 2082 776 2136 libro
801 2081 987 2136 Esdra:
1016 2099 1029 2134 :
1059 2078 1287 2134 Plurimi
1311 2080 1472 2134 etiam
1495 2079 1560 2133 de
1583 2077 1940 2134 sacerdotibus
1969 2087 2019 2132 et

433 2171 646 2236 Levitis,
671 2179 717 2224 et
756 2171 1015 2241 principes
1048 2179 1284 2241 patrum,
1311 2177 1357 2223 et
1380 2168 1608 2223 seniores
1626 2208 1641 2235 ,
1665 2167 1756 2240 qui
1782 2167 2019 2223 viderant

431 2261 678 2331 templum
695 2261 1003 2331 priusquam
1026 2261 1309 2330 fundatum
1334 2268 1486 2326 esset,
1503 2268 1552 2314 et
1574 2259 1672 2312 hoc
1693 2258 1942 2328 templum
1963 2260 2019 2314 in

430 2351 597 2408 oculis
622 2369 801 2407 eorum
821 2353 1016 2423 flebant
1032 2368 1154 2406 voce
1174 2369 1386 2424 magna.
1406 2351 1477 2406 Et
1493 2351 1645 2406 multi
1676 2350 2020 2418 vociferantes

432 2442 489 2496 in
515 2441 700 2497 laetitia
730 2441 976 2496 levabant
997 2457 1194 2506 vocem,
1211 2458 1303 2495 nec
1327 2450 1530 2512 poterat
1565 2441 1840 2511 quisquam
1860 2457 2023 2510 agno-

433 2549 579 2590 scere
626 2550 798 2589 vocem
847 2524 1095 2588 clamaris
1155 2532 1493 2597 la'tantium,
1539 2541 1589 2587 et
1636 2549 1811 2586 vocem
1867 2533 2021 2601 ﬂetus

435 2622 637 2696 populi.
672 2624 740 2678 Et
766 2623 962 2679 iterum
989 2623 1043 2679 in
1069 2623 1208 2678 libro
1236 2623 1411 2695 primo
1432 2623 1861 2678 Macbabaaorum
1894 2640 1906 2676 :
1935 2620 2023 2676 Va:

435 2713 587 2782 mihi,
628 2724 684 2768 ut
715 2715 842 2786 qui!
872 2726 1028 2770 natus
1066 2732 1183 2770 sum
1226 2713 1399 2770 videre
1446 2713 1815 2768 contritionem
1842 2713 2023 2784 populi

435 2805 557 2870 mei,
587 2814 635 2858 et
662 2805 1029 2859 contritionem
1077 2803 1304 2860 civitatis
1354 2815 1572 2868 sancta',
1605 2814 1654 2858 et
1691 2803 1868 2858 sedere
1913 2801 2022 2856 illic

434 2911 554 2950 cum
583 2895 743 2948 datur
765 2896 1102 2950 inimicorum
1134 2897 1188 2950 in
1213 2895 1488 2960 manibus,
1535 2905 1717 2950 sancta
1747 2895 1802 2948 in
1833 2910 2022 2950 manus

435 2993 807 3038 extraneorum
827 2984 854 3038 ἵ
880 2982 1109 3039 Factum
1138 2994 1212 3040 est
1241 2985 1489 3056 templum
1538 2985 1676 3056 ejus,
1707 2985 1839 3039 sicut
1869 2983 2022 3038 homo

436 3075 699 3148 ignobilis.
754 3073 895 3131 Vasa
937 3076 1122 3147 gloria
1170 3077 1286 3148 ejus
1336 3078 1540 3147 captiva
1580 3077 1806 3132 abducta
1851 3085 1972 3131 sunt
2001 3090 2022 3128 :

434 3164 686 3221 trucidati
729 3176 850 3222 sunt
871 3166 1092 3237 juvenes
1133 3167 1248 3237 ejus
1279 3167 1333 3221 in
1363 3167 1571 3238 plateis,
1601 3177 1648 3221 et
1662 3167 1880 3238 juvenes
1908 3167 2023 3236 ejus

439 3255 740 3310 ceciderunt
785 3255 964 3327 gladio
994 3257 1350 3312 inimicorum.
1391 3253 1524 3323 om
1556 3274 1681 3328 gens
1713 3273 1817 3311 non
1863 3264 2026 3312 ntere-

441 3347 627 3404 ditavit
677 3365 895 3420 regnum
925 3349 1082 3421 ejus?
1127 3349 1309 3406 Omnis
1350 3353 1655 3422 compositio
1701 3351 1816 3422 ejus
1844 3350 2024 3406 ablata

436 3449 532 3495 est.
575 3438 921 3510 Responsorii
951 3441 1017 3496 de
1046 3440 1233 3498 Judith
1261 3451 1317 3498 et
1343 3442 1514 3498 Esdra
1561 3450 1616 3498 et
1655 3442 1886 3509 Esther,
1931 3443 2025 3514 qui

438 3528 722 3600 subiacent
761 3532 1094 3602 temporibus
1141 3532 1431 3589 Persarum
1479 3542 1536 3590 et
1583 3533 1862 3590 Medorum
1891 3571 1906 3600 ,
1969 3541 2027 3590 et

437 3621 771 3690 responsorii
812 3623 878 3678 de
925 3622 1269 3691 Machabazis,
1305 3625 1400 3696 qui
1439 3623 1724 3695 subiacent
1767 3625 2026 3695 tempori-

437 3711 544 3766 bus
566 3710 902 3781 Grazcorum,
933 3731 1041 3771 uno
1064 3729 1251 3772 mense
1291 3715 1690 3773 concluduntur
1718 3715 1787 3772 ob
1822 3715 2027 3788 signiﬁ-

439 3804 712 3858 cationem
736 3805 963 3861 minoris
1006 3807 1293 3878 potestatis
1333 3823 1623 3881 regnorum
1668 3807 1948 3864 Medorum
1972 3815 2029 3863 et

439 3890 774 3957 Graecorum,
819 3909 986 3963 quam
1034 3894 1225 3952 fuisset
1269 3897 1620 3968 Assyriorum
1663 3905 1719 3953 et
1758 3897 2030 3955 Romano-

439 3997 581 4038 rum.
607 3983 819 4052 Quanto
841 3986 984 4040 enim
1023 3986 1314 4042 humiliora
1351 3997 1406 4043 et
1432 3989 1622 4044 viliora
1656 3990 1883 4046 fuissent
1909 3992 2028 4046 haec

437 4073 548 4130 duo
591 4089 754 4146 regna
780 4116 796 4142 ,
845 4075 899 4130 id
947 4085 1052 4142 est,
1097 4076 1373 4134 Medorum
1401 4088 1455 4136 et
1480 4079 1816 4149 Graecorum,
1861 4098 2024 4152 quam

439 4164 789 4237 Assyriorum
819 4173 874 4222 et
903 4166 1294 4226 Romanorum.
1333 4170 1560 4227 Orosius
1586 4171 1640 4227 in
1681 4173 1858 4242 primo
1885 4173 2026 4230 libro

440 4249 796 4304 historiarum
841 4251 913 4306 ita
945 4252 1276 4320 manifestat,
1323 4257 1508 4313 dicens
1539 4275 1552 4311 :
1582 4257 1839 4314 Incll‘abili
1882 4260 2028 4314 ordi-

2119 1917 2239 1956 rum
2262 1909 2370 1955 tam
2398 1899 2576 1956 lucide
2603 1907 2659 1953 et
2683 1904 2869 1968 aperte
2886 1898 3175 1968 prophetat
3201 1897 3268 1952 de
3292 1897 3499 1954 Christi
3523 1898 3724 1954 nativi-

2120 1998 2251 2055 tate,
2280 1997 2540 2060 quantum
2575 1988 2763 2043 Isaias.
2811 1987 3106 2058 Propterea
3147 1988 3264 2058 ipse
3289 1986 3492 2058 legitur
3529 1989 3586 2042 in
3611 1989 3718 2042 ad-

2118 2090 2284 2137 ventu
2313 2081 2549 2135 Domini.
2600 2079 2774 2146 Quem
2822 2085 3025 2132 statum
3059 2086 3366 2148 sequuntur
3392 2087 3448 2133 et
3489 2093 3723 2147 respon-

2119 2172 2270 2239 sorii,
2298 2171 2392 2241 qui
2421 2169 2829 2226 evidentissime
2879 2169 3107 2224 reboant
3140 2168 3209 2223 de
3237 2169 3527 2224 nativitate
3566 2169 3723 2224 Chri-

2119 2263 2212 2318 sti.
2248 2261 2450 2319 Omnes
2489 2261 2768 2331 propheta;
2820 2260 2886 2315 de
2939 2259 3163 2315 Christo
3208 2263 3719 2331 prophetaverunt:

2120 2353 2326 2410 idcirco
2351 2353 2406 2408 in
2438 2350 2732 2406 Novembri
2769 2365 2956 2406 mense
2981 2361 3037 2404 et
3064 2364 3252 2406 eorum
3282 2351 3404 2405 libri
3438 2351 3717 2422 leguntur,

2119 2451 2176 2500 et
2218 2443 2288 2498 de
2336 2441 2468 2513 ipsis
2505 2431 2704 2510 stimpti
2750 2449 2880 2496 sunt
2926 2441 3280 2510 responsorii.
3321 2439 3597 2497 Jeremias
3625 2443 3719 2511 qui

2119 2532 2412 2605 plurimum
2462 2543 2652 2587 narrat
2701 2532 2770 2588 de
2817 2533 3072 2601 passione
3122 2532 3359 2597 Domini,
3401 2543 3719 2587 reservatur

2121 2638 2294 2694 usque
2321 2623 2390 2678 ad
2441 2631 2653 2691 tempus
2684 2622 2974 2692 passionis.
3029 2621 3236 2676 Tamen
3283 2637 3391 2676 una
3438 2622 3607 2678 lectio
3637 2621 3716 2678 le-

2121 2716 2267 2787 gitur
2294 2714 2362 2769 de
2388 2728 2454 2768 eo
2479 2713 2670 2782 quinta
2721 2711 3002 2766 Dominica
3053 2720 3181 2766 aute
3227 2712 3575 2768 nativitatem
3605 2713 3714 2769 Do-

2121 2806 2276 2862 mini.
2321 2803 2613 2859 Novembri
2676 2802 2880 2858 mensis
2939 2817 3108 2874 regno
3162 2802 3540 2858 Romanorum
3590 2821 3719 2874 quo-

2122 2893 2408 2951 dammodo
2443 2895 2753 2965 respondet,
2783 2895 3136 2966 Assyriorum
3165 2911 3394 2964 regnum
3436 2897 3714 2966 quoddam

2121 2986 2445 3056 praesagium
2476 2985 2578 3041 fuit
2613 2987 2773 3056 regni
2815 2985 3114 3042 Christiani
3158 2987 3363 3058 populi,
3407 2991 3668 3059 quamvis
3691 3006 3719 3043 a

2126 3074 2301 3147 longe.
2334 3075 2480 3133 Istud
2507 3086 2594 3134 est
2635 3079 2782 3133 enim
2811 3085 3101 3143 mternum,
3149 3087 3206 3133 et
3235 3078 3365 3133 illud
3394 3081 3717 3151 temporale.

2127 3164 2409 3235 Propheta:
2436 3168 2845 3223 seminaverunt
2869 3169 3206 3239 temporibus
3237 3185 3529 3240 regnorum
3557 3172 3725 3243 Assy-

2125 3254 2350 3319 riorum,
2398 3264 2454 3310 et
2503 3255 2912 3320 Africanorum.
2959 3267 3124 3326 atque
3181 3258 3515 3322 Grecorum,
3575 3264 3721 3329 quod

2125 3343 2423 3400 Christiani
2445 3346 2705 3418 colligunt
2725 3355 2967 3417 tempore
2994 3347 3230 3404 Romani
3256 3349 3492 3419 imperii.
3510 3350 3722 3407 Idcirco

2124 3435 2210 3492 fas
2234 3446 2318 3493 est
2339 3447 2399 3492 ut
2424 3439 2754 3494 mentionem
2780 3439 3044 3496 faciamus
3067 3455 3257 3511 eorum
3284 3456 3571 3496 sacrorum
3600 3458 3721 3508 nos,

2126 3529 2221 3600 qui
2261 3529 2556 3586 Christiani
2587 3547 2798 3598 sumus,
2846 3541 2903 3588 et
2947 3549 2979 3588 a
3009 3533 3228 3590 Christo
3258 3535 3335 3590 ita
3362 3539 3547 3592 vocati
3580 3547 3715 3592 tem-

2125 3637 2257 3693 pore
2282 3625 2569 3680 memorati
2599 3624 2838 3694 imperii,
2882 3628 2976 3696 qui
3005 3627 3073 3681 ad
3101 3642 3239 3696 opus
3281 3637 3529 3683 nostrum
3559 3632 3718 3684 semi-

2127 3723 2394 3772 naverunt
2419 3731 2674 3783 messem,
2703 3731 2867 3787 quam
2917 3717 3242 3790 colligimus,
3269 3719 3338 3774 de
3377 3735 3486 3790 qua
3534 3721 3714 3775 nutri-

2125 3824 2268 3864 mur.
2300 3807 2368 3865 Et
2407 3809 2511 3865 hoc
2536 3809 2685 3866 nullo
2724 3811 2780 3866 in
2807 3819 3051 3882 tempore
3079 3813 3271 3879 satius,
3303 3829 3469 3884 quam
3515 3815 3572 3867 in
3607 3813 3710 3869 No-

2127 3901 2334 3958 vembri
2377 3916 2597 3968 mense,
2648 3903 2744 3972 qui
2790 3911 2875 3958 est
2908 3903 3233 3974 conjunctus
3282 3915 3340 3960 et
3382 3905 3563 3959 alliuis
3621 3905 3717 3960 De-

2127 3991 2354 4056 cembri,
2380 3992 2432 4046 in
2465 4008 2574 4063 quo
2607 3991 2856 4049 Christus
2877 4002 3038 4050 natus
3073 4003 3178 4060 est,
3208 3995 3302 4066 qui
3339 3997 3406 4050 ad
3436 3998 3724 4051 maturita-

2127 4089 2237 4138 tem
2269 4074 2531 4154 perduxit
2556 4087 2823 4142 sationem
2852 4089 3262 4158 prephetarum,
3309 4099 3366 4144 et
3417 4091 3581 4145 nobis
3629 4091 3722 4146 de-

2127 4175 2206 4230 dit
2248 4183 2572 4245 potestatem
2604 4177 2890 4248 colligendi
2937 4193 3080 4234 eam.
3113 4179 3313 4235 Finitis
3356 4182 3723 4250 responsoriis

2129 4265 2464 4334 superiorum
2521 4281 2833 4336 regnorum,
2880 4269 3014 4324 ordo
3051 4277 3138 4324 est
3181 4277 3243 4323 ut
3291 4279 3598 4340 sequantur
3638 4286 3723 4324 re-

438 4342 658 4396 natione
682 4357 780 4412 per
809 4352 1044 4412 quatuor
1071 4347 1260 4401 mundi
1296 4349 1545 4404 cardines
1569 4359 1803 4421 quatuor
1833 4366 2026 4424 regno-
2127 4356 2394 4428 sponsorii
2425 4357 2836 4427 prophetarum,
2868 4361 2958 4431 qui
3015 4361 3172 4416 nobis
3221 4361 3612 4416 laboraverunt
3665 4362 3718 4414 in

437 4448 561 4487 rum
602 4433 935 4505 principatus
963 4437 1236 4493 distinctis
1267 4441 1528 4510 gradibus
1561 4443 1861 4498 eminentes
1889 4453 1943 4498 et
1967 4453 2102 4519 ut“
2127 4461 2265 4517 quos
2317 4446 2453 4501 lines
2519 4447 2842 4505 saeculorum
2909 4440 3262 4506 devenerunt.
3320 4451 3392 4507 Ut
3457 4449 3720 4519 liquidius

436 4522 794 4595 Babylonium
824 4541 1048 4598 regnum
1093 4528 1161 4583 ab
1198 4529 1428 4596 oriente,
1477 4546 1508 4586 a
1543 4533 1768 4587 meridie
1802 4497 2462 4592 Cartha-Dmonstretur
2513 4537 2656 4607 quod
2704 4539 2866 4609 cupio
2921 4539 3204 4604 intimare,
3264 4497 3541 4596 scribatu‘r
3591 4553 3724 4611 pars

437 4615 699 4686 ginense,
754 4630 786 4670 a
841 4619 1211 4688 septentrione
1267 4619 1705 4689 Macedonicum,
1764 4620 1833 4676 ab
1879 4622 2026 4678 occi-
2128 4626 2372 4683 historia:
2417 4628 2703 4684 memorati
2739 4629 2915 4685 Orosii
2961 4632 3265 4703 presbyteri
3314 4633 3381 4687 de
3408 4633 3608 4687 eadem
3637 4648 3716 4687 re.

437 4706 597 4761 dente
629 4706 952 4764 Romanum.
996 4710 1235 4778 Quorum
1273 4712 1417 4768 inter
1439 4714 1675 4784 primum
1703 4722 1758 4768 et
1794 4714 2025 4770 novissi-
2092 4768 2106 4780 ,
2127 4717 2172 4770 A
2206 4717 2383 4788 primo
2409 4733 2550 4773 anno
2576 4717 2786 4790 imperii
2809 4720 2931 4775 Nini
2971 4711 3251 4792 usquequo
3278 4721 3518 4793 Babylon
3550 4737 3584 4776 a
3617 4722 3718 4777 Se-

436 4811 607 4861 mum,
633 4797 687 4852 id
712 4807 817 4864 est,
859 4801 1002 4858 inter
1042 4803 1394 4877 Babylonium
1434 4815 1488 4860 et
1514 4805 1841 4872 Romanum,
1867 4807 2024 4875 quasi
2127 4809 2414 4864 miramide
2466 4809 2760 4868 instaurari
2802 4819 2979 4882 empta
3021 4821 3125 4878 est,
3157 4814 3529 4868 interveniunt
3586 4814 3718 4869 anni

436 4885 581 4943 inter
615 4896 824 4957 patrem
863 4909 1048 4949 senem
1098 4911 1163 4952 ac
1207 4896 1376 4950 lilium
1421 4911 1669 4966 parvum,
1705 4895 2021 4953 Africanum
2125 4900 2427 4971 sexaginta,
2453 4909 2510 4955 et
2533 4910 2765 4972 quatuor
2796 4921 2810 4957 :
2839 4912 2894 4958 et
2919 4920 2949 4959 a
2980 4905 3156 4974 primo
3185 4921 3328 4961 anno
3353 4904 3564 4969 Procae,
3591 4921 3719 4962 cum

437 4996 503 5036 ac
539 4980 968 5053 Macedonicum,
997 4986 1183 5043 brevia
1226 5003 1291 5044 ac
1322 4989 1520 5056 media,
1557 4988 1711 5060 quasi
1741 4997 1887 5046 tutor
1928 5005 2024 5046 cu-
2125 5007 2355 5064 regnare
2384 4995 2550 5063 cmpit
2581 5010 2756 5066 usque
2784 4997 2852 5052 ad
2882 4997 3246 5053 conditionem
3270 4997 3419 5054 urbis
3449 4998 3657 5054 factam
3684 5017 3716 5056 a

440 5081 696 5144 ratorque
718 5086 981 5132 venerunt
1009 5088 1276 5150 potestate
1302 5082 1560 5152 temporis
1586 5080 1831 5153 nonjure
1858 5083 2026 5138 hare-
2125 5081 2389 5148 Bomulo,
2443 5083 2717 5140 intersunt
2757 5086 2884 5140 anni
2921 5101 3074 5156 aeque
3119 5088 3404 5160 sexaginta
3456 5099 3712 5160 quatuor.

439 5160 626 5216 ditatis
662 5161 908 5218 admissi.
939 5165 1011 5221 Ut
1055 5168 1270 5238 Opinor,
1304 5169 1436 5226 satis
1461 5180 1818 5226 monstratum
1843 5180 2022 5227 estex
2123 5170 2199 5226 Ila
2237 5180 2500 5244 regnante
2539 5173 2730 5239 Proca,
2780 5173 2977 5231 futura
3029 5175 3214 5233 Roma:
3258 5180 3519 5234 sementis
3562 5179 3713 5248 jacts

441 5249 667 5306 historia
693 5253 1269 5329 suprascripta,quare
1293 5275 1400 5314 uno
1426 5274 1608 5316 mense
1631 5260 2023 5317 concludantur
2121 5272 2224 5329 est,
2269 5265 2371 5319 etsi
2418 5265 2657 5320 nondum
2703 5281 2924 5336 germen
2973 5277 3282 5339 appareret.
3324 5269 3530 5326 Eodem
3569 5286 3715 5326 anno

443 5343 772 5411 responsorii
805 5344 871 5400 de
897 5352 975 5400 tot
1000 5344 1267 5403 historiis.
2122 5354 2274 5424 regni
2323 5354 2491 5424 ipsius
2518 5354 2725 5421 Proem,
2773 5355 3066 5428 Babylonis
3116 5375 3342 5431 regnum
3377 5360 3600 5416 defecit.
3650 5361 3712 5416 Et

973 5435 1202 5495 CAPUT
1250 5437 1486 5496 LXXVI.

777 5523 856 5580 De
907 5531 1247 5599 responsoriis
1290 5532 1683 5603 prophetarum.

513 5612 572 5667 In
615 5613 900 5672 Novembri
947 5636 1133 5679 mense
1167 5621 1318 5694 juxta
1366 5639 1572 5680 morem
1612 5625 1869 5682 Romanae
1919 5626 2020 5682 Ec—

449 5703 641 5768 clesiae,
673 5703 726 5759 in
753 5709 923 5776 prima
955 5712 1288 5773 hebdomada
1316 5723 1598 5773 cantamus
1641 5719 2016 5789 responsorios

2120 5441 2260 5500 infra
2288 5463 2300 5498 :
2334 5445 2572 5517 Babylon
2627 5447 2920 5504 novissime
2949 5462 3015 5504 eo
3061 5457 3308 5521 tempore
3332 5467 3364 5506 a
3393 5450 3540 5523 Cyro
3589 5466 3714 5524 rege

2121 5537 2401 5601 subversa,
2423 5552 2530 5608 quo
2557 5539 2790 5608 primum
2815 5539 2985 5594 Roma
3017 5556 3048 5595 a
3074 5540 3498 5612 Tarquiniorum
3524 5556 3711 5614 mum

2123 5628 2484 5684 dominatione
2507 5628 2736 5684 liberata
2781 5637 2882 5684 est.
2918 5628 3197 5698 Siquidem
3213 5623 3324 5687 sub
3351 5648 3462 5687 una
3490 5633 3714 5688 eadem-

2121 5733 2226 5790 que
2272 5719 2643 5798 convenientia
2677 5729 2976 5791 temporum
3006 5719 3092 5775 illa
3141 5722 3371 5792 cecidit,
3423 5724 3527 5780 ista
3580 5736 3712 5778 sur-
