4000 6178
277 272 411 326 15ιῦ

1304 266 1505 322 LIBER
1548 266 1634 320 DE
1673 263 1928 321 0RDINE
1966 259 2486 316 ANTIPIIONARII.

3407 258 3542 314 I5“

275 389 436 444 rexit.
483 385 576 460 Illa
629 395 757 442 tunc
811 387 1048 457 primum
1123 386 1549 458 alienigenarum
1601 399 1856 455 perpessa
1888 383 1936 442 Α
1964 381 2018 433 in
2065 377 2210 443 me,)
2261 377 2436 446 reperi
2474 376 2613 430 inter
2649 389 2743 430 eos
2781 375 2872 445 qui
2919 375 2985 428 de
3035 374 3256 445 psalmis
3294 381 3420 428 sunt
3451 395 3464 429 :
3491 386 3549 432 et

273 467 659 544 dominatum";
723 478 840 533 haec
907 487 1036 532 tunc
1103 478 1338 548 primum
1403 478 1571 532 etiam
1633 491 1858 531 suorum

273 575 566 638 aspernata
617 567 912 639 fastigium.
957 567 1052 621 Illa
1092 576 1221 622 tunc
1267 567 1533 633 moriens,
1579 566 1735 636 quasi
1781 565 1862 620 di-

274 662 426 718 misit
451 659 826 714 haereditatem
866 660 1026 714 :haec
1070 675 1202 714 vero
1247 658 1572 728 pubescens,
1624 666 1754 712 tunc
1803 671 1862 711 se

274 751 496 824 agnovit
531 749 822 804 hairedem.
855 750 1007 804 Tunc
1033 747 1272 804 Orientis
1318 749 1539 814 occidit,
1583 756 1638 802 et
1681 757 1860 802 ortum

227 874 236 879 η
275 852 355 898 est
401 839 711 898 Occidentis
762 839 1067 909 imperium.
1121 841 1189 896 Et
1219 841 1418 894 iterum
1447 839 1588 894 infra
1623 837 1859 908 Babylon

275 944 399 1004 post
424 948 596 988 annos
640 931 787 986 mille
835 940 1052 986 centum
1084 932 1366 1001 sexaginta
1396 919 1655 1000 quatuo’r,
1698 944 1861 998 quam

277 1026 491 1082 condita
521 1032 640 1079 erat
685 1038 712 1076 a
753 1021 921 1077 Medis
957 1031 1013 1076 et
1045 1021 1244 1077 Arbato
1273 1036 1399 1091 rege
1429 1036 1637 1086 eorum,
1673 1020 1863 1090 praefe-

277 1127 366 1174 cto
407 1126 587 1172 autem
613 1129 712 1170 suo
742 1114 992 1184 spoliata,
1025 1113 1220 1182 opibus
1258 1121 1314 1165 et
1357 1126 1522 1180 regno
1557 1120 1718 1180 atque
1748 1110 1863 1179 ipso

280 1223 404 1280 rege
452 1207 664 1278 privata
708 1213 793 1259 est
848 1222 862 1257 :
915 1204 1030 1272 ipsa
1082 1216 1260 1260 tamen
1314 1210 1498 1272 postea
1552 1200 1862 1272 aliquandiu

277 1298 476 1352 mansit
508 1294 825 1358 incolumis;
853 1292 1104 1348 similiter
1127 1301 1182 1347 et
1211 1292 1384 1346 Roma
1412 1301 1536 1360 post
1559 1305 1732 1344 annos
1776 1297 1863 1344 to~

279 1388 465 1449 tidem,
498 1386 602 1440 hoc
642 1393 725 1438 est
774 1383 921 1438 milie
951 1392 1168 1438 centum
1219 1382 1501 1452 sexaginta
1551 1389 1806 1449 quatuor,
1831 1395 1862 1434 a

278 1479 471 1534 Gothis
499 1486 556 1532 et
604 1476 822 1531 Alarico
857 1490 984 1546 rege
1032 1489 1254 1541 eorum,
1295 1474 1495 1530 comite
1538 1481 1719 1528 autem
1763 1489 1863 1528 suo

280 1575 485 1643 irrupta
511 1580 566 1626 et
588 1571 781 1641 opibus
801 1569 1050 1639 spoliata,
1083 1584 1224 1623 nunc
1268 1583 1438 1640 regno
1468 1576 1647 1622 manet
1687 1568 1864 1622 adhuc

278 1676 333 1723 et
355 1674 542 1735 regnat
568 1663 874 1718 incolumis.
903 1662 1164 1730 Quamvis
1191 1662 1246 1718 in
1271 1670 1479 1716 tantum
1509 1661 1726 1715 arcanis
1753 1667 1862 1714 sta-

279 1758 410 1812 tutis
459 1757 603 1810 inter
651 1767 939 1823 utramque
994 1753 1184 1808 urbem
1252 1753 1638 1807 convenientiae
1699 1735 1938 1806 totiusB

279 1851 411 1905 ordo
437 1856 687 1904 servatus
714 1847 806 1912 sit,
835 1854 896 1900 ut
931 1854 986 1901 et
1030 1845 1104 1899 ibi
1153 1844 1442 1916 praefectus
1467 1843 1584 1913 ejus
1627 1843 1863 1898 Arbatus

279 1954 504 2012 regnum
523 1937 816 2002 invaserit,
853 1944 908 1991 et
935 1935 1025 1990 hic
1049 1933 1343 2004 praefectus
1370 1933 1488 2002 ejus
1520 1933 1734 1988 Attalus
1780 1948 1867 1987 re-

277 2043 448 2102 gnare
474 2027 786 2092 tentaverit,
840 2025 1056 2081 tametsi
1102 2025 1246 2094 apud
1291 2025 1434 2079 hanc
1470 2024 1640 2078 solam
1670 2024 1865 2078 merito

279 2120 572 2177 Christiani
591 2118 933 2189 imperatoris
949 2117 1235 2172 attentatio
1250 2116 1476 2188 profana
1499 2125 1725 2170 vacuata
1752 2116 1824 2171 sit
1845 2132 1859 2168 :

280 2214 465 2282 itaque
500 2214 616 2268 hate
662 2212 733 2268 ad
785 2213 890 2267 hoc
933 2211 1205 2281 praecipue
1241 2209 1714 2264 commemoranda
1746 2222 1864 2262 cre-

279 2303 412 2368 didi,
454 2312 512 2358 ut
557 2311 706 2358 tanto
735 2319 936 2358 arcano
986 2300 1343 2358 inell'abilium
1386 2299 1716 2368 judiciorum
1768 2299 1864 2352 Dei

277 2407 345 2449 ex
371 2402 526 2464 parte
550 2391 838 2463 patefacto,
868 2392 1172 2461 intelligant
1200 2392 1254 2446 hi
1280 2391 1373 2461 qui
1406 2391 1728 2460 insipienter
1754 2389 1865 2443 uti-

281 2498 388 2554 que
441 2483 508 2537 de
557 2483 890 2552 temporibus
938 2481 1267 2537 Christianis
1302 2488 1666 2543 murmurant,
1697 2494 1864 2533 unum

282 2575 453 2632 Deum
481 2575 813 2644 disposuisse
850 2582 1116 2642 tempora,
1166 2579 1221 2627 et
1265 2571 1319 2625 in
1376 2569 1644 2640 principio
1688 2568 1867 2640 Baby-

281 2666 443 2730 lonis,
471 2673 528 2721 et
557 2665 612 2719 in
663 2663 769 2718 line
808 2663 1038 2718 Romani
1075 2661 1286 2732 imperii
1311 2701 1328 2726 ,
1378 2660 1523 2716 illius
1563 2659 1866 2715 clementia:

284 2771 405 2811 esse
433 2755 574 2826 quod
619 2753 854 2809 vivimus
887 2771 902 2806 :
935 2751 1082 2823 quod
1131 2760 1315 2806 autem
1359 2749 1560 2805 misere
1610 2749 1864 2812 vivimus,

285 2849 710 2918 intemperantiae
760 2853 976 2902 nostrai.
1022 2845 1164 2900 Ecce
1197 2842 1392 2900 similis
1423 2841 1729 2914 Babylonia:
1779 2856 1869 2896 or-

287 2947 374 2993 tus
401 2946 455 2993 et
494 2938 705 3004 Romae,
749 2936 944 2992 similis
991 2935 1254 3006 potentia,
1290 2932 1484 2988 similis
1531 2932 1863 3004 magnitudo,

283 3029 480 3084 similia
521 3037 784 3100 tempora,
822 3025 1020 3082 similia
1046 3027 1207 3090 bona,
1239 3023 1436 3080 similia
1459 3023 1599 3077 mala
1631 3041 1643 3076 :
1683 3031 1864 3078 tamen

288 3135 394 3174 non
427 3121 617 3175 similis
638 3099 822 3174 exitus
856 3116 1119 3172 similisve
1163 3114 1428 3170 delectus.
1463 3113 1555 3168 Illa
1597 3115 1745 3171 enim
1773 3130 1862 3170 re-
1893 3099 1936 3160 C

285 3225 452 3281 gnum
496 3209 698 3272 amisit,
730 3208 846 3262 bwc
895 3205 1129 3270 retinet;
1179 3204 1270 3258 illa
1307 3202 1685 3259 interfectione
1722 3204 1866 3274 regis

285 3304 496 3368 orbata,
521 3303 637 3358 bzec
666 3301 920 3357 incolumi
956 3300 1282 3370 imperatore
1321 3313 1512 3354 secura
1537 3307 1639 3354 est.
1668 3299 1736 3352 Et
1765 3300 1868 3354 hoc

287 3395 492 3464 quare?
539 3394 802 3460 Quoniam
850 3393 924 3447 ibi
974 3393 1028 3446 in
1079 3406 1205 3462 rege
1257 3391 1540 3446 libidinum
1593 3391 1868 3460 turpitudo

287 3486 513 3556 punita,
559 3485 649 3539 hic
690 3483 1016 3538 Christiana:
1071 3482 1350 3553 religionis
1400 3481 1866 3535 oontinentissima

285 3576 514 3647 aequitas
558 3576 613 3630 in
667 3590 794 3645 rege
837 3581 1052 3629 servata
1099 3581 1203 3628 est.
1247 3572 1326 3628 Ibi
1354 3571 1559 3642 absque
1593 3571 1870 3641 religionis

289 3668 595 3722 reverentia
623 3665 938 3721 aviditatem
974 3663 1267 3720 voluntatis
1293 3663 1511 3719 licentia
1543 3660 1746 3716 furoris
1769 3661 1871 3715 im-

289 3758 498 3829 plevit:
533 3757 622 3812 hic
668 3763 723 3812 et
747 3754 1047 3811 Christiani
1098 3753 1272 3819 fuere,
1309 3753 1402 3822 qui
1455 3759 1770 3822 parcerent,
1816 3758 1873 3805 et

289 3847 584 3903 Christiani
616 3847 813 3917 quibus
861 3852 1166 3916 parcerent,
1197 3853 1253 3900 et
1280 3843 1594 3907 Christiani,
1650 3851 1872 3914 propter

290 3953 522 4010 quorum
548 3937 888 4002 memoriam,
911 3944 969 3990 et
1016 3936 1072 3990 in
1099 3949 1332 4006 quorum
1375 3937 1638 3991 memoria
1673 3948 1868 4005 parce-

249 4095 251 4097 ι
293 4037 462 4084 retur.
507 4028 751 4102 Regnum
782 4026 1075 4082 Christiani
1123 4026 1307 4096 populi
1337 4026 1456 4081 sine
1490 4025 1598 4080 fine
1626 4039 1874 4095 perseve-

293 4115 762 4196 rabiteﬂﬁenim
782 4117 1016 4172 certavit
1045 4131 1270 4188 regnum
1300 4116 1690 4181 Romanorum,
1717 4123 1777 4168 ut
1798 4121 1874 4168 to-

296 4216 384 4264 tus
857 4215 1212 4263 concurreret
1241 4214 1298 4261 et
1324 4205 1662 4270 conveniret,
1689 4213 1750 4260 ut
1781 4203 1872 4260 uni

291 4275 769 4372 Δηικῗὲὂθῇιιωε
797 4300 964 4356 totius
987 4300 1137 4354 orbis
1159 4299 1582 4355 describeretur.
1615 4297 1728 4354 Hoc
1763 4297 1874 4354 Deo

294 4400 516 4446 auctore
545 4391 844 4461 praestitum
869 4400 956 4447 est
979 4389 1290 4446 Christiano
1307 4389 1527 4460 populo.
1560 4390 1678 4461 Ipse
1701 4391 1876 4445 nomi-

295 4493 457 4538 natur
481 4499 577 4553 pcr
599 4484 908 4540 universum
932 4482 1120 4538 orbem
1143 4489 1431 4546 terrarum,
1460 4482 1575 4551 ipse
1601 4483 1693 4538 uni
1719 4481 1876 4537 Chri-

293 4583 382 4630 sto
418 4589 546 4628 vere
569 4583 626 4628 et
645 4573 1032 4644 perpetualiter
1058 4570 1406 4628 describitur.
1433 4569 1551 4626 Non
1580 4572 1686 4625 erit
1714 4571 1878 4626 inane

294 4664 438 4734 quod
467 4665 733 4734 propheta
768 4665 906 4719 dixit
941 4682 955 4717 :
981 4661 1049 4716 In
1077 4677 1282 4716 omnem
1309 4670 1506 4714 terram
1537 4662 1693 4715 exivit
1716 4679 1876 4716 sonus

295 4772 508 4820 eorum,
530 4765 582 4809 et
628 4756 684 4808 in
723 4757 858 4825 fines
895 4754 1036 4810 orbis
1071 4764 1246 4819 terrm,
1279 4753 1435 4808 verba
1477 4769 1678 4807 eorum.
1709 4753 1774 4807 Et
1820 4755 1874 4807 in

297 4846 588 4915 Evangelia
615 4845 898 4902 Marci:Et
919 4846 976 4900 in
1004 4861 1181 4900 omnes
1217 4851 1392 4915 gentes
1419 4843 1646 4914 primum
1675 4851 1875 4914 oportet

295 4937 578 5005 prtedicari
604 4935 972 5007 Evangelium.

826 5026 1054 5084 CAPUT
1105 5026 1362 5082 LXXVII.

440 5118 519 5174 De
555 5121 900 5191 responsoriis
925 5120 990 5173 de
1020 5121 1238 5174 diuersis
1267 5121 1447 5191 ofﬁciis
1481 5120 1732 5175 collectis.

371 5209 551 5266 Inveni
581 5211 841 5280 quosdam
876 5212 1251 5281 responsorios
1277 5211 1518 5280 disperse
1542 5213 1748 5281 positos
1781 5225 1881 5280 per

299 5299 515 5356 diversa
567 5299 743 5356 cilicia
796 5301 1157 5366 nocturnalia,
1189 5302 1282 5371 qui
1331 5316 1438 5356 non
1483 5302 1880 5356 conveniebant

297 5408 424 5448 cum
449 5393 677 5458 caateris,
720 5393 910 5464 quales
933 5402 1095 5448 sunt:
1139 5391 1514 5461 (Disrumpam
1547 5392 1756 5446 vincula
1783 5409 1880 5462 po-

299 5481 412 5553 puli
445 5483 614 5556 κείν)
641 5499 803 5554 quem
831 5483 1011 5538 inveni
1063 5483 1205 5537 inter
1253 5481 1626 5551 responsorios
1662 5481 1729 5536 de
1774 5479 1883 5534 hla-

301 5576 540 5632 chabaais
572 5596 585 5631 :
616 5587 670 5635 et
699 5587 878 5634 tamen
933 5578 986 5632 in
1031 5575 1258 5632 historia
1301 5573 1730 5627 Machabieorum
1776 5585 1883 5625 non

307 5668 579 5725 invenitur
609 5688 622 5727 :
653 5679 724 5739 et,
755 5671 1004 5743 (Peccata
1029 5685 1142 5724 mea
1171 5669 1304 5724 sicut
1329 5667 1533 5736 sagittae
1567 5664 1746 5733 inﬁxa:
1766 5671 1886 5720 sunt

1968 478 2148 523 tamen
2201 469 2315 538 ipse
2345 482 2453 521 non
2494 475 2579 520 est
2620 474 2931 535 assumptus
2975 465 3042 520 de
3075 467 3312 534 psalmis.
3346 463 3551 522 Eadem

1965 565 2105 617 ratio
2129 571 2213 618 est
2235 563 2305 616 de
2338 563 2552 616 caateris
2581 561 2951 630 sequentibus,
2969 561 3059 629 qui
3088 560 3246 614 simul
3285 561 3339 614 in
3380 576 3549 617 unum

1963 658 2216 723 collecti,
2273 658 2436 729 positi
2483 667 2610 712 sunt
2644 658 2697 712 in
2753 667 2943 713 nostro
2991 657 3384 728 Antiphonario
3428 667 3554 728 post

1966 753 2344 822 responsorios
2365 754 2430 807 de
2455 753 2756 822 prophetis.
2775 751 3085 822 Collegiqne
3114 750 3270 805 simul
3289 752 3550 820 quasdam

1965 843 2309 914 antiphonas,
2360 858 2482 912 qua:
2532 851 2833 897 consonant
2903 842 3134 910 tempori
3205 840 3554 910 exomologe-

1965 949 2110 997 seos,
2139 941 2194 986 et
2245 932 2482 987 solemus
2533 947 2628 986 eos
2679 940 2734 984 et
2782 947 2876 986 eas
2929 945 3126 986 canere
3175 945 3274 998 per
3327 939 3554 994 noctes,

1964 1023 2181 1093 quando
2221 1023 2547 1076 observatur
2569 1020 2839 1091 jejunium
2872 1022 3157 1086 indictum,
3195 1030 3252 1075 et
3290 1019 3555 1090 jejunium

1965 1122 2200 1185 quatuor
2227 1119 2530 1183 temporum
2559 1113 2708 1166 anni.

2486 1227 2716 1283 CAPUT
2765 1227 3045 1282 Lit-XVIII.

1970 1320 2045 1374 De
2087 1319 2388 1391 antiphonis
2425 1320 2829 1442 conrerthupler.
2877 1319 3291 1373 convenientiam
3335 1318 3452 1372 soni
3499 1317 3559 1372 in

2724 1409 2749 1442 e
2776 1407 2883 1442 uta.

2724 1407 2883 1443 ειιιηι.

2054 1482 2379 1553 Δηιίρὴοῐιεε
2434 1482 2628 1552 aliqnze
2669 1490 2794 1536 sunt
2847 1489 2969 1550 post
3026 1480 3398 1550 responsorios
3446 1477 3559 1535 col-

1965 1569 2150 1636 lectae,
2189 1586 2420 1641 quarum
2457 1586 2624 1624 sonns
2667 1571 2921 1624 rezlactus
2955 1578 3039 1623 est
3088 1571 3142 1623 in
3183 1570 3296 1624 sola
3328 1569 3560 1623 Alleluia

1967 1660 2068 1715 sibi
2114 1660 2343 1716 invicem
2389 1657 2708 1728 conjuncta,
2752 1668 2812 1714 ut
2857 1675 2953 1729 per
2996 1660 3308 1715 Dominicas
3368 1670 3558 1716 noctes

1967 1769 2130 1822 super
2163 1753 2402 1822 psalmos
2443 1753 2789 1807 matutinales
2817 1752 2990 1806 solum
3029 1750 3255 1806 AL’eluia
3274 1749 3557 1817 audiatur,

1965 1844 2034 1898 ad
2051 1845 2456 1898 momorandam
2486 1844 2726 1898 laetitiam
2750 1843 2944 1898 futura:
2973 1844 3411 1908 rcs.rre_ctionis,
3435 1861 3556 1914 quae

1965 1942 2138 1988 restat
2177 1934 2232 1988 in
2259 1944 2452 1989 octava
2490 1935 2595 1989 die.
2639 1934 2921 2003 Excipitur
2949 1935 3183 2004 hymnus
3232 1934 3394 1987 trium
3425 1948 3558 2002 pue-

1965 2042 2184 2093 rorum,
2227 2027 2294 2082 de
2331 2043 2438 2097 quo
2487 2027 2748 2095 scriptum
2801 2027 3062 2080 habemus
3107 2025 3161 2078 in
3209 2023 3390 2079 libello
3444 2021 3560 2079 olli-

1965 2118 2112 2174 ciali.

2501 2209 2730 2265 CAPUT
2781 2207 3018 2263 LXXIX.

2061 2300 2140 2355 De
2177 2301 2361 2355 ordine
2399 2299 2682 2370 sepultura:
2724 2299 3082 2370 cujuscunque
3128 2297 3468 2354 Christiane.

2037 2411 2220 2466 Inveni
2249 2412 2303 2465 in
2337 2409 2582 2464 Romano
2601 2420 2655 2464 et
2683 2409 2735 2463 in
2768 2408 2992 2463 Metensi
3021 2409 3431 2479 Antiphonariis
3463 2426 3557 2463 or-

1967 2506 2147 2561 dinem
2200 2505 2498 2574 scriptum,
2529 2505 2800 2574 quomodo
2851 2504 2998 2574 fungi
3045 2503 3222 2559 ollicio
3271 2506 3557 2561 conveniat

1967 2597 2113 2651 circa
2165 2581 2303 2650 lines
2349 2595 2658 2660 hominum,
2691 2603 2746 2650 et
2785 2595 2931 2649 circa
2961 2594 3294 2664 sepulturam
3341 2611 3552 2650 eorum.

1969 2684 2048 2739 Ex
2086 2685 2327 2754 utrisque
2352 2683 2541 2756 collegi
2569 2700 2632 2738 ea
2662 2700 2782 2754 quae
2813 2693 2960 2739 recta
2992 2684 3120 2738 mihi
3157 2685 3478 2741 videbantur
3505 2694 3562 2742 et

1968 2775 2274 2832 rationabili
2320 2775 2503 2831 cursui
2551 2790 2871 2846 congruere,
2909 2782 3072 2844 atque
3123 2789 3186 2829 ea
3240 2776 3460 2830 redacta
3495 2776 3553 2832 in

1971 2879 2137 2918 unum
2176 2879 2394 2936 corpus,
2416 2864 2576 2934 posui
2603 2863 2704 2919 sub
2745 2880 2854 2920 uno
2884 2873 3035 2919 textu
3066 2864 3120 2918 in
3151 2864 3256 2920 line
3291 2865 3547 2938 Antipho-

1970 2955 2108 3010 narii
2136 2956 2330 3011 nostri.

2509 3049 2737 3108 CAPUT
2796 3051 3010 3106 LXXX.

1972 3141 2048 3196 De
2082 3143 2462 3216 responsoriis,
2509 3161 2626 3214 qua:
2665 3145 3018 3216 mutabantur
3059 3144 3128 3216 ab
3168 3144 3398 3216 antiquis
3439 3154 3562 3202 ante

2394 3212 2646 3282 hymnum
2689 3225 2885 3266 sancta!
2927 3212 2980 3265 Μ
2987 3215 3133 3266 urite.

2039 3301 2223 3355 Inveni
2257 3301 2309 3353 in
2337 3310 2552 3356 vetusto
2584 3302 2832 3356 Romano
2855 3303 3249 3371 Antiphonario
3272 3321 3562 3375 responso-

1971 3389 2051 3442 ria
2085 3389 2153 3442 ad
2193 3404 2466 3457 vesperos,
2503 3404 2624 3458 qua:
2655 3405 2756 3460 ego
2787 3391 3014 3446 subinde
3050 3393 3228 3447 audivi
3254 3409 3476 3461 canere,
3506 3403 3561 3450 et

1970 3478 2207 3531 cantavi.
2268 3477 2374 3532 Sed
2423 3479 2680 3548 quoniam
2732 3481 2967 3534 maxima
3016 3497 3144 3550 pars
3195 3485 3429 3555 regionis
3463 3501 3561 3541 no.

1971 3581 2097 3628 strzn
2133 3590 2238 3627 non
2272 3589 2334 3627 ea
2380 3573 2654 3638 cantabat,
2680 3590 2854 3642 neque
2893 3569 3044 3645 potui
3093 3577 3362 3631 rationem
3411 3578 3566 3634 inve-

1973 3666 2090 3720 nire
2118 3665 2372 3720 cantandi
2413 3682 2476 3720 ea
2518 3674 2644 3720 ante
2681 3667 2940 3736 hymnum
2969 3677 3170 3723 sancte
3197 3669 3401 3737 Mariae,
3437 3686 3562 3726 cum

1972 3767 2100 3812 ante
2125 3758 2386 3828 hymnum
2431 3757 2713 3813 Zachariae
2751 3773 2859 3813 non
2908 3766 3282 3826 cantarentur,
3335 3771 3559 3832 praeter-

1972 3850 2095 3904 misi
2118 3865 2202 3905 ea.
2240 3849 2312 3904 At
2357 3866 2498 3906 nunc
2538 3851 2663 3922 quia
2709 3851 2891 3906 inveni
2923 3867 2985 3908 ea
3023 3853 3076 3907 in
3107 3851 3356 3909 Romano
3406 3854 3562 3910 Anti-

1972 3939 2259 4010 phonario,
2289 3939 2377 3994 hic
2408 3940 2674 4011 subjungo
2709 3940 2820 3995 illa.
2861 3940 2918 3997 In
2961 3943 3197 3998 adventu
3232 3943 3442 3998 Domini
3477 3961 3562 4001 re—

1973 4031 2322 4100 sponsorius,
2357 4029 2432 4084 Tu
2460 4048 2767 4103 exsurgens,
2789 4032 3027 4099 Domine,
3059 4036 3382 4088 misereberis
3411 4035 3560 4102 Sion,

1972 4123 2098 4192 quia
2136 4131 2338 4192 tempus
2394 4122 2676 4176 miserendi
2723 4123 2861 4190 ejus,
2891 4123 3015 4192 quia
3071 4124 3204 4176 venit
3237 4132 3458 4192 tempus.
3500 4122 3560 4176 In

1973 4211 2260 4267 nativitate
2318 4212 2566 4276 Domini,
2629 4212 3040 4280 responsorius,
3097 4211 3411 4266 Benedictus
3465 4213 3557 4283 qui

1974 4303 2110 4357 venit
2134 4301 2187 4354 in
2212 4301 2420 4354 nomine
2446 4299 2680 4352 Domini.
2720 4298 2972 4354 Alleluia.
3020 4299 3246 4366 Versus,
3279 4301 3420 4357 Deus
3449 4301 3560 4358 Do-

1902 4393 2151 4494 Dminus
2185 4401 2232 4444 et
2275 4389 2449 4444 illuxit
2504 4390 2670 4444 nobis.
2717 4389 2775 4445 In
2817 4391 3115 4462 Epiphania
3157 4396 3556 4464 responsorius,

1980 4483 2103 4537 Dies
2146 4480 2510 4549 sancti/italus
2559 4480 2734 4535 illuxit
2779 4482 2949 4548 nobis,
3001 4482 3257 4548 Alleluia,
3308 4484 3558 4542 Alleluia.

1979 4572 2202 4634 Versus,
2222 4568 2398 4624 Venite
2419 4579 2614 4640 gentes,
2644 4579 2693 4623 et
2719 4571 2937 4626 adorate
2972 4570 3278 4634 Dominum.
3310 4573 3564 4641 Alleluia,

1979 4662 2233 4719 Alleluia.
2257 4660 2316 4715 In
2359 4660 2656 4715 Dominicis
2680 4661 2931 4715 noctibus
2959 4663 3358 4732 responsorius,
3391 4663 3562 4730 Quam

1977 4749 2317 4821 magniﬁcam
2331 4759 2450 4804 sunt
2481 4766 2636 4819 opera
2658 4760 2770 4815 tua,
2789 4749 3239 4806 Domine.Versus
3257 4769 3268 4804 :
3287 4751 3482 4808 Omnia
3509 4755 3566 4808 in

1978 4841 2234 4910 sapientia
2263 4839 2454 4909 fecisti,
2487 4838 2681 4910 repleta
2713 4849 2787 4893 est
2810 4849 2952 4894 terra
2990 4857 3149 4911 opera
3174 4842 3466 4909 tua,Deus.
3496 4842 3566 4898 Et

1986 4931 2182 4985 iterum
2239 4929 2653 4999 Responsorius,
2711 4944 2884 4998 usque
2921 4929 2988 4985 ad
3020 4943 3340 5001 vesperum,
3391 4930 3564 4998 Quam

1986 5021 2320 5092 magniﬁcam
2349 5030 2469 5074 sunt
2511 5037 2668 5091 opera
2696 5030 2810 5086 tua,
2838 5018 3080 5074 Domine.
3108 5021 3311 5078 Versus
3329 5063 3343 5087 ,
3373 5020 3566 5077 Omnia

1983 5113 2038 5166 in
2067 5111 2350 5182 sapientia,
2375 5119 2435 5164 ut
2455 5126 2638 5182 supra.
2677 5109 2818 5164 Infra
2862 5109 3258 5166 hebdomadam
3281 5128 3567 5182 responso-

1983 5201 2115 5257 rius.
2150 5200 2482 5270 Adjutorium
2525 5210 2762 5253 nostrum
2809 5199 2864 5254 in
2897 5202 3104 5255 nomine
3157 5199 3388 5255 Domini.
3432 5201 3567 5255 Ver-

1983 5307 2095 5356 sus,
2129 5290 2232 5356 Qui
2253 5289 2374 5360 fecit
2397 5288 2582 5343 caelum
2606 5298 2653 5343 et
2674 5298 2891 5355 terram,
2919 5305 3013 5360 per
3041 5291 3176 5344 duas
3202 5287 3567 5344 hebdomadas

1986 5382 2161 5449 infra;
2205 5382 2704 5452 Quadragesimam,
2735 5382 3112 5452 responsorius
3139 5400 3151 5434 :
3178 5379 3330 5434 Educ
3352 5379 3416 5433 de
3443 5395 3568 5434 car.

1988 5493 2103 5532 cere
2130 5477 2365 5531 animam
2409 5493 2600 5542 meam,
2626 5486 2682 5530 ut
2709 5477 3024 5544 conﬁteatur
3051 5475 3248 5529 nomini
3301 5483 3415 5538 tuo,
3459 5471 3568 5526 Do-

1991 5568 2147 5621 mine.
2182 5565 2409 5622 Versus:
2435 5566 2602 5621 Periit
2647 5567 2773 5636 [uga
2803 5583 2834 5618 a
2877 5581 2976 5630 me,
3023 5573 3070 5618 et
3116 5580 3220 5618 non
3249 5571 3326 5618 est
3370 5563 3460 5633 qui
3490 5578 3570 5616 reo

1991 5659 2166 5730 quirat
2191 5657 2420 5713 animum
2449 5673 2638 5714 meam.
2669 5655 2726 5712 In
2757 5655 3108 5726 sequentibus
3133 5653 3342 5712 duabus
3370 5652 3571 5712 hebdo-
