4000 6178
474 195 613 252 1515

1505 185 1836 240 AMALARII
1877 184 2312 241 PRESBYTERI
2355 184 2697 239 METENSIS

3610 190 3757 246 13ῑῦ

470 309 721 365 madibus
771 308 1148 378 responsorius
1191 325 1203 358 :
1242 306 1368 359 Esto
1408 306 1579 370 nobis,
1610 305 1853 370 Domine,
1894 309 2056 361 turris
2087 310 2132 369 Α
2161 325 2296 368 vum,
2361 318 2566 362 cantate
2615 308 2838 363 Domino
2889 310 3055 363 omnis
3101 317 3262 362 terra.
3313 306 3372 360 In
3420 307 3765 364 Ascensione

470 399 794 471 fortitudinis
843 415 875 451 a
921 398 1054 465 [acie
1109 396 1328 449 inimici.
1385 397 1440 448 In
1483 396 1792 450 novissimis
1843 397 2053 451 duabus

2165 401 2398 464 Domini,
2422 401 2669 465 Alleluia,
2700 399 2947 455 Alleluia.
2981 402 3206 464 Versus,
3230 399 3480 453 Ascendit
3513 398 3686 462 Deus,
3708 401 3769 454 in

471 468 893 542 hebdomadibus
946 485 1322 555 responsorius
1341 525 1355 549 ,
1398 482 1672 553 Usquequo
1735 483 2054 538 exaltabitur
2155 490 2493 558 jubitatione,
2522 500 2570 543 et
2602 490 2862 543 Dominus
2889 491 2945 542 in
2971 505 3087 544 voce
3115 489 3272 543 tuba.
3306 489 3364 542 In
3387 468 3590 542 diebus
3617 488 3765 544 Peu-

471 577 713 630 mimicus
741 591 884 629 meus
921 592 1078 645 super
1113 577 1237 629 me?
1270 575 1487 645 Respice
1517 583 1564 629 et
1586 575 1780 628 exaudi
1812 591 1910 638 me,
1944 576 2055 628 Do-

472 667 632 731 mine,
668 663 811 718 Deus
855 679 1027 718 meus.
1060 666 1280 729 Versus,
1305 664 1408 730 Qui
1449 664 1705 717 tributam
1734 679 1837 727 me,
1875 664 2053 718 exsul-

472 755 653 808 tabant
675 756 720 810 si
750 765 919 809 motus
955 757 1125 826 fuero,
1162 773 1254 826 ego
1281 766 1457 810 autem
1497 757 1552 808 in
1580 755 1942 808 misericordia
1969 765 2061 808 tua

471 847 696 913 speravi.
728 845 786 899 In
833 847 1179 915 paschalibus
1216 847 1441 910 diebus,
1489 846 1892 916 responsorius,
1926 841 2058 898 Alle-

474 933 606 998 luia,
636 933 882 988 Alleluia.
916 937 1133 999 Versus,
1169 935 1392 989 Cantate
1418 936 1641 990 Domino
1663 937 1927 991 canticum
1961 951 2057 988 uo-

481 1090 3070 1118 Μ

2165 590 2398 635 tecostes
2449 582 2869 651 responsorius,
2923 581 3180 645 Alleluia,
3230 579 3484 633 Alleluia.
3533 580 3765 644 Versus,

2165 670 2370 740 Repleti
2397 682 2518 724 sunt
2540 687 2719 725 omnes
2758 671 2962 741 Spiritu
2983 680 3192 735 sancto,
3212 681 3259 723 et
3283 679 3551 739 cuperent
3592 669 3766 738 loqui,

2162 760 2412 826 Alleluia,
2467 759 2718 814 Alleluia.
2769 761 2827 814 In
2879 759 3268 814 festivitatibus
3319 770 3650 813 sanctorum
3701 759 3768 814 de

2164 850 2521 943 responso.riis
2552 850 2788 919 propriis
2807 865 2927 918 quae
2955 851 3011 904 in
3039 857 3200 904 nocte
3221 857 3536 903 cantantur.

3075 1097 3756 1128 ἕπε,

1108 1239 2056 1358 8ῩΜΡΗο812

2189 1233 3152 1360 ΔΜΔῙιΔΒῙῙ

1365 1457 1801 1513 PRESBYTER]
1841 1454 2188 1510 METENSIS
2224 1455 2316 1509 ET
2356 1454 2850 1512 CHOREPISCOPI

881 1632 1574 1746 ECLOGA}
1663 1631 1864 1744 DE
1951 1631 2656 1748 OFFICIO
2739 1637 3334 1756 MISSIE.

1487 1833 1696 1898 (italum,
1723 1833 1950 1895 Capitul.,
1977 1845 2038 1888 ex
2065 1844 2154 1880 ms.
2173 1831 2225 1880 S.
2247 1831 2368 1880 Galli
2393 1834 2440 1880 in
2473 1832 2744 1896 Helvetia.)

483 2072 806 2120 INCIPIUNT
850 2047 1104 2112 setosa;
1151 2067 1230 2106 ne
1274 2064 1511 2105 ennius
1549 2061 1813 2105 ROMANO
1861 2061 1938 2102 ET
1981 2061 2061 2102 me
2091 2043 2138 2099 B
2235 2034 2302 2087 Χ.
2337 2034 2600 2104 Dcinoeps
2626 2049 2755 2089 vero
2785 2037 2928 2105 quod
2955 2039 3212 2107 agiturin
3245 2043 3424 2100 otheio
3460 2050 3668 2117 missa,
3693 2057 3758 2111 εδ

556 2149 852 2206 QUATUOR
876 2144 1295 2189 OﬂATIUNIBUS
1326 2141 1762 2185 EPISCOPOBUM
1792 2140 1932 2184 SIYE
1963 2140 2065 2181 P0-

556 2230 702 2273 PULI
750 2227 811 2268 IN
861 2225 1066 2268 MISSA.

549 2350 791 2422 Capitula
817 2346 1091 2416 sequentis
1112 2343 1354 2415 opusculi
1381 2351 1750 2413 praznotamus
1781 2348 1839 2394 ut
1857 2342 1902 2396 si
1924 2339 2062 2396 forte

481 2443 603 2514 quis
647 2442 864 2509 ignarus
909 2446 1128 2492 exstans
1163 2435 1229 2489 de
1276 2434 1610 2504 ignobilitate
1658 2433 1817 2502 hujus
1854 2433 2058 2502 operis,

483 2531 902 2602 aggrediensque
921 2525 1049 2580 illud
1066 2525 1218 2594 quasi
1236 2523 1470 2594 dignum,
1498 2539 1561 2578 ac
1582 2531 1766 2593 postea
1790 2523 2062 2593 reperiens

480 2622 607 2685 vile,
657 2633 724 2674 ne
764 2617 1080 2688 poenitentia
1129 2617 1322 2670 ductus
1355 2615 1499 2670 dicat
1539 2615 1678 2686 apud
1711 2616 2059 2684 semetipsum

481 2707 564 2767 vel
590 2712 728 2781 apud
756 2725 882 2764 suos
910 2715 1148 2761 astantes
1171 2725 1184 2759 :
1219 2705 1276 2760 Si
1303 2706 1674 2777 cognovisscm
1702 2705 2060 2760 rusticitatem

483 2803 642 2871 hujus
689 2801 889 2870 operis,
933 2798 1236 2852 nullatenus
1283 2796 1338 2850 in
1384 2810 1448 2850 eo
1495 2796 1733 2850 laborem
1779 2794 2060 2850 oculorum

482 2907 724 2946 meorum
753 2888 1115 2957 impenderem
1135 2906 1146 2939 :
1163 2887 1344 2942 videat
1367 2887 1522 2941 modo
1550 2887 1604 2940 in
1626 2886 1804 2956 capite
1829 2900 1947 2955 qua:
1978 2900 2063 2940 se-

481 2989 720 3048 quuntur
743 2993 910 3045 usque
941 2978 992 3029 in
1025 2976 1207 3030 ﬁnem.
1242 2977 1307 3029 Et
1339 2977 1384 3030 si
1413 2976 1657 3030 lectionis
1685 2991 1848 3030 causa
1877 2977 1931 3030 in
1963 2975 2062 3029 all-

482 3084 643 3137 quam
669 3081 921 3122 nauseam
941 3065 1251 3130 incurrerit,
1283 3081 1387 3118 non
1420 3065 1494 3118 illi
1523 3066 1613 3133 qui
1642 3065 1914 3120 ordinavit
1945 3075 2063 3120 tan-

483 3170 597 3214 tum
623 3160 868 3232 ingratus
906 3161 1122 3223 existat,
1170 3159 1265 3215 sed
1307 3168 1362 3214 et
1389 3159 1511 3220 sibi,
1541 3159 1631 3229 qui
1665 3159 1883 3230 "cognita
1913 3160 2062 3230 igno-

483 3250 706 3312 bilitate,
733 3251 906 3323 magis
933 3267 1050 3305 eam
1077 3250 1238 3322 elegit
1263 3249 1446 3304 rimari
1477 3265 1647 3320 usque
1673 3252 1740 3305 ad
1763 3251 1987 3306 calcem.

549 3342 591 3396 Ι.
621 3341 750 3396 Illud
779 3357 904 3398 vero
932 3342 1286 3398 intimandum
1313 3352 1395 3397 est
1417 3343 1556 3412 quod
1581 3358 1645 3397 ea
1673 3359 1791 3413 quae
1820 3343 2061 3399 celebra-

483 3446 604 3485 mus
636 3431 690 3485 in
715 3431 889 3487 ofﬁcio
919 3432 1094 3486 missae
1127 3440 1250 3487 ante
1282 3431 1481 3486 lectum
1510 3431 1845 3502 evangelium
1887 3435 2060 3503 respi-

481 3522 676 3578 cicntia
706 3533 828 3578 sunt
859 3523 926 3578 ad
954 3525 1187 3594 primum
1227 3525 1516 3579 adventum
1540 3525 1751 3579 Domini
1788 3539 1958 3593 usque
1992 3525 2059 3579 ad

482 3613 611 3667 illud
643 3622 852 3685 tempus
877 3615 1092 3684 quando
1132 3617 1461 3686 properabat
1499 3613 1831 3670 Hierusalem
1871 3631 2060 3687 passu-

486 3718 596 3756 l'llS.

554 3791 614 3844 ll.
637 3790 895 3848 lutroitus
920 3810 1048 3850 vero
1070 3795 1134 3852 ad
1160 3795 1384 3850 chorum
1406 3795 1788 3865 prophetarum
1817 3795 2058 3864 respicit,

485 3891 538 3933 et
567 3883 761 3936 merito
788 3885 886 3938 hos
916 3887 1183 3954 tangimus
1209 3886 1313 3950 hic,
1341 3887 1616 3956 quoniam,
1643 3895 1698 3940 ut
1727 3885 2059 3957 Augustinus

481 3967 581 4033 ait,
609 3967 819 4038 Moyses
848 3971 1092 4025 minister
1118 3972 1220 4026 l‘uit
1249 3973 1459 4027 Veteris
1487 3973 1837 4028 Testamenti.

549 4059 635 4114 lll.
674 4054 836 4130 Kyrie
877 4059 1070 4116 eleison
1115 4064 1182 4118 ad
1225 4078 1318 4117 eos
1366 4065 1657 4133 prepbetas
1702 4065 1920 4133 respicit
1966 4066 2059 4135 qui

480 4151 624 4207 circa
659 4153 946 4208 adventum
994 4153 1205 4208 Domini
1245 4163 1432 4218 erant;
1474 4153 1539 4208 de
1580 4153 1775 4223 quibus
1812 4164 1932 4209 erat
1959 4156 2058 4209 Za-

479 4241 713 4307 charias,
747 4259 952 4298 necnon
978 4251 1034 4297 et
1061 4244 1202 4299 ﬁlius
1230 4242 1346 4312 ejus
1383 4243 1636 4300 Joannes.

550 4313 639 4384 I.V.
669 4328 850 4386 Gloria
891 4334 948 4386 in
985 4333 1198 4388 excelsis
1246 4334 1353 4388 Deo
1399 4335 1464 4404 ad
1509 4344 1707 4389 emtum
1745 4336 2056 4406 angelorum

482 4421 722 4489 respicit,
753 4423 844 4491 qui
871 4423 1125 4493 gaudium
1163 4424 1458 4479 nativitatis
1508 4425 1720 4482 Domini
1750 4427 2086 4495 pastoribus

483 4515 956 4569 annuntiaverunt.
2009 4583 2012 4586 .

551 4603 614 4658 V.
647 4603 826 4659 Prima
861 4605 1086 4660 collecta
1127 4606 1194 4660 ad
1241 4607 1344 4663 lioc
1375 4607 1594 4676 respicit
1627 4609 1769 4676 quod
1798 4608 2058 4664 Dominus

480 4696 673 4764 agebat
717 4698 861 4751 circa
909 4696 1284 4751 duodecimum
1329 4714 1526 4752 annum
1563 4699 1776 4766 quando
1813 4697 2056 4753 ascendit

2167 2124 2300 2178 illud
2340 2131 2555 2194 tempus
2597 2126 2817 2194 respicit
2855 2130 3000 2196 quod
3038 2141 3121 2185 est
3153 2147 3183 2185 a
3205 2131 3511 2204 Dominica,
3542 2149 3758 2211 quando

2165 2216 2318 2285 pueri
2365 2216 2726 2270 obviaverunt
2775 2218 2824 2271 ei
2869 2234 3044 2289 usque
3086 2224 3153 2276 ad
3201 2224 3594 2284 Ascensionem
3643 2234 3758 2301 ejus

2165 2311 2279 2364 sive
2311 2308 2686 2364 Pentecosten.

2236 2399 2326 2453 XI.
2364 2399 2550 2455 Oratio
2595 2415 2726 2458 vero
2773 2417 2934 2471 quam
2977 2405 3261 2477 presbyter
3293 2409 3427 2464 dicit
3469 2428 3500 2464 ει
3547 2426 3755 2470 secreta

2163 2507 2336 2561 usque
2359 2491 2412 2546 Ν
2416 2493 2526 2546 obit
2547 2509 2752 2563 quoque
2771 2495 3149 2564 peccatoribus,
3181 2499 3320 2553 hanc
3338 2503 3650 2558 orationem
3669 2507 3754 2561 de-

2164 2583 2342 2654 signat
2365 2597 2527 2652 quam
2553 2582 2712 2638 Jesus
2737 2585 3028 2639 exercebat
3057 2587 3111 2640 in
3144 2598 3327 2644 monte
3351 2591 3578 2647 Oliveti.

2236 2675 2348 2731 XII.
2383 2676 2449 2730 Et
2475 2676 2604 2731 illud
2630 2676 2776 2746 quod
2804 2687 2990 2746 postea
3018 2679 3213 2750 agitur,
3266 2682 3396 2737 illud
3443 2693 3656 2755 tempus
3683 2689 3756 2741 si-

2163 2765 2385 2837 gniﬁcat
2409 2767 2624 2834 quando
2646 2767 2908 2821 Dominus
2935 2767 2989 2820 in
3018 2770 3266 2839 sepulcro
3294 2773 3489 2841 iacuit.

2234 2858 2370 2912 Xlll.
2401 2858 2469 2912 Et
2491 2859 2708 2928 quando
2734 2860 2890 2928 panis
2916 2859 3150 2915 mittitur
3191 2864 3246 2916 in
3275 2865 3483 2931 vinum,
3517 2871 3748 2924 aiman

2165 2950 2378 3005 Domini
2407 2951 2478 3004 ad
2503 2965 2702 3020 corpus
2730 2951 2910 3005 redire
2931 2952 3288 3008 demonstrat.

2233 3038 2372 3098 XIV.
2402 3041 2470 3095 Et
2491 3041 2632 3110 quod
2653 3050 2838 3110 postea
2867 3042 3190 3109 celebratur,
3217 3046 3486 3115 signiﬁcat
3516 3050 3647 3104 illas
3671 3067 3749 3104 sa-

2164 3130 2456 3185 lutationes
2481 3146 2617 3200 quas
2639 3130 2892 3186 Christus
2919 3133 3044 3187 fecit
3065 3134 3345 3205 discipulis
3367 3138 3501 3191 suis.

2235 3221 2348 3277 XV.
2372 3221 2444 3275 Et
2471 3221 2664 3277 fractio
2691 3222 2992 3277 oblatarum
3044 3224 3190 3279 illam
3238 3225 3561 3283 fraetionem
3593 3232 3752 3302 signi-

2166 3310 2292 3366 ﬁcat
2321 3327 2483 3381 quam
2511 3313 2719 3368 duobus
2760 3312 3020 3370 Dominus
3053 3315 3180 3371 feeit
3225 3319 3502 3388 discipulis
3547 3325 3668 3378 suis
3703 3325 3750 3377 is

2089 3415 2133 3476 ρ
2165 3402 2386 3458 Emaus.

2287 3495 2362 3549 De
2389 3495 2625 3550 Romano
2652 3498 2835 3553 ordine
2859 3508 2908 3552 et
2935 3500 2999 3553 de
3025 3501 3250 3555 statione
3276 3503 3334 3555 in
3364 3501 3626 3559 Ecclesia.

2233 3585 2455 3641 Masculi
2485 3594 2629 3641 stant
2658 3588 2726 3642 ad
2749 3589 3041 3643 australem
3071 3600 3303 3660 partem,
3344 3602 3400 3646 et
3434 3592 3658 3648 femina
3681 3596 3748 3648 ad

2163 3676 2456 3742 borealem,
2510 3684 2570 3730 ut
2612 3679 2932 3733 ostendatur
2977 3695 3074 3749 per
3121 3681 3505 3749 perfectiorem
3562 3698 3749 3739 sexum

2151 3765 2428 3820 'ﬁrmiores
2450 3775 2666 3822 sanctos
2691 3781 2907 3838 semper
2951 3771 3207 3824 constitui
3233 3770 3286 3823 In
3312 3771 3611 3840 majoribus
3635 3783 3756 3826 ten-

2161 3856 2453 3910 tationibus
2502 3866 2668 3912 astus
2707 3857 2866 3926 hujus
2905 3859 3110 3923 mundi,
3160 3869 3217 3913 et
3252 3874 3352 3928 per
3394 3861 3744 3917 inﬁrmiorem

2160 3945 2598 4016 fragilioremque
2646 3953 2832 4002 sexum
2881 3948 3212 4004 inﬁrmiores
3255 3950 3311 4004 in
3355 3951 3570 4020 aptium
3609 3951 3740 4007 loco.

2160 4037 2241 4090 Ad
2271 4030 2374 4091 hoc
2401 4038 2565 4091 etiam
2594 4037 2830 4107 pertinet
2851 4039 2998 4108 quod
3037 4047 3094 4094 et
3122 4037 3361 4095 Joannes
3387 4041 3445 4094 in
3484 4033 3745 4111 Apocaly-

2160 4128 2240 4196 psi
2267 4141 2363 4181 sua
2388 4127 2522 4182 vidit
2549 4127 2796 4198 angelum
2829 4130 3024 4183 fortem
3052 4131 3143 4198 qui
3166 4131 3348 4200 posuit
3369 4129 3744 4200 pedm-suun

2159 4219 2410 4274 dextrum
2461 4233 2628 4288 super
2679 4234 2849 4285 mare,
2895 4222 3172 4276 sinistrum
3209 4233 3599 4294 aumanper
3642 4232 3744 4278 ter—

2159 4323 2295 4363 ram.
2326 4310 2572 4364 Fortiora
2599 4311 2801 4365 etenim
2841 4313 3084 4367 membra
3123 4309 3511 4382 inmajoﬁbus
3535 4315 3744 4383 perieu—

2159 4399 2246 4466 lis,
2276 4400 2447 4455 altera
2478 4401 2532 4454 in
2555 4404 2989 4471 competentibus
3013 4403 3298 4459 sistuntur.

2648 4491 2726 4545 De
2753 4493 2973 4547 introitu
3002 4495 3248 4564 episcopi.

2227 4583 2525 4653 Episcopus
2556 4599 2587 4638 a
2621 4584 2752 4639 laava
2793 4585 3112 4654 ingreditur,
3148 4597 3206 4642 et
3233 4591 3432 4645 transit
3461 4591 3532 4646 ad
3561 4593 3743 4648 deue-

2157 4688 2294 4728 ram.
2322 4673 2527 4729 Christi
2555 4690 2721 4728 unum
2756 4689 2955 4745 corpus
2989 4691 3088 4731 nos
3119 4692 3305 4732 sumus
3329 4693 3561 4742 omnes;
3601 4681 3742 4735 ideo-

481 4781 923 4853 Hierosolymam,
970 4793 1025 4839 et
1071 4786 1291 4840 sedebat
1332 4787 1386 4840 in
1431 4763 1629 4855 templo
1669 4787 1810 4841 inter
1850 4787 2058 4844 medios
2082 4763 2137 4823 D
2162 4779 2268 4837 (Ιυθ
2296 4765 2377 4820 fas
2403 4773 2489 4819 ⁸³⁸
2515 4765 2656 4834 (ιυθδ
2679 4767 2969 4837 episcopus
3010 4768 3220 4823 inm
3251 4769 3542 4826 eodem”
3571 4775 3741 4827 ίαίίθ·

478 4867 781 4935 doctorum,
814 4877 868 4925 et
898 4871 1150 4927 audiebat
1189 4874 1307 4928 illos
1335 4883 1497 4943 atque
1525 4869 1910 4946 interregabat.

552 4955 636 5009 Vl.
662 4959 897 5026 Epistula
925 4963 990 5015 ad
1019 4962 1451 5032 prtedicationem
1478 4961 1699 5018 Joannis
1730 4965 1980 5034 pertinet.

553 5049 658 5103 Vll.
687 5050 1103 5120 Responsorium
1126 5055 1192 5108 ad
1215 5054 1638 5109 benevolentiam
1667 5057 2050 5125 apostolorum,

478 5141 694 5207 quando
726 5142 894 5196 vocati
934 5159 964 5196 a
997 5142 1247 5210 Domino,
1275 5153 1329 5199 et
1352 5147 1520 5200 secuti
1552 5155 1696 5200 sunt.

552 5228 681 5283 V'lll.
713 5228 936 5283 Alleluia
964 5231 1028 5283 ad
1057 5231 1295 5285 laetitiam
1331 5234 1524 5287 mentis
1557 5248 1742 5288 eorum
1773 5250 1932 5304 quam
1955 5236 2050 5291 ha-

479 5319 675 5373 bebant
705 5319 770 5374 de
795 5321 1242 5388 promissionibus
1270 5321 1404 5389 ejus,
1432 5323 1515 5378 vel
1545 5325 1610 5378 de
1639 5325 1910 5380 miraculis
1935 5342 2053 5396 qua:

479 5411 731 5465 videbant
756 5411 870 5465 ﬁeri
897 5411 965 5464 ab
989 5427 1053 5465 eo
1076 5412 1187 5466 sive
1213 5426 1310 5481 per
1337 5427 1531 5468 nomen
1559 5413 1697 5482 ejus.

551 5500 639 5553 IX.
665 5501 1011 5572 Evangelium
1043 5503 1109 5556 ad
1145 5517 1294 5558 suam
1321 5504 1754 5572 przedicationcm
1790 5521 1961 5575 usque
1987 5506 2053 5561 ad

479 5589 791 5654 pnedictum
819 5601 1044 5661 tempus.

2160 4865 2250 4911 tur
2271 4871 2426 4911 suum
2454 4863 2615 4926 caput
2640 4855 2916 4912 Christum
2945 4859 3333 4928 ingredientem
3363 4861 3426 4914 in
3456 4865 3737 4918 mundun.

2161 4951 2373 5006 Laevam
2403 4959 2611 5018 partem
2647 4950 2823 5021 tetigit
2862 4949 3113 5007 Salvator
3138 4963 3340 5015 noster,
3371 4956 3502 5022 quia
3537 4963 3741 5025 καυμ-

2160 5041 2326 5095 ralem
2357 5040 2678 5110 assumpsit;
2709 5041 2804 5096 sed
2847 5040 3100 5096 tendebat
3147 5043 3213 5096 ad
3252 5043 3537 5098 dexteram
3567 5055 3626 5100 et
3651 5049 3740 5098 do-

2159 5133 2317 5187 cebat
2339 5132 2392 5186 id
2420 5131 2594 5202 ipsum
2637 5130 2936 5186 Ecclesiam
2973 5131 3175 5198 facere,
3204 5134 3463 5204 quoniam
3498 5149 3739 5190 nasus-re-

2158 5225 2336 5279 ctione
2383 5238 2604 5278 carnem
2653 5238 2817 5292 quam
2864 5224 3155 5294 assumpsit
3200 5225 3268 5278 ad
3315 5225 3603 5280 dexteram
3647 5225 3736 5280 Dei

2159 5315 2423 5378 elevavit,
2480 5325 2534 5368 et
2583 5313 2879 5370 Ecclesium
2929 5330 3082 5369 suam
3135 5330 3320 5370 secum
3374 5315 3510 5370 fecit
3551 5318 3742 5372 cousi-

2158 5406 2288 5460 dere
2343 5406 2396 5459 in
2457 5407 2808 5472 calestibus,
2882 5407 3022 5460 sicut
3073 5407 3206 5461 dicit
3259 5407 3465 5461 Paulus
3517 5416 3736 5477 aposto-

2159 5497 2265 5562 lus,
2303 5497 2428 5566 quia
2469 5496 2629 5550 simul
2675 5496 2932 5550 excitavit
2975 5505 3030 5551 et
3076 5496 3237 5550 simul
3281 5497 3477 5551 sedere
3513 5497 3641 5550 fecit
3679 5495 3734 5547 in

2159 5593 2485 5648 caelestibus.
2515 5591 2653 5646 Audi
2699 5593 2826 5660 quid
2873 5591 3005 5647 dicit
3035 5591 3289 5645 Salomon
3329 5591 3398 5645 de
3427 5591 3646 5644 dextera
3681 5595 3741 5642 et
