4000 6178
359 205 497 260 1317
563 198 573 209 ’

1474 196 1773 253 Εςιοσιε
1816 198 1904 253 DE
1943 198 2212 283 OFEICIO
2252 198 2501 255 MISSE.

3487 206 3626 291 ista

355 320 488 376 laeva
517 336 529 370 :
565 314 858 386 Longitudo
891 314 1093 381 dierum
1124 311 1175 366 in
1206 310 1417 364 dextera
1444 312 1580 381 ejus,
1628 321 1675 363 et
1717 311 1771 363 in
1810 311 1939 363 sini-
1968 316 2015 373 Λ
2046 318 2148 373 tes,
2175 318 2229 363 et
2258 309 2401 364 dedit
2426 326 2611 378 pacem
2644 310 2729 363 his
2753 311 2846 379 qui
2890 310 3104 364 fuerant
3150 311 3305 385 longe
3322 318 3504 385 (quiis
3532 322 3625 391 qui

348 424 464 467 stru
491 406 634 461 illius
660 405 852 459 divitiae
879 413 927 457 et
955 399 1145 473 gloria.
1193 400 1249 455 Si
1279 400 1437 472 longo
1482 408 1723 473 tempore
1761 400 1943 454 vivere

354 499 620 570 cupimus,
655 497 720 550 ad
752 495 1049 558 dexteram,
1080 493 1131 548 id
1161 500 1243 547 est
1271 490 1338 545 ad
1366 490 1603 545 futuram
1633 484 1798 545 vitam
1826 500 1940 545 ten-

355 588 567 652 damus,
593 594 648 641 et
673 585 727 639 in
760 585 977 640 sinistra
1012 583 1327 639 habebimus
1362 583 1577 637 divitias
1608 591 1663 638 et
1692 581 1938 655 gloriam,

359 677 409 733 id
436 686 540 743 est,
572 674 945 732 sufﬁcientiam
980 672 1261 745 praesentis
1288 672 1433 729 vitae.

458 823 467 829 ,
506 766 585 820 De
613 764 921 820 diaconibus
948 773 996 817 et
1025 763 1224 817 cwteris
1259 762 1512 817 ministris
1541 762 1782 836 episcopi.

424 842 633 914 latrant
656 872 778 912 cum
804 873 869 912 eo
890 871 993 909 non
1030 854 1257 925 amplius
1284 871 1445 926 quam
1475 863 1680 926 septem
1706 856 1939 922 diaconi,

355 950 577 1007 totidem
619 947 955 1013 subdiaconi,
1000 947 1221 1001 totidem
1257 944 1491 1016 acolythi
1528 962 1648 1001 cum
1696 945 1943 1001 thuribu-

354 1041 422 1095 iis
463 1055 567 1093 non
597 1036 826 1107 amplius
864 1052 1025 1105 quam
1072 1035 1266 1092 ternis.
1298 1034 1454 1106 Saepe
1486 1035 1748 1106 scriptum
1783 1043 1867 1090 est
1887 1042 1942 1089 et

355 1131 408 1187 in
433 1129 616 1187 multis
638 1129 771 1184 locis
792 1136 1035 1198 apertum
1063 1126 1205 1196 quod
1232 1127 1540 1197 septenario
1566 1142 1795 1182 numero
1822 1122 1943 1181 uni-

354 1219 586 1276 versitas
627 1218 883 1274 Ecclesiae
924 1216 1254 1293 designatur,
1285 1216 1539 1286 quoniam
1572 1216 1942 1287 multiplicatis

352 1311 599 1382 partibus
630 1309 741 1364 suis
777 1309 904 1363 facit
930 1307 1233 1371 duodecim,
1262 1306 1315 1361 id
1341 1313 1424 1361 est
1448 1314 1534 1359 ter
1560 1313 1791 1376 quatuor
1814 1305 1942 1361 duo-

355 1401 552 1465 decim,
590 1407 641 1453 et
673 1408 864 1469 quater
911 1398 1011 1453 tria
1050 1396 1353 1460 duodecim,
1398 1405 1452 1450 et
1498 1408 1564 1450 ex
1611 1396 1941 1450 duodenario

356 1506 580 1546 numero
609 1489 1043 1561 patriarcharum
1081 1495 1137 1541 et
1166 1485 1530 1558 apostolorum
1560 1485 1808 1551 universa
1836 1484 1937 1541 Ec—

355 1581 517 1636 clesia
544 1587 892 1651 propagatur.
940 1577 995 1632 Si
1038 1575 1457 1648 interrogaveris
1481 1590 1649 1645 quare
1684 1591 1789 1630 non
1820 1591 1944 1647 pos-

2045 416 2231 472 prope.

2175 491 2250 545 De
2277 492 2457 548 Gloria
2484 492 2654 557 Patri,
2682 501 2732 547 cl
2765 491 2923 558 Filio,
2952 503 3007 548 et
3036 494 3261 564 Spiritui
3287 504 3497 553 sancto.

2113 577 2241 636 Post
2293 581 2473 636 datam
2525 596 2714 652 pacem
2776 584 3070 639 concordat
3112 593 3314 641 sancta:
3371 588 3624 646 Trinitati

2043 668 2289 740 gloriam,
2317 670 2468 740 quasi
2494 670 2639 726 dicat
2669 684 2684 724 :
2712 669 2951 726 Gloriam
2982 672 3271 728 referimus
3305 675 3418 730 Deo
3451 677 3625 747 Patri,

2042 768 2097 813 et
2126 759 2281 824 Filio,
2324 769 2379 816 et
2404 759 2628 831 Spiritui
2657 771 2864 826 sancto,
2912 762 3036 830 quia
3079 777 3268 833 pacem
3299 779 3459 833 quam
3495 783 3626 837 pro-

2041 850 2283 918 phetavit
2302 864 2401 919 per
2427 860 2645 907 sanctos
2675 865 2800 906 suos
2826 852 3117 921 prophetas
3143 854 3298 909 nobis
3325 869 3379 908 ιη
3402 857 3630 911 novissi-

2041 940 2149 995 mis
2189 941 2523 1012 temporibus
2559 942 2810 1013 dignatus
2835 949 2920 997 est
2942 944 3246 998 ostendere.
3289 944 3515 1012 Quando
3539 948 3626 1003 di-

2043 1032 2136 1098 cit,
2166 1033 2312 1087 Sicut
2341 1043 2474 1098 erat,
2499 1033 2707 1089 diaconi
2738 1036 3034 1103 procedunt
3059 1036 3126 1090 ad
3155 1036 3326 1092 altare
3348 1045 3404 1092 et
3428 1038 3626 1093 iterum

2042 1129 2390 1176 revertuntur
2413 1122 2481 1177 ad
2509 1124 2819 1194 episcopum
2854 1133 2909 1179 et
2941 1133 3085 1179 stant
3111 1128 3297 1205 egecti.
3331 1126 3442 1183 Hoc
3465 1130 3629 1200 signi-

2042 1211 2167 1265 neat
2188 1212 2330 1281 quod
2357 1212 2480 1267 ideo
2505 1214 2664 1267 morti
2688 1229 2747 1269 se
2775 1214 3135 1281 tradiderunt,
3167 1218 3483 1273 subauditur
3500 1234 3629 1290 apo-

2042 1302 2189 1369 stoli,
2219 1311 2280 1357 ut
2314 1302 2513 1359 Christi
2553 1305 2768 1374 corpori
2815 1306 3201 1362 adunarentur.
3252 1308 3307 1362 In
3337 1323 3445 1379 quo
3466 1324 3628 1365 versu

2040 1396 2278 1451 varietas
2321 1396 2696 1469 multiplicium
2750 1404 3051 1473 temporum
3100 1401 3522 1466 demonstratur,
3572 1399 3627 1455 id

2041 1496 2143 1552 est,
2170 1488 2305 1541 sicut
2338 1496 2450 1542 erat
2478 1489 2533 1541 in
2558 1488 2828 1557 principio,
2866 1488 3198 1557 praeteritum
3232 1499 3289 1544 et
3317 1505 3458 1545 nunc
3488 1505 3627 1559 prae-

2042 1590 2189 1645 s‘ens,
2220 1587 2273 1635 et
2315 1590 2533 1649 semper
2554 1578 2796 1633 futurum
2822 1587 2877 1634 et
2904 1587 3193 1645 aeternum,
3234 1591 3290 1638 et
3336 1584 3388 1637 in
3434 1586 3628 1640 srecula

355 1671 464 1726 sint
493 1686 613 1726 esse
654 1669 707 1724 in
752 1684 816 1724 eo
854 1656 1045 1725 ordine
1073 1683 1167 1723 sex
1202 1675 1295 1722 aut
1318 1677 1551 1737 quatuor
1579 1672 1671 1720 aut
1700 1665 1829 1732 duo,
1857 1682 1941 1721 re-
1969 1659 2016 1718 B
2043 1669 2360 1724 saeculorum
2404 1668 2683 1740 longitudo
2710 1683 2927 1738 magna.
2970 1668 3124 1725 Unde
3152 1671 3412 1742 Origenes
3437 1690 3453 1727 :
3482 1676 3628 1742 Quo-

355 1762 630 1833 spondebo
672 1760 797 1830 quia
838 1758 980 1814 Deus
1031 1758 1225 1828 impari
1274 1772 1501 1814 numero
1546 1754 1762 1828 gaudet.
1807 1755 1938 1823 Cur,

354 1856 557 1928 inquis,
578 1855 722 1910 Deus
748 1853 945 1926 gaudet
990 1852 1184 1931 impari
1221 1853 1480 1908 numero?
1507 1851 1657 1919 Dico,
1686 1851 1811 1923 quia
1840 1852 1941 1906 im-

356 1962 453 2018 par
481 1961 741 2002 numerus
780 1943 945 2000 dividi
969 1959 1075 2000 non
1115 1950 1313 2015 potest,
1362 1951 1418 1998 et
1467 1941 1785 1998 divisionem
1830 1958 1939 1997 non

358 2036 469 2090 vult
497 2035 643 2090 Deus
672 2033 912 2104 recipere
938 2032 990 2086 in
1022 2031 1265 2088 Ecclesia
1294 2047 1411 2087 sua.
1436 2031 1543 2086 Par
1568 2048 1828 2089 numerus
1859 2032 1941 2088 di-

355 2130 463 2185 vidi
493 2136 671 2199 potest
715 2127 856 2182 sicut
883 2133 966 2180 est
1011 2138 1104 2180 sex
1145 2124 1199 2179 in
1231 2132 1363 2191 tres,
1393 2132 1449 2179 et
1472 2132 1705 2195 quatuor
1729 2124 1784 2179 in
1811 2125 1937 2191 duo,

347 2210 411 2281 et
439 2222 546 2277 duo
575 2222 627 2275 in
655 2235 841 2275 unum.
872 2217 937 2273 Et
964 2233 1129 2272 unum
1158 2215 1279 2273 ideo
1306 2232 1491 2289 parem
1520 2233 1805 2273 numerum
1832 2234 1941 2289 non

358 2313 683 2384 suscipimus
704 2311 755 2365 iu
785 2309 975 2365 ordine
1004 2308 1337 2379 supradicto,
1377 2309 1505 2380 quia
1542 2308 1861 2364 divisionem
1886 2284 1954 2364 et‘

359 2403 595 2459 schisma
651 2416 760 2456 non
814 2399 930 2455 vult
968 2398 1112 2455 Deus
1157 2399 1395 2470 recipere
1444 2400 1500 2454 in
1537 2398 1780 2454 Ecclesia
1821 2415 1937 2455 sua.

360 2494 617 2565 Quamvis
648 2494 944 2551 tacuissent
968 2493 1035 2549 de
1062 2502 1267 2564 septem
1294 2492 1609 2547 diaconibus
1636 2491 1704 2546 ab
1730 2500 1941 2562 aposto-

360 2588 426 2643 lis
460 2586 746 2661 ordinatis,
789 2602 856 2642 ex
897 2586 1023 2642 hinc
1063 2585 1421 2642 decreverunt
1441 2584 1665 2656 apostoli
1702 2584 1784 2640 vel
1821 2600 1943 2639 suc-

360 2690 605 2732 cessores
641 2676 1005 2748 apostolorum
1050 2690 1149 2746 per
1191 2690 1381 2732 omnes
1430 2675 1697 2731 Ecelesias
1735 2684 1941 2745 septem

361 2768 636 2837 diaconos,
682 2768 774 2839 qui
816 2767 1116 2824 sublimiori
1172 2767 1340 2839 gradu
1378 2774 1560 2823 essent
1607 2768 1843 2833 exteris,
1889 2776 1945 2822 et

360 2857 592 2928 proximi
636 2858 783 2915 circa
823 2873 972 2914 aram
1004 2859 1157 2930 quasi
1196 2858 1460 2915 columna
1499 2859 1687 2915 altaris
1725 2860 1942 2916 assiste-

364 2957 503 3017 reut,
527 2958 732 3020 septem
758 2959 978 3021 propter
1001 2959 1207 3021 septem
1230 2951 1377 3008 viros
1397 2950 1686 3022 perfectos,
1704 2952 1941 3022 quinque

2041 1761 2143 1816 ties
2188 1761 2384 1817 saecula
2431 1762 2749 1817 saeculorum
2798 1762 3177 1828 nominantur,
3227 1763 3457 1821 fortasse
3502 1767 3631 1822 licet

2041 1852 2256 1923 ignotus
2282 1852 2463 1918 nobis,
2500 1859 2678 1907 tamen
2708 1864 2736 1905 a
2763 1851 2990 1907 Domino
3016 1859 3188 1907 status
3220 1852 3416 1923 aliquis
3440 1858 3628 1911 termi-
3655 1904 3665 1925 ,

2039 1958 2145 1997 nus
2180 1942 2469 2007 indicatur,
2503 1942 2658 2011 quasi
2686 1942 2966 2011 superiora
2998 1942 3100 1995 tria
3129 1942 3274 1997 circa
3304 1951 3516 2014 tempus
3545 1946 3633 2000 re-'

2038 2032 2313 2099 ferantur,
2366 2042 2421 2089 et
2470 2028 2574 2089 is‘ta
2624 2033 2882 2088 inferiora
2936 2034 3081 2090 circa
3136 2034 3331 2089 saecula
3387 2035 3626 2093 fidelium

2040 2126 2458 2180 transeuntium.
2494 2124 2681 2180 Altare
2713 2140 2814 2195 pro
2838 2126 3126 2181 testatione
3165 2127 3629 2185 nominisChristi

2040 2219 2146 2273 vidi
2173 2219 2267 2273 sub
2302 2217 2471 2272 altare
2499 2233 2599 2287 per
2640 2218 2975 2289 hyperbaton
3006 2218 3205 2273 dictum
3244 2227 3358 2284 est;
3398 2234 3503 2274 non
3531 2220 3627 2275 sub

2041 2308 2137 2363 ara
2163 2309 2268 2362 vidi
2299 2309 2552 2374 occidere,
2590 2308 2684 2364 sed
2726 2309 2816 2379 qui
2844 2310 2937 2363 sub
2976 2325 3071 2362 ara
3101 2309 3313 2378 fuerunt
3343 2311 3519 2376 occisi,
3570 2310 3629 2365 id

2042 2380 2144 2463 est,
2182 2399 2282 2453 sub
2316 2396 2699 2453 testificatione
2745 2396 2979 2451 nominis
3025 2395 3251 2463 Christi,
3286 2413 3472 2452 eorum
3512 2398 3631 2453 aui-

2041 2504 2160 2544 mas
2202 2489 2330 2544 vidi.
2378 2488 2604 2556 Quando
2647 2488 2848 2543 dicitur
2894 2486 3224 2558 prophetalis
3260 2502 3467 2555 versus,
3514 2489 3630 2558 epi-

2043 2594 2239 2650 scopus
2267 2579 2414 2635 vadit
2453 2579 2520 2634 ad
2564 2579 2755 2643 altare,
2784 2586 2839 2634 et
2866 2577 3141 2634 osculatur
3175 2595 3328 2645 eum;
3373 2580 3497 2650 quia
3528 2595 3629 2651 per

2042 2685 2137 2726 ora
2185 2673 2571 2742 prophetarum
2625 2670 2870 2727 Christus
2914 2672 3064 2725 venit
3117 2671 3170 2725 in
3226 2673 3521 2738 mundum,
3572 2683 3631 2728 et

2042 2762 2298 2816 transivit
2323 2763 2391 2816 ad
2414 2760 2752 2817 Passionem.

2480 2854 2559 2910 De
2581 2856 2805 2910 statione
2826 2855 3191 2910 diaconorum.

2114 2943 2336 3000 Dlaconi
2358 2930 2538 3016 primo
2559 2954 2705 3001 stant
2728 2944 2976 3000 inclinati
3005 2954 3131 3002 ante
3159 2946 3330 3002 altare
3358 2963 3478 3003 eum
3511 2948 3629 3021 epi-

360 3003 1084 3111 propter'quinduc‘librosr
1100 3040 1297 3111 Moysi,
1340 3003 1449 3097 trtis
1492 3003 1738 3112 propter
1764 3003 1936 3112 δρέπῃ,
1967 3003 2013 3066 C
2044 3048 2208 3106 scopo
2241 3003 2415 3106 usque
2444 3036 2579 3091 sicut
2606 3045 2735 3100 erat,
2769 3035 2892 3104 quia
2921 3037 3120 3112 chorus
3168 3045 3466 3110 martyrum
3504 3003 3631 3094 san-

363 3130 521 3187 ﬁdem
543 3140 598 3184 ct
617 3130 959 3197 eharitatem,
977 3147 1116 3186 unus
1140 3142 1360 3202 propter
1378 3133 1640 3187 unitatem
1664 3131 1936 3189 Ecclesiae.

799 3221 877 3282 De
901 3225 1194 3295 portatione
1215 3240 1500 3278 cereorum.

432 3313 575 3383 Quot
603 3315 815 3370 diaconi
846 3322 993 3380 sunt,
1021 3322 1099 3369 tot
1124 3313 1447 3369 candelabra
1473 3319 1784 3384 portantur,
1813 3314 1941 3384 quia

356 3409 507 3463 omni
548 3407 802 3465 Ecclesia:
845 3407 1112 3467 laboranti
1158 3416 1214 3463 et
1248 3407 1480 3462 imitanti
1508 3406 1783 3462 Christum
1818 3422 1943 3479 pro-

360 3497 595 3557 mittitur
613 3497 866 3568 gaudium
895 3506 1111 3553 aeternac
1136 3498 1259 3552 vita:
1283 3505 1337 3551 et
1366 3495 1455 3550 lux
1480 3506 1737 3567 perpetua
1789 3496 1943 3564 Quod

361 3586 647 3641 manifeste
676 3585 982 3641 declaratur
1014 3586 1067 3641 in
1096 3585 1411 3657 Apocalypsi
1446 3582 1691 3651 Joannis,
1730 3585 1944 3651 dicente

359 3679 586 3734 Domino
611 3677 901 3752 negligenti
928 3697 941 3732 :
973 3679 1079 3749 Age
1101 3679 1475 3749 paenitentiam,
1515 3688 1561 3732 et
1587 3677 1758 3747 prima
1786 3692 1943 3747 opera

361 3770 466 3839 fac.
501 3767 597 3824 Sin
634 3779 837 3835 autem,
880 3769 1026 3824 venio
1061 3768 1184 3833 tibi,
1223 3776 1271 3821 et
1315 3767 1523 3822 movebo
1572 3765 1943 3821 candelabrum

361 3868 509 3913 tuum
535 3860 599 3913 de
626 3858 739 3913 loco
777 3875 872 3913 suo
915 3857 1096 3930 (Apoc.
1138 3856 1224 3928 ll),
1270 3857 1324 3912 id
1368 3865 1473 3921 est,
1502 3856 1782 3929 promissa:
1809 3854 1945 3912 lucis

364 3967 603 4019 Immere,
628 3952 673 4007 si
710 3950 1084 4023 paenitentiam
1116 3965 1223 4006 non
1245 3949 1443 4020 egeris,
1472 3957 1522 4003 te
1542 3948 1784 4019 privabo.

797 4038 873 4094 De
904 4040 1198 4112 portatione
1230 4036 1506 4092 thuribuli.

436 4128 688 4184 Portatur
729 4139 783 4184 et
824 4128 1181 4195 thuribulum,
1208 4130 1351 4198 quod
1382 4127 1583 4183 Christi
1634 4141 1829 4199 corpus
1873 4141 1945 4180 sn-

363 4218 605 4290 gnificat,
647 4217 785 4273 sicut
819 4218 1077 4288 scriptum
1120 4224 1201 4273 est
1249 4217 1302 4270 in
1349 4215 1537 4271 eadem
1578 4214 1938 4285 Apocalypsi:

364 4310 510 4364 Alius
536 4309 750 4381 angelus
780 4309 934 4375 venit,
960 4316 1008 4363 et
1038 4307 1177 4362 stetit
1207 4318 1327 4361 ante
1362 4306 1530 4363 altare
1555 4306 1749 4360 habens
1775 4305 1942 4360 thuri-

365 4400 541 4455 bulum
580 4416 796 4454 aureum
824 4399 1006 4471 (Apoc.
1031 4396 1174 4467 VIII).
1202 4396 1355 4463 Quod
1383 4397 1463 4451 sie
1503 4395 1807 4466 expositum
1837 4402 1941 4448 est.

362 4488 420 4543 ln
464 4496 751 4558 conspectu
782 4487 989 4543 scilicet
1027 4485 1277 4556 apparuit
1317 4482 1592 4548 Ecclesiae,
1624 4484 1801 4540 factus
1828 4483 1944 4554 ipse

365 4578 714 4643 thuribulum,
745 4593 809 4633 ex
847 4593 953 4648 quo
978 4577 1118 4632 Deus
1142 4575 1365 4632 odorem
1400 4574 1685 4631 suavitatis
1713 4575 1940 4645 accepit,

362 4679 415 4724 et
440 4669 703 4740 propitius
732 4668 905 4723 factus
927 4676 1010 4723 est
1032 4667 1252 4723 mundo.

652 4755 725 4811 De
749 4756 985 4827 episcopo
1005 4756 1123 4826 jam
1146 4763 1458 4825 prtesentato
1480 4753 1658 4807 altari.

433 4845 732 4918 Episcopus
759 4847 983 4903 veniens
1018 4854 1141 4901 ante
1179 4845 1352 4900 altare
1398 4845 1587 4900 adorat
1620 4841 1798 4916 primo
1824 4856 1946 4898 san-

364 4946 470 5003 cla,
515 4944 570 4993 et
604 4946 790 5008 postea
818 4951 1003 5008 pacem
1040 4937 1131 4992 dat
1157 4935 1489 5006 presbyteris
1526 4943 1581 4989 et
1609 4933 1943 4998 diaconibus,

365 5029 490 5099 quia
519 5027 669 5083 illum
700 5027 946 5082 imitatur
973 5027 1038 5083 de
1079 5040 1186 5096 quo
1212 5025 1473 5096 propheta
1502 5024 1718 5096 scripsit
1744 5042 1758 5079 :
1802 5021 1946 5077 Mul-

364 5118 686 5189 tiplicabitur
713 5118 826 5188 ejus
855 5118 1162 5187 imperium;
1182 5123 1229 5169 et
1257 5114 1401 5186 pacis
1430 5115 1547 5184 ejus
1572 5130 1676 5167 non
1705 5113 1802 5168 erit
1822 5110 1946 5181 ﬁnis

365 5205 501 5281 (Isa.
531 5208 633 5282 rx).
658 5208 843 5264 Primo
870 5208 1154 5279 episcopus
1179 5207 1370 5261 adorat
1396 5212 1603 5271 sancta,
1626 5204 1750 5274 quia
1769 5202 1946 5275 primo

366 5300 508 5358 illius
534 5302 905 5359 misericordia
936 5301 1290 5372 impertienda
1312 5306 1397 5355 est
1419 5314 1449 5353 a
1474 5313 1581 5368 quo
1607 5313 1711 5368 pax
1742 5307 1797 5354 et
1818 5312 1947 5353 con-

367 5393 548 5449 cordia
572 5401 627 5448 et
650 5406 875 5463 regnum
906 5390 1108 5448 Christi
1145 5391 1286 5446 intra
1320 5406 1419 5446 nos
1452 5399 1660 5461 regnat.
1690 5389 1834 5445 Duos
1862 5402 1947 5445 sa-

367 5483 612 5540 cerdotes
638 5484 938 5549 osculatur,
980 5484 1108 5555 quia
1136 5482 1249 5553 ipse
1276 5490 1359 5538 est
1394 5481 1530 5550 lapis
1557 5480 1830 5551 angularia
1854 5481 1948 5551 qui

367 5578 647 5651 conjunxit
675 5579 809 5634 duos
832 5578 883 5633 in
909 5593 1073 5632 unum
1098 5576 1357 5647 parietem
1384 5574 1701 5631 altrinsecus
1729 5574 1948 5630 venien—

2043 3137 2254 3187 ctorum
2300 3136 2427 3184 ante
2471 3128 2820 3183 novissimam
2860 3126 3260 3183 tribulationem
3292 3129 3344 3181 in
3387 3130 3632 3184 convalle

2043 3214 2409 3289 lacrymarhm
2445 3228 2645 3271 manet.
2674 3216 2869 3271 Postea
2901 3216 3160 3286 martyrio
3195 3218 3437 3272 coronati
3462 3220 3630 3275 erecti

2044 3316 2190 3362 stant
2228 3306 2461 3369 liberati,
2511 3315 2565 3360 et
2596 3308 2770 3360 securi
2792 3304 2905 3373 jam
2950 3307 3019 3359 ab
3054 3305 3199 3359 omni
3233 3310 3630 3375 persecutione,

2046 3412 2273 3467 quorum
2309 3395 2453 3451 Deus
2490 3395 2673 3450 oculos
2710 3395 2963 3450 abstersit
2992 3396 3058 3449 ab
3091 3396 3343 3451 omnibus
3382 3397 3639 3469 lacrymis

2045 3495 2101 3539 et
2125 3485 2193 3539 ab
2219 3485 2364 3539 omni
2394 3485 2578 3541 dolore
2605 3492 2662 3539 et
2699 3486 2766 3539 ab
2791 3485 2935 3539 omni
2960 3484 3170 3550 esurio;
3220 3486 3447 3558 ideoque
3487 3497 3635 3544 stant

2048 3585 2172 3631 ante
2209 3574 2497 3631 Dominum
2525 3591 2757 3646 semper.

2524 3667 2602 3722 De
2647 3667 2871 3737 statione
2911 3669 3157 3740 episcopi.

2117 3756 2414 3829 Episc0pus
2460 3772 2586 3813 vero
2616 3772 2829 3828 semper
2872 3764 2981 3813 stat
3023 3757 3311 3814 inclinatus
3355 3774 3528 3830 usque
3566 3762 3635 3815 ad

2045 3852 2416 3923 prophetalem
2454 3867 2703 3917 versum;
2736 3853 2863 3922 quia
2891 3852 3140 3910 Christus
3173 3871 3280 3910 non
3323 3856 3639 3925 anticipavit

2044 3952 2259 4014 tempus
2286 3956 2394 4013 quo
2419 3944 2810 4012 prtenuntiatus
2837 3952 2921 3998 est
2957 3960 3057 4015 per
3096 3960 3190 4000 ora
3230 3946 3633 4016 prophetarum.

2044 4032 2313 4105 Tempore
2357 4034 2499 4089 enim
2541 4049 2649 4104 quo
2694 4036 2972 4105 propheta:
3003 4035 3371 4105 praedixerunt
3407 4037 3556 4089 venit
3582 4035 3635 4089 in

2044 4122 2306 4179 mundum
2348 4123 2414 4178 ad
2443 4123 2779 4188 Passionem,
2823 4131 2877 4178 et
2921 4124 3041 4178 ideo
3066 4140 3189 4178 cum
3222 4139 3373 4178 versu
3406 4124 3640 4194 prophe-

2045 4217 2137 4273 tali
2160 4217 2309 4272 vadit
2335 4216 2402 4271 ad
2429 4216 2615 4279 altare,
2640 4217 2764 4285 quia
2786 4214 3060 4270 Christum
3090 4215 3353 4280 imitatur,
3375 4224 3434 4269 ut
3456 4225 3638 4271 osten-

2046 4310 2139 4363 dat
2188 4307 2386 4379 popnlo
2434 4308 2612 4363 omnia
2665 4323 2786 4377 qute
2837 4309 3113 4377 prophetae
3162 4308 3529 4378 praedixerunt
3572 4310 3639 4364 de

2046 4398 2246 4456 Christi
2275 4397 2525 4467 passione
2546 4412 2674 4453 vera
2699 4412 2819 4453 esse
2846 4398 2975 4453 etin
3008 4407 3247 4469 tempore
3273 4414 3369 4454 suo
3386 4415 3639 4455 consum-

2047 4497 2233 4554 mata;
2278 4489 2420 4543 sicut
2471 4496 2655 4558 aperte
2694 4488 2892 4559 legitur
2929 4491 2982 4544 in
3033 4490 3316 4562 prophetia
3358 4489 3635 4545 Danielis:

2050 4579 2420 4651 Septuaginta,
2456 4577 2653 4649 inquit,
2696 4578 3036 4633 hebdomadas
3068 4580 3380 4650 abbreviata’
3404 4589 3523 4633 sunt
3548 4594 3640 4634 su-

2048 4686 2141 4741 per
2162 4667 2410 4740 papulum
2453 4677 2600 4721 tuum
2640 4676 2689 4722 et
2724 4685 2882 4739 super
2908 4669 3085 4723 urbem
3119 4679 3352 4723 sanctam
3383 4678 3549 4735 tuam,
3578 4677 3638 4723 ut

2052 4759 2853 4832 consummeturprtrvaricatio,
2904 4766 2953 4811 et
2992 4758 3148 4827 ﬁnem
3189 4760 3412 4829 accipiat
3455 4776 3639 4830 pecca-

2049 4859 2182 4915 tum,
2218 4857 2267 4903 et
2296 4846 2532 4902 deleatur
2557 4848 2829 4918 iniquitas,
2852 4856 2902 4902 et
2928 4847 3226 4902 adducatur
3251 4848 3466 4918 justitia
3496 4865 3638 4903 sem-

2047 4940 2274 5010 piterna,
2311 4947 2360 4993 et
2388 4938 2666 5009 impleatur
2702 4938 2834 4992 visio
2874 4947 2921 4993 et
2959 4939 3252 5009 prophetes,
3288 4950 3335 4994 et
3372 4948 3642 5011 unguatur

2051 5030 2278 5085 Sanctus
2305 5041 2605 5091 sanctorum
2651 5030 2864 5102 (Daniel
2899 5029 2998 5102 Ix).
3028 5029 3097 5085 Et
3129 5031 3324 5085 iterum
3370 5030 3596 5086 inferius
3618 5044 3637 5083 :

2050 5120 2392 5190 Conﬁrmabit
2415 5129 2589 5174 autem
2615 5130 2824 5191 pactum
2852 5120 3030 5174 multis
3060 5119 3399 5175 hebdomadis
3428 5136 3554 5183 una,
3587 5125 3639 5171 et

2049 5211 2106 5265 in
2135 5210 2353 5265 dimidio
2403 5209 2743 5264 hebdomadis
2781 5210 2983 5279 deﬁciet
3023 5210 3196 5264 hostia
3228 5221 3275 5264 et
3317 5207 3637 5276 sacriﬁcium

2052 5302 2262 5375 (Ibid.).
2294 5300 2447 5369 Quod
2476 5300 2607 5356 dicit
2640 5300 2941 5355 adducatur
2971 5300 3182 5370 justitia
3206 5299 3540 5369 sempiterna,
3566 5296 3637 5351 de

2049 5390 2251 5447 Christi
2280 5392 2510 5447 adventu
2543 5389 2693 5446 dicit.
2730 5389 2883 5457 Quod
2925 5390 3056 5444 dicit
3097 5395 3363 5455 unguatur
3404 5383 3635 5440 Sanetus

2054 5490 2371 5546 sanctorum,
2402 5481 2468 5537 de
2486 5479 2602 5550 eius
2624 5480 2894 5550 baptismo
2926 5478 3076 5533 dicit.
3103 5475 3259 5542 Quod
3285 5474 3419 5530 dicit
3444 5473 3637 5541 contire

2055 5572 2215 5629 mabit
2237 5582 2407 5627 autem
2429 5580 2637 5643 paetum
2663 5569 2841 5625 multis
2859 5566 3199 5623 hebdomadis
3228 5582 3359 5633 una,
3383 5565 3450 5621 de
3471 5561 3637 5619 Joan-
