4000 6178
415 291 550 353 1319

1443 266 1776 325 AMALARI]
1811 255 2248 320 PRESBYTERI
2285 253 2624 312 METENSIS

3539 239 3680 298 {3m

413 403 499 457 nis
530 359 836 470 praconatu
857 399 912 447 et
940 391 1009 445 de
1038 386 1239 443 Christi
1267 384 1652 455 praedicatione
1675 390 1728 436 et
1749 382 1815 435 de
1837 393 1993 470 voca-
2021 378 2072 437 Α
2097 371 2332 428 minibus
2357 373 2672 470 contentum
2697 359 3000 470 exmplum

418 469 562 546 tione
582 483 948 558 apostolorum
980 478 1130 534 dicit.
1158 475 1311 543 Quod
1335 474 1466 530 dicit
1485 483 1534 528 et
1557 473 1614 527 in
1639 471 1860 526 dimidio
1881 469 2001 524 heb-

417 581 660 637 domadis
686 573 888 644 deﬁciet
914 570 1085 627 hostia
1109 578 1158 623 et
1179 566 1516 635 sacriﬁcium,
1544 565 1611 620 de
1637 564 1841 619 Christi
1877 577 2002 633 pas-

419 672 573 727 sione
592 675 648 722 et
666 661 1064 720 resurrectione
1084 659 1232 714 dicit.
1250 655 1402 723 Quod
1422 662 1603 710 autem
1627 653 1760 709 dicit
1787 660 2003 722 septua-

420 766 568 834 ginta
608 756 994 820 hebdomadas,
1025 753 1080 808 id
1119 758 1246 807 sunt
1272 749 1397 804 anui
1428 747 1633 803 solares
1660 741 2004 817 quadraginti

423 850 760 923 septuaginta
796 847 1054 918 quinque.
1081 842 1298 912 Septem
1327 840 1474 896 enim
1493 837 1617 893 anni
1635 844 1909 906 pommtur
1948 834 2003 888 in

421 958 530 998 una
553 938 906 996 hebdomada.
928 933 1283 990 Abbreviatas
1310 930 1434 986 ideo
1462 929 1594 984 dicit
1625 927 1752 998 quia
1779 927 1851 986 de
1872 940 2008 996 qua-

424 1032 685 1104 dragintis
713 1028 1051 1098 septuaginta
1079 1025 1314 1093 quinque
1339 1020 1470 1076 facit
1501 1017 1885 1089 quadragintos
1911 1031 2008 1072 no-

424 1125 662 1195 naginta.
699 1115 1262 1195 AuferLembolismos
1295 1113 1362 1167 de
1400 1109 1669 1166 solaribus
1694 1109 1852 1164 annis
1875 1122 2009 1178 qua-

426 1185 725 1283 dringentis
745 1185 1084 1279 septu'aginta
1112 1205 1369 1274 quinque,
1392 1209 1449 1256 et
1471 1200 1621 1270 ponit
1640 1214 1882 1255 seorsum
1911 1199 2010 1253 bos

428 1318 644 1359 menses
667 1310 720 1355 et
745 1314 914 1354 annos
941 1312 1077 1366 quos
1104 1294 1282 1348 facere
1318 1300 1497 1362 potest
1542 1305 1610 1344 ex
1651 1287 2008 1344 embolismis.

428 1393 743 1451 Emholismi
786 1391 924 1444 tiunt
963 1389 1017 1442 in
1047 1394 1198 1441 tanto
1227 1399 1451 1440 numero
1488 1397 1752 1437 annorum
1795 1389 2012 1437 centum

428 1483 770 1552 septuaginta
819 1480 1058 1550 quinque
1089 1477 1117 1530 ε’
1138 1491 1276 1546 quos
1299 1481 1514 1543 oportet
1544 1472 1734 1542 partiri
1765 1487 1863 1541 per
1882 1471 2014 1526 duo-

429 1573 622 1632 decim,
653 1571 777 1640 quia
816 1569 1097 1624 duodecim
1141 1579 1357 1621 menses
1402 1565 1456 1618 in
1497 1579 1640 1618 anno
1679 1562 1834 1616 ﬁunt.
1867 1561 2014 1617 Duo-

431 1665 611 1719 decies
629 1662 775 1716 enim
804 1661 1143 1716 decatessera
1166 1657 1300 1712 ﬁunt
1324 1666 1541 1711 centum
1567 1655 1842 1726 sexaginta
1867 1662 2013 1720 octo,

432 1756 486 1809 id
516 1761 640 1808 sunt
671 1749 1078 1822 quattuordecim
1119 1748 1275 1812 anni;
1307 1763 1442 1815 quos

433 1860 532 1899 nos
557 1843 726 1899 debes
751 1841 984 1912 adjicere
1009 1840 1077 1894 ad
1102 1838 1438 1908 supradictos
1461 1837 1880 1906 quadringentos
1899 1850 2017 1906 sep-

414 1935 680 2003 -tuaginta
725 1931 980 2000 quinque,
1029 1938 1084 1984 et
1130 1930 1265 1982 fiunt
1295 1928 1669 1998 quadringenti
1707 1927 2019 2000 octuaginta

435 2039 648 2078 novem.
680 2021 1078 2076 Remanscrunt
1105 2035 1320 2074 menses
1345 2019 1410 2075 de
1437 2029 1655 2074 centum
1686 2019 2019 2090 septuaginta

433 2115 671 2183 quinque
707 2119 910 2181 septem
945 2125 1106 2178 super
1141 2121 1361 2164 centum
1408 2110 1690 2180 sexaginta
1727 2116 1869 2164 octo.
1912 2107 2022 2164 Hos

435 2211 644 2272 septem
693 2201 829 2254 adde
869 2199 934 2252 ad
990 2199 1412 2269 quadringentos
1463 2199 1774 2269 octuaginta
1827 2212 2022 2254 novem

437 2309 628 2355 annos,
662 2302 717 2346 et
742 2292 799 2346 tit
829 2292 1103 2346 inchoatio
1133 2293 1464 2361 nonagesimi
1488 2293 1638 2358 anni,
1669 2292 1722 2346 in
1750 2307 1858 2362 quo
1880 2307 2023 2350 anno

439 2384 699 2440 Dominus
728 2397 944 2438 crucem
983 2383 1247 2437 ascendit.
1290 2383 1358 2438 Et
1392 2384 1514 2440 ideo
1551 2383 1688 2440 dixit
1715 2371 2020 2454 propheta:

440 2473 781 2543 Conﬁrmabit
823 2484 1034 2544 pactum
1074 2472 1254 2527 multis
1280 2473 1618 2528 hebdomadis
1646 2491 1774 2540 una,
1812 2474 1941 2544 quia
1970 2474 2026 2528 in

439 2580 503 2620 ea
529 2563 766 2619 Joannes
800 2563 1148 2634 praedicabat,
1189 2571 1244 2618 et
1275 2564 1500 2635 apostoli
1538 2563 1606 2618 ad
1637 2563 1796 2620 ﬁdem
1829 2579 2027 2620 conve-

440 2661 658 2718 nerunt,
689 2661 744 2707 et
774 2653 828 2706 in
858 2653 1079 2707 dimidio
1111 2653 1466 2708 hebdomadis
1511 2654 1723 2710 occisus
1761 2662 1846 2709 est
1867 2653 2026 2708 Chri-

443 2750 559 2797 stus
594 2741 772 2796 Jesus.
812 2739 1030 2811 Septem
1058 2755 1272 2796 menses
1301 2743 1391 2812 qui
1416 2742 1585 2796 additi
1612 2751 1738 2797 sunt
1759 2743 1828 2798 ad
1857 2757 2029 2798 annos

444 2832 864 2902 quadringentos
902 2831 1210 2902 octuaginta
1249 2847 1465 2898 novem,
1498 2831 1639 2886 idem
1679 2833 1792 2903 ipse
1835 2833 1929 2903 qui
1973 2848 2032 2888 se

446 2921 684 2977 subdidit
727 2921 872 2976 Patri
921 2936 1092 2990 usque
1131 2921 1199 2974 ad
1239 2931 1490 2986 mortem,
1527 2923 1592 2977 de
1623 2923 1724 2977 hac
1755 2932 2033 2993 exspecta-

447 3009 592 3062 tione
619 3010 776 3062 matri
807 3007 987 3061 intulit
1015 3009 1200 3063 dicens
1225 3025 1238 3060 :
1273 3007 1414 3074 Quid
1443 3010 1536 3064 tibi
1563 3020 1610 3064 et
1641 3011 1767 3064 mihi
1795 3021 1889 3079 est,
1917 3030 2034 3068 mu-

2101 477 2336 532 namque
2390 459 2639 515 Clemens
2690 452 3090 510 Alexandrinus
3143 451 3214 505 de
3267 449 3474 505 Iacobo
3517 446 3698 504 fratre

2099 551 2323 607 Joannis
2353 549 2638 606 historiam
2659 545 2950 617 quamdam
2975 543 3194 611 dignam
3215 540 3494 595 memoriae
3522 538 3702 593 refert

2103 639 2346 713 (Euseb.,
2375 637 2465 692 lib.
2497 653 2559 702 ιι,
2602 653 2652 690 e.
2701 635 2758 701 9,
2786 650 2853 688 ea:
2892 631 3124 686 versione
3161 627 3388 701 Ruﬁni).
3444 647 3465 680 ς
3518 628 3589 682 Et
3627 628 3698 691 is,

2105 730 2307 799 inquit,
2363 728 2456 800 qui
2509 725 2779 783 obtulerat
2832 737 2960 778 eum
2997 720 3168 790 judici
3221 719 3291 773 ad
3337 717 3701 790 martyrium,

2103 827 2283 876 motus
2321 818 2485 873 etiam
2507 816 2622 887 ipse
2645 813 2924 870 confessus
2951 820 3036 867 est
3061 824 3119 866 se
3152 823 3275 864 esse
3297 807 3703 864 Christianum.

2105 910 2264 966 Ducti
2299 916 2424 964 sunt
2449 908 2608 962 ambo
2641 909 2710 961 ad
2746 903 3068 974 supplicium
3093 901 3332 972 pariter;
3363 907 3417 954 et
3445 914 3569 955 cum
3597 898 3711 953 dn-

2108 1008 2382 1064 cerentur,
2416 997 2471 1051 in
2490 996 2579 1050 via
2605 993 2816 1066 rogavit
2851 991 3110 1048 Iacobum
3133 989 3252 1045 dari
3279 989 3383 1044 sibi
3419 987 3711 1043 remissio-

2110 1106 2254 1147 nem.
2281 1087 2465 1143 Atille
2501 1101 2796 1156 parumper
2821 1083 3151 1145 deliberans,
3186 1080 3300 1135 Pax
3339 1077 3454 1142 tibi,
3496 1077 3706 1146 inquit,

2110 1189 2169 1236 et
2189 1178 2462 1249 osqulatus
2488 1185 2574 1232 est
2595 1190 2753 1241 eum;
2781 1183 2837 1229 et
2873 1173 2947 1228 ita
2970 1173 3131 1228 ambo
3160 1168 3318 1225 simul
3350 1167 3527 1238 capite
3553 1167 3708 1236 plexi

2113 1279 2258 1328 sunt.
2295 1290 2313 1323 ι
2339 1267 2574 1324 Iacobus
2601 1264 3074 1334 contemplativam
3103 1261 3270 1316 vitam
3296 1260 3550 1322 ducebat,
3573 1257 3710 1328 quia

2115 1374 2274 1414 nemo
2293 1373 2480 1414 eorum
2510 1371 2667 1412 suum
2695 1354 2898 1426 aliquid
2933 1368 3054 1408 esse
3093 1349 3321 1406 dicebat.
3354 1347 3550 1403 Socius
3575 1361 3715 1403 vero

2116 1465 2247 1505 suus
2271 1447 2451 1503 nullus
2474 1447 2684 1500 dubitat
2723 1444 2854 1514 quin
2892 1450 3215 1513 praesentem
3252 1440 3416 1494 vitam
3457 1438 3715 1500 duceret,

2118 1541 2368 1612 quamvis
2391 1555 2498 1594 una
2519 1554 2641 1593 cum
2663 1534 2754 1592 illo
2781 1536 2848 1590 ad
2870 1535 3095 1606 gloriam
3123 1532 3271 1603 regni
3297 1530 3537 1587 caelestis
3567 1543 3729 1583 mar-

2121 1633 2261 1704 tyrio
2290 1632 2609 1688 caudidatus
2648 1632 2897 1686 intraret.
2949 1629 3014 1683 Hi
3061 1641 3299 1696 namque
3331 1624 3423 1696 qui
3466 1631 3716 1679 contem—

1487 1717 1894 1814 ρυλιυοιῖάεοίιη
1924 1717 2018 1798 an;
2051 1735 2092 1793 Β
2120 1723 2377 1794 plativam
2405 1723 2574 1778 vitam
2602 1723 2828 1787 ducunt,
2859 1721 3043 1791 vigent
3086 1718 3292 1790 majore
3335 1731 3564 1772 numero
3598 1717 3719 1769 vir-

2122 1822 2298 1868 tutum
2327 1829 2490 1884 quam
2523 1813 2580 1866 hi
2611 1813 2702 1882 qui
2729 1811 2961 1867 activam
2991 1811 3046 1864 in
3076 1825 3186 1879 quo
3211 1806 3458 1863 sufﬁcere
3488 1812 3720 1877 possunt

2120 1906 2189 1961 ad
2227 1904 2474 1976 exempla
2513 1903 2738 1958 Martha:
2769 1910 2824 1958 et
2862 1900 3062 1964 Mariae,
3095 1913 3202 1953 una
3237 1896 3551 1951 ministrans
3577 1893 3721 1948 acti:

2119 2013 2244 2051 vam
2272 1997 2462 2060 vitam,
2491 1995 2661 2051 altera
2692 1994 2887 2050 sedens
2915 1990 3406 2061 contemplativam.

2193 2089 2440 2146 Candelte
2463 2089 2640 2160 primo
2659 2088 2726 2143 ab
2753 2085 3020 2157 acolythis
3046 2083 3422 2138 illuminantur
3447 2086 3602 2134 extra
3630 2091 3725 2132 ec-

2123 2182 2368 2246 clesiam,
2417 2188 2474 2235 et
2521 2195 2618 2252 per
2663 2179 2942 2250 acolythos
2988 2183 3276 2247 portantur
3317 2174 3371 2228 in
3405 2172 3723 2227 ecclesiam.

2123 2271 2308 2328 Primo
2331 2269 2572 2325 candelae
2595 2270 2928 2340 praecedunt,
2959 2277 3013 2322 et
3041 2274 3330 2337 postquam
3355 2272 3578 2317 ventum
3605 2259 3728 2314 fue-

2125 2361 2196 2416 rit
2229 2360 2296 2414 ad
2327 2359 2518 2425 altare,
2551 2367 2967 2430 postponuntur.
3017 2356 3318 2424 Utrumque
3346 2354 3730 2408 demonstrant

2124 2461 2180 2506 et
2221 2451 2469 2506 doctores
2495 2449 2756 2513 ecclesiae,
2810 2449 2864 2503 id
2901 2455 2985 2502 est
3027 2445 3419 2500 illuminatores
3447 2439 3730 2495 exstitisse

2127 2548 2256 2596 ante
2285 2539 2624 2595 nativitatem
2669 2535 2906 2602 Domini,
2945 2544 3001 2591 et
3031 2543 3240 2604 postea.
3281 2525 3534 2601 Acolytbi
3573 2542 3730 2582 nam-

2127 2647 2233 2703 que
2262 2643 2582 2685 accensores
2611 2627 2875 2681 luminum
2902 2625 3175 2680 dicuntur.
3219 2621 3514 2676 Portantur
3549 2615 3730 2670 mani—

2129 2721 2263 2784 bus;
2290 2719 2415 2790 quia
2443 2733 2581 2788 quos
2610 2716 2836 2772 scientia
2867 2713 3095 2784 replent,
3126 2710 3284 2766 bonis
3326 2706 3588 2777 exemplis
3616 2705 3730 2760 cri-

2132 2825 2258 2882 gere
2314 2809 2624 2864 nullatenus
2683 2821 2900 2863 cessare
2950 2805 3165 2861 debent.
3225 2800 3443 2875 Ezedem
3487 2795 3732 2852 candela:

2134 2915 2307 2971 usque
2332 2899 2400 2954 ad
2425 2898 2587 2970 Kyrie
2612 2898 2804 2953 eleison
2849 2896 3222 2968 acolythorum
3255 2893 3506 2948 manibus
3539 2899 3733 2944 tenen-

2136 3001 2257 3058 tur;
2287 3000 2342 3047 et
2371 3000 2499 3046 tunc
2528 2999 2803 3063 ponuntur
2833 2990 2886 3044 in
2916 2988 3310 3060 pavimentum,
3351 2993 3406 3039 et
3439 2991 3586 3038 stant
3619 2980 3732 3034 ﬁxo

447 3097 586 3154 lier.’
627 3097 879 3152 Nondum
908 3099 1042 3152 venit
1080 3098 1211 3151 hora
1255 3071 1370 3154 ,ἦρα
1399 3098 1580 3169 (Ιοαη,
1615 3099 1700 3174 ιι),
1739 3071 2035 3173 Ερίεξεορυε
2061 3083 2106 3146 C
2137 3081 2325 3154 gradu.
2364 3081 2456 3137 Sic
2483 3089 2696 3174 oportet
2737 3081 2987 3136 doctores
3015 3088 3073 3134 ut
3100 3079 3286 3133 rudem
3327 3074 3577 3146 populum
3613 3071 3734 3174 nul-

447 3188 632 3242 statim
661 3196 949 3257 postquam
987 3187 1294 3244 adoraverit
1315 3197 1524 3255 sancta,
1555 3191 1730 3262 pergit
1753 3193 1820 3248 ad
1851 3194 2070 3273 dexteg

453 3296 571 3336 ram
594 3279 801 3347 altaris,
830 3291 886 3336 et
925 3289 1034 3336 stat
1076 3289 1257 3337 rectus
1303 3297 1494 3338 versus
1538 3284 1606 3339 ad
1645 3285 1943 3352 orientem;
1982 3295 2039 3343 et

450 3371 665 3427 diaconi
701 3380 850 3427 retro
881 3371 1030 3426 illum
1061 3386 1200 3426 unus
1228 3379 1350 3442 post
1379 3388 1565 3437 unum,
1598 3373 1780 3444 plures
1810 3376 1877 3431 ad
1903 3377 2035 3432 dex-

453 3475 653 3530 teram,
684 3465 969 3533 pauciores
1010 3463 1080 3518 ad
1111 3464 1408 3518 sinistram.
1434 3463 1731 3535 Episcopus
1757 3468 1826 3520 ad
1857 3467 2040 3522 dexte-

453 3573 572 3612 ram
607 3557 796 3610 altaris
823 3563 954 3622 stat,
974 3556 1113 3628 quia
1154 3553 1399 3610 Christus
1442 3572 1666 3627 regnum
1694 3558 2039 3628 pnedicabat,

454 3648 510 3703 in
537 3662 644 3718 quo
672 3656 844 3702 totum
870 3627 1120 3702 dextrum
1150 3653 1254 3712 est,
1293 3655 1350 3702 et
1384 3646 1517 3702 nihil
1547 3627 1829 3703 sinistrum
1856 3649 2038 3704 habet.

455 3737 579 3792 Stat
603 3746 658 3794 et
686 3746 884 3801 rectus,
909 3738 1036 3807 quia
1063 3738 1208 3792 venit
1232 3753 1417 3808 regere
1442 3753 1570 3794 suos
1592 3738 1646 3792 in
1669 3739 1818 3811 virga
1841 3737 2039 3806 ferrea,

455 3829 509 3882 id
538 3837 641 3894 est,
671 3829 725 3881 iu
753 3828 1030 3884 inﬂexibili
1069 3827 1302 3896 iustitia.
1349 3827 1470 3883 Stat
1516 3845 1704 3885 versus
1742 3829 1812 3885 ad
1853 3829 2044 3886 Orien-

458 3928 588 3985 tem,
613 3919 762 3988 quia,
785 3930 845 3972 ut
865 3920 980 3988 ipse
1005 3920 1225 3985 iudicat,
1254 3935 1361 3974 non
1402 3922 1679 3990 qumrebat
1713 3921 2045 3979 voluntatem

457 4025 611 4065 suam
640 4008 837 4072 facere,
869 4010 960 4064 sed
988 4007 1104 4078 ejus
1128 3989 1219 4078 qui
1245 4009 1392 4064 illum
1420 3989 1588 4078 misit,
1618 4013 1760 4068 sicut
1783 4015 2046 4086 scriptum

456 4112 542 4156 est
565 4119 578 4155 :
614 4100 752 4167 Quia
778 4101 1041 4154 descendit
1063 4099 1127 4154 de
1152 4099 1301 4166 caelo,
1326 4117 1431 4154 non
1459 4111 1516 4155 ut
1539 4101 1704 4171 faciat
1728 4102 2046 4159 voluntatem
2093 4109 2096 4112 ’

457 4210 612 4248 suam
653 4192 834 4264 (Joan.
878 4191 979 4262 vi),
1026 4202 1079 4247 et
1133 4192 1360 4264 reliqua.
1411 4193 1697 4264 Nunquam
1746 4202 2045 4251 retrorsum

457 4299 670 4348 versus,
720 4283 822 4339 sed
867 4297 1082 4353 semper
1130 4283 1323 4339 faciem
1371 4284 1541 4353 patris
1589 4283 1845 4338 intuetur.
1894 4283 2047 4341 Unde

460 4375 576 4443 ipse
619 4374 878 4428 Dominus
925 4373 977 4426 in
1030 4372 1359 4443 Evangelio:
1398 4371 1523 4428 Scio
1564 4373 1703 4428 unde
1732 4375 1845 4429 veni
1869 4383 1916 4430 et
1943 4392 2046 4446 quo

2139 3175 2350 3230 latenus
2397 3175 2464 3230 de
2517 3173 2765 3229 manibus
2807 3173 3115 3242 relinquant
3163 3179 3452 3241 antequam
3497 3166 3735 3238 populus

2138 3267 2417 3338 subjectus
2459 3266 2592 3322 sciat
2632 3265 2812 3321 dicere
2837 3285 2850 3320 :
2883 3265 3125 3329 Domine,
3149 3263 3390 3318 miserere
3419 3261 3522 3314 mei
3543 3276 3735 3330 pecea-

2140 3359 2288 3411 toris.
2315 3357 2467 3424 Quod
2498 3365 2583 3413 est
2621 3373 2784 3427 opere
2825 3356 3025 3421 dicere,
3056 3341 3216 3426 prout
3241 3355 3427 3409 doctus
3453 3367 3578 3407 sum
3602 3367 3633 3405 a
3657 3352 3738 3405 di-

2140 3447 2357 3502 dascan
2387 3465 2400 3502 :
2427 3447 2686 3502 miserum
2731 3461 2817 3502 me
2863 3460 3211 3516 recognosco,
3253 3453 3311 3499 et
3357 3443 3480 3500 ideo
3518 3443 3736 3497 miseri-

2143 3541 2383 3598 cordiam
2431 3541 2644 3596 Domini
2699 3541 2990 3612 implorare
3035 3549 3265 3611 oportet.
3306 3538 3577 3607 Stantque
3607 3545 3735 3592 tunc

2141 3647 2240 3701 per
2286 3648 2346 3688 se
2393 3633 2447 3688 in
2494 3633 2720 3688 ecclesia
2768 3642 2822 3688 et
2873 3633 3178 3688 illuminant
3217 3631 3547 3692 ecclesiam,
3601 3642 3735 3696 quo-

2142 3724 2289 3778 niam
2321 3724 2403 3778 l'as
2431 3732 2514 3779 est
2541 3731 2600 3779 ut
2641 3725 2731 3794 qui
2755 3725 2868 3794 jam
2905 3725 3096 3779 doctus
3126 3731 3206 3778 est
3238 3739 3267 3777 a
3299 3723 3523 3778 doctore
3549 3721 3738 3774 doceat

2142 3813 2442 3870 Ecclesiam
2501 3829 2601 3885 pro
2657 3815 2773 3870 vice
2828 3815 3086 3869 doctoris.
3151 3814 3282 3881 Quae
3328 3813 3616 3874 similiter,
3679 3818 3737 3863 ut

2145 3903 2420 3969 diximus,
2481 3903 2550 3958 de
2608 3903 2924 3959 diaconibus
2977 3905 3131 3976 plura
3191 3913 3339 3960 stant
3394 3918 3428 3958 a
3485 3901 3735 3966 dextris,

2145 4003 2202 4051 et
2244 4010 2414 4064 pauca
2463 4009 2494 4049 a
2541 3995 2796 4051 sinistris.
2854 3995 2933 4050 De
2985 4011 3094 4066 quo
3141 3995 3371 4066 idipsum
3427 3995 3740 4064 signiﬁcare

2147 4086 2285 4142 velle
2328 4086 2678 4157 intelligimus
2727 4087 2870 4157 quod
2915 4087 3165 4157 superius
3217 4087 3456 4142 diximus
3499 4087 3572 4142 ὼ
3619 4087 3737 4140 dia-

2146 4178 2394 4233 conibus.
2428 4178 2555 4233 Post
2595 4178 2827 4248 primam
2855 4194 3088 4248 namque
3123 4179 3425 4235 orationem
3461 4185 3742 4250 poliuntur

2147 4268 2386 4324 candela:
2431 4279 2557 4324 ante
2602 4267 2797 4336 altare,
2839 4285 2947 4326 non
2982 4271 3095 4341 jam
3124 4271 3446 4326 altrinsecus
3467 4257 3532 4325 ut
3553 4281 3737 4336 antea,

2148 4358 2244 4414 sed
2283 4357 2486 4412 mistim
2522 4373 2622 4428 per
2667 4360 2912 4416 ordinem
2960 4377 3297 4431 unaquaque
3340 4370 3462 4433 post
3508 4363 3739 4419 alteram

459 4431 593 4518 endo
621 4461 802 4534 (Joan.
834 4462 975 4534 vni).
1007 4461 1097 4516 Sic
1137 4431 1369 4532 namque
1415 4471 1627 4533 oportet
1667 4431 1967 4520 Christum.
1989 4479 2031 4521 e1

2150 4467 2322 4522 usque
2343 4451 2412 4506 ad
2442 4452 2826 4519 novissimam;
2871 4453 2996 4524 quia
3037 4464 3165 4510 sunt
3188 4456 3408 4525 quidam
3435 4456 3528 4527 qui
3557 4459 3738 4512 omnia

463 4571 686 4625 regnum
733 4555 1032 4626 praedicare
1071 4553 1289 4609 caeleste
1326 4563 1381 4608 et
1417 4563 1636 4624 peccata
1676 4555 1777 4610 sub
1815 4556 2043 4626 pedibus

460 4655 726 4710 sternere,
759 4645 1028 4716 respicere
1056 4653 1281 4710 aeterna,
1322 4655 1378 4699 et
1419 4644 1733 4714 temporalia
1775 4653 1922 4699 retro
1947 4646 2044 4700 ha-

461 4740 610 4793 bere.
637 4739 859 4794 Diaconi
897 4747 1044 4792 retro
1077 4744 1242 4802 stant,
1271 4737 1416 4806 quia,
1445 4738 1586 4793 sicut
1618 4737 1870 4801 diximus,
1904 4737 2044 4792 bene

465 4835 763 4897 martyrum
793 4829 962 4882 choro
993 4827 1167 4896 aptari
1193 4836 1437 4896 possunt,
1473 4825 1565 4895 qui
1591 4833 1646 4879 et
1672 4825 2046 4882 ministrantes

464 4925 592 4972 sunt
625 4917 677 4968 in
705 4925 890 4971 saneto
913 4917 1094 4982 altari,
1124 4924 1179 4971 et
1202 4916 1520 4970 dalmaticas
1549 4899 1764 4984 portant
1796 4931 1934 4986 quas
1961 4932 2050 4972 so-

465 5011 610 5065 lebat
642 5008 890 5064 militaris
931 5025 1062 5064 usus
1086 5020 1324 5079 portare.
1350 5007 1455 5078 lpsi
1501 5008 1713 5063 diaconi
1754 5023 2046 5078 praecesse-

469 5101 679 5158 rnntad
713 5101 903 5166 altare,
935 5102 1059 5170 quia
1097 5101 1149 5156 in
1191 5100 1370 5155 Veteri
1403 5099 1753 5155 Testamento
1783 5109 2050 5171 martyres

463 5195 808 5260 exstiterunt,
841 5201 896 5247 et
929 5192 1088 5246 modo
1122 5201 1269 5247 retro
1299 5197 1466 5256 stant,
1491 5190 1616 5261 quia
1645 5199 1769 5260 post
1795 5190 2049 5246 nativita-

467 5298 576 5342 tcm
607 5283 818 5341 Domini
849 5282 981 5337 nihil
1016 5282 1193 5336 minus
1220 5281 1482 5353 martyrio
1509 5282 1666 5353 digne
1693 5291 2044 5338 coronantur.

465 5377 643 5447 Aliqui
671 5391 739 5431 ex
779 5374 912 5445 ipsis
953 5379 1100 5427 stant
1124 5372 1192 5426 ad
1217 5371 1516 5437 dexteram,
1547 5382 1600 5428 et
1628 5372 1795 5443 aliqui
1822 5373 1889 5428 ad
1914 5373 2047 5428 sini-

467 5475 658 5530 stram,
685 5465 811 5536 quia
856 5463 1014 5519 multi
1061 5463 1127 5518 de
1164 5461 1579 5532 contemplativa
1631 5463 1738 5518 vita
1785 5463 2048 5536 martyrio

467 5557 706 5610 coronati
755 5565 900 5619 sunt,
937 5565 993 5610 et
1035 5553 1189 5609 multi
1231 5554 1298 5611 de
1341 5554 1514 5610 activa
1540 5555 1646 5610 vita
1687 5562 1755 5610 ad
1788 5570 2045 5612 coronam

469 5646 709 5717 martyrii
739 5648 1049 5718 procedunt.
1075 5643 1152 5700 De
1173 5643 1416 5715 utrisque
1441 5646 1616 5703 modis
1639 5645 1692 5702 in
1719 5645 1926 5702 duobus
1951 5647 2044 5703 ho-

2149 4540 2462 4611 relinquunt
2479 4549 2534 4597 et
2555 4557 2674 4598 sese
2695 4544 2762 4599 ad
2786 4544 2952 4599 vitam
2981 4545 3454 4615 contomplativam
3475 4548 3742 4602 constrin-

2149 4641 2300 4703 gunt.
2329 4633 2579 4705 Plerique
2604 4637 2837 4691 activam
2867 4636 3033 4691 vitam
3073 4636 3297 4702 ducunt,
3327 4645 3383 4693 et
3406 4637 3614 4694 habent
3654 4653 3742 4693 cu-

2149 4741 2267 4780 ram
2311 4735 2649 4782 terrenarum
2688 4743 2892 4782 rerum.
2944 4727 3146 4783 Tamen
3195 4735 3458 4798 quantum
3510 4739 3741 4799 possunt

2147 4816 2522 4888 eleemosynas
2567 4815 2834 4880 faciendo,
2863 4817 3077 4888 vigilias
3119 4820 3449 4884 exercendo,
3488 4830 3741 4892 satagunt

2147 4922 2441 4978 properare
2469 4907 2535 4963 ad
2564 4906 2882 4962 Ecclesiam.
2927 4907 3076 4974 Quos
3117 4917 3378 4979 utrosque
3422 4921 3612 4965 nostra
3645 4912 3742 4967 Ec-

2146 4998 2313 5054 clesia
2339 4999 2540 5053 mistim
2586 5006 2751 5054 tenet.
2785 4998 2851 5052 Et
2875 5000 3122 5069 quamvis
3162 5001 3286 5056 ideo
3313 5001 3486 5071 possit
3513 5002 3740 5075 intelligi

2149 5088 2404 5144 candelas
2443 5105 2539 5160 per
2584 5090 2832 5144 ordinem
2865 5099 2991 5152 ante
3029 5089 3201 5146 alt-are
3235 5092 3364 5160 poni
3402 5101 3463 5146 ut
3491 5095 3739 5163 expedite

2148 5182 2359 5253 possint
2387 5181 2621 5236 ministri
2664 5181 2733 5236 ad
2762 5181 3049 5236 ambonem
3080 5198 3304 5239 currere
3340 5193 3396 5239 et
3419 5185 3571 5240 circa
3609 5186 3742 5240 alta-

2151 5276 2231 5328 ria
2280 5273 2608 5329 ministrare.
2653 5271 3000 5343 Evangelium
3041 5275 3183 5343 quod
3229 5283 3480 5344 portatur
3521 5279 3743 5348 propius

2150 5366 2404 5436 episcopo
2429 5362 2666 5419 ostendit
2691 5363 2833 5435 quod
2870 5363 3045 5434 ipsum
3075 5373 3158 5419 est
3187 5365 3346 5422 nobis
3370 5365 3458 5422 via
3483 5368 3653 5424 eundi
3677 5366 3742 5423 ad

2152 5473 2375 5531 regnum
2401 5455 2524 5512 Dei.

2649 5547 2726 5603 De
2751 5551 2980 5604 sessione
3007 5550 3250 5620 episcopi.

2221 5640 2377 5710 Quod
2426 5640 2668 5712 requiem
2727 5641 3032 5696 animarum
3089 5640 3355 5714 signiﬁcet
3402 5653 3527 5715 post
3562 5655 3740 5701 actam
