2000 3089
171 150 239 179 1321

718 147 866 177 ECLOGA}
887 147 932 175 DE
951 146 1086 176 OFFlCiO
1105 146 1229 175 MISSE.

1731 147 1799 174 1522

170 207 321 235 orationem
331 226 340 239 .
366 211 394 235 et
407 207 471 241 quid
497 206 631 242 signiﬁcet
644 205 716 240 quod
736 205 887 240 presbyteri
899 212 961 233 cum
975 209 1001 238 Α
1014 206 1080 233 dunt
1092 210 1155 233 ante
1167 213 1228 234 eum
1243 205 1296 233 duo
1309 205 1470 233 candelebra
1482 210 1508 233 ct
1521 205 1574 233 duo
1586 206 1722 235 thuribula
1741 208 1799 236 sive

170 252 320 285 eosedent,
340 255 367 279 et
385 252 418 279 de
432 259 465 279 eo
485 253 557 287 quod
576 258 671 278 versus
687 251 722 278 sit
749 251 782 277 ad
808 251 956 285 populum,

171 296 290 324 ostendit
300 296 391 323 datam
403 303 463 324 esse
477 296 515 323 illi
524 300 685 331 potestatem
699 303 792 323 eorum
808 300 868 322 acta
882 304 957 323 scru-

171 341 232 368 tari.
258 341 406 377 Episcopus
430 342 558 377 quidem,
583 346 646 377 post
672 342 786 376 primam
806 342 957 369 orationem

169 393 251 421 quam
271 386 455 421 precationem
469 387 649 420 nominamus,
663 387 739 414 sedet
755 395 849 414 versus
863 387 896 414 ad
908 395 956 422 po-

169 431 312 466 pulmn,et
337 432 487 467 presbyteri
512 440 573 460 cum
591 441 633 461 eo.
652 433 681 461 In
707 435 762 469 ipsa
779 441 844 462 vero
864 443 958 470 preca—

169 477 241 505 tione
253 477 417 511 uptationem
427 477 526 505 bonam
541 478 668 506 Ecclesiae
682 479 865 515 intelligimus,
881 481 956 514 quasi

169 522 241 550 dicat
251 522 369 558 populo:
384 522 478 558 Optavi
489 523 588 551 bonum
600 524 735 557 Ecclesirr,
751 530 777 552 et
793 525 853 553 ideo
865 526 955 553 sedeo.

168 566 202 593 Et
210 574 258 594 vos
273 567 392 601 quidem,
405 567 428 595 si
439 568 556 595 delectat
568 569 688 604 requiem
701 570 839 604 possidere
853 571 955 598 anima—

167 619 238 643 rum,
252 612 364 647 qumrite
375 612 494 648 primum
508 620 620 648 regnum
633 614 679 641 Dei
696 619 723 641 et
742 614 874 649 justitiam
887 616 954 651 ejus,

166 662 195 685 et
205 662 305 685 tetes-na
319 658 472 686 necessaria
486 658 648 693 adjicientur
661 661 749 693 vobis,
765 665 792 688 et
808 666 869 696 post
882 662 956 689 inve-

167 703 247 730 nietis
256 703 387 738 requiem.
401 703 480 732 Stare
493 712 612 739 namque
622 710 665 733 est
675 706 762 733 adhuc
770 707 796 734 in
808 708 956 735 certamine

166 748 254 783 posito
267 753 295 776 et
306 756 395 777 orare.
411 749 476 777 Post
488 750 629 778 victoriam
643 759 710 778 vero
732 752 826 780 sedere
842 761 873 780 ac
884 753 955 787 judi-

166 801 242 830 care.
256 793 358 822 Sedent
371 798 398 821 et
407 795 560 831 presbyteri
575 803 637 823 cum
652 803 694 829 eo,
707 805 822 832 quorum
835 798 955 826 ministe-

166 840 236 867 rium
259 844 301 868 est
327 841 445 876 idipsum
468 842 626 875 enuntiare;
654 843 687 871 dc
711 843 809 878 quibus
833 844 951 872 Paulus:

1008 258 1101 278 unum.
1113 250 1180 278 illud
1192 251 1301 285 quidem
1314 250 1378 285 quid
1401 250 1535 286 signiﬁcet
1554 250 1656 279 dictum
1669 256 1721 280 est.
1737 252 1799 282 Dia-

1008 304 1093 324 conus
1104 304 1170 325 vero
1184 301 1238 324 stat
1252 304 1346 324 versus
1368 297 1402 324 ad
1415 296 1567 324 meridiem.
1585 296 1626 325 Ad
1636 305 1717 332 quam
1735 306 1798 333 par-

1009 344 1063 369 tem
1074 341 1125 368 viri
1138 341 1225 368 solent
1246 340 1390 368 conﬂuere.
1403 340 1475 367 Petit
1487 341 1563 375 prius
1583 341 1798 370 benedictionem

1007 386 1042 413 ab
1060 385 1196 421 episcopo.
1225 385 1373 421 Episcopus
1400 385 1447 413 dat
1470 385 1509 412 illi
1530 393 1537 412 :
1559 385 1687 413 Dominus
1712 386 1746 414 sit
1770 387 1798 414 in

1007 432 1085 459 corde
1099 436 1144 459 tuo
1157 438 1180 459 et
1192 432 1220 458 in
1232 431 1309 458 labiis
1323 432 1386 459 tuis.
1402 431 1544 459 Incensum
1557 431 1628 466 quod
1641 431 1751 467 ponitur
1770 433 1797 460 in

1008 477 1175 504 thuribulum
1189 497 1197 510 ,
1219 478 1368 505 orationem
1391 477 1513 513 designat
1534 482 1699 505 sanctorum.
1720 478 1798 506 Unde

1007 522 1073 550 dicit
1089 522 1222 557 Propheta
1235 531 1241 549 :
1258 522 1394 557 Dirigatur
1412 522 1496 549 oratio
1510 531 1566 550 mea
1580 523 1646 550 sicut
1663 523 1797 550 incensum

1005 567 1034 594 in
1043 572 1180 602 conspectu
1193 572 1237 594 luo
1250 566 1336 603 (Psat.
1349 567 1421 602 ch).
1431 567 1566 595 Diaconus
1579 567 1655 600 dicit,
1665 567 1796 595 Dominus

1006 614 1145 641 uobiscum.
1153 614 1188 640 Et
1195 614 1308 649 populus
1316 622 1346 642 se
1354 614 1435 642 vertit
1448 614 1481 641 ad
1491 614 1636 648 orientem,
1644 618 1705 642 orat
1712 615 1796 643 Deum

1006 662 1036 685 ut
1048 659 1133 693 possit
1145 659 1225 694 digne
1237 659 1388 694 intelligere
1410 667 1470 694 quae
1486 660 1625 687 auditurus
1639 664 1690 692 est,
1702 664 1729 687 et
1741 660 1797 688 sin-

1005 703 1060 739 guli
1075 703 1177 731 faciunt
1200 705 1307 740 signum
1329 709 1431 733 sancta:
1452 705 1542 733 crucis
1557 706 1584 733 in
1601 705 1735 733 frontibus
1746 713 1794 734 eo-

1005 758 1077 782 rum,
1090 754 1121 777 ut
1131 757 1180 785 per
1196 751 1303 785 signum
1316 755 1417 779 sanctae
1431 752 1520 779 crucis
1531 751 1586 779 sint
1599 752 1716 784 loricati,
1729 759 1796 786 qua-

1004 798 1083 822 tenus
1097 795 1169 822 nulla
1179 795 1322 830 phantasia
1332 796 1471 824 diabolicae
1487 797 1589 825 fraudis
1605 798 1709 825 aditum
1721 797 1796 824 inve-

1004 842 1062 869 niat
1074 842 1226 869 introeundi
1238 842 1265 869 in
1283 842 1364 869 corda
1375 849 1479 875 eorum,
1491 846 1519 870 et
1533 842 1640 870 auferre
1652 843 1737 877 possit
1749 850 1795 870 se-

167 885 315 921 Presbyleri
326 886 425 922 duplici
447 887 546 915 honore
557 888 712 922 habeantur,
726 889 838 917 maxime
850 891 894 926 qui
912 890 953 918 Ia-
969 878 993 908 Β
1007 894 1068 914 men
1081 886 1219 922 Evangelii
1234 887 1267 915 de
1280 886 1424 914 animabus
1433 895 1536 915 eomm-
1551 887 1617 915 Ροδι
1631 888 1691 916 hac
1705 888 1794 916 MOU“

164 931 257 958 borum
270 933 297 958 in
313 932 388 959 verbo
402 932 451 959 Dei
464 932 491 969 (I
509 932 622 961 Timoth.
638 934 675 970 v).
691 934 755 963 Post
768 936 883 970 primam
896 945 954 964 ora-

165 976 265 1004 tionem
280 980 334 1004 stat
349 984 443 1005 versus
460 977 494 1005 ad
515 978 654 1013 populum,
670 983 699 1006 ut
711 987 740 1007 se
759 986 890 1008 monstret
906 990 954 1016 po-

163 1021 227 1056 pulo
240 1026 383 1056 postquam
399 1022 513 1050 Domino
528 1030 557 1051 se
574 1024 756 1052 manifestavit
768 1030 796 1057 et
806 1033 854 1053 sua
876 1031 952 1060 acta,

162 1067 252 1094 oravit
265 1075 314 1102 pro
328 1075 358 1095 se
371 1068 481 1102 suisque
502 1072 530 1096 et
551 1076 600 1104 pro
613 1069 711 1105 populo
731 1071 801 1098 bona
826 1077 954 1106 precatus

163 1115 213 1142 est,
232 1115 260 1138 et
273 1111 380 1139 laudem
396 1111 451 1140 Deo
477 1113 570 1140 retulit
598 1114 699 1144 habere
722 1114 748 1142 in
772 1115 952 1145 ministerium

164 1164 246 1191 opera
262 1156 421 1192 populorum
442 1166 553 1185 suorum
568 1159 724 1187 examinare
738 1160 799 1195 quis
814 1160 885 1188 inter
906 1169 954 1191 eos

161 1200 260 1236 dignus
274 1202 408 1229 habeatur
420 1202 461 1229 vel
479 1203 541 1237 quis
552 1203 687 1239 indignus.

422 1246 461 1273 De
474 1247 533 1273 sede
548 1247 699 1283 episcopali.

198 1291 266 1319 Nam
287 1292 348 1320 ideo
363 1292 444 1320 altior
456 1292 532 1320 locus
544 1293 648 1328 positus
661 1300 703 1322 est
715 1296 849 1332 episcopis
861 1301 890 1324 ut
901 1296 952 1332 ipsi

162 1338 383 1373 superiutendant
412 1343 439 1366 et
471 1343 600 1375 tanquam
626 1342 780 1370 custodiant
810 1343 950 1378 populum.

163 1383 230 1411 Nam
248 1389 275 1412 et
286 1385 381 1413 Graece
398 1385 470 1420 quod
494 1386 594 1414 dicitur
617 1387 770 1423 episcopus,
784 1389 836 1416 hoc
856 1389 952 1418 Latine

162 1430 362 1465 superintentor
372 1431 573 1466 interpretatur,
587 1433 650 1468 quia
665 1434 871 1468 superintendit,
887 1436 951 1470 quia

161 1476 325 1510 supervidet.
345 1475 485 1510 Quomodo
507 1477 578 1505 enim
605 1477 714 1505 vinitori
738 1478 819 1506 altior
833 1479 863 1506 iit
876 1479 951 1509 locus

161 1521 195 1548 ad
208 1522 409 1550 custodiendam
421 1523 537 1555 vineam,
546 1523 586 1550 sic
597 1527 624 1550 et
634 1523 768 1559 episcopis
779 1524 859 1552 altior
875 1524 950 1553 locus

162 1568 248 1597 factus
266 1573 317 1597 est.
333 1570 367 1597 Et
380 1570 414 1597 de
428 1570 480 1597 isto
497 1555 761 1604 periculoso-loco—et
776 1571 828 1598 alto
841 1572 949 1606 pericu-
963 1555 986 1585 ο

161 1613 217 1641 losa
241 1614 312 1642 ratio
325 1614 455 1646 redditur,
474 1614 525 1642 nisi
543 1622 576 1642 eo
587 1615 668 1642 corde
683 1619 785 1643 stemus
797 1616 843 1644 hic
857 1621 886 1644 ut
901 1617 950 1644 hu-

160 1658 274 1686 militate
285 1659 334 1687 sub
340 1659 453 1695 pedibus
459 1660 558 1687 vestris
565 1660 649 1687 simus
656 1664 683 1687 et
688 1668 737 1695 pro
747 1661 822 1688 vobis
829 1668 948 1689 oremus.

459 1704 498 1731 De
517 1704 646 1739 Epistoia.

195 1747 319 1775 Christus
331 1747 403 1775 enim
417 1748 540 1776 minister
553 1747 613 1781 fuit,
632 1748 678 1783 qui
702 1748 770 1776 dixit
785 1757 790 1776 :
814 1749 874 1776 Non
892 1749 949 1777 ueni

160 1793 328 1827 ministrari,
356 1794 401 1821 sed
431 1794 580 1822 ministrare
604 1794 712 1830 (Matth.
745 1793 803 1830 xx).
829 1793 948 1823 Joannes

160 1846 257 1873 nempe
267 1839 450 1872 subminister,
465 1839 511 1875 qui
529 1839 615 1867 dixit:
633 1839 685 1866 Hic
706 1844 763 1867 erat
786 1848 861 1875 quem
876 1839 946 1870 dixi,

159 1884 203 1919 qui
221 1889 278 1918 post
295 1893 335 1911 me
347 1889 469 1912 venturus
485 1888 534 1917 est,
546 1885 590 1920 qui
603 1890 663 1912 ante
685 1893 725 1912 me
740 1885 826 1920 factus
839 1890 886 1918 est,
901 1885 948 1920 qui

160 1936 213 1956 non
230 1930 352 1957 ascendit
365 1929 397 1957 ad
412 1930 579 1965 superiorem
593 1931 706 1966 gradum
720 1931 801 1965 queui
819 1930 893 1958 solus
905 1938 949 1958 so-

161 1968 198 2001 let
208 1975 354 2002 ascendere
368 1976 415 2011 qui
426 1975 600 2010 Evangelium
614 1976 734 2003 lecturus
748 1980 800 2008 est,
814 1979 844 2002 ut
857 1980 949 2003 osten-

160 2021 207 2048 dat
217 2029 246 2048 se
262 2022 466 2049 subministrum
478 2029 538 2050 esse
549 2042 556 2055 ,
577 2022 640 2057 quia
652 2030 706 2049 non
721 2026 763 2049 est
776 2021 894 2049 Joannes
908 2022 950 2049 di-

161 2074 229 2101 gnus
241 2066 344 2094 solvere
356 2067 501 2102 corrigiam
511 2067 764 2100 calceamentorum,
780 2067 856 2102 cujus
867 2068 949 2095 verba

162 2113 188 2139 in
199 2120 232 2140 eo
245 2112 378 2148 leguntur.
397 2113 498 2141 Cantor
507 2120 571 2141 vero
584 2114 730 2141 ascendere
743 2118 833 2149 potest
846 2115 949 2142 indide-

161 2162 262 2186 renter.
277 2159 405 2186 Ascendit
426 2159 550 2194 superius
562 2180 570 2192 ,
597 2160 660 2194 quia
676 2159 799 2188 Christus
822 2161 949 2196 praelatus

161 2206 203 2229 est
211 2202 318 2230 Joanni.
327 2202 387 2230 Stat
398 2204 424 2230 in
437 2204 613 2238 eodem,quia
625 2204 763 2231 testimaba
769 2208 812 2231 tur
818 2204 945 2232 Joannes.

162 2246 222 2273 Stat
236 2246 356 2280 inferius,
372 2248 436 2282 quia
451 2248 523 2275 venit
533 2248 567 2275 ab
580 2255 614 2275 eo
626 2248 769 2282 baptizari.
782 2249 840 2276 Non
852 2257 947 2277 ascen-

162 2291 201 2318 dit
211 2292 334 2326 superius
347 2293 393 2327 qui
418 2292 619 2328 responsorium
631 2297 725 2320 cantat
737 2301 820 2328 quam
839 2295 885 2330 qui
907 2295 947 2323 le-

161 2338 278 2365 ctionem
292 2338 364 2374 legit,
382 2340 429 2367 sed
443 2344 498 2367 stat
511 2340 538 2366 in
559 2339 652 2367 eodem
666 2339 736 2367 loco.
747 2339 781 2367 Et
793 2340 815 2367 si
828 2341 949 2368 ascendit

161 2384 294 2417 superius,
310 2385 457 2412 secundum
481 2384 650 2419 supradictos
662 2384 758 2412 modos
780 2384 946 2419 intelligitur.

161 2427 373 2463 Responsorium
395 2430 455 2458 ideo
478 2430 578 2457 dicitur
597 2437 630 2457 eo
653 2430 724 2465 quod
744 2437 799 2457 uno
823 2433 949 2458 cantante

161 2475 252 2502 caeteri
264 2476 454 2510 respondeant.
473 2475 598 2504 Cantavit
612 2484 682 2504 unus
695 2476 830 2508 Christus,
847 2475 874 2503 id
888 2479 947 2508 est,

161 2519 266 2546 vocavit
278 2519 388 2547 Petrum
399 2524 428 2547 et
446 2524 558 2548 caeteros
571 2520 715 2555 apostolos.
739 2519 780 2547 Illi
797 2519 949 2555 responde-

162 2568 236 2597 runt,
246 2565 310 2600 quia
324 2565 462 2594 Christum
487 2566 585 2594 imitati
597 2571 669 2594 sunt.
684 2566 719 2593 Et
732 2566 793 2594 ideo
806 2573 949 2601 responso-

163 2610 232 2638 rium
244 2612 431 2640 convocationi
450 2611 632 2647 apostolon
648 2612 784 2639 convenit.
800 2611 859 2646 ipse
875 2611 947 2639 idem

161 2658 235 2686 solus
248 2665 357 2686 versum
371 2662 472 2691 cantat,
482 2659 545 2694 quia
556 2658 680 2686 Christus
703 2665 824 2685 seorsum
846 2665 947 2693 pemo-

161 2710 239 2732 ctans
251 2704 325 2732 solus
337 2705 449 2737 orabat,
472 2705 542 2732 sicut
556 2705 582 2732 in
596 2704 740 2740 Evangelia
753 2713 759 2731 :
776 2703 837 2739 Ipse
861 2708 949 2730 autem

161 2754 219 2777 erat
236 2755 390 2784 pernoctant
400 2751 427 2777 in
441 2751 558 2777 oratione
568 2749 645 2785 (Luc.
658 2750 708 2784 vr).
731 2749 867 2776 Diaconos
885 2756 947 2776 cum

161 2796 282 2824 ascendit
299 2796 332 2824 ad
345 2795 504 2831 legendum,
525 2796 593 2830 petit
610 2795 825 2824 benedictionem
842 2795 876 2822 ab
891 2795 949 2830 epi-

162 2849 257 2877 scopo,
282 2846 310 2870 et
332 2842 430 2876 accipit
444 2840 618 2876 Evangelium
638 2841 672 2870 de
692 2841 788 2875 altari;
808 2845 836 2870 et
849 2849 949 2876 praece-

362 2888 500 2918 ΡΑτιιοι..
522 2885 589 2917 CV.

1004 932 1176 967 deponuntur
1192 939 1208 960 e
1218 932 1353 960 manibus.
1365 931 1449 960 Judzei
1460 940 1578 968 namque
1591 933 1751 961 arundinem
1766 934 1793 960 in

1004 977 1143 1005 dexteram
1165 976 1228 1005 Jesu
1243 978 1354 1010 dabant,
1368 981 1396 1005 et
1419 978 1539 1013 spineam
1566 986 1693 1006 coronam
1712 978 1798 1014 capiti

1003 1023 1062 1058 ejus
1081 1023 1276 1058 imposuerunt,
1289 1027 1317 1050 et
1333 1023 1487 1051 salutabant
1500 1031 1561 1051 eum
1573 1044 1581 1057 ,
1604 1028 1685 1059 atque
1705 1031 1794 1060 genua

1002 1072 1133 1103 ponentes
1145 1068 1294 1096 adorabant
1305 1076 1368 1097 eum
1380 1065 1530 1097 illudentes.
1543 1068 1597 1097 Nos
1608 1077 1673 1097 vero
1689 1069 1795 1104 fugien-

1003 1117 1044 1141 tes
1055 1121 1217 1143 consensum
1228 1122 1324 1142 eorum
1336 1134 1344 1147 ,
1365 1114 1532 1149 deponamus
1561 1115 1685 1143 baculum
1711 1121 1793 1150 quem

1003 1159 1040 1186 illi
1057 1164 1203 1187 erexerunt
1218 1161 1252 1187 ob
1265 1160 1429 1195 superbiam,
1446 1168 1534 1195 neque
1553 1168 1683 1189 coronam
1705 1169 1794 1196 neque

1002 1204 1075 1233 aliud
1087 1206 1284 1240 operimentum
1310 1213 1391 1241 super
1410 1209 1490 1241 caput
1506 1207 1600 1234 eadem
1614 1207 1682 1235 hora
1699 1212 1793 1235 tenen-

1003 1253 1053 1277 tes.
1071 1250 1099 1278 Si
1114 1250 1257 1279 intraverit
1273 1252 1334 1286 quis
1357 1251 1447 1279 subito
1462 1251 1556 1280 eadem
1570 1252 1636 1279 hora
1660 1252 1688 1279 in
1700 1252 1794 1280 Eccle-

1002 1296 1082 1330 siam,
1093 1304 1147 1325 non
1161 1298 1310 1325 salutamus
1323 1305 1396 1330 eum,
1410 1305 1498 1333 neque
1510 1305 1596 1333 genua
1611 1298 1738 1334 ponimus
1756 1298 1792 1326 ad

1001 1345 1152 1374 orationem
1165 1345 1251 1372 donec
1262 1343 1361 1372 lectum
1372 1343 1407 1372 sit
1417 1343 1603 1379 Evangelium.

1035 1390 1123 1418 Aliter
1148 1390 1274 1418 baculum
1296 1397 1441 1425 possumus
1470 1389 1618 1424 intelligere
1642 1390 1791 1417 humanum

1001 1435 1175 1470 adjutorium.
1207 1435 1283 1464 Unde
1306 1439 1334 1462 et
1350 1433 1505 1463 Jeremias:
1531 1434 1689 1463 Maledicta
1714 1436 1794 1462 homo

1000 1480 1046 1515 qui
1061 1479 1168 1514 conﬁdit
1181 1479 1210 1505 in
1228 1478 1331 1505 homine
1345 1477 1453 1513 (Jerem.
1466 1478 1544 1512 xvu).
1558 1477 1593 1511 Et
1612 1477 1725 1513 reliqua.
1742 1477 1791 1505 Sa-

1003 1524 1128 1553 cerdotes
1157 1531 1275 1559 namque
1298 1523 1325 1550 in
1347 1523 1467 1551 Ecclesia
1484 1527 1597 1559 possunt
1619 1531 1682 1552 esse
1703 1524 1791 1551 baculi

1001 1571 1099 1603 nostri,
1115 1569 1161 1605 qui
1175 1577 1224 1605 pro
1240 1569 1316 1597 nobis
1329 1568 1429 1597 debent
1439 1576 1527 1596 orare.
1542 1568 1629 1603 Quam
1639 1569 1790 1597 orationem

1000 1625 1051 1652 pro
1066 1616 1162 1644 baculo
1187 1616 1323 1650 ponimus.
1347 1615 1396 1642 Est
1419 1615 1562 1649 aliquoties
1586 1620 1616 1642 ut
1634 1623 1667 1643 eo
1692 1615 1790 1642 baculo

1000 1666 1120 1694 utamur,
1132 1661 1277 1696 aliquando
1290 1668 1354 1687 non.
1373 1659 1485 1693 Quando
1497 1660 1635 1687 Christum
1654 1660 1680 1686 in
1699 1667 1791 1695 prom-

1000 1711 1046 1740 ptu
1058 1707 1200 1738 habemus,
1212 1713 1265 1733 non
1275 1709 1316 1732 est
1330 1712 1442 1733 necesse
1454 1705 1508 1732 ullo
1519 1705 1626 1732 baculo.
1642 1704 1670 1731 Si
1681 1705 1789 1739 quando

999 1756 1110 1786 propter
1123 1754 1234 1785 peccata
1248 1754 1339 1777 nostra
1352 1749 1517 1783 discesserit,
1533 1757 1644 1777 necesse
1663 1754 1706 1777 est
1717 1757 1790 1784 quie-

1000 1804 1060 1824 rere
1079 1797 1203 1824 baculum
1215 1816 1223 1829 ,
1247 1796 1274 1823 id
1288 1799 1350 1828 est,
1375 1795 1512 1823 orationes
1535 1799 1700 1823 sanctorum.
1717 1794 1789 1829 Qua-

999 1846 1110 1877 propter
1122 1841 1229 1876 quando
1239 1841 1366 1869 sacerdos
1376 1844 1436 1868 orat
1448 1845 1529 1876 atque
1541 1841 1662 1869 celebrat
1673 1841 1787 1869 aliorum

999 1887 1139 1915 doctorum
1154 1886 1260 1920 ollicia‘,
1281 1887 1391 1921 baculos
1405 1891 1528 1914 tenemus
1554 1887 1583 1914 in
1597 1886 1731 1914 manibus.
1757 1887 1791 1914 Et

998 1932 1106 1967 quando
1120 1931 1204 1966 ipsius
1216 1931 1318 1959 Christi
1330 1932 1413 1960 verba
1427 1932 1505 1959 nobis
1518 1932 1671 1966 loquuntur,
1681 1932 1791 1960 baculos

999 1984 1052 2004 non
1066 1980 1189 2004 tenemus
1203 1977 1229 2003 in
1242 1976 1376 2005 manibus.
1388 1976 1425 2004 Ut
1438 1977 1597 2004 ostendatur
1613 1985 1666 2005 non
1682 1976 1789 2005 diiiicile

998 2029 1058 2050 esse
1069 2022 1177 2050 Christo
1184 2030 1232 2057 per
1245 2029 1275 2049 se
1284 2022 1380 2050 docere
1390 2029 1469 2057 posse
1479 2022 1607 2057 populum
1620 2030 1708 2050 suum.
1717 2022 1789 2056 Quo-

999 2068 1072 2095 niam
1086 2067 1132 2095 ubi
1147 2067 1174 2094 in
1188 2071 1313 2102 promptu
1328 2067 1453 2094 Christus
1471 2067 1599 2101 loquitur,
1612 2074 1665 2094 non
1688 2067 1725 2094 ibi
1740 2075 1788 2094 ne-

998 2120 1076 2141 cesse
1094 2113 1226 2140 habemus
1237 2112 1349 2138 Petrum
1367 2119 1455 2146 neque
1467 2110 1580 2138 Paulum
1599 2119 1687 2146 neque
1705 2111 1787 2139 alium

999 2158 1158 2191 doctorem,‘l
1165 2157 1227 2191 quia
1236 2156 1293 2191 ipse
1299 2159 1415 2184 estunus
1425 2156 1555 2191 magister
1562 2157 1607 2191 qui
1619 2157 1646 2184 in
1653 2157 1729 2185 ccelis
1735 2162 1773 2185 est
1780 2177 1787 2184 .

1034 2165 1109 2185 ctore
1145 2165 1151 2171 ·
1165 2165 1415 2191 quiaipseeswnus
1425 2165 1607 2191 magtsquui
1619 2165 1646 2184 In
1653 2165 1748 2185 cceuse

1034 2201 1089 2228 Cur
1102 2165 1276 2228 sihiaconus
1291 2201 1317 2228 in
1332 2201 1441 2228 amboue
1454 2209 1542 2228 versus
1554 2202 1589 2228 ad
1601 2203 1748 2230 meridiem.

1033 2247 1168 2275 Diaconus
1189 2246 1366 2282 pronuntians
1389 2247 1472 2274 verba
1499 2247 1637 2282 Evangelii
1659 2248 1693 2275 ad
1706 2249 1788 2275 meri-

999 2292 1069 2320 diem
1083 2295 1138 2319 stat
1150 2298 1245 2319 versus
1257 2311 1265 2323 ,
1277 2291 1406 2326 quoniam
1421 2291 1473 2319 illis
1494 2291 1613 2327 loquitur
1637 2292 1670 2320 de
1689 2293 1788 2327 quibus

999 2339 1106 2367 dicebat
1116 2338 1234 2366 Paulus;
1254 2337 1416 2372 Sapientiam
1431 2336 1562 2372 loquimur
1574 2337 1643 2363 inter
1658 2338 1787 2373 perfectos

1000 2384 1026 2420 (I
1037 2383 1098 2411 Cor.
1111 2384 1160 2419 v1).
1176 2383 1289 2417 Quando
1301 2382 1375 2409 enim
1397 2382 1437 2409 sol
1451 2381 1484 2409 ad
1499 2381 1638 2409 meridiem
1653 2383 1785 2418 vergitur,

999 2429 1146 2457 ferventior
1155 2429 1223 2456 solet
1233 2428 1350 2456 existere
1368 2431 1396 2455 et
1408 2426 1497 2454 altior.
1519 2426 1659 2462 Signiﬁcat
1671 2435 1786 2463 namque

999 2476 1147 2503 Ecclesiam
1163 2475 1311 2502 ferventem
1322 2474 1413 2501 animo
1429 2473 1457 2500 in
1476 2480 1568 2500 amore
1581 2472 1639 2506 Dei,
1652 2473 1785 2501 elevatam

999 2528 1060 2548 esse
1074 2521 1100 2548 in
1119 2527 1217 2556 magno
1237 2519 1353 2547 culmine
1366 2518 1508 2545 virtutum.
1534 2517 1573 2545 De
1588 2525 1641 2553 qua
1656 2522 1733 2553 parte
1747 2519 1787 2546 sic

999 2567 1071 2595 fatur
1085 2567 1114 2595 in
1127 2566 1247 2595 Canticis
1266 2565 1433 2593 canticorum
1447 2573 1454 2591 :
1467 2563 1562 2591 Indica
1573 2564 1637 2591 milii
1656 2572 1732 2600 quem
1745 2564 1787 2590 di-

999 2614 1055 2649 ligit
1070 2612 1158 2641 anima
1171 2621 1239 2645 mea,
1262 2611 1307 2638 ubi
1334 2618 1439 2646 pascas,
1457 2610 1502 2638 ubi
1526 2610 1602 2638 cubes
1626 2609 1653 2636 in
1678 2609 1785 2636 meridie

999 2658 1087 2695 (Cant.
1106 2658 1137 2695 ι).
1156 2657 1184 2685 In
1197 2657 1291 2685 eadem
1309 2659 1384 2691 parte
1399 2655 1473 2683 illum
1493 2654 1606 2689 requirit
1620 2660 1717 2688 sponsa
1731 2660 1785 2687 qua

999 2704 1166 2740 recognoscit
1179 2703 1253 2731 illum
1268 2703 1377 2735 cubare,
1393 2703 1421 2729 in
1441 2701 1563 2732 meridie,
1575 2700 1602 2726 id
1617 2703 1660 2726 est
1670 2718 1677 2731 ,
1703 2698 1729 2725 in
1745 2697 1785 2725 eis

999 2757 1113 2785 quorum
1135 2756 1182 2776 cor
1200 2747 1299 2775 ardens
1319 2751 1361 2775 est
1380 2747 1408 2773 in
1436 2744 1580 2773 dilectione
1599 2743 1647 2770 Dei
1673 2747 1702 2770 et
1716 2742 1782 2770 dile-

999 2794 1087 2822 ctione
1096 2793 1223 2829 proximi,
1238 2792 1304 2828 ipsis
1316 2791 1349 2819 de
1360 2790 1457 2826 quibus
1476 2789 1595 2823 loquitur
1607 2787 1781 2823 Evangelium

999 2841 1044 2876 qui
1056 2840 1083 2868 in
1096 2840 1179 2869 corde
1193 2840 1263 2867 bono
1280 2843 1307 2866 et
1324 2838 1426 2872 optimo
1438 2836 1579 2864 audientes
1593 2834 1703 2863 verbum
1718 2833 1783 2862 reli-
