4000 6178
425 235 570 311 1325

426 450 662 506 solemus
701 449 888 504 sedere
925 449 993 505 ad
1043 449 1326 505 lectionem
1374 452 1790 523 magistrorum,
1836 451 2007 509 facies

426 541 671 613 magistri
698 540 869 595 nostri
896 539 1126 610 amplius
1144 541 1350 597 intenta
1373 542 1427 596 in
1453 557 1577 598 eum
1597 545 1687 615 qui
1715 542 2009 614 perfectius

420 633 604 700 potest
629 628 839 684 discere
866 643 1028 698 quam
1055 627 1109 682 in
1151 644 1246 685 eos
1273 629 1365 700 qui
1400 629 1580 685 minus
1623 629 1861 700 perfecte
1898 631 2009 686 dis-

425 725 584 783 cunt;
612 733 719 772 non
746 731 811 772 eo
845 718 990 788 quod
1022 717 1098 773 illi
1141 719 1242 774 soli
1274 727 1426 790 Optet
1455 734 1611 774 suam
1661 721 1963 777 doctrinam
1990 759 2008 784 ,

423 800 520 862 sed
559 806 685 876 quia
726 806 847 862 illos
891 808 981 877 qui
1032 808 1328 864 tardiorem
1368 823 1588 863 sensum
1643 809 1845 864 habent
1897 809 2010 864 vult

423 893 622 952 iterum
649 895 832 953 doceri
867 898 1056 953 abillo
1083 899 1176 970 qui
1205 900 1367 955 citius
1395 915 1582 955 veram
1619 901 1886 958 rationem
1921 902 2008 956 in-

421 989 610 1044 tenlre
634 998 811 1060 potest
837 991 896 1044 in
926 991 1172 1045 doctrina
1205 992 1469 1062 magistri.
1516 991 1632 1049 Non
1679 993 1914 1048 dicimus
1935 995 2010 1050 ita

423 1088 484 1135 ut
525 1081 581 1135 hi
631 1081 723 1151 qui
752 1091 874 1152 post
900 1090 1112 1154 tergum
1140 1091 1266 1136 sunt
1297 1091 1543 1137 extorres
1594 1083 1704 1137 sint
1752 1099 1782 1136 a
1815 1091 2014 1138 sancto

419 1170 733 1243 Evangelia,
764 1172 859 1226 sed
910 1179 970 1226 ut
1013 1188 1110 1243 per
1145 1172 1396 1227 doctores
1430 1172 1614 1227 minus
1655 1171 1855 1227 eruditi
1879 1187 2006 1226 eru-

423 1261 663 1317 diantur.

543 1352 617 1403 Tu
638 1353 719 1416 qui
742 1352 970 1416 scaudi'sti
995 1351 1190 1401 culmen
1210 1351 1421 1416 sublime
1441 1349 1686 1410 minister,

541 1414 736 1473 Quanto
759 1414 955 1462 excelsa
980 1417 1130 1475 petis,
1154 1421 1288 1462 tanto
1311 1414 1612 1463 moderatior
1633 1418 1760 1475 esto.

551 1477 793 1534 Quantum
819 1487 968 1534 prona
983 1473 1116 1534 solo,
1139 1481 1326 1524 tantum
1349 1475 1398 1524 tit
1424 1477 1646 1536 proxima
1668 1474 1818 1536 emtor.

546 1535 690 1588 Mens
711 1538 894 1584 etenim
914 1549 1022 1596 quae
1044 1537 1173 1584 celsa
1195 1537 1321 1596 petit
1336 1567 1356 1594 ν
1375 1535 1479 1585 haec
1516 1535 1609 1582 ima
1635 1535 1851 1596 tenebit,

544 1596 855 1658 Interiorque
875 1597 1056 1657 gradus
1077 1607 1176 1658 quo
1196 1596 1299 1644 vult
1321 1597 1638 1645 descendere
1662 1597 1836 1658 surgit.

540 1659 758 1708 Laetatur
775 1657 987 1716 serpens
1011 1657 1236 1706 inimicus
1255 1659 1302 1707 si
1323 1657 1476 1717 cadis,
1495 1659 1644 1716 alme,
1758 1657 1761 1658 ⁷
1790 1695 1793 1698 .

539 1717 764 1780 Angelus
788 1717 1042 1767 altithroni
1061 1719 1100 1765 si
1126 1731 1220 1766 non
1243 1717 1427 1780 gaudet
1449 1717 1560 1780 quia
1581 1725 1632 1780 tu
1655 1719 1738 1780 sis.

546 1779 725 1830 Pocula
741 1780 874 1830 celsa
889 1780 1037 1840 iullus
1059 1786 1112 1828 tu
1129 1779 1370 1828 scandere
1390 1779 1539 1828 limen
1562 1779 1756 1842 olympi.

836 1878 912 1935 De
944 1879 1285 1934 exstinctiene
1313 1887 1601 1933 cercurum.

487 1973 617 2030 Post
651 1973 853 2030 lectum
874 1969 1230 2043 Evangelium
1285 1971 1524 2026 candela:
1571 1972 2009 2043 extinguuntur.

416 2065 520 2125 Per
545 2064 796 2122 candelas
821 2065 1103 2136 signantur
1141 2063 1398 2117 doctores
1451 2060 1726 2117 Ecclesiae.
1776 2062 1843 2116 Et
1872 2061 2003 2132 quid

419 2157 530 2210 vult
564 2157 708 2210 istud
739 2155 881 2224 quod
908 2151 1411 2222 post‘Evangelium
1440 2151 1864 2222 exstinguuntur
1909 2153 2011 2207 nisi

417 2244 560 2314 quod
579 2255 740 2297 nemo
767 2243 1052 2297 doctorum
1079 2241 1466 2296 transcendere
1490 2249 1671 2311 potest
1689 2242 1855 2296 verba
1885 2255 2010 2296 san-

416 2336 488 2392 cti
518 2334 836 2407 Evangelii?
882 2333 1082 2404 Aperte
1107 2333 1270 2388 etiam
1297 2339 1631 2388 monstratur
1670 2324 1854 2388 clauso
1883 2347 2008 2387 san-

417 2435 506 2483 cto
545 2427 836 2498 Evangelio
864 2425 1190 2483 exstinctam
1224 2435 1346 2480 esse
1376 2425 1679 2480 doctrinam
1705 2423 2009 2479 doctorum.

457 2535 490 2549 ·
919 2515 999 2570 De
1027 2514 1204 2571 Credo
1241 2515 1298 2569 in
1324 2515 1515 2570 Deum.

489 2606 792 2676 Postquam
851 2604 1106 2674 Christus
1141 2603 1292 2660 locus
1330 2603 1598 2676 [Legeud.
1639 2602 1886 2677 locutus}
1927 2612 2014 2660 est

418 2696 624 2768 populo
658 2710 778 2760 suo,
810 2693 896 2751 fas
942 2700 1028 2750 est
1056 2702 1117 2749 ut
1141 2691 1356 2750 dulcius
1383 2701 1440 2750 et
1467 2694 1734 2749 intentius
1752 2682 2010 2764 profitea-

419 2799 510 2843 tur
529 2780 905 2843 credulitatem
936 2800 1089 2842 suam
1114 2805 1132 2854 ;
1158 2787 1348 2857 sicque
1375 2788 1629 2843 convenit
1661 2787 1860 2858 populo
1892 2795 2014 2858 post

419 2881 790 2951 Evangelium,
822 2881 948 2950 quia
975 2880 1176 2936 Christi
1202 2875 1368 2934 verba
1394 2881 1619 2945 audivit,
1651 2881 2009 2936 intentionem

417 2969 753 3026 credulitatis
791 2985 904 3024 sure
953 2969 1218 3038 praeclaro
1248 2984 1344 3024 ore
1385 2969 1652 3039 proferre.
1694 2969 2002 3026 Christiana

1456 246 1788 310 AMALARH
1824 245 2265 308 PRESBYTER!
2301 235 2642 311 mersans

418 369 581 428 nent,
609 367 665 416 et
684 354 927 416 fructum
953 353 1180 416 adorent
1217 359 1272 416 in
1297 357 1580 432 patientia.
1625 360 1772 418 Sane
1793 362 2010 432 quando
2040 360 2092 418 Α

3557 249 3700 317 ξῖὲι

2709 382 2788 439 De
2828 383 3114 441 ablatio-ne.

2177 522 2426 588 Christus
2453 533 2715 590 Dominus
2741 535 2998 591 sacerdos
3027 545 3111 592 est
3135 529 3192 594 in
3213 539 3482 595 aeternum
3509 557 3703 598 secan-
3761 553 3772 558 '

2108 619 2235 678 dum
2256 622 2501 677 ordinem
2534 622 2949 692 Melchisedech,
2981 626 3076 697 qui
3105 643 3201 682 rex
3235 627 3444 695 Salem,
3487 632 3541 685 id
3582 643 3703 700 est,

2108 725 2209 766 rex.
2231 712 2402 782 pacis,
2437 712 2632 767 obtulit
2663 729 2860 783 panem
2883 723 2938 768 et
2964 716 3148 772 vinum
3181 717 3237 772 in
3261 719 3704 790 pmﬁguratione

2106 803 2222 856 veri
2247 803 2544 859 sacerdotis
2569 802 2794 870 Christi,
2826 805 2918 876 qui
2947 806 3146 861 obtulit
3189 799 3302 864 Deo
3329 809 3482 865 Patri
3511 826 3704 869 verum

2106 905 2320 962 panem,
2356 892 2409 946 id
2457 902 2562 959 est,
2593 908 2792 964 corpus
2843 896 3270 963 immaculatum,
3296 908 3349 955 et
3379 902 3566 956 vinum
3590 944 3607 966 ,
3649 905 3703 958 id

2109 992 2216 1049 est,
2233 985 2555 1052 sanguinem
2584 1001 2742 1041 suum
2765 1003 2781 1053 ;
2809 987 2864 1041 in
2889 986 3043 1055 cujus
3072 998 3200 1060 typo
3217 991 3378 1046 hodie
3397 1000 3583 1048 nostra
3600 993 3706 1049 Ec-

2109 1072 2273 1128 clesia
2296 1089 2491 1144 panem
2512 1084 2566 1130 et
2581 1076 2766 1132 vinum
2783 1076 2944 1133 olfert
2964 1080 3016 1133 in
3035 1084 3444 1140 consecratione
3458 1087 3703 1154 corporis

2108 1171 2163 1216 et
2196 1165 2476 1234 sanguinis
2506 1165 2742 1220 Domini.
2776 1167 2843 1222 Et
2870 1168 2964 1238 qui
2992 1169 3358 1242 dedignantur
3399 1175 3705 1231 oblationes

2109 1248 2322 1316 offerre,
2354 1253 2729 1324 dedignantur,
2759 1259 3010 1328 quamvis
3046 1276 3156 1316 non
3191 1263 3317 1316 viva
3344 1279 3500 1330 voce,
3523 1266 3702 1320 conti-

2109 1342 2215 1395 tcri
2242 1357 2300 1397 se
2326 1341 2525 1397 Christi
2546 1347 2798 1415 passione
2823 1363 2930 1403 non
2955 1363 3076 1404 esse
3102 1351 3432 1422 redemptos,
3479 1363 3536 1408 et
3559 1370 3706 1410 eam-

2110 1433 2232 1488 dem
2259 1435 2564 1504 passionem
2588 1439 2865 1494 memoriae
2891 1455 3003 1496 suae
3021 1443 3300 1510 mandare,
3333 1445 3410 1499 ita
3441 1455 3623 1502 tamen
3645 1459 3708 1502 se

2107 1535 2216 1578 non
2246 1523 2318 1578 sit
2345 1524 2529 1595 aliqua
2555 1542 2719 1582 causa
2746 1543 2865 1599 qua:
2890 1527 3033 1586 forte
3080 1532 3149 1586 ad
3188 1539 3397 1603 tempus
3418 1535 3700 1604 impediat.

2108 1613 2244 1670 Cum
2290 1613 2582 1673 fanonibus
2629 1613 2885 1687 oderunt,
2914 1622 3169 1690 quoniam
3213 1623 3446 1694 legimus
3499 1627 3556 1680 in
3581 1641 3707 1696 pas-

2032 1703 2085 1764 Β
2107 1705 2258 1760 sione
2274 1703 2488 1761 Domini
2510 1707 2787 1763 sudarium
2813 1721 3129 1781 usurpatum
3153 1729 3292 1769 esse.
3314 1714 3488 1770 Aliter
3507 1717 3710 1787 quippe

2114 1796 2342 1852 fanones
2369 1797 2434 1853 de
2472 1795 2584 1853 lino
2609 1795 2936 1855 efﬁciuntur.
2967 1802 3038 1857 Et
3080 1803 3250 1858 linum
3301 1805 3487 1860 multis
3533 1808 3710 1862 modis

2112 1897 2314 1943 sancta:
2343 1887 2640 1960 Scriptura:
2690 1905 2789 1960 pro
2843 1893 3101 1946 exercitio
3149 1895 3421 1963 passionis
3465 1897 3706 1965 ponitur.

2111 1977 2289 2050 Atque
2325 1981 2449 2037 ideo
2480 1980 2770 2037 fanonibus
2806 1985 2956 2052 puris
2995 1983 3296 2040 oblationes
3333 1994 3522 2041 tenent
3558 1997 3618 2041 ut
3650 2003 3712 2043 se

2112 2070 2400 2124 ostendant
2449 2069 2710 2141 religione
2767 2082 2957 2127 sancta
3009 2081 3063 2128 et
3117 2074 3386 2130 catholica
3430 2078 3712 2147 accepisse

2113 2177 2217 2234 pro
2239 2161 2498 2219 fratribus
2520 2163 2758 2225 animam
2785 2177 3006 2234 ponere,
3035 2175 3091 2220 et
3116 2182 3224 2221 non
3262 2167 3438 2223 solum
3471 2171 3712 2232 animas,

2115 2253 2208 2308 sed
2237 2262 2292 2308 et
2319 2269 2508 2323 puras,
2537 2262 2595 2308 ut
2627 2263 2733 2310 non
2765 2255 2874 2310 sint
2896 2256 3076 2327 aliqua
3116 2258 3310 2314 breresi
3340 2259 3585 2329 polluta,
3614 2263 3713 2317 sed

2113 2342 2378 2397 cliaritate
2422 2343 2714 2400 mundatus.
2777 2343 2930 2402 Unde
2975 2347 3106 2400 dicit
3150 2347 3444 2416 Apostolus
3481 2369 3495 2403 :
3541 2350 3616 2404 Et
3665 2354 3714 2406 si

2113 2433 2380 2488 tradidero
2408 2451 2595 2506 corpus
2619 2452 2790 2490 meum
2830 2445 2886 2489 ut
2922 2437 3164 2504 ardeant,
3185 2439 3502 2494 charitatem
3533 2452 3714 2496 autem

2114 2538 2219 2576 non
2249 2524 2510 2590 habuero,
2533 2523 2662 2578 nihil
2690 2524 2817 2578 mihi
2853 2526 3059 2596 prodest
3090 2526 3138 2598 (ι
3176 2526 3301 2583 Cor.
3337 2531 3484 2601 xm).
3519 2530 3712 2588 Novis

2112 2613 2251 2668 sime
2279 2615 2521 2668 omnium
2547 2615 2860 2670 sacerdotes
2887 2615 3120 2672 oll‘crunt
3149 2626 3204 2674 et
3229 2619 3467 2685 diaconi,
3502 2623 3598 2676 sed
3621 2637 3709 2679 so-

2113 2704 2227 2760 lum
2253 2720 2468 2776 panem.
2486 2705 2645 2762 Solus
2665 2715 2849 2761 autem
2879 2707 3296 2765 archidiaconus
3321 2710 3460 2766 solet
3485 2711 3714 2782 implere

2111 2796 2416 2853 oblationes
2454 2797 2715 2868 priorum,
2747 2796 3038 2854 infundens
3065 2815 3262 2870 aquam
3292 2801 3346 2855 in
3373 2801 3606 2857 calicem
3649 2814 3709 2858 et

2114 2889 2348 2944 amulam
2393 2888 2664 2960 pontificis
2687 2925 2703 2956 ,
2755 2898 2814 2945 ut
2877 2890 3196 2945 ostendatur
3239 2889 3444 2947 (luisti
3508 2907 3714 2962 corpus

2115 2997 2282 3036 unum
2311 2996 2457 3048 esse,
2479 2990 2534 3038 et
2562 2981 2708 3053 quod
2731 2983 2836 3038 iste
2862 2983 2991 3038 fecit
3015 2998 3117 3054 pro
3145 2986 3398 3042 omnibus
3425 2985 3575 3053 fecit,
3605 2989 3713 3043 sic-

417 3058 605 3129 religio
632 3067 692 3112 ut
734 3059 883 3113 salva
907 3066 1123 3113 maneat
1153 3059 1318 3115 corde
1339 3060 1581 3115 creditur
1611 3060 1679 3114 ad
1702 3059 1970 3130 justitiam
1995 3105 2009 3131 ,

2117 3082 2176 3128 ut
2204 3073 2400 3129 Petrus
2425 3074 2479 3128 in
2505 3073 2796 3145 Erangelio
2819 3073 3108 3130 Dominum
3144 3075 3438 3147 discipulos
3471 3078 3714 3134 intem

417 3152 533 3206 oris
561 3159 742 3206 autem
771 3148 1042 3206 coalessio
1071 3149 1130 3205 fit
1161 3151 1216 3206 in
1259 3150 1512 3207 salutem.

485 3260 565 3317 De
607 3260 1009 3332 prwsentatiaue
1031 3259 1321 3332 corporalis
1350 3271 1399 3316 et
1433 3260 1619 3318 calicis
1645 3261 1717 3318 ad
1746 3263 1936 3318 altare.

486 3369 617 3430 Post
643 3373 1214 3447 IectumEvangelium
1238 3376 1386 3431 venit
1431 3375 1794 3435 subdiaconus
1835 3371 2016 3436 ferens

417 3469 473 3523 in
505 3468 728 3524 brachio
744 3468 969 3524 sinistro
993 3468 1240 3534 calicem,
1265 3469 1316 3523 in
1341 3485 1448 3540 quo
1471 3470 1801 3540 recipiantur
1821 3471 2014 3525 amula:

415 3559 761 3630 populorum,
795 3569 851 3614 et
875 3575 1036 3630 super
1066 3559 1293 3637 calicem
1341 3560 1645 3630 corporale,
1679 3561 1824 3630 quod
1869 3561 2014 3616 acci-

417 3652 570 3722 piens
599 3653 862 3708 diaconus
902 3653 1055 3723 ponit
1081 3667 1245 3723 super
1273 3651 1467 3718 altare,
1501 3647 1759 3708 similiter
1783 3653 2011 3709 calicem

415 3752 537 3812 post
569 3750 816 3813 receptas
842 3742 1071 3798 amulas.
1100 3742 1362 3798 Dominus
1381 3739 1538 3798 Iesus
1576 3744 1695 3813 ipse
1727 3742 1848 3815 [est
1874 3743 2009 3799 sub-

419 3831 684 3886 diaconus
711 3830 803 3902 et}
846 3831 1129 3888 diaconus.
1181 3824 1557 3888 Subdiacouus
1609 3833 1827 3902 Quando
1886 3847 2014 3902 ape-

417 3919 529 3974 ruit
579 3919 776 3973 librum
831 3929 886 3974 et
929 3920 1090 3990 legit;
1126 3921 1388 3977 diaconus
1438 3921 1653 3992 quando
1700 3922 1877 3977 dixit:
1912 3920 2017 3976 Fin

415 4007 522 4062 lius
562 4007 789 4062 hominis
840 4024 942 4062 non
993 4010 1131 4062 venit
1188 4011 1519 4078 ministrari,
1571 4011 1664 4067 sed
1710 4013 2012 4068 ministrare

418 4095 637 4169 (Matth.
667 4097 780 4171 xx).
811 4097 930 4168 Ipse
958 4097 1142 4155 ferens
1185 4099 1414 4156 calicem
1437 4105 1494 4156 et
1521 4104 1826 4172 corporale.
1854 4103 2013 4158 Nullo

416 4195 645 4258 cogente
688 4189 831 4242 venit
862 4186 1260 4259 Jerosolymam
1285 4229 1301 4254 ,
1355 4192 1825 4263 appropinquante
1877 4195 2012 4250 hora

415 4277 686 4347 passionis
714 4293 846 4344 sum,
880 4278 1086 4334 habens
1132 4279 1187 4334 in
1243 4280 1469 4336 sinistro
1507 4281 1733 4337 brachio
1785 4281 2010 4339 calicem

415 4375 472 4422 et
499 4368 732 4438 desuper
743 4369 1027 4438 corporale
1058 4387 1072 4424 :
1097 4370 1356 4442 quoniam
1377 4372 1521 4442 quod
1549 4389 1749 4444 passus
1767 4383 1852 4430 est
1875 4383 2009 4430 tem-

2115 3171 2332 3236 gantem
2358 3180 2386 3219 ι
2417 3161 2520 3218 Vos
2547 3181 2699 3236 quem
2727 3183 2809 3220 me
2833 3182 2943 3221 esse
2980 3166 3158 3222 dicitis
3184 3165 3402 3239 (Matth.
3441 3170 3581 3240 xu),
3607 3186 3716 3240 pro

2113 3255 2467 3312 universitate
2511 3255 2902 3326 discipulorum
2943 3253 3094 3315 solus
3140 3257 3338 3317 Petrus
3381 3263 3709 3332 respondit:

2115 3346 2192 3402 Tu
2219 3366 2272 3403 es
2316 3347 2554 3404 Christus
2591 3346 2766 3404 Filius
2793 3349 2891 3404 Dei
2926 3352 3044 3407 uiui.
3093 3351 3206 3407 Hoc
3236 3353 3378 3422 quod
3405 3370 3599 3409 omnes
3627 3372 3714 3410 re-

2112 3441 2446 3510 sponderunt
2467 3441 2668 3506 animo,
2697 3441 2822 3495 viva
2853 3456 2982 3496 voce
3023 3441 3182 3500 solus
3224 3443 3418 3500 Petms
3452 3445 3707 3514 protulit.

2111 3533 2266 3603 Quod
2299 3535 2601 3606 presbyteri
2634 3535 2688 3592 in
2709 3535 3006 3591 novissimo
3029 3536 3150 3592 loco
3176 3536 3434 3604 oderunt,
3469 3554 3581 3593 non
3611 3554 3710 3593 va-

2113 3634 2204 3681 cat
2232 3641 2264 3682 a
2298 3627 2578 3696 mysterio,
2617 3627 2834 3696 quando
2866 3623 3112 3683 Joannes
3151 3627 3204 3682 in
3250 3629 3579 3700 Apocalypsi
3606 3646 3712 3684 sua

2110 3718 2248 3773 vidit
2280 3717 2513 3773 similem
2541 3718 2652 3774 lilio
2691 3718 2926 3774 hominis
2961 3718 3015 3774 in
3062 3720 3240 3776 medio
3263 3730 3474 3790 septem
3500 3721 3710 3779 cande-

2111 3811 2406 3879 labrorum,
2438 3821 2493 3869 et
2517 3813 2573 3867 in
2604 3829 2672 3870 eo
2692 3815 2828 3870 vidit
2849 3825 3048 3870 statum
3074 3815 3250 3871 omnis
3273 3816 3532 3872 Ecclesir
3573 3831 3709 3887 pras-

2112 3903 2282 3960 sentis
2317 3904 2490 3974 qualis
2518 3915 2683 3960 esset.
2711 3906 2779 3961 Et
2801 3921 2926 3961 cum
2948 3907 3056 3962 hoc
3077 3907 3476 3978 descripsisset,
3509 3906 3706 3973 Pedes,

2113 3994 2308 4066 inquit,
2324 3996 2442 4067 ejus
2463 3997 2660 4052 similes
2687 3997 3160 4065 aurichalco,sicnt
3185 4001 3240 4053 in
3264 4001 3474 4054 camino
3495 3999 3708 4055 ardenti

2115 4084 2299 4158 (Apoc.
2341 4087 2404 4159 ι).
2458 4087 2629 4144 Pedes
2659 4089 2856 4160 ignitos
2913 4087 3493 4162 novissimi’temporis
3515 4091 3704 4147 Eccle~

2112 4182 2251 4238 siam
2279 4183 2429 4250 dicit,
2455 4199 2577 4254 qua:
2604 4185 2930 4240 eminentius
2958 4193 3046 4241 est
3070 4185 3430 4240 examinanda
3475 4194 3536 4241 et
3578 4202 3704 4256 pro-

2113 4273 2288 4328 banda
2326 4274 2616 4344 pressaris.
2653 4274 2964 4346 Presbyteri
3005 4271 3366 4331 ministerium
3391 4283 3479 4331 est
3501 4274 3712 4331 fortem

2111 4377 2234 4420 esse
2261 4365 2314 4418 in
2340 4365 2581 4421 Ecclesia
2604 4405 2618 4429 ,
2671 4372 2733 4420 ut
2759 4383 2860 4436 pro
2901 4383 2962 4423 se
2989 4369 3162 4437 possit
3191 4382 3354 4424 orare
3394 4376 3450 4424 et
3475 4380 3578 4438 pro
3608 4385 3710 4439 po-

414 4457 601 4529 poraie
632 4426 752 4524 fuit,
781 4426 887 4514 non
925 4426 1204 4516 aeternale.
1256 4461 1375 4517 Non
1394 4426 1574 4520 iliceti

2112 4456 2255 4526 pulo.
2297 4455 2366 4509 Et
2411 4456 2520 4522 isti,
2553 4426 2675 4512 ideo
2709 4426 2837 4527 quiia
2862 4426 3118 4515 fortiores
3164 4466 3294 4515 sunt
3338 4460 3392 4514 in
3420 4426 3706 4524 Ecclesia,

417 4563 597 4618 panno
632 4549 917 4622 corporale
933 4551 1039 4606 nisi
1066 4550 1139 4605 de
1162 4551 1326 4607 lineo.
1354 4551 1608 4608 Linteum
1643 4569 1877 4624 namque
1907 4571 2009 4625 per

418 4637 616 4693 multas
643 4640 1062 4696 exercitationes
1098 4641 1248 4695 venit
1275 4641 1344 4695 ad
1373 4641 1670 4711 candorem
1699 4659 1876 4698 suum.
1921 4643 2009 4698 Si-

419 4726 643 4795 gniﬁcat
667 4744 795 4785 vero
831 4729 1002 4800 ipsam
1029 4731 1384 4786 intentionem
1403 4731 1695 4787 Dominicaa
1717 4733 2006 4802 passionis.

418 4816 570 4870 Calix
615 4818 787 4888 ipsam
839 4821 1184 4892 passionem,
1241 4823 1296 4879 in
1352 4837 1460 4893 qua
1507 4825 1747 4894 suscepit
1798 4826 2011 4883 amulas

422 4917 660 4964 nostras.

709 4991 1091 5070 Recapitulatio
1129 5004 1198 5058 de
1221 5003 1466 5074 passione
1493 5003 1729 5061 Domini.

492 5087 582 5142 Bis
625 5089 772 5143 euim
830 5102 1085 5147 narratur
1133 5095 1191 5150 in
1239 5096 1342 5150 ista
1382 5094 1601 5154 scedula
1654 5097 1720 5151 de
1759 5097 2014 5166 passione

423 5179 676 5247 Domini,
723 5195 892 5235 unum
943 5183 1087 5251 quod
1127 5183 1186 5238 fit
1219 5185 1273 5239 in
1319 5185 1638 5257 Evangelio,
1670 5195 1727 5242 et
1777 5187 2010 5245 alterum

421 5269 567 5341 quod
593 5269 768 5326 adhuc
797 5281 965 5327 restat
994 5280 1050 5328 et
1075 5273 1256 5344 agitur
1282 5275 1334 5329 in
1363 5275 1539 5330 altari.
1569 5275 1678 5331 Cur
1705 5277 1840 5332 hoc?
1865 5277 2009 5345 Quo-

426 5362 577 5416 niam
613 5362 696 5417 his
725 5361 1019 5417 cruciﬁxus
1047 5372 1129 5418 est
1153 5361 1330 5418 Jcsus.
1362 5364 1544 5420 Primo
1569 5366 1767 5438 linguis
1794 5365 2009 5423 Iudam-

426 5466 569 5516 rum,
602 5461 658 5508 et
703 5461 891 5523 postea
931 5469 1113 5508 cruce.
1145 5453 1274 5508 Inde
1319 5463 1406 5509 est
1443 5458 1585 5524 quod
1621 5457 1833 5514 Marcus
1878 5460 2011 5516 hora

428 5541 606 5605 tertia,
627 5543 678 5598 id
705 5552 808 5609 est,
827 5543 1022 5616 linguis
1051 5542 1396 5611 Judaeorum;
1423 5546 1518 5600 sed
1541 5547 1683 5604 sicut
1714 5548 1802 5603 alii
1833 5549 2010 5608 Evan-

429 5628 632 5696 gelistae
663 5642 904 5700 narrant,
929 5636 1203 5702 manibus,
1231 5636 1365 5691 hora
1387 5645 1560 5692 sexta.
1997 5635 2006 5645 ’

2109 4545 2406 4600 novissime
2435 4544 2712 4612 olfenmt,
2749 4555 2812 4602 ut
2857 4547 3162 4618 signiﬁcent
3203 4548 3542 4616 Eeclesiam;
3574 4565 3708 4619 quo-

2109 4636 2254 4690 niam
2290 4636 2348 4690 in
2382 4637 2678 4692 novissimo
2713 4645 2954 4708 tempore
2999 4639 3106 4693 erit
3133 4639 3526 4702 Antichristns,
3557 4641 3712 4695 vide-

2108 4725 2234 4782 licet
2263 4728 2435 4786 multo
2460 4729 2642 4798 plures
2675 4729 2874 4800 injuria
2917 4731 3188 4785 sustinere
3213 4745 3377 4800 quam
3406 4741 3702 4798 prasente.

2113 4817 2222 4874 Sed
2245 4827 2301 4874 et
2327 4819 2374 4874 si
2409 4819 2640 4876 delectat
2663 4821 2852 4876 audire
2893 4836 2993 4876 cur
3027 4821 3130 4875 viri
3156 4829 3287 4876 ante
3313 4820 3549 4878 fminas
3569 4821 3710 4877 θεε-

2112 4916 2255 4974 rant,
2280 4909 2477 4964 dicitur
2505 4910 2633 4980 quia
2663 4919 2720 4964 et
2737 4909 3012 4979 primitiva
3041 4910 3285 4968 Ecclesia
3310 4911 3367 4965 in
3408 4925 3702 4981 pressius,

2113 4999 2329 5067 quando
2359 4999 2599 5054 nondum
2624 4998 2856 5068 pleniter
2879 4999 3172 5056 Christiani
3197 5009 3382 5066 eram,
3407 5000 3598 5070 plures
3621 5001 3706 5055 in-

2105 5087 2282 5157 jurias
2311 5091 2685 5146 sustinuerunt
2728 5107 2893 5162 quam
2935 5094 3099 5150 modo
3142 5094 3409 5151 sustineat
3458 5107 3708 5164 praesens

2111 5179 2178 5234 Et
2189 5180 2378 5237 clesia.
2411 5180 2736 5238 Feminam
2774 5183 2960 5240 modio
2977 5182 3228 5247 oderunt,
3257 5185 3384 5253 quia
3405 5224 3424 5249 ,
3471 5184 3621 5239 sicut
3643 5184 3708 5237 li-

2112 5273 2276 5342 quido
2305 5281 2476 5343 patet,
2505 5274 2782 5332 silentium
2803 5283 2890 5330 est
2929 5290 3186 5345 magnum
3206 5275 3262 5330 'ul
3285 5274 3552 5331 Ecdesia.
3593 5275 3706 5330 Deo

2113 5366 2258 5420 enim
2279 5367 2506 5435 gratias,
2540 5365 2924 5424 Christianitas
2952 5368 3189 5422 maxime
3215 5367 3274 5423 in
3297 5367 3417 5423 istis
3443 5369 3709 5437 tempori-

2111 5459 2212 5515 bus
2240 5459 2404 5529 viget,
2432 5459 2703 5528 praacipue
2719 5459 2976 5529 quorﬁam
3005 5458 3257 5516 sublimis
3281 5466 3522 5528 potestas
3543 5456 3702 5513 Chri.

2111 5551 2287 5604 stiaua
2308 5559 2412 5605 est.
2434 5549 2886 5617 Presbyterornm
2923 5550 3288 5606 ministerium
3311 5556 3397 5604 est
3422 5556 3484 5604 et
3520 5549 3711 5604 diaco-

2115 5646 2304 5698 n'orum
2334 5640 2392 5696 in
2413 5639 2571 5696 altari
2613 5649 2670 5696 et
2697 5639 3046 5708 cicaaltare
3065 5640 3424 5706 ministrare;
3467 5639 3705 5707 ideoque
