4000 6178
477 273 619 335 i325

1614 271 1909 331 ECLOCIE
1951 273 2038 328 DE
2075 272 2343 329 ΟΡβίωο
2381 273 2632 331 ΜΙΒΒᾹἸ.

3601 277 3741 336 1526

473 391 576 461 φεῖ
601 386 706 448 soli
726 386 990 442 accedunt
1013 385 1086 443 ad
1107 383 1296 450 altare,
1327 397 1555 455 quorum
1577 385 1938 441 ministerium
1965 392 2052 440 est
2076 388 2128 448 Α
2156 385 2221 439 Et
2263 385 2379 440 haec
2425 386 2564 441 dona
2613 399 2713 442 nos
2759 386 2997 456 petimus
3025 387 3097 444 ‘in
3143 389 3390 446 oratione
3431 387 3737 447 Dominica.

475 483 626 540 circa
651 479 845 536 altare.

473 591 754 663 Wo
772 599 908 647 stent
929 590 1160 663 ministri
1179 590 1426 663 episcopi,
1449 587 1659 663 diaconi
1681 596 1732 643 et
1748 587 2056 643 subdiaconi

902 663 1043 716 circa
1072 661 1244 715 altare
1268 662 1416 715 liora:
1444 661 1640 714 missa.

546 752 624 808 De
651 751 1068 806 utiiiistrantibus
1094 751 1226 804 liora
1245 751 1445 805 inisse.
1467 778 1539 788 —
1558 749 1637 804 Eo
1664 763 1898 818 namque
1923 756 2060 803 tem-

471 858 609 916 pore
634 857 743 914 quo
771 843 936 898 missa
967 840 1298 905 celebratur,
1332 839 1546 896 diaconi
1581 847 1732 894 stant
1771 847 1920 894 retro
1946 839 2062 909 epi—

475 949 659 1005 scopo,
695 940 757 989 et
795 931 1113 987 subdiaconi
1159 939 1286 986 ante
1324 929 1522 986 faciem
1560 931 1698 1000 ejus.
1742 929 1938 986 Notum
1977 939 2062 985 est

472 1025 622 1079 enim
664 1022 866 1078 dixisse
903 1020 1178 1077 Christum
1215 1021 1495 1090 discipulis
1531 1021 1646 1076 suis
1684 1038 1696 1073 :
1739 1019 1932 1075 Omnes
1972 1037 2058 1076 vos

474 1111 788 1168 scandalum
808 1111 1077 1182 patiemini
1098 1111 1155 1166 in
1173 1127 1255 1167 me
1272 1111 1329 1165 in
1349 1112 1452 1164 ista
1472 1120 1621 1165 nocte
1637 1109 1858 1182 (Matth.
1875 1109 2055 1184 xxvr);

475 1203 591 1273 qui,
617 1203 779 1258 sicuti
807 1201 1055 1257 Christus
1081 1201 1350 1272 praedixit,
1379 1201 1568 1256 eadem
1593 1209 1752 1256 nocte
1779 1201 1970 1257 relicto
1993 1215 2060 1256 eo

476 1292 748 1363 fugerunt.
779 1291 860 1348 Ac
886 1306 985 1361 per
1014 1293 1116 1347 hoc
1145 1292 1306 1347 modo
1333 1290 1524 1348 eadem
1556 1292 1689 1346 hora
1717 1292 1938 1348 scmudi
1963 1293 2062 1348 Mi-

474 1383 638 1440 nistrt
666 1382 855 1437 altaris
895 1384 1155 1438 recedunt
1181 1398 1212 1438 a
1240 1381 1380 1438 facie
1404 1383 1668 1453 episcopi,
1700 1390 1762 1437 ut
1790 1383 2061 1455 signiﬁce-

476 1482 567 1530 tur
607 1473 676 1528 ad
719 1481 932 1542 tempus
971 1471 1245 1541 apostolos
1282 1471 1533 1528 absentes
1572 1472 1742 1528 fuisse
1784 1481 1842 1528 et
1877 1482 2061 1528 tamen

475 1573 627 1620 retro
665 1572 1061 1634 exspectantes,
1106 1564 1364 1634 quoniam
1396 1572 1519 1634 post
1558 1565 1866 1635 passionem
1908 1565 2058 1621 illum

2158 476 2312 532 Unde
2336 477 2573 532 ministri
2595 478 2856 534 Ecclesiae
2876 480 3064 535 eadem
3094 482 3226 536 hora
3248 483 3551 552 quiescunt.
3575 481 3745 540 Plane

2157 569 2368 625 diaconi
2411 571 2654 626 inclinati
2689 581 3011 642 permanent
3041 589 3214 644 usque
3241 576 3367 630 dum
3405 571 3742 646 compleatur

2156 662 2329 716 oratio
2365 662 2664 718 Dominica.
2696 663 2765 718 Et
2795 663 3126 720 Subdiaconi
3154 666 3370 738 erigunt
3399 682 3457 722 se
3487 682 3613 722 cum
3651 683 3747 722 au-

2157 751 2314 806 diunt
2348 768 2360 803 :
2400 750 2568 805 Nobis
2615 768 2820 824 quoque
2865 753 3238 822 peccatoribus,
3290 767 3387 825 per
3426 770 3561 826 quos
3599 756 3747 812 desi-
3781 777 3810 786 τ

2157 849 2393 912 gnantur
2416 841 2494 896 illi
2527 841 2724 912 quibus
2751 842 3002 898 Christus
3030 845 3164 899 dixit
3193 862 3205 898 :
3251 843 3350 900 Vos
3375 858 3548 900 autem
3579 847 3750 903 sedete

2157 934 2212 987 in
2243 934 2450 988 civitate
2472 934 2635 988 donec
2654 935 2952 989 induamini
2973 937 3160 991 uirtute
3180 953 3245 992 ex
3268 935 3375 992 alto
3399 936 3549 1011 (Luc.
3575 939 3747 1010 xxxv),

2159 1024 2365 1079 scilicet
2395 1025 2644 1095 apostoli.
2681 1024 2788 1080 Sed
2825 1026 3053 1082 istorum
3081 1027 3368 1084 declinatio
3397 1045 3750 1102 perseverans

2159 1133 2347 1174 eorum
2383 1121 2841 1189 perseverantiam
2873 1121 2925 1176 in
2955 1123 3201 1179 oratione
3238 1123 3488 1195 designat
3522 1132 3584 1180 ut
3610 1127 3753 1181 accio

2158 1216 2349 1280 pcrent
2372 1211 2700 1282 promissum
2727 1211 2962 1268 Domini.
3010 1213 3219 1282 Quibus
3260 1216 3450 1284 utique
3493 1219 3751 1286 praecepit

2160 1302 2469 1374 specialiter
2503 1314 2822 1374 exspectare
2850 1305 3176 1374 promissum
3221 1304 3457 1376 Spiritus
3488 1307 3660 1363 sancti
3695 1308 3750 1362 in

2156 1392 2457 1450 Jerusalem
2485 1411 2658 1466 usque
2687 1396 2755 1451 ad
2791 1395 3170 1463 Pentecosten,
3203 1396 3283 1451 illi
3325 1403 3473 1453 stant
3510 1397 3751 1454 inclinati

2160 1503 2332 1557 usque
2359 1488 2486 1541 dum
2513 1487 2889 1557 compleantur
2925 1496 3133 1559 septem
3162 1489 3455 1564 petitiones
3484 1488 3750 1544 orationis

2161 1581 2474 1646 Dominicaz,
2522 1587 2577 1634 et
2617 1581 2684 1636 de
2723 1581 2918 1651 quibus
2959 1596 3124 1652 supra
3167 1582 3364 1653 legitur
3402 1580 3545 1652 quod
3588 1582 3753 1636 mini.

469 1662 650 1717 secuti
677 1668 822 1716 sunt.
845 1659 986 1726 Quid
1011 1667 1098 1715 est
1125 1667 1273 1715 retro
1293 1660 1476 1715 stare?
1495 1660 1692 1715 Procul
1717 1660 1882 1716 dubio
1905 1662 2059 1732 sequi

2165 1681 2398 1729 strantcs
2419 1673 2469 1729 ei
2492 1682 2651 1729 eram
2674 1688 2844 1742 usque
2875 1673 2940 1726 ad
2969 1673 3295 1743 sepulcrum,
3323 1682 3377 1728 et
3401 1683 3588 1744 postea
3614 1691 3753 1748 prm-

478 1751 826 1807 anteriorem.
851 1749 1177 1806 Subdiaconi
1194 1764 1326 1804 vero
1343 1757 1466 1820 post
1487 1749 1790 1820 angelicum
1805 1751 2062 1822 hymnum

2166 1771 2422 1836 parantes
2449 1772 2713 1819 aromata.
2744 1739 2823 1817 illi
2851 1764 2941 1833 qui
2981 1739 3174 1819 borum
3204 1739 3633 1836 typum—tenent,
3664 1782 3751 1820 re-

478 1851 635 1899 stant
679 1841 922 1897 inclinati
966 1855 1138 1910 usque
1181 1840 1309 1895 dum
1355 1840 1554 1895 dicitur
1594 1859 1609 1894 :
1657 1840 1825 1895 Nobis
1865 1856 2064 1912 quoque

2166 1856 2363 1910 cedunt
2377 1855 2444 1909 de
2465 1855 2620 1909 altari
2639 1856 2706 1910 ad
2728 1855 3086 1911 ministerium
3105 1855 3520 1927 praeparandum
3538 1855 3752 1926 quando

472 1933 859 2006 peccatoribus.
889 1931 1041 1987 Tunc
1065 1931 1242 2001 primo
1269 1946 1330 1987 se
1353 1931 1592 2001 erigunt,
1619 1938 1676 1985 et
1698 1938 1844 1986 stant
1866 1931 1920 1985 in
1947 1931 2064 1988 loco

2166 1947 2390 2000 audiunt
2419 1963 2430 1998 :
2466 1943 2571 1999 Per
2600 1947 2776 2000 omnia
2803 1943 2999 2000 alecula
3031 1943 3364 2000 swculorum.
3395 1944 3581 1999 Amen.

476 2027 577 2085 ubi
619 2033 745 2082 ante
787 2031 1088 2089 steterunt;
1131 2022 1388 2092 quoniam
1424 2022 1771 2092 discipuli-et
1811 2023 2066 2078 mulieres

473 2123 771 2187 sequentes
814 2120 971 2169 erant
1009 2112 1296 2168 Dominum
1332 2127 1509 2183 usque
1565 2113 1633 2167 ad
1672 2111 1850 2167 locum
1888 2111 2068 2167 cruci-

477 2208 726 2272 ﬁxionis,
755 2221 864 2263 non
909 2203 1086 2260 solum
1134 2211 1444 2274 sequentes,
1476 2203 1574 2259 sed
1622 2212 1680 2259 et
1725 2203 2063 2276 plangentes.

473 2303 784 2357 Conversus
813 2306 993 2352 autem
1022 2295 1185 2352 Jesus
1215 2297 1394 2352 dixit:
1429 2294 1589 2350 Filia:
1618 2296 1936 2362 Jerusalem,
1972 2311 2066 2350 no—

475 2394 571 2448 lite
596 2395 900 2462 μενέαινεν
915 2406 1023 2456 me,
1040 2389 1137 2444 sed
1157 2405 1318 2460 super
1341 2405 1429 2443 uos
1456 2397 1503 2443 et
1530 2404 1687 2458 super
1706 2389 1848 2457 ﬁlios
1872 2397 2064 2442 vestros

478 2483 634 2553 (Luc.
670 2480 846 2551 χχιιι).
885 2479 1138 2535 Mulieres
1172 2479 1377 2534 ﬂebant
1417 2479 1571 2548 quasi
1609 2494 1709 2549 pro
1742 2487 2058 2548 peccatore;

477 2573 579 2629 sed
623 2574 738 2643 ipse
776 2571 1037 2626 Dominus
1075 2570 1315 2624 ostendit
1349 2583 1459 2624 non
1489 2583 1653 2639 super
1690 2568 1840 2624 illum
1866 2569 2064 2626 debere

481 2663 632 2731 ﬂere,
656 2663 749 2718 sed
780 2677 940 2732 super
970 2661 1116 2733 ipsas
1136 2676 1257 2732 qua:
1280 2661 1616 2732 peccatrices
1641 2669 1816 2716 erant.
1841 2661 1912 2716 Et
1932 2662 2064 2732 quid

480 2761 569 2816 vis
612 2759 790 2815 dicere
823 2757 981 2829 quale
1030 2757 1394 2812 ministerium
1438 2756 1673 2812 habeant
1713 2755 2062 2823 subdiaconi,

479 2850 697 2920 quando
721 2857 868 2904 stant
895 2848 1157 2914 inclinati,
1184 2849 1230 2904 si
1253 2863 1352 2919 pro
1377 2848 1490 2903 suis
1515 2847 1754 2918 peccatis
1774 2859 1886 2901 non
1907 2855 2066 2903 orant

480 2949 540 2994 et
580 2939 834 3010 plorant?
885 2937 992 2992 Per
1043 2938 1396 3008 trepologiam
1454 2938 1770 2995 subdiaconi
1822 2937 2062 2993 inclinati

480 3039 627 3098 sunt,
652 3031 779 3100 quia
808 3029 1232 3084 declinaverunt.
1262 3027 1425 3084 Stant
1445 3031 1614 3084 erecti
1643 3045 1744 3100 per
1763 3027 2063 3086 confessio-

479 3135 638 3187 nem,
665 3129 721 3174 et
747 3133 960 3173 rursum
995 3119 1260 3187 aspiciunt
1287 3119 1340 3172 in
1373 3118 1566 3174 faciem
1591 3119 1888 3189 pontiﬁcis,
1914 3130 2065 3192 post-

483 3225 646 3281 quam
671 3209 801 3264 (ἥεῆ
830 3226 843 3260 :
875 3207 1040 3264 Nobis
1064 3224 1267 3278 quoque
1293 3209 1670 3278 peccatoribus.
1701 3209 1769 3263 Et
1795 3211 2065 3278 quomodo

483 3308 735 3372 poterant
768 3298 1015 3369 discipuli
1057 3308 1112 3354 et
1141 3298 1398 3354 mulieres
1435 3298 1687 3353 claudere
1724 3299 1912 3356 oculos
1939 3314 2066 3356 suos

478 3402 546 3448 ut
570 3409 673 3448 non
699 3391 948 3446 viderent
973 3389 1262 3444 Dominum
1283 3389 1342 3443 in
1368 3403 1530 3444 cruce
1552 3389 1878 3458 pendentem
1903 3404 2064 3460 quem

481 3489 694 3536 tantum
729 3480 1017 3535 amabant?
1049 3477 1380 3534 Subdiaconi
1406 3477 1460 3533 in
1490 3478 1608 3548 ipso
1633 3487 1855 3549 aspectu
1883 3493 2067 3550 perse-

480 3581 678 3628 verant
709 3588 883 3643 usque
911 3573 1036 3627 dum
1073 3571 1272 3627 fanone
1303 3571 1449 3628 calix
1487 3571 1873 3629 circumdatr.
1913 3573 2066 3630 Tunc

484 3665 700 3721 demum
720 3664 1000 3728 recedunt,
1025 3672 1085 3718 ut
1103 3672 1414 3734 prmparent
1437 3663 1636 3718 calices
1659 3663 1718 3718 in
1738 3678 1847 3734 quo
1868 3677 2066 3734 corpus

485 3755 698 3811 Domini
736 3755 1032 3812 honoriﬁce
1071 3762 1338 3809 servetur.
1381 3754 1580 3810 Audiet
1619 3755 1859 3826 quandiu
1901 3771 2066 3827 supra

477 3845 572 3900 die
596 3845 852 3902 steterint
880 3844 952 3898 ad
975 3857 1218 3899 crucem.
1259 3843 1440 3900 Lucas
1467 3844 1682 3915 inquit:
1711 3844 1817 3899 Hic
1851 3846 2067 3901 accessit

479 3935 554 3988 ad
583 3933 844 3998 Pilatum,
874 3945 923 3988 et
944 3933 1089 4004 petiit
1108 3949 1303 4004 corpus
1326 3933 1476 4002 Iesu,
1504 3945 1551 3988 et
1579 3935 1872 4004 depositum
1901 3935 2068 3989 inuol-

479 4025 554 4079 uit
580 4024 637 4078 in
677 4022 915 4078 sindone.
967 4021 1268 4078 Subsecutte
1296 4033 1472 4077 autem
1520 4023 1764 4078 mulieres
1801 4040 1919 4095 quin
1947 4042 2067 4078 cum

480 4116 597 4187 ipso
623 4103 864 4170 uenerant
893 4115 958 4170 de
991 4114 1246 4181 Galilaea,
1290 4115 1530 4170 viderunt
1568 4126 1986 4180 monumentum,
2017 4127 2065 4172 et

481 4205 920 4279 quemadmodum
963 4206 1189 4276 positum
1231 4215 1344 4260 erat
1387 4222 1576 4276 corpus
1603 4205 1738 4274 eius.
1782 4204 1854 4260 Et
1899 4223 2068 4262 reuer-

479 4305 648 4350 tentes
684 4304 999 4366 parauerunt
1039 4304 1280 4349 aromata
1325 4303 1376 4349 et
1415 4305 1712 4366 unguenta,
1758 4306 1808 4350 et
1851 4297 2065 4352 sabbato

481 4387 694 4457 quidem
729 4385 987 4440 siluerunt
1020 4384 1180 4456 (Luc.
1211 4385 1388 4455 xxiii).
1432 4386 1683 4442 Mulieres
1721 4387 1936 4456 quidem
1974 4402 2068 4455 pa-

2857 2033 3070 2089 Versus.

2225 2123 2353 2176 Ecce
2377 2124 2533 2174 babes
2551 2123 2632 2174 hic
2651 2123 2890 2174 tumulum
2910 2123 3086 2188 Christi
3111 2135 3254 2188 quam
3276 2123 3515 2188 conspicis
3537 2132 3687 2173 Iram.

2225 2137 2353 2176 hcce
2378 2137 2533 2174 naues
2555 2137 2632 2174 mc
2651 2137 2890 2174 tumulum
2910 2137 3086 2173 ιλιι-ιδῃ
3111 2137 3254 2234 qluam
3276 2137 3365 2173 con

2221 2230 2236 2245 ,
2287 2188 2412 2236 Hine
2435 2198 2627 2235 sursum
2649 2194 2817 2235 mente
2839 2187 3047 2234 culmina
3072 2198 3130 2234 ce
3150 2198 3204 2235 sa
3226 2193 3365 2246 pete.

2224 2247 2400 2310 Lintea
2423 2249 2664 2310 mirantur
2684 2250 2869 2310 pariter
2891 2247 3157 2310 ﬂagrantia
3174 2260 3379 2306 precatus

2283 2309 2559 2359 Concordes
2577 2307 2802 2358 Domino.
2818 2307 2939 2356 Htec
2962 2317 3014 2356 tu
3033 2309 3271 2358 meditare
3298 2310 3394 2368 pie.

2227 2370 2465 2432 Discipuli
2488 2369 2674 2420 vultum
2698 2373 2747 2419 tu
2772 2378 2956 2419 terram
2973 2369 3209 2432 deponite
3231 2375 3465 2427 vestrum,

2285 2431 2389 2482 Hoc
2412 2433 2550 2481 vobis
2568 2439 2836 2481 monstrarat
2855 2431 3048 2491 agmina
3072 2437 3236 2479 sancta
3255 2438 3484 2480 matrum.

2224 2491 2456 2544 Astemus
2479 2491 2690 2542 humiles
2715 2503 2802 2541 nos
2821 2490 2928 2540 cum
2949 2490 3238 2540 mulieribus
3255 2503 3433 2542 omnes

2288 2555 2419 2606 Ante
2440 2557 2541 2618 pias
2558 2553 2711 2603 facies
2729 2553 2981 2615 angelicas
2993 2552 3196 2613 iugiter.

2444 2635 2522 2689 De
2551 2635 2627 2690 Te
2656 2634 2839 2706 igitur,
2870 2649 2966 2687 cur
2991 2643 3188 2688 secreto
3215 2640 3476 2686 cantetur.

2233 2727 2580 2784 Consuetudo
2619 2740 2854 2796 namque
2894 2724 3120 2779 Patrum
3159 2731 3478 2778 nostron
3518 2722 3753 2778 habetat

2163 2827 2225 2875 ut
2267 2820 2360 2890 qui
2401 2818 2706 2874 orationem
2750 2816 3011 2881 facerent,
3052 2815 3266 2870 laudem
3310 2814 3422 2870 Deo
3460 2812 3751 2869 referrent.

2161 2907 2331 2981 igitur
2365 2909 2507 2979 quod
2540 2908 2757 2965 excelsa
2783 2923 2916 2963 voce
2943 2907 3176 2962 dicimus
3197 2913 3334 2960 ante
3368 2904 3440 2958 Te
3475 2903 3657 2974 igitur,
3685 2902 3755 2957 ad

2161 3003 2377 3058 laudem
2404 3002 2645 3072 pertinet
2667 2999 2945 3056 Creatoris
2979 2997 3185 3062 nostri,
3219 3004 3282 3052 ut
3321 2994 3610 3051 manifeste
3633 3007 3754 3048 out-

2088 3089 2134 3153 C
2166 3095 2327 3178 nibus
2357 3093 2761 3149 demonstretur
2785 3091 2879 3161 qui
2901 3091 3045 3145 hanc
3065 3089 3248 3144 valent
3275 3087 3639 3158 distinguere,
3661 3084 3756 3139 ubi

2166 3196 2222 3245 et
2255 3203 2356 3243 nos
2381 3186 2495 3242 Deo
2521 3186 2726 3256 gratias
2761 3183 3076 3238 referendas
3103 3195 3225 3237 esse
3248 3181 3486 3236 refertur
3511 3186 3566 3234 et
3592 3191 3757 3246 ange-

2164 3280 2325 3336 licam
2343 3285 2658 3333 creaturam
2690 3275 3013 3346 pronuntiat
3037 3285 3473 3342 unamquamque
3510 3271 3565 3325 in
3593 3268 3756 3323 mini-

2164 3367 2332 3423 sterio
2367 3373 2493 3436 apto
2530 3365 2754 3420 laudare
2791 3363 3108 3419 Creatorem
3148 3375 3328 3416 suum.
3369 3360 3564 3414 Postea
3607 3370 3758 3412 nam~

2163 3475 2270 3530 que
2310 3458 2554 3527 sequitur
2583 3456 2657 3511 Te
2695 3457 2878 3527 igitur,
2910 3453 3087 3511 oratio
3111 3452 3365 3508 videiicet
3390 3449 3642 3521 specialis
3669 3464 3758 3506 sa-

2162 3553 2463 3616 cerdotum,
2492 3550 2546 3606 in
2568 3565 2673 3620 qua
2697 3557 2822 3605 orat
2843 3557 2900 3605 et
2925 3546 3235 3617 specialiter
3257 3559 3359 3615 pro
3383 3543 3674 3614 aliquibus,
3695 3551 3758 3598 ut

2159 3645 2295 3700 facit
2326 3657 2425 3714 pro
2465 3640 2796 3713 Apostolico,
2839 3649 2894 3696 et
2926 3647 3116 3711 postea
3146 3637 3234 3692 ubi
3266 3635 3397 3691 dicit
3430 3632 3756 3705 famulorum

2162 3733 2592 3807 famularumque
2631 3741 2866 3798 tuarum,
2897 3739 2954 3787 et
2988 3730 3131 3785 illico
3169 3736 3457 3800 postquam
3495 3739 3596 3795 pro
3631 3737 3758 3794 pro-

2162 3827 2296 3898 priis
2321 3825 2624 3881 orationem
2666 3823 2871 3890 fundit,
2917 3820 3244 3895 generaliter
3272 3834 3332 3876 se
3361 3817 3629 3874 convertit
3657 3830 3757 3886 pro

2163 3919 2416 3975 omnibus
2444 3933 2605 3974 orare
2632 3916 2931 3988 adiungens
2956 3934 2968 3968 :
2996 3913 3065 3969 Et
3087 3914 3322 3968 omnium
3349 3911 3549 3966 circum
3577 3917 3757 3964 astan-

2164 4015 2316 4079 tium,
2357 4020 2413 4068 et
2446 4019 2646 4068 eastern
2681 4011 2770 4066 his
2797 4009 3016 4066 similia.
3053 4007 3114 4062 in
3144 4021 3210 4062 eo
3240 4003 3490 4060 videlicet
3515 4017 3624 4072 quo
3651 4001 3757 4055 ista

2164 4107 2340 4163 oratio
2378 4105 2688 4176 specialiter
2711 4105 2781 4159 ad
2825 4100 3162 4158 sacerdotem
3188 4097 3442 4168 pertinet,
3476 4094 3626 4149 solus
3655 4091 3756 4146 Sa-
3811 4119 3816 4124 ο

2160 4198 2358 4255 cerdos
2391 4197 2448 4250 in
2476 4197 2665 4251 eadem
2693 4193 2894 4257 intrat,
2939 4195 3148 4245 secreto
3183 4201 3303 4241 eam
3340 4185 3609 4240 decantat.
3651 4179 3752 4236 Sc-

2164 4287 2351 4357 quitur
2392 4283 2639 4353 magistri
2675 4281 2760 4336 sui
2798 4285 3071 4350 praecepta
3108 4275 3202 4346 qui
3240 4274 3414 4330 dicit:
3459 4271 3539 4326 Tu
3579 4279 3752 4324 autem

2165 4393 2283 4432 cum
2328 4375 2588 4438 oraveris,
2637 4373 2778 4426 intra
2824 4371 2881 4424 in
2925 4365 3221 4422 cubiculum
3268 4362 3495 4436 (Matth.
3540 4358 3652 4432 γι),
3698 4368 3756 4413 et

479 4448 610 4532 rant
655 4486 900 4534 aromata
939 4485 995 4532 et
1035 4448 1314 4547 unguenta
1350 4448 1502 4532 unde
1549 4448 1833 4535 condiatur
1865 4448 2063 4548 corpus
2090 4451 2144 4511 D
2164 4474 2384 4523 οωῑθΐίιο
2426 4464 2534 4518 me
2567 4474 2802 4531 ηαπκιιιε
2845 4473 2964 4516 πηοεν
3004 4455 3146 4528 apud
3181 4462 3425 4548 “95"3'“
3442 4448 3752 4548 ‘W'm

485 4567 716 4632 Domini,
742 4582 812 4623 ne
848 4568 903 4622 in
939 4567 1217 4636 pulverem
1246 4566 1538 4638 redigatur.
1583 4568 1913 4625 Subdiaconi
1938 4570 2062 4638 qui-

484 4656 635 4723 dem,
661 4667 946 4729 postquam
969 4658 1155 4713 vident
1181 4657 1405 4712 calicem
1444 4657 1833 4713 circumdatum
1873 4659 2062 4726 linteo,

484 4748 687 4802 vadunt
707 4756 766 4803 et
789 4756 1097 4818 praeparant
1121 4747 1316 4802 calices
1340 4747 1453 4802 sive
1478 4747 1734 4802 sindones
1758 4750 1988 4805 mundas
2009 4751 2063 4805 in

487 4836 682 4906 quibus
707 4837 971 4906 recipiant
989 4851 1193 4908 corpus
1225 4836 1457 4901 Domini,
1489 4851 1558 4892 ne
1593 4837 1648 4891 in
1669 4845 1873 4892 terram
1906 4840 2066 4894 cadat

485 4929 618 4982 etin
637 4928 914 4998 pulverem
935 4937 1197 4985 vertatur.
1240 4929 1493 4986 Mulieres
1527 4931 1752 4987 sabbato
1777 4930 2065 4987 siluerunt.

489 5019 707 5076 Scilicet
737 5029 793 5076 et
830 5020 1143 5076 subdiaconi
1183 5031 1499 5092 exspectant
1538 5039 1710 5093 usque
1737 5023 1863 5078 dum
1891 5025 2068 5080 oratio

487 5112 764 5169 Dominica
805 5113 1136 5183 compleatur
1178 5121 1234 5168 et
1280 5116 1336 5170 id
1377 5117 1523 5186 quod
1563 5118 1763 5186 pendet
1809 5116 1876 5172 ad
1925 5117 2069 5172 banc

484 5205 806 5262 orationem.
834 5206 1233 5262 Convenienter
1252 5209 1452 5278 quippe
1475 5210 1760 5264 sabbatum
1786 5219 2069 5279 saepiatur

485 5298 719 5354 orationi
755 5299 1068 5364 Dominicis,
1107 5299 1166 5354 in
1207 5313 1314 5370 qua
1351 5307 1478 5354 sunt
1513 5307 1716 5370 septem
1757 5301 2062 5370 petitiones.

487 5385 699 5443 Etenim
739 5403 838 5458 per
883 5389 1169 5459 septimam
1215 5388 1428 5443 sabbati
1469 5387 1800 5458 septiformis
1844 5389 2067 5460 spiritus

490 5475 826 5550 intelligitur.
859 5478 956 5535 Vel
981 5481 1048 5536 de
1077 5477 1324 5534 oratione
1349 5478 1648 5544 Dominica,
1679 5493 1800 5548 quis
1840 5478 2067 5535 sabbato

488 5577 723 5640 aptatur.
754 5568 850 5627 Vel
880 5571 1158 5627 silentium
1196 5569 1408 5626 sabbati
1450 5569 1694 5640 requiem
1733 5571 1932 5626 mentis
1974 5571 2069 5626 de—

491 5659 690 5728 signat,
721 5677 841 5732 quin
875 5662 1036 5719 datur
1064 5676 1165 5733 per
1187 5668 1394 5733 septem
1420 5660 1561 5717 dona
1596 5658 1835 5734 Spiritus
1868 5660 2061 5717 sancti.

2168 4572 2339 4628 usque
2374 4555 2534 4611 hodie
2567 4561 2754 4609 manet
2793 4560 2854 4606 ut
2883 4551 2928 4606 si
2956 4549 3080 4620 quis
3107 4545 3407 4601 orationem
3436 4540 3593 4605 facit,
3625 4553 3750 4609 spe-

2167 4651 2378 4708 cialiter
2405 4648 2554 4704 facit.
2573 4687 2578 4694 .
2598 4647 2750 4701 Hanc
2788 4645 2863 4700 ita
2892 4641 3096 4698 exaltat
3120 4652 3251 4694 voce
3275 4643 3336 4690 ut
3369 4649 3429 4690 se
3456 4634 3629 4703 ipsum
3657 4630 3752 4684 ad-

2169 4747 2389 4798 moneat
2415 4739 2544 4809 quid
2578 4739 2634 4793 in
2664 4743 2876 4792 secreto
2903 4734 3084 4790 cordis
3112 4731 3196 4788 sui
3231 4727 3507 4800 postulare
3535 4725 3748 4780 debeat.

2168 4829 2354 4899 Neque
2392 4828 2459 4882 ab
2502 4842 2562 4881 rc
2602 4834 2686 4882 est
2721 4840 2890 4895 quare
2931 4837 3050 4877 mos
3095 4821 3198 4875 iste
3240 4817 3383 4888 apud
3409 4812 3753 4870 Christianos

2165 4928 2433 4978 teneatur.
2475 4915 2670 4973 Procul
2708 4915 2872 4971 dubio
2901 4912 3026 4983 quia
3055 4909 3303 4967 Christus
3347 4905 3494 4961 solus
3533 4902 3746 4956 orabat.

2169 5008 2322 5066 Unde
2348 5007 2634 5062 Matthazus
2666 5023 2679 5058 :
2714 5004 2780 5058 Et
2812 5003 3032 5058 dimissa
3053 4999 3226 5065 turba,
3258 4995 3487 5052 ascendit
3516 4993 3571 5046 in
3596 5006 3747 5044 mon-

2166 5110 2268 5155 tem
2297 5098 2440 5154 solus
2466 5115 2620 5152 orare
2649 5096 2866 5168 (Matth.
2892 5093 3026 5167 xiv).

2588 5187 2665 5242 De
2689 5186 2933 5245 crucibus
2955 5187 3013 5242 in
3037 5185 3114 5240 Te
3141 5182 3325 5254 igitur.

2238 5299 2441 5355 Cruces
2475 5299 2531 5354 in
2560 5297 2665 5352 hac
2691 5295 2940 5352 oratione
2964 5292 3179 5351 senario
3207 5300 3436 5345 numero
3463 5282 3748 5356 perﬁciun-

2166 5397 2275 5454 tur,
2300 5396 2362 5443 ut
2388 5387 2528 5444 sicut
2556 5386 2652 5442 Dei
2676 5399 2840 5458 Opera
2860 5383 3102 5456 perfecta
3131 5385 3280 5444 sunt,
3307 5377 3384 5432 ita
3413 5381 3471 5430 et
3500 5371 3743 5440 ejusdem

2167 5478 2264 5534 Dei
2289 5485 2348 5534 et
2365 5477 2578 5534 Domini
2621 5477 2795 5533 nostri
2829 5474 2956 5530 Jesu
2985 5469 3188 5528 Christi
3215 5479 3414 5537 corpus
3441 5462 3744 5533 perfectum

2167 5569 2512 5642 intelligatur.
2560 5566 2819 5622 Sensi-ius
2857 5564 3003 5620 enim
3046 5571 3303 5615 numerus
3343 5553 3589 5626 partibus
3629 5553 3744 5608 suis

2166 5668 2506 5733 computatus
2529 5655 2798 5726 perfectus
2822 5661 2926 5709 est.
2959 5651 3071 5708 Hoc
3096 5647 3366 5718 signiﬁcat
3387 5645 3532 5718 quod
3563 5645 3745 5701 novis-

3333 5912 3386 5974 \
