2000 3089
173 155 246 182 sima
266 161 331 182 crux
346 160 409 182 cum
423 153 560 181 oblatione
576 152 737 187 celebratur,
753 154 825 189 quod
842 161 891 189 pro
911 158 968 182 tota

177 193 297 227 Ecclesia
312 205 424 227 venerat
444 199 467 227 is
487 200 541 235 pati
558 200 634 235 cujus
654 207 752 235 corpus
769 200 888 236 passioni
906 207 967 228 suc-

176 239 271 275 cubuit
284 254 367 281 usque
381 246 416 273 ad
432 250 534 274 tactum
549 246 648 274 crucis.

529 293 619 320 Aliter.

210 337 335 373 Quinque
358 336 439 365 etiam
462 338 572 366 ordines
595 338 716 365 crucium
737 345 798 373 qua:
819 337 887 365 llunt
904 342 968 365 ante

175 388 298 415 sextum,
321 383 429 418 quando
450 390 511 410 cum
534 382 625 410 oblata
646 383 766 418 tangitur
781 382 869 415 calix,
888 383 968 417 signi-

176 428 239 456 ﬁcat
248 428 368 463 quinque
379 432 473 456 aetates
489 428 580 455 mundi
594 432 657 455 ante
670 428 837 456 nativitatem
849 428 966 460 Domini,

175 477 270 502 sextus
291 480 356 501 vero
379 477 484 507 tempus
506 473 571 500 illud
591 473 662 508 quod
684 478 768 501 restat
789 481 805 501 a
826 474 968 502 nativitate

175 520 282 548 Domini
293 527 378 554 usque
390 519 417 546 in
430 519 511 546 tinem
523 518 626 546 mundi.
641 518 783 554 Signiﬁcat
796 519 870 546 enim
883 519 967 546 semel

175 569 263 595 tactus
277 564 347 592 calix
364 564 454 593 oblata
474 564 559 592 semel
578 564 722 591 Dominum
738 563 892 591 ascendisse
908 571 968 590 cru-

174 617 246 643 cem,
259 615 287 637 ut
302 609 382 638 finem
397 610 510 638 haberet
524 609 660 637 cruciatus
673 610 719 644 qui
734 609 816 637 fiebat
832 617 881 644 per
892 609 967 644 quin-

174 662 227 690 que
250 657 345 683 mtatcs
366 655 468 683 mundi.
492 655 544 682 Per
564 654 681 683 oblatam
702 662 762 689 quat
783 654 918 682 exaltatur
939 655 966 681 in

174 709 257 728 manu
274 699 417 735 signantur
434 701 584 736 propheta-2,
606 701 651 735 qui
676 701 703 727 in
723 701 847 728 manibus
869 701 968 728 exalta-

173 744 239 772 hant
254 753 347 773 verum
365 752 463 780 panem
482 745 619 772 Christum
640 744 748 779 quando
765 745 823 779 ejus
844 744 967 772 lncarna-

173 789 273 819 tionem
285 795 378 826 aperta
388 799 454 818 voce
464 787 671 825 prophetahant.
685 790 761 818 Unde
772 790 873 818 Isaias;
887 790 965 823 Ecce,

173 836 273 871 inquit,
289 837 362 871 virgo
374 836 498 871 concipiet
512 841 536 863 et
550 836 633 871 pariet
645 835 730 870 ﬁlium
743 835 809 872 (Isa.
825 835 884 871 vn).
899 835 965 863 Cum

172 882 258 916 ipsam
274 889 382 909 crucem
399 881 470 910 videt
486 881 615 908 diaconus
627 881 715 908 facere
730 885 758 909 et
779 881 909 916 incipere,
925 889 967 909 ca-

171 924 251 954 licem
269 927 389 954 cxaltare
410 927 502 959 vadit,
526 931 553 954 et
574 931 647 954 tenet
668 927 780 954 calicem
802 927 880 954 simul
904 935 966 954 cum

171 971 298 1006 episcopo
312 970 458 999 exaltatum
471 979 556 1006 usque
571 972 634 998 dum
648 971 713 999 dicit
725 979 733 998 :
749 971 802 999 Per
816 971 904 998 omnia
918 980 967 998 str—

171 1017 231 1045 cttla
242 1017 411 1051 arcu/orum,
426 1022 454 1045 et
468 1022 561 1052 postea
577 1017 652 1052 ponit
663 1017 774 1045 calicem
789 1017 817 1044 in
831 1017 927 1049 altare,
938 1021 965 1044 ct

170 1063 283 1090 involvit
300 1071 361 1093 eum
376 1063 494 1090 sudario.
518 1063 619 1098 Nempe
639 1062 751 1098 Joscph,
774 1067 886 1098 accepto
906 1070 965 1090 cor—

169 1116 236 1143 pore
247 1107 321 1140 Jesu,
338 1107 450 1136 involvit
465 1107 530 1135 illud
543 1108 570 1135 in
585 1107 697 1136 sindone
709 1107 819 1140 munda,
832 1112 859 1135 et
874 1107 964 1142 posuit

169 1154 236 1182 illud
250 1155 277 1182 in
289 1157 464 1181 monumento
476 1161 535 1181 suo.
552 1152 629 1180 Hune
643 1156 803 1188 praesentem
818 1152 963 1180 diaconum

169 1204 281 1236 propter
306 1199 470 1228 conveniens
495 1198 675 1227 ministerium
702 1198 728 1226 in
751 1200 814 1234 typo
836 1197 963 1233 ponimus

168 1245 285 1280 Joseph,
310 1243 366 1272 sive
390 1244 552 1280 generaliter
569 1244 597 1271 in
619 1248 684 1279 typo
701 1250 796 1270 eorum
820 1242 866 1277 qui
887 1246 962 1269 casto

167 1290 251 1317 corde
270 1289 520 1325 mysteria‘Christi
541 1288 701 1322 suscipiunt.
724 1287 857 1314 Diaconus
878 1286 961 1320 siqui~

167 1336 230 1362 item
251 1335 298 1369 qui
323 1339 397 1362 tenet
421 1333 533 1361 calicem
557 1333 705 1361 exaltatum
729 1340 790 1360 eum
813 1331 960 1363 Pontiﬁce,

167 1379 244 1414 ponit
261 1378 337 1406 illum
351 1379 378 1406 in
391 1378 488 1411 altare,
502 1378 564 1412 quia
578 1377 678 1412 Ioseph
695 1376 820 1411 deposuit
834 1376 866 1404 de
880 1383 961 1403 cruce

166 1430 268 1458 corpus
281 1424 458 1456 dominicutn,
473 1427 501 1451 et
514 1423 605 1457 posuit
620 1423 648 1449 in
668 1426 882 1449 monumentum.
899 1421 961 1448 Dia-

167 1475 264 1500 eouus,
279 1468 349 1495 sicut
367 1468 495 1499 diximus,
509 1467 620 1494 involvit
633 1474 696 1494 cum
711 1466 820 1493 sudario
834 1465 958 1498 calicem,

166 1512 294 1547 quoniam
305 1511 405 1546 Ioseph
419 1511 532 1539 involvit
550 1511 578 1538 in
592 1511 706 1538 sindone
726 1510 835 1537 munda.
857 1509 886 1537 lu
899 1509 958 1544 ipso

166 1557 257 1590 altari,
271 1557 299 1585 id
312 1561 365 1590 est,
380 1557 407 1584 in
422 1556 557 1591 sepulcro,
570 1555 710 1590 corporale
723 1555 805 1591 jacet.
822 1554 874 1582 Per
887 1555 959 1589 quod

166 1603 328 1639 intelligitur
345 1603 434 1639 ipsum
451 1602 565 1630 linteum
584 1601 672 1636 majus
688 1609 742 1636 quo
760 1605 846 1629 totum
862 1608 959 1635 corpus

165 1649 274 1678 Domini
288 1649 429 1683 tegebatur
441 1648 469 1676 in
483 1648 619 1683 sepulcro.
633 1647 668 1675 Et
684 1654 733 1682 per
747 1646 811 1674 illud
824 1646 896 1682 quod
910 1646 959 1673 ali-

164 1703 247 1731 quam
266 1700 371 1731 partem
395 1695 488 1723 calicis
511 1694 578 1730 tegit
601 1693 739 1722 sudarium
752 1714 759 1726 ,
782 1693 961 1728 intelligimus

164 1741 237 1776 quod
249 1741 367 1776 aliquam
387 1744 494 1776 partem
506 1740 604 1775 capitis
624 1739 730 1768 Domini
744 1739 851 1774 tegebat
865 1744 893 1766 et
907 1739 957 1766 ali-

163 1795 246 1823 quam
264 1795 316 1814 non
329 1787 452 1823 tegebat,
467 1787 538 1814 sicut
553 1794 613 1814 mos
632 1786 732 1814 Iudicis
750 1790 792 1813 est
812 1785 914 1817 facere,
931 1788 958 1811 et

165 1838 287 1861 remanet
310 1834 338 1860 in
362 1833 452 1867 altari,
476 1832 504 1860 id
525 1837 577 1866 est,
602 1833 630 1860 in
653 1832 787 1867 sepulcro.
812 1831 869 1859 Hoc
890 1838 957 1865 opus

164 1888 250 1915 usque
263 1880 328 1907 dum
341 1880 394 1907 tria
408 1880 525 1915 capitula
538 1880 737 1915 compleantur,
754 1879 781 1907 id
793 1883 851 1911 est,
868 1878 958 1913 prolo-

163 1934 214 1962 gus
227 1926 260 1953 de
271 1926 394 1954 oratione
407 1927 529 1961 sequenti
542 1936 548 1953 ε
564 1926 645 1956 Pater
655 1931 750 1958 noster,
763 1931 791 1953 et
803 1925 897 1952 Libera
911 1933 957 1952 nos

162 1979 326 2005 quantum,
338 1970 458 1998 Domine.
472 1970 578 1998 Etenim
591 1975 646 1998 tres
658 1971 715 1998 dies
731 1971 758 1997 in
769 1970 893 2005 sepulcro
904 1970 957 1998 D0-

164 2018 253 2045 tninus
275 2017 390 2052 quievit.
404 2016 500 2045 Postea
523 2023 639 2051 namque
661 2016 833 2043 commistum
858 2023 956 2050 corpus

164 2062 271 2091 Domini
283 2070 345 2090 cum
357 2062 431 2095 vino,
446 2062 581 2097 simulque
596 2069 661 2097 pace
678 2061 847 2094 annuntiata,
866 2060 956 2088 aufer-

163 2113 209 2136 tur
225 2109 394 2136 Dominicum
412 2116 510 2143 corpus
529 2108 562 2136 de
576 2108 666 2141 altari,
685 2107 811 2142 quoniam
833 2107 859 2134 in
875 2107 953 2134 tertia

162 2153 206 2181 die
231 2153 320 2180 anima
343 2161 403 2188 qua:
429 2153 568 2181 descendit
591 2153 624 2181 ad
644 2152 747 2181 inferna
770 2157 800 2180 ut
826 2153 954 2181 liberaret

158 2198 258 2234 justus,
268 2199 392 2233 corporis
403 2198 552 2226 viviﬁcaret
564 2198 697 2231 membra,
706 2198 787 2226 rediit
799 2198 832 2226 ad
844 2206 952 2233 corpus,

161 2249 189 2272 et
208 2252 261 2272 non
277 2248 318 2272 est
332 2244 448 2280 amplius
465 2244 603 2272 inventum
621 2244 790 2272 Dominioum
808 2251 907 2279 corpus
927 2244 953 2270 in

161 2291 296 2325 sepulcro.
317 2291 350 2318 Et
368 2291 428 2318 ideo
445 2290 572 2326 quoniam
591 2294 662 2318 totus
679 2291 759 2318 homo
777 2290 897 2318 surrexit
914 2289 953 2316 si-

160 2336 235 2369 mul,
255 2336 296 2364 fas
318 2340 360 2364 est
377 2341 406 2364 ut
425 2336 497 2364 illico
515 2343 576 2363 cum
598 2335 733 2364 oblatione
756 2335 826 2363 calix
847 2334 952 2362 Domini

161 2381 298 2409 auferatur
312 2382 346 2410 de
360 2382 445 2410 altari

159 2438 200 2466 De
223 2438 369 2466 nominibus
391 2445 505 2474 quatuor
525 2440 674 2467 orationum
698 2439 876 2474 episcoporum
899 2437 953 2464 sive

440 2475 529 2510 populi
541 2476 568 2501 in
582 2475 672 2502 missa.

195 2519 287 2547 Prima
307 2519 405 2551 oratio,
424 2519 568 2554 aliquando
581 2520 668 2548 oratio
682 2519 790 2551 dicitur,
806 2517 951 2552 aliquando

160 2565 281 2594 collecta.
301 2565 470 2593 Manifestum
488 2570 531 2593 est
552 2567 623 2600 quod
646 2566 706 2594 ideo
730 2565 818 2592 oratio
840 2565 949 2597 dicitur,

159 2612 223 2646 quia
240 2616 386 2648 precantur
397 2611 468 2639 bona
479 2618 528 2646 pro
540 2611 648 2646 populo.
664 2610 782 2639 Collecta
796 2617 872 2642 vero,
886 2609 948 2644 quia

158 2657 274 2692 populus
287 2657 430 2685 inchoatur
447 2656 573 2692 colligere
589 2656 616 2683 in
629 2664 722 2683 unum.
743 2654 838 2683 Libeat
852 2654 948 2682 frater-

159 2703 271 2731 nitatem
285 2707 358 2730 tuam
374 2703 451 2735 mihi,
462 2702 547 2730 frater
556 2702 724 2733 charissime,
738 2701 777 2728 uti
787 2701 948 2729 auctoritate

159 2748 245 2776 sancti
270 2748 413 2784 Augustini
440 2749 468 2776 in
492 2748 545 2776 hoc
566 2747 705 2783 opusculo.
732 2747 807 2775 Istud
830 2745 947 2775 oﬂicium

159 2793 276 2826 uamQue
289 2793 316 2821 in
329 2798 444 2829 quatuor
457 2795 561 2829 species
572 2795 684 2828 dividit,
697 2794 725 2824 id
736 2799 778 2824 est
786 2814 794 2828 ,
808 2794 835 2823 in
852 2801 948 2829 preca-

693 95 859 124 AMALARII
878 95 1097 126 PRESBYTER!
1115 95 1288 127 METENSlS

1741 98 1813 129 «δίε

981 155 1116 188 Attenes,
1136 156 1164 183 in
1182 157 1328 189 orationes,
1349 156 1376 183 in
1393 156 1596 191 postulationes,
1616 158 1642 185 in
1660 160 1815 194 gratiarum

1018 201 1154 234 actiones,
1184 203 1221 230 ita
1248 210 1475 231 commemorans.
1504 204 1640 239 Quidun
1666 206 1759 241 agitur
1786 207 1816 234 in

1017 245 1106 273 oﬂicio
1120 246 1219 279 missze.
1240 251 1385 282 antequam
1403 248 1501 276 oblata
1519 254 1655 284 ponantur
1671 251 1699 278 in
1717 251 1817 285 altari.

1017 293 1138 327 precatio
1157 293 1322 320 nominatur.
1343 293 1376 320 Et
1395 294 1466 322 hanc
1481 295 1639 324 distantiam
1657 297 1721 325 facit
1740 299 1818 327 inter

1016 338 1199 372 precationem
1230 342 1259 366 et
1287 338 1504 372 deprecationem
1533 344 1562 368 et
1587 342 1816 377 imputationem

1016 382 1088 417 quod
1101 383 1221 417 precatio
1235 383 1272 410 sit
1287 384 1396 417 quando
1413 384 1483 410 bona
1498 390 1573 418 optat
1590 387 1696 420 populo,
1715 388 1814 422 deprc-

1016 426 1088 454 calio
1099 427 1208 462 quando
1221 431 1283 454 orat
1295 432 1324 454 ut
1338 428 1438 455 devitet
1451 429 1550 456 malum
1563 436 1589 456 et
1603 432 1706 458 desinat
1719 441 1734 459 ει
1749 441 1813 467 pec-

1016 472 1095 504 catis,
1110 472 1267 507 imprecalio
1280 473 1390 508 quando
1403 474 1472 501 mala
1487 480 1573 508 optat,
1590 476 1616 502 id
1631 482 1681 508 est,
1698 479 1812 505 maledi-

1016 520 1062 547 cit.
1079 519 1170 547 Prima
1181 527 1246 548 vero
1259 521 1347 548 oratio
1359 530 1439 555 quam
1454 523 1519 549 dicit
1533 524 1675 558 episcopus
1690 527 1813 559 ῃτεεντηίυ

1016 565 1182 598 nominatur,
1193 565 1219 592 id
1234 570 1286 598 est,
1297 567 1401 600 optatio
1417 568 1485 594 bona
1502 575 1550 601 pro
1565 569 1672 602 populo.
1688 570 1812 597 Dlhilmls

1016 618 1132 646 namque
1151 612 1222 646 quod
1241 612 1366 639 introitus
1387 612 1457 639 foret
1474 614 1507 640 ad
1527 613 1643 641 oﬂicium
1663 616 1809 650 propinata—

1017 665 1088 690 rum,
1100 658 1227 692 quoniam
1241 666 1288 692 per
1300 666 1348 685 ora
1361 659 1553 693 prophetarum
1565 660 1686 687 Christus
1700 662 1812 688 intravit

1016 702 1043 729 in
1062 702 1207 735 mundum,
1226 708 1254 730 et
1271 711 1325 730 non
1346 703 1431 730 solum
1451 704 1570 736 intravit,
1590 705 1633 731 sed
1652 710 1677 731 et
1697 714 1811 732 mrnt‘m

1015 749 1176 783 assumpsit,
1190 752 1218 776 et
1232 749 1313 776 homo
1329 749 1416 777 factus
1431 755 1471 777 est
1481 771 1487 782 ,
1503 750 1604 777 ducens
1618 752 1749 785 originem
1769 760 1812 778 sc-

1017 795 1133 822 cundum
1147 802 1256 822 carnem
1268 795 1301 823 de
1312 796 1414 822 sanctis
1424 796 1595 830 patriarchis,
1610 804 1724 830 quorum
1741 805 1813 823 unus

1018 839 1096 867 valde
1114 843 1190 874 optat
1206 844 1234 866 et
1253 841 1424 867 commendat
1441 841 1670 875 exspectationem
1688 842 1746 875 cjus
1762 851 1811 877 po-

1016 884 1080 919 pulo
1092 885 1151 919 ejus
1164 885 1257 912 dicens
1273 894 1280 912 :
1298 885 1359 912 Non
1375 886 1512 919 auferetur
1529 893 1657 920 sceptrum
1676 888 1708 913 de
1726 887 1810 916 Juda.

1016 935 1040 958 et
1059 930 1114 957 dux
1131 930 1164 958 de
1182 930 1280 965 femore
1298 932 1354 965 ejus
1367 952 1373 963 ,
1394 932 1475 958 donec
1495 932 1579 958 veniat
1597 932 1642 966 qui
1668 933 1812 959 mittendus

1016 981 1069 1009 est,
1088 981 1111 1004 et
1130 977 1184 1011 ipse
1201 977 1250 1004 erit
1268 978 1425 1011 arspcrtntio
1442 979 1556 1012 gentium
1576 977 1651 1013 (Cen.
1671 978 1756 1012 xm).
1779 979 1813 1005 Et

1016 1023 1113 1050 iterum
1131 1031 1138 1049 τ
1163 1021 1287 1049 Salutnrs
1304 1027 1377 1048 tuum
1396 1022 1557 1056 exspectabo,
1580 1022 1690 1049 Domine
1706 1023 1811 1057 (Ibid).

1014 1067 1134 1102 Itemque
1148 1075 1156 1094 :
1172 1067 1295 1099 Obsecro,
1313 1067 1413 1102 inquit,
1432 1067 1552 1096 Domine.
1567 1068 1640 1094 mitte
1653 1077 1728 1102 quom
1747 1069 1812 1094 mis-

1014 1121 1093 1140 surus
1107 1120 1134 1139 es
1149 1112 1248 1148 (Exod.
1263 1112 1311 1148 iv).
1334 1112 1389 1139 Hoc
1405 1112 1505 1139 honuni
1523 1117 1597 1146 optat
1611 1118 1704 1139 sancta
1726 1113 1811 1140 Maria

1014 1157 1097 1192 Virgo
1113 1157 1160 1184 Dei
1178 1157 1305 1192 genitrix,
1321 1157 1429 1191 quando
1445 1157 1549 1192 Angelo
1568 1159 1706 1192 respondit
1722 1168 1728 1184 :
1750 1158 1811 1185 Fiat

1014 1201 1092 1234 mihi,
1104 1209 1168 1229 ecce
1182 1201 1280 1229 ancilla
1293 1201 1412 1233 Domini,
1427 1202 1575 1229 secundum
1590 1203 1702 1229 verbum
1719 1208 1810 1234 tuum,

981 828 1003 857 Β

1012 1252 1043 1275 ut
1053 1248 1111 1282 ipse
1127 1248 1256 1282 procedat
1273 1255 1306 1275 ex
1328 1256 1389 1274 meo
1410 1247 1533 1282 virginali
1557 1252 1634 1274 utero
1654 1248 1701 1282 qui
1723 1248 1811 1275 solvet

1012 1292 1140 1327 populum
1152 1300 1232 1321 suum
1245 1300 1260 1320 a
1275 1293 1393 1327 peccatis
1408 1300 1501 1319 eorum
1515 1292 1590 1326 (an.
1606 1292 1636 1326 ι).

1328 1338 1367 1364 De
1383 1343 1492 1365 secreta.

1047 1384 1159 1412 Secreta
1179 1384 1278 1411 dicitur
1298 1391 1331 1410 eo
1352 1383 1422 1417 quod
1444 1387 1576 1410 secretam
1592 1382 1743 1409 orationem
1761 1382 1811 1409 dat

1011 1430 1154 1464 episcopus
1170 1436 1252 1464 super
1267 1429 1442 1461 oblationem,
1457 1433 1487 1455 ut
1501 1429 1572 1456 Deus
1584 1428 1650 1456 velit
1670 1429 1810 1464 respicere
1837 1441 1859 1447 ε

1012 1482 1093 1509 super
1104 1475 1268 1503 oblationem
1279 1474 1444 1509 propositam
1454 1478 1483 1501 et
1493 1473 1624 1508 deputare
1634 1481 1694 1501 eam
1706 1473 1809 1501 fotum

1010 1519 1219 1548 consecrationi.
1232 1518 1330 1546 Notum
1344 1523 1387 1547 est
1401 1518 1474 1546 enim
1484 1518 1546 1546 ideo
1558 1523 1691 1546 secretam
1703 1519 1808 1546 oratio-

1008 1572 1072 1593 nem
1090 1564 1180 1593 facere
1201 1572 1282 1601 super
1303 1564 1468 1593 oblationem
1490 1568 1520 1592 ut
1539 1564 1626 1599 possit
1642 1571 1677 1592 ex
1694 1572 1727 1592 ea
1746 1565 1807 1592 ﬁeri

1009 1618 1108 1647 corpus
1123 1611 1235 1639 Christi.

1231 1656 1271 1684 De
1285 1657 1413 1691 [ratione
1426 1655 1584 1683 oblatarum.

1004 1717 1008 1720 ν
1044 1702 1153 1731 Fractio
1160 1702 1312 1730 oblatarum
1323 1702 1396 1729 illam
1406 1701 1567 1729 fractionem
1577 1700 1714 1736 signiﬁcat
1721 1708 1808 1735 quam

1009 1748 1139 1777 Dominus
1157 1747 1263 1775 duobus
1281 1747 1345 1775 fecit
1356 1747 1389 1774 in
1407 1746 1515 1774 Emaus.
1535 1746 1593 1779 Qua
1610 1746 1645 1773 de
1662 1753 1692 1773 re
1715 1744 1807 1772 solent

1007 1794 1091 1829 aliqui
1109 1794 1315 1828 episcoporum,
1332 1792 1440 1827 quando
1460 1791 1576 1818 invicem
1590 1790 1805 1822 communicant,

1008 1844 1066 1868 tres
1080 1839 1221 1874 portiones
1238 1838 1330 1866 facere
1345 1837 1380 1865 de
1398 1845 1452 1864 una
1466 1837 1557 1865 oblata
1576 1837 1604 1863 in
1624 1841 1688 1871 typo
1705 1836 1805 1864 horum

1008 1885 1103 1917 trium,
1117 1884 1144 1912 id
1159 1888 1211 1917 est,
1223 1883 1326 1911 Christi
1342 1888 1370 1910 et
1379 1882 1487 1916 Cleopze
1499 1886 1539 1914 et.
1552 1885 1584 1908 ut
1592 1881 1698 1914 dicunt,
1711 1880 1802 1908 Luce.

1008 1929 1085 1958 Sicut
1099 1929 1173 1957 enim
1190 1928 1282 1956 multae
1297 1928 1425 1956 Ecclesia:
1440 1931 1503 1955 sunt
1517 1934 1567 1962 per
1584 1926 1742 1954 universum
1756 1933 1803 1953 or-

1006 1975 1068 2003 bem
1089 1979 1226 2002 terrarum
1243 1978 1355 2009 propter
1372 1973 1478 2001 diversa
1499 1972 1568 2004 bes,
1579 1976 1618 2000 ια
1638 1976 1731 1999 tamen
1749 1979 1802 1999 una

1006 2025 1100 2049 sancta
1125 2025 1167 2048 est
1191 2020 1326 2048 catholica
1348 2022 1460 2054 propter
1484 2026 1567 2045 unam
1590 2018 1684 2050 ﬁdem,
1711 2017 1754 2045 sic
1774 2022 1803 2044 et

1006 2066 1097 2094 multa:
1114 2066 1214 2094 oblatae
1230 2070 1341 2101 propter
1360 2070 1424 2093 vota
1444 2063 1616 2092 otl‘erentium
1633 2071 1703 2091 unus
1721 2064 1803 2098 panis

1006 2116 1049 2139 est
1065 2116 1176 2146 propter
1195 2111 1326 2138 unitatem
1341 2110 1465 2145 corporis
1481 2109 1595 2137 Christi.
1614 2108 1644 2136 Si
1664 2109 1735 2136 enim
1755 2116 1801 2136 re-

967 2172 992 2203 υ
1005 2157 1189 2192 quit-iuuare
1204 2164 1261 2203 non
1274 2156 1380 2191 integra
1394 2154 1491 2203 oblata
1499 2157 1616 2203 ponatur
1631 2153 1659 2181 in

1005 2210 1067 2230 cum
1086 2206 1192 2230 constet
1210 2202 1344 2237 integrum
1362 2207 1461 2235 corpus
1474 2199 1581 2227 Domini
1601 2198 1798 2228 resurrexisse.

1003 2248 1104 2284 partim
1117 2251 1345 2279 resurrecturum,
1358 2246 1456 2281 partim
1466 2245 1520 2279 iam
1532 2245 1610 2277 vivit,
1619 2248 1650 2272 ut
1659 2244 1730 2271 ultra
1743 2250 1799 2272 non

1003 2293 1146 2326 moriatur,
1169 2293 1270 2327 partim
1292 2291 1407 2319 mortale
1428 2295 1489 2323 est,
1508 2294 1537 2317 et
1556 2294 1646 2320 tamen
1665 2289 1693 2316 in
1714 2288 1798 2316 cinia.

1003 2338 1080 2366 Unde
1095 2338 1161 2365 dicit
1179 2336 1324 2372 Apostolus
1339 2345 1345 2363 :
1369 2335 1469 2363 Nostra
1486 2340 1573 2362 autem
1588 2334 1749 2362 conversatio
1768 2334 1799 2360 in

1002 2383 1073 2411 caelis
1087 2388 1124 2411 est
1140 2382 1251 2419 (Philip.
1268 2382 1320 2417 ιιι).

1020 2438 1059 2465 De
1071 2446 1135 2473 pace
1146 2437 1304 2465 annuntio":
1317 2441 1457 2473 anteqlqm
1472 2436 1672 2473 comminemur
1681 2443 1780 2469 corpus

1264 2477 1289 2500 et
1300 2471 1407 2507 sanguis
1418 2471 1536 2498 Domini.

1037 2518 1146 2546 Duobus
1167 2518 1241 2546 enim
1266 2517 1354 2545 modis
1376 2520 1466 2552 potest
1488 2515 1574 2550 accipi
1597 2523 1648 2551 pax
1665 2515 1738 2543 dicta
1758 2516 1797 2543 ah

1000 2564 1128 2599 episcopo
1147 2564 1204 2592 sive
1222 2563 1381 2599 presbytero
1400 2566 1546 2596 antiquam
1566 2568 1665 2595 corpus
1686 2560 1795 2588 Domini

1001 2611 1126 2638 mittatur
1139 2610 1165 2637 in
1180 2609 1350 2645 sanguinem.
1365 2607 1476 2635 Scilicet
1485 2610 1513 2633 et
1527 2605 1571 2633 illa
1585 2613 1637 2640 pax
1649 2612 1699 2640 per
1710 2605 1796 2632 istam

1001 2655 1115 2691 intelligi
1131 2659 1221 2690 potest
1236 2661 1297 2689 qua:
1312 2653 1395 2688 justi:
1411 2652 1507 2680 eodem
1524 2655 1644 2686 tempore
1661 2651 1723 2678 data
1737 2655 1796 2681 est.

1000 2701 1108 2736 quando
1131 2701 1221 2728 anima
1246 2699 1347 2728 Christi
1372 2698 1512 2727 descenth
1537 2698 1572 2725 ad
1593 2697 1742 2729 infernum,
1765 2701 1795 2724 et

1000 2748 1072 2775 eruit
1087 2747 1150 2775 inde
1168 2754 1264 2775 omnes
1281 2745 1385 2779 ﬁdeles,
1404 2748 1432 2773 et
1447 2744 1576 2773 abstersit
1593 2743 1665 2771 Deus
1681 2748 1795 2770 omnem

999 2794 1147 2830 lacrymam
1160 2794 1196 2823 ab
1213 2792 1298 2823 oculis
1316 2799 1427 2826 eorum,
1445 2795 1475 2820 ut
1494 2789 1610 2826 amplius
1624 2789 1664 2818 eis
1681 2796 1735 2816 non
1753 2793 1793 2815 sit
