4000 6178
427 327 560 382 1351

1448 315 1780 374 AMALARII
1814 305 2250 374 PRESBYTER!
2287 312 2627 370 METENSIS

3534 323 3672 378 i332

421 453 644 508 quorum
684 436 882 492 meritis
915 435 1249 506 precibusque
1271 431 1524 486 concedas
1563 439 1622 486 ut
1647 430 1703 485 in
1751 427 1990 486 omnibus
2017 429 2068 490 Α
2091 439 2370 496 precamur
2413 440 2508 494 per
2539 423 2806 482 Christum
2853 423 3139 482 Dominum
3191 438 3452 488 nostrum.
3501 433 3678 492 Nobis

419 528 754 600 protectionis
793 536 898 582 tute
927 526 1232 580 muniantur
1253 522 1456 578 auxilio
1479 537 1572 594 per
1589 520 1856 578 Christum
1879 517 1993 572 Do—

421 618 624 672 minum
673 624 928 670 nostrum.
979 615 1080 670 Hic
1124 611 1350 669 inclinat
1383 625 1442 668 se
1469 625 1644 681 usque
1683 609 1754 665 ad
1798 608 1990 672 altare,

422 707 653 762 dicens:
687 704 842 760 Hanc
878 706 1041 776 igitur
1095 703 1408 760 oblationem
1455 703 1718 758 seruitutis
1765 710 1986 765 nostra,

419 795 510 850 sed
533 804 583 850 et
625 804 827 850 cuncta
865 793 1083 865 familia:
1123 802 1228 852 tua:
1267 809 1588 864 quietumus,
1631 792 1856 848 Domine
1879 833 1894 858 ,
1933 801 1990 847 ut

418 887 658 957 placatus
691 887 938 957 accipias,
974 886 1185 957 diesque
1211 897 1418 940 nostros
1445 887 1502 940 in
1523 895 1616 940 tua
1656 901 1784 955 pace
1805 885 1985 955 dispo-

419 993 538 1043 nas,
561 987 717 1049 atque
741 978 807 1032 ab
835 986 1033 1044 (eterna
1059 976 1400 1032 damnatione
1443 993 1540 1030 nos
1572 977 1706 1046 eripi
1729 985 1778 1030 et
1806 976 1862 1030 in
1887 974 1988 1029 ele-

417 1075 619 1124 ctorum
651 1077 862 1122 tuorum
885 1067 1075 1137 jubeas
1103 1083 1258 1137 grege
1279 1067 1570 1132 numerari,
1597 1081 1690 1135 per
1717 1062 1986 1119 Christum

414 1157 700 1216 Dominum
749 1169 1006 1214 nostrum.
1061 1159 1160 1214 llic
1209 1158 1374 1228 erigit
1425 1172 1488 1212 se
1535 1171 1774 1223 sursum,
1815 1157 1984 1214 solam

414 1253 650 1308 oblatam
679 1254 770 1310 hic
813 1253 1099 1310 benedicit.
1131 1254 1306 1319 Quam
1329 1250 1644 1306 oblationem
1683 1261 1740 1306 tu
1759 1251 1904 1307 Deus
1925 1254 1984 1307 in

414 1345 656 1399 omnibus
683 1361 982 1417 quaesumus
1009 1345 1331 1398 benedictum
1351 1344 1392 1415 1-
1417 1383 1434 1410 ,
1465 1345 1786 1416 adscriptam
1811 1346 1868 1416 ᾖ,
1899 1363 1986 1402 ra—

413 1443 524 1488 tam
553 1435 614 1503 1-,
641 1433 1026 1501 rationabilem,
1053 1434 1518 1506 acceptabilemque
1543 1435 1716 1505 facere
1741 1437 1984 1507 dignare,

415 1522 526 1590 (hic
555 1523 744 1579 ambos
775 1523 977 1595 signat,
1011 1525 1066 1579 id
1099 1533 1201 1590 est,
1227 1524 1553 1580 oblationem
1583 1533 1638 1580 et
1657 1526 1904 1600 calicem)
1925 1538 1982 1582 ut

413 1611 562 1666 nobis
585 1628 774 1682 corpus
791 1613 832 1682 1-
858 1619 908 1666 et
925 1613 1168 1690 .sanguis
1189 1613 1230 1682 ἰ-
1268 1612 1364 1681 ﬁat
1411 1611 1736 1669 dilectissimi
1761 1615 1862 1684 ﬁlii
1905 1618 1984 1672 tui

415 1699 626 1756 Domini
649 1703 816 1758 nostri
849 1701 980 1756 Jesu
1003 1701 1218 1758 Christi.
1255 1701 1363 1768 Qui
1389 1703 1558 1773 pridie
1585 1721 1742 1775 quam
1777 1715 1984 1774 patere-

2092 531 2294 588 quoque
2315 513 2676 586 peccatoribus
2709 513 2928 584 famulis
2947 516 3055 572 tuis
3081 518 3146 576 de
3159 519 3497 576 multitudine
3509 525 3674 582 mise-

2092 612 2358 658 rationum
2393 611 2606 664 tuarum
2641 605 2968 675 sperantibus
2993 617 3194 677 partem
3225 608 3464 681 aliquant
3505 621 3558 666 et
3584 629 3677 670 so-

2089 693 2324 748 cietatem
2353 693 2552 748 donare
2573 693 2804 764 digneris
2825 711 2944 750 cum
2963 697 3068 752 tuis
3105 699 3304 753 sanctis
3339 701 3596 770 apostolis
3617 712 3672 758 et

2087 784 2426 854 martyribus,
2457 801 2578 838 cum
2602 783 2834 852 Joanne,
2857 785 3152 858 Stephano,
3173 788 3426 857 Hatthia,
3451 791 3668 850 Barna-

2089 873 2172 938 ba,
2201 874 2429 946 Ignatio,
2459 875 2780 942 Alexandro,
2807 877 3140 946 Marcellino,
3163 879 3345 948 Petro,
3361 881 3670 950 Felicitate.

2089 967 2372 1038 Perpetua,
2397 969 2616 1040 Agathe,
2649 969 2836 1036 Lucia,
2865 971 3031 1042 Agna,
3063 971 3280 1030 Caecilia
3303 1013 3322 1040 ,
3351 977 3666 1046 Anastasio,

2085 1067 2136 1114 et
2161 1076 2282 1114 cum
2301 1062 2540 1116 omnibus
2585 1064 2784 1118 sanctis
2814 1065 2920 1118 tuis
2949 1104 2966 1130 ,
2997 1065 3138 1120 intra
3159 1083 3386 1136 quorum
3415 1087 3512 1126 nos
3533 1089 3666 1126 con-

2085 1149 2308 1216 sortium
2335 1167 2442 1210 non
2463 1151 2754 1210 testimator
2791 1154 2964 1210 meriti
2993 1195 3008 1218 ,
3044 1155 3136 1210 sed
3161 1158 3325 1212 venite
3359 1176 3664 1230 quasti-tus

2083 1238 2304 1309 largitor
2325 1241 2542 1300 admitte
2563 1259 2655 1313 per
2677 1241 2948 1298 Christum
2969 1245 3254 1306 Dominum
3275 1259 3534 1305 nostrum.
3559 1252 3666 1308 Hic

2083 1331 2500 1388 archidiaconus
2519 1333 2738 1404 erigens
2757 1349 2818 1390 se
2842 1336 3012 1402 venit,
3041 1346 3098 1392 et
3131 1338 3414 1396 involvens
3431 1341 3666 1398 calicem

2081 1419 2354 1490 mappula,
2395 1421 2540 1478 levat
2583 1422 2740 1478 illum
2765 1433 2962 1484 contra
3009 1426 3266 1482 domuum
3305 1445 3520 1500 papam.
3553 1431 3666 1490 Per

2079 1525 2232 1579 quem
2271 1510 2382 1566 haec
2425 1513 2622 1576 omnia,
2665 1512 2912 1580 Domine,
2955 1533 3156 1588 semper
3181 1519 3316 1573 bona
3355 1537 3526 1576 creas.
3559 1523 3666 1578 Hic

2081 1599 2242 1656 ambo
2289 1601 2490 1672 signat,
2521 1603 2576 1660 id
2597 1611 2702 1671 est,
2727 1604 3062 1664 oblationem
3097 1617 3152 1664 et
3189 1610 3433 1674 calicem.
3483 1615 3666 1672 tribus
3731 1617 3748 1630 ’

2080 1689 2308 1756 vicibus,
2339 1691 2564 1764 singulis
2585 1694 2826 1766 singulas
2843 1695 3014 1784 faciqs
3041 1713 3254 1766 cruces,
3277 1703 3580 1772 sanctiﬁcas
3595 1704 3664 1776 1-,
3777 1735 3788 1748 .-

411 1799 499 1843 tur
535 1793 730 1862 accepit
761 1807 950 1862 panem
985 1793 1046 1846 in
1083 1767 1296 1848 sanctas
1333 1767 1399 1847 ac
1443 1767 1760 1852 uenerabiles
1787 1813 1973 1854 manus

2083 1781 2394 1854 uiuiﬁcae-1',
2423 1785 2684 1840 benedicis
2707 1786 2770 1858 1',
2809 1796 2860 1841 et
2905 1767 3126 1858 prauos
3166 1793 3332 1846 nobis.
3363 1767 3466 1849 Hic
3515 1767 3664 1852 levat

409 1895 566 1942 suas,
597 1878 808 1935 elevatis
839 1879 1006 1936 oculis
1041 1882 1100 1936 in
1141 1881 1324 1936 calum
1367 1883 1437 1938 ad
1481 1891 1530 1938 te
1570 1883 1738 1939 Deum
1762 1882 1978 1944 Patrem

409 1985 562 2022 suum
583 1971 1006 2041 omnipotentem,
1035 1971 1132 2028 tibi
1177 1974 1377 2043 gratias
1407 1990 1565 2044 agens
1589 2015 1606 2042 ,
1634 1977 1894 2033 benedixit
1915 1979 1976 2049 1-,

411 2059 588 2129 fregit,
619 2061 764 2116 dedit
791 2062 1064 2133 discipulis
1095 2065 1226 2129 suis,
1249 2064 1426 2120 dicens
1453 2078 1472 2116 :
1510 2065 1742 2138 Accipite
1759 2078 1808 2123 et
1829 2085 1982 2126 man-

408 2149 600 2206 ducata
641 2167 712 2206 ea
755 2153 854 2206 hoc
885 2167 1080 2212 omnes.
1115 2151 1232 2210 Hoc
1274 2163 1349 2210 est
1385 2155 1526 2211 enim
1563 2173 1754 2229 corpus
1783 2175 1974 2218 meum.

409 2239 589 2296 Simili
615 2241 770 2300 unde
794 2252 974 2313 postea
1009 2260 1167 2315 quam
1215 2253 1474 2302 cenatum
1499 2257 1576 2302 est
1601 2287 1620 2315 ,
1645 2251 1908 2322 accipiens
1927 2261 1978 2307 et

406 2331 545 2386 hunc
583 2331 896 2402 praclarum
927 2333 1144 2390 calicem
1191 2335 1250 2389 in
1291 2345 1504 2392 sanctas
1553 2353 1617 2396 ac
1661 2341 1978 2397 uenerabiles

403 2439 594 2480 rnanus
639 2439 791 2491 suas,
839 2425 966 2486 item
1004 2425 1098 2480 tibi
1140 2428 1342 2497 gratias
1369 2445 1530 2499 agens
1559 2465 1576 2496 ,
1609 2429 1872 2488 benedixit
1891 2433 1932 2502 1-
1957 2473 1974 2500 ,

404 2512 544 2568 dedit
567 2513 836 2586 discipulis
859 2517 972 2572 suis
995 2557 1016 2583 ,
1039 2517 1220 2574 dicens
1244 2535 1262 2574 :
1285 2519 1512 2591 Accipite
1535 2529 1586 2575 et
1610 2520 1769 2576 bibite
1789 2537 1854 2577 ea:
1876 2521 1976 2576 hoc

403 2617 598 2658 omnes.
629 2603 730 2660 Hic
743 2614 824 2662 est
839 2607 980 2662 enim
999 2607 1424 2680 calin-sanguinis
1447 2611 1548 2664 mei
1569 2609 1708 2666 Novi
1727 2621 1776 2666 et
1794 2614 1977 2670 aeterni

406 2691 746 2761 Testamenti,
787 2697 1090 2767 mysterium
1113 2699 1240 2768 ﬁdei
1263 2740 1279 2765 ,
1325 2701 1417 2772 qui
1453 2717 1550 2772 pro
1595 2701 1738 2756 vobis
1781 2711 1832 2758 et
1878 2719 1974 2774 pro

403 2782 584 2838 multis
625 2785 928 2855 eﬂ'undetur
969 2789 1028 2844 in
1064 2791 1418 2846 remissionem
1453 2800 1807 2863 peccatorum.
1841 2793 1974 2850 Hcce

393 2863 804 2947 quotiescunque
851 2877 1110 2946 feceritis,
1155 2881 1214 2936 in
1253 2882 1356 2936 mei
1393 2883 1700 2942 memoriam
1743 2884 1970 2953 facietis.

403 2961 553 3018 Unde
578 2971 628 3018 et
653 2981 922 3030 memores.
949 2967 1192 3035 Domine,
1218 2987 1314 3027 nos
1335 2973 1414 3026 tui
1453 2974 1607 3039 servi,
1631 2974 1722 3030 sed
1746 2983 1794 3029 et
1830 2975 1974 3045 plebs

403 3062 492 3106 tua
531 3063 734 3121 sancta,
769 3053 965 3112 Christi
987 3055 1118 3112 Filii
1143 3059 1221 3112 tui
1271 3049 1486 3116 Domini
1515 3061 1614 3116 Dei
1639 3065 1804 3118 nostri
1827 3103 1842 3131 ,
1865 3075 1974 3122 tam

401 3143 565 3198 beata:
581 3146 864 3215 passionis,
887 3165 980 3202 nec
1002 3165 1108 3206 non
1141 3159 1188 3205 et
1211 3150 1280 3205 ab
1319 3151 1502 3222 inferis
1555 3155 1972 3225 resurrectionis,

401 3234 490 3288 sed
517 3243 566 3290 et
587 3236 644 3292 in
672 3235 828 3292 celos
843 3237 1086 3310 gloriosa:
1105 3243 1446 3311 ascensionis,
1468 3245 1738 3315 oferimas
1755 3247 1978 3319 praecla-

401 3341 475 3384 rae
495 3325 759 3396 majestati
779 3337 884 3385 tua
909 3329 974 3390 de
1013 3333 1120 3388 tuis
1135 3334 1290 3389 donis
1331 3351 1394 3388 ac
1421 3335 1561 3390 datis
1607 3337 1720 3408 (hic
1741 3347 1976 3408 quatuor

402 3415 610 3472 vicibus
643 3417 813 3474 solam
849 3421 1176 3482 oblationem
1206 3411 1406 3496 signat,
1441 3433 1500 3480 et
1532 3426 1588 3480 in
1613 3427 1804 3496 quinta
1856 3431 1974 3486 vice

369 3583 372 3586 _
399 3522 562 3578 super
593 3509 820 3566 calicem
851 3510 1026 3568 solum
1053 3526 1269 3570 erucem
1299 3513 1526 3584 faciens)
1553 3517 1782 3576 hostiam
1804 3521 1844 3590 1-
1880 3537 1974 3590 pu-

399 3616 512 3654 ram
535 3637 556 3665 ,
595 3601 822 3662 hostiam
846 3603 1140 3673 functam
1169 3643 1188 3673 ,
1231 3606 1458 3662 hostiam
1485 3606 1525 3678 -ι-
1551 3608 1968 3677 immaculatum,

398 3709 586 3761 panem
609 3697 652 3765 1-
669 3705 912 3752 sanctum
949 3698 1068 3752 vitae
1093 3708 1304 3754 interna
1325 3737 1344 3764 ,
1389 3705 1439 3754 et
1484 3699 1700 3758 calicem
1719 3702 1762 3771 -ι-
1781 3703 1972 3758 salutis

398 3793 678 3852 perpetua.
701 3784 874 3856 Supra
887 3804 1006 3857 quae
1021 3789 1248 3858 propitio
1261 3805 1324 3844 ac
1348 3805 1530 3844 sereno
1551 3789 1700 3845 cultu
1715 3793 1972 3863 respicene

399 3870 632 3938 digneris
649 3880 700 3926 et
724 3882 934 3943 accepta
947 3875 1138 3931 habere
1159 3877 1315 3933 sicuti
1335 3888 1546 3952 accepta
1569 3879 1760 3937 habere
1777 3883 1972 3954 digna-

397 3967 558 4013 tuses
583 3973 804 4018 munera
830 3961 978 4031 pueri
1005 3963 1086 4020 tui
1101 3962 1236 4032 justi
1271 3964 1420 4031 Abel,
1449 3975 1498 4021 et
1529 3969 1852 4038 sacriﬁcium
1876 3987 1974 4041 pne

398 4049 641 4104 triarclttz
651 4050 819 4106 nostri
833 4050 1080 4119 Abrahcc,
1095 4062 1144 4108 et
1159 4053 1302 4125 quod
1317 4055 1412 4109 tibi
1431 4054 1614 4110 obtulit
1629 4075 1866 4118 summus
1883 4077 1972 4116 sa.

397 4136 578 4193 certi-os
620 4147 742 4196 tuus
771 4139 1150 4198 Melchisedech
1179 4183 1196 4211 ,
1223 4153 1466 4200 sanctum
1493 4147 1846 4218 sacriﬁcium,
1871 4152 1971 4206 im-

395 4225 714 4282 maculatam
731 4229 982 4286 hostium.
1011 4231 1112 4287 Hic
1139 4232 1368 4290 inclinat
1393 4248 1454 4291 se
1481 4235 1683 4294 iterum
1705 4237 1864 4307 juxta
1889 4241 1972 4300 al-

397 4327 536 4386 tare,
557 4319 744 4378 dicens
767 4340 782 4378 :
805 4320 1078 4395 Supplices
1093 4333 1145 4381 te
1167 4342 1434 4398 rogamus,
1455 4331 1780 4402 omnipotens
1801 4331 1963 4388 Deus.

277 4437 300 4442 --
395 4407 496 4464 llic
515 4417 640 4466 orat
661 4411 804 4480 apud
839 4425 900 4468 se
935 4414 1080 4484 quod
1115 4414 1366 4471 voluerit.
1394 4417 1604 4474 Deinde
1627 4419 1790 4477 dicit:
1829 4421 1966 4482 lube

393 4499 505 4554 hac
535 4500 760 4571 perferri
795 4517 889 4572 per
914 4519 1104 4560 manus
1151 4505 1325 4576 angeli
1349 4508 1426 4562 tui
1461 4509 1518 4563 in
1549 4509 1772 4566 sublime
1795 4511 1972 4568 altare

393 4599 544 4644 tuum
571 4590 626 4646 in
651 4601 930 4664 compecto
951 4592 1146 4650 dicina:
1165 4596 1458 4666 majestatis
1485 4607 1609 4654 tute.
1641 4599 1744 4662 Hic
1773 4615 1834 4656 se
1857 4601 1968 4656 eri-

393 4677 493 4747 git,
525 4678 639 4734 haec
670 4681 838 4736 verba
881 4681 1193 4738 dicens:Ut
1237 4695 1492 4757 quotquot
1537 4703 1604 4742 ea:
1645 4688 1748 4742 hac
1771 4688 1964 4744 altaris

392 4767 790 4838 participatione
818 4783 1210 4832 sacrosanctum
1237 4775 1338 4846 ﬁlii
1357 4778 1436 4832 tui
1464 4793 1656 4848 corpus.
1669 4787 1722 4832 et
1737 4780 1963 4850 sangui-

393 4870 512 4908 nem
541 4860 914 4927 sumpserimus
941 4899 955 4926 ,
985 4864 1127 4918 omni
1153 4864 1504 4924 benedictione
1533 4865 1724 4925 scelesti
1751 4879 1801 4924 et
1836 4885 1964 4942 gra-

393 4946 474 5000 tia
517 4945 810 5015 repleamur
849 4969 942 5021 per
967 4949 1236 5010 Christum
1261 4956 1546 5012 Dominum
1575 4967 1830 5015 nostrum.
1861 4959 1962 5018 Hic

392 5037 670 5096 orationes
687 5039 810 5096 dum
837 5042 1114 5108 dicuntur.
1135 5061 1246 5100 una
1271 5061 1438 5116 super
1459 5047 1722 5120 dyptitios
1749 5048 1956 5122 [.forte,

392 5127 692 5202 diptycha],
720 5129 890 5185 altera
919 5140 1042 5202 post
1089 5135 1378 5193 lectionem
1425 5140 1724 5195 nominum.
1749 5139 1830 5198 Et
1857 5141 1964 5200 hoc

393 5223 722 5292 quotidianis
737 5223 828 5278 vel
849 5224 908 5280 in
948 5227 1174 5296 agendis
1201 5229 1578 5286 tmtumrn‘odo
1589 5231 1814 5288 diebus.
1845 5231 1968 5288 Me:

392 5319 564 5366 mento
587 5312 768 5378 etiam,
781 5312 1028 5380 Domine,
1047 5323 1096 5370 et
1121 5331 1300 5370 eorum
1317 5319 1584 5374 nominum
1599 5320 1694 5390 qui
1715 5335 1810 5374 nos
1827 5335 1962 5392 pra-

389 5411 654 5456 cesserunt
677 5419 800 5456 cum
821 5404 970 5474 signo
985 5403 1110 5473 ﬁdei
1131 5415 1182 5460 et
1209 5405 1478 5464 dormiunt
1501 5408 1558 5464 in
1581 5425 1762 5466 somno
1789 5411 1956 5480 pacis.

391 5489 462 5544 Et
507 5492 822 5550 recitanti".
877 5495 1082 5552 Deinde
1128 5505 1412 5568 postquam
1463 5500 1693 5558 recitata
1733 5500 1956 5570 fuerint,

395 5578 520 5632 dicit
547 5598 562 5632 :
585 5579 740 5648 Ipsis,
769 5583 1010 5652 Domine,
1033 5596 1082 5642 et
1103 5587 1414 5644 omnibusin
1430 5589 1638 5646 Christo
1649 5591 1958 5662 quiescenti-

394 5669 486 5724 bus
527 5669 696 5726 locum
727 5673 1000 5744 refrigerii,
1035 5677 1190 5746 lucis,
1225 5688 1272 5734 et
1295 5682 1440 5750 pacis
1467 5691 1522 5736 ut
1545 5681 1818 5752 indulgeas
1863 5682 1952 5737 dc—

2079 1870 2312 1930 domnus
2329 1888 2466 1945 papa
2485 1874 2788 1938 oblationes
2813 1879 2950 1936 duas
2965 1893 3140 1950 usque
3159 1881 3228 1936 sd
3255 1895 3408 1936 oram
3429 1883 3658 1952 colicis;

2078 1969 2134 2018 et
2153 1969 2380 2034 tangens
2397 1979 2521 2020 eum
2547 1965 2618 2022 de
2639 1966 3026 2034 oblationibus,
3055 1977 3272 2026 tenente
3297 1972 3452 2026 illum
3477 1974 3660 2030 ambi-

2077 2051 2334 2111 diaoono:
2355 2053 2460 2110 Per
2487 2057 2658 2127 ipsum
2683 2066 2732 2112 et
2757 2074 2876 2112 cum
2900 2059 3014 2130 ipso
3037 2071 3087 2116 et
3117 2062 3174 2115 in
3193 2061 3304 2133 ipso
3325 2073 3402 2118 est
3423 2065 3522 2120 tibi
3543 2065 3668 2122 Deo

2078 2139 2234 2198 Patri
2277 2147 2618 2217 omnipotenti
2655 2148 2712 2202 in
2765 2150 2964 2204 unitate
3005 2147 3236 2221 Spiritus
3279 2154 3456 2208 sancti
3485 2157 3664 2212 omnis

2075 2234 2243 2290 honor
2266 2247 2316 2292 et
2345 2237 2536 2308 gloria.
2563 2239 2714 2296 Tunc
2740 2240 2874 2298 dicit
2895 2240 2951 2296 in
2977 2241 3184 2300 altum:
3221 2243 3332 2300 Per
3359 2249 3538 2302 omnia
3557 2265 3666 2304 ste-

2077 2325 2200 2381 cula
2249 2327 2592 2388 stt-culorum.
2621 2329 3012 2402 Respondent:
3041 2333 3228 2390 Amen.
3256 2335 3412 2392 Tunc
3444 2339 3664 2409 reponit

2073 2415 2378 2475 oblationes
2391 2419 2448 2474 in
2469 2419 2660 2487 altare,
2683 2429 2741 2478 et
2757 2421 2892 2477 dicit
2917 2422 2974 2478 in
2997 2423 3197 2478 altum:
3217 2421 3464 2482 Oremus.
3495 2427 3664 2484 θείε-

2077 2507 2144 2564 de
2171 2508 2304 2564 dicit
2333 2529 2346 2564 :
2377 2509 2666 2582 Praeceptis
2687 2511 3009 2570 salutaribus
3046 2517 3230 2570 moniti
3255 2555 3272 2581 ,
3299 2525 3350 2571 et
3375 2518 3560 2573 divina
3581 2521 3666 2576 its-

2075 2597 2345 2654 stitutione
2373 2599 2608 2670 formati,
2639 2601 2896 2658 audemus
2921 2603 3118 2672 dicere,
3149 2604 3313 2660 Pater
3342 2617 3520 2662 noster
3569 2611 3660 2680 qui

2075 2702 2129 2741 es
2149 2687 2206 2742 in
2231 2688 2392 2754 cretis,
2411 2691 2770 2760 sanctiﬁcetur
2789 2709 2976 2748 nomen
2999 2703 3170 2761 tuam,
3185 2696 3454 2752 adveniat.
3471 2697 3660 2769 Usque

2075 2777 2240 2836 libera
2269 2798 2362 2840 nos
2380 2797 2416 2836 α
2451 2782 2614 2844 malo.
2653 2784 2806 2842 Tunc
2825 2784 2962 2841 dicit
2981 2787 3216 2844 domnus
3235 2803 3398 2860 papa,
3421 2789 3658 2848 interre-

2076 2871 2258 2928 niente
2285 2873 2432 2930 nullo
2453 2889 2611 2942 sono,
2627 2875 2768 2931 banc
2798 2877 3098 2934 orationem
3123 2896 3142 2938 ι
3167 2877 3358 2934 Libera
3379 2897 3496 2946 nos,
3515 2899 3661 2952 quc-

2075 2977 2281 3030 sumus,
2311 2964 2553 3034 Domine,
2565 2967 2636 3022 ab
2665 2969 2902 3024 omnibus
2927 2969 3086 3025 malis
3103 2973 3408 3042 praeteritis,
3427 2989 3660 3044 presen-

2077 3054 2217 3109 tibus
2239 3065 2290 3110 et
2311 3054 2528 3125 futuris,
2549 3067 2596 3112 et
2625 3059 2972 3120 intercedente
2991 3060 3148 3116 beata
3181 3072 3230 3116 et
3255 3063 3486 3134 gloriosa
3513 3081 3662 3120 sent-

1999 3113 2056 3180 C~
2073 3157 2168 3215 per
2211 3113 2408 3216 virgine
2431 3113 2532 3202 Dei
2581 3113 2828 3219 genitrice
3064 3113 3143 3206 et“

2075 3236 2180 3294 tuis
2207 3233 2366 3292 Petro
2385 3245 2436 3292 et
2459 3236 2631 3294 Paulo
2657 3249 2812 3310 atque
2835 3240 3072 3307 Andrea,
3097 3250 3147 3296 st
3167 3253 3352 3298 sancto
3379 3241 3654 3316 Stephano

2072 3334 2454 3396 protomartyre
2481 3335 2596 3394 tuo,
2625 3338 2672 3382 et
2703 3329 2866 3384 beatis
2883 3329 3266 3399 confessoribus
3292 3333 3394 3387 tuis
3411 3331 3654 3399 Hilario,

2077 3411 2334 3481 Martino,
2367 3425 2524 3486 atque
2567 3415 2851 3477 Benedicto
2871 3459 2886 3485 ,
2917 3419 3030 3491 (hic
3057 3421 3302 3476 nominat
3344 3423 3532 3493 quales
3559 3441 3658 3482 vo-

2075 3502 2237 3558 luerit
2255 3513 2476 3564 sanctos
2485 3506 2573 3564 vel
2583 3515 2814 3577 quantos
2833 3511 3248 3580 commemorat)
3267 3528 3388 3564 cum
3411 3514 3654 3570 omnibus

2071 3595 2292 3661 sanctis,
2333 3595 2406 3650 da
2431 3597 2690 3668 propitius
2717 3614 2900 3668 pacem
2919 3599 2978 3654 in
2997 3599 3181 3656 diebus
3213 3605 3410 3658 nostris
3435 3644 3452 3670 ,
3479 3615 3536 3658 ut
3557 3621 3656 3676 ape

2071 3683 2445 3740 misericordia:
2487 3695 2595 3742 tina
2621 3686 2811 3757 adiuti,
2845 3697 2894 3743 et
2919 3705 2953 3743 a
3013 3700 3225 3760 peccato
3253 3692 3422 3748 simus
3447 3709 3652 3763 semper

2073 3771 2246 3838 liberi,
2281 3783 2333 3828 et
2363 3775 2430 3829 ab
2459 3776 2603 3831 omni
2624 3777 3016 3847 perturbatione
3037 3782 3212 3835 securi
3245 3798 3342 3852 per
3363 3783 3650 3838 Dominum

2074 3871 2310 3918 nostrum
2329 3863 2512 3920 Iesum
2539 3863 2808 3922 Christum
2835 3865 3038 3923 Filium
3057 3879 3230 3925 tuum.
3262 3872 3472 3928 Deinde
3483 3874 3650 3930 dicit:

2073 3949 2196 4006 Pax
2217 3953 2432 4009 Domini
2453 3956 2618 4010 nostri
2643 3955 2770 4012 Jesu
2791 3955 2988 4013 Christi
3027 3960 3098 4013 sit
3137 3977 3340 4033 semper
3363 3964 3650 4020 uobiscum.

2073 4039 2445 4112 Respondent,
2472 4053 2521 4098 et
2547 4061 2668 4100 cum
2710 4047 2902 4115 spiritu
2929 4057 3040 4102 tuo.
3087 4049 3292 4105 Deinde
3317 4051 3412 4106 dat
3457 4067 3652 4122 pacem

2073 4133 2267 4190 altario
2289 4135 2376 4190 vel
2417 4145 2648 4206 patens.
2686 4136 2755 4191 Et
2785 4138 2867 4192 sic
2897 4137 3128 4208 populus
3151 4139 3246 4194 dat
3289 4140 3394 4196 sibi
3431 4157 3646 4212 pacem.

2073 4226 2212 4284 Dum
2221 4241 2350 4282 vero
2373 4227 2604 4284 domnus
2632 4243 2776 4298 papa
2785 4228 2951 4285 dicit;
2977 4227 3100 4284 Pax
3115 4229 3329 4286 Domini
3347 4232 3422 4285 sit
3443 4249 3654 4304 semper

2071 4319 2332 4372 uobiscum
2355 4358 2371 4384 ,
2402 4335 2512 4374 non
2537 4321 2708 4378 mittit
2750 4331 2964 4393 partem
3011 4334 3254 4381 sanctam
3293 4327 3348 4382 in
3393 4327 3650 4398 calicem,

2071 4410 2213 4466 sicut
2230 4411 2442 4466 caeteris
2471 4415 2850 4474 sacerdotibus
2873 4431 2994 4473 mos
3021 4427 3108 4474 est
3131 4419 3260 4474 dum
3275 4419 3645 4494 confringant,

2067 4507 2125 4556 et
2147 4503 2328 4572 Agnus
2363 4502 2463 4560 Dei
2491 4505 2698 4560 dicunt.
2743 4507 2812 4562 Et
2834 4506 3048 4578 expleta
3097 4509 3466 4567 contractione
3491 4528 3646 4568 cont-

2067 4593 2312 4654 municat
2345 4595 2575 4652 domnus
2613 4599 2942 4667 apostolicus
2965 4639 2984 4665 ,
3009 4608 3221 4671 partem
3267 4601 3370 4658 sibi
3411 4605 3644 4670 mordet,

2065 4689 2122 4740 et
2155 4683 2421 4755 reliquam
2451 4686 2508 4742 in
2539 4687 2762 4744 calicem
2793 4689 2978 4754 mittit,
3013 4688 3219 4746 fodiens
3241 4705 3462 4746 crucem
3485 4693 3557 4748 de
3581 4709 3646 4750 ea

2065 4772 2246 4830 tribus.
2268 4775 2476 4832 vicibus
2491 4791 2652 4845 super
2669 4777 2898 4832 calicem
2925 4777 3060 4834 nihil
3084 4777 3308 4846 dicens;
3334 4787 3392 4834 et
3415 4781 3500 4836 sic
3517 4796 3650 4838 con-

2061 4861 2246 4922 ﬁrmat
2257 4865 2324 4922 de
2333 4865 2524 4934 calice,
2537 4875 2756 4924 tenente
2766 4867 2988 4924 calicem
3002 4869 3398 4924 archidiacono.
3415 4868 3648 4938 Quando

2064 4970 2195 5012 vero
2221 4957 2450 5014 domnus
2485 4959 2818 5030 apostolicus
2847 4961 3215 5018 descenditab
3240 4961 3422 5028 altari,
3451 4962 3648 5034 incipit

2065 5049 2466 5110 communicare
2510 5050 2758 5122 populus.
2815 5051 3024 5108 Dicitur
3049 5051 3360 5122 Antiphonti
3397 5053 3470 5108 ad
3493 5067 3650 5110 com-

2065 5137 2418 5210 munionem;
2471 5149 2529 5196 et
2555 5140 2768 5211 expleta
2807 5142 3190 5208 communione
3223 5149 3280 5198 et
3317 5142 3644 5212 antipbona,

2065 5237 2180 5284 tum
2207 5231 2384 5301 surgit
2428 5231 2658 5292 domnus
2683 5247 2822 5304 papa
2847 5269 2864 5298 ,
2899 5241 2954 5286 et
2983 5232 3206 5288 veniens
3233 5231 3304 5286 ad
3345 5231 3520 5287 altare
3547 5247 3640 5288 sa-

2062 5317 2200 5376 lutat
2223 5319 2406 5386 altius,
2423 5321 2614 5378 dicens
2638 5322 2930 5380 :Dominus
2955 5322 3238 5378 uobiscum.
3269 5321 3644 5392 Respondent,

2062 5421 2110 5465 et
2133 5427 2256 5466 cum
2277 5412 2470 5482 spiritu
2497 5421 2610 5468 tuo.
2639 5412 2846 5470 Deinde
2871 5412 2966 5468 dat
2984 5413 3289 5468 orationem
3319 5431 3336 5468 :
3365 5411 3524 5478 Quod
3551 5429 3644 5468 ore

2060 5501 2396 5570 sumpsimus,
2423 5499 2668 5570 Domine,
2698 5513 2866 5558 mente
2909 5504 3182 5572 capiamus
3199 5543 3216 5569 ,
3265 5513 3316 5557 et
3335 5501 3404 5558 de
3425 5517 3644 5557 munere

2057 5592 2332 5662 temporali
2347 5593 2442 5660 ﬁat
2472 5592 2618 5648 nobis
2651 5593 2939 5650 remedium
2977 5594 3356 5664 sempiternum
3405 5608 3502 5662 per
3527 5591 3636 5646 Do-

2051 5677 2257 5736 minum
2283 5693 2514 5738 nostrum
2537 5681 2721 5738 Iesum
2747 5681 3031 5740 Christum.
