4000 6178
405 274 538 330 i555

1869 411 2180 424 ————-

417 409 2179 452 Μ

1818 267 2198 333 ΕΡΙΞΤΟΙΛΕ.

3526 279 3625 334 155
3634 278 3666 334 ι-

991 558 1985 681 επιπεοειι

2087 561 3042 688 meum

1633 793 2413 912 EPISTOLIE.

978 996 1140 1060 (Apud
1163 993 1448 1057 Acberium,
1472 992 1726 1056 Spicilegii
1748 997 1880 1043 torno
1901 991 1993 1054 ill,
2017 1003 2130 1054 pag.
2154 991 2266 1052 530,
2289 999 2345 1044 et
2368 1004 2434 1044 es
2457 991 2667 1046 lactea.
2693 994 2854 1064 Ampi.
2879 997 3125 1066 Collum.)

1808 1110 2234 1133 εφη-ψ

883 1197 1217 1255 EPISTOLA
1253 1194 1487 1250 PRIMA.

403 1309 655 1364 ΑιΑιΑκη
708 1307 774 1346 AD
823 1305 1087 1345 JEREIIMII
1139 1301 1473 1342 SENONENSEI
1527 1297 1980 1341 Αιιειηεριεεορυκ

950 1377 1016 1414 με
1055 1375 1256 1414 NOIINE
1293 1373 1435 1420 JESU.

471 1458 784 1516 Clarissima
814 1454 964 1509 Patri
1015 1461 1073 1508 et
1119 1451 1442 1506 acutissimo
1477 1446 1686 1502 rhetori
1733 1443 1984 1501 Ieremia

402 1555 510 1608 vati
541 1553 593 1605 in
625 1557 809 1603 nostra
838 1544 1137 1601 Jerusalem
1162 1541 1486 1597 Amalarius.
1537 1617 1542 1622 δ

472 1644 734 1700 Scribunt
764 1638 1068 1695 Salvatoris
1102 1635 1276 1690 nostri
1307 1632 1435 1688 Jesu
1476 1645 1672 1687 nomen
1703 1643 1801 1700 per
1831 1628 1982 1698 aspi-

405 1742 690 1802 rationem,
741 1733 896 1803 cujus
947 1732 1172 1787 rationis
1226 1744 1422 1800 expers
1470 1742 1610 1784 sum.
1667 1725 1793 1781 Scio
1831 1724 1986 1780 vobis

404 1831 645 1899 ignotum
673 1840 780 1880 non
809 1837 952 1886 esse,
989 1821 1035 1876 si
1064 1819 1294 1888 alicujus
1318 1817 1544 1876 rationis
1573 1829 1739 1870 causa
1761 1822 1983 1883 postpo-

405 1927 563 1974 natur
587 1923 706 1986 post
733 1913 754 1967 l
779 1911 1039 1983 aspiratio
1065 1911 1118 1965 in
1144 1923 1341 1965 nomen
1376 1907 1516 1973 lesu,
1542 1919 1704 1976 quam
1735 1904 1984 1961 intimate

405 2010 514 2064 tilio
541 2020 720 2063 vestro
742 2005 786 2060 si
803 2003 960 2058 adsit.
977 2001 1106 2056 Scio
1125 2001 1171 2055 si
1192 2008 1295 2064 est,
1318 1997 1507 2056 adfore
1531 1997 1587 2051 in
1611 1994 1988 2066 promptuario

404 2100 604 2156 mentis
634 2105 830 2153 vestrae
864 2094 1008 2165 quod
1040 2092 1172 2147 ﬂuat
1208 2093 1274 2146 ad
1305 2105 1413 2145 me.
1440 2090 1745 2158 Antequam
1795 2099 1986 2156 porge-

404 2202 488 2249 ret
513 2191 744 2246 domnus
777 2185 1002 2242 Carolus
1039 2183 1267 2238 Romam
1314 2179 1630 2244 novissime,
1669 2177 1850 2234 audi-vi
1897 2189 1987 2230 sa-

403 2281 650 2338 cerdotes
683 2278 870 2334 Gallia:
913 2283 1116 2331 nostrae
1149 2285 1347 2328 sonare
1396 2269 1574 2336 Gisus,
1624 2269 1771 2340 quod
1805 2283 1986 2337 neque

403 2389 526 2430 cum
547 2371 789 2430 Hebraeis
815 2384 992 2438 neque
1017 2381 1138 2422 cum
1158 2364 1364 2424 Graecis
1388 2360 1760 2418 conveniebat.
1787 2358 1869 2417 Ab
1892 2359 1986 2416 illo

405 2475 644 2535 tempore
675 2462 835 2517 audio
863 2459 1114 2524 Iesus,ut
1139 2457 1361 2527 opinor,
1393 2453 1538 2526 quod
1565 2451 1820 2508 convenit
1860 2459 1984 2505 cum

2004 1195 2054 1254 Λ
2081 1193 2241 1249 modo
2272 1193 2630 1267 intelligerem
2683 1199 2826 1268 quod
2865 1203 3130 1272 scriptum
3180 1217 3265 1264 est
3300 1208 3354 1266 in
3384 1211 3691 1281 Dominicis,

2087 1282 2468 1339 institutione:
2502 1286 2605 1342 Hic
2638 1299 2715 1343 est
2747 1290 2889 1345 calix
2925 1297 3200 1366 sanguinis
3229 1299 3368 1356 Noui
3397 1311 3448 1358 et
3486 1307 3674 1363 aeterni

2088 1373 2428 1440 Testamenti,
2465 1380 2772 1447 mysterium
2807 1382 2951 1449 ﬁdei.
2977 1384 3114 1452 Quia
3145 1393 3386 1460 comperi
3415 1409 3514 1450 vos
3532 1396 3675 1453 velle

2084 1465 2227 1520 scire
2275 1467 2550 1558 quomodo
2597 1468 2956 1542 intelligerern
2996 1476 3163 1545 illud,
3199 1480 3428 1554 ideoque
3455 1487 3674 1558 scriptis

2085 1557 2274 1627 paucis
2320 1557 2520 1614 litteris
2547 1559 2741 1618 intimo
2784 1570 3055 1632 quomodo
3098 1573 3351 1629 sentiam.
3379 1575 3504 1632 Fuit
3525 1557 3682 1638 enim

2085 1647 2226 1701 calix
2261 1647 2480 1704 Veteris
2499 1650 2836 1709 Testamenti
2871 1657 2937 1711 de
2969 1675 3078 1728 quo
3103 1661 3157 1714 in
3175 1662 3374 1738 Exodo
3410 1637 3692 1738 scriptum.

2084 1746 2188 1803 cst,
2220 1753 2338 1808 cap.
2374 1755 2541 1795 xcvtn
2581 1759 2593 1794 :
2625 1741 2768 1797 Tulit
2790 1746 2966 1816 itaque
2987 1723 3204 1820 bloysc;
3244 1723 3678 1829 dimidiamlpar:

2084 1838 2186 1882 tem
2219 1833 2516 1904 sanguinis,
2545 1843 2594 1886 et
2641 1835 2784 1888 misit
2832 1836 2890 1892 in
2936 1850 3171 1895 crateras
3206 1852 3446 1912 :partem
3497 1857 3673 1908 autem

2085 1923 2349 2014 residuam
2376 1923 2513 1992 fudit
2536 1941 2693 1995 super
2712 1926 2882 1982 altare
2909 1928 3108 2001 (Exod.
3134 1948 3282 1998 xxrv,
3313 1933 3390 2005 ϐ).
3419 1935 3486 1991 Et
3510 1938 3730 2014 paulo,‘

2084 2021 2209 2100 post
2237 2030 2251 2066 :
2282 2011 2385 2067 Hic
2409 2022 2506 2080 est,
2539 2016 2737 2086 inquit,
2784 2022 3002 2092 sanguis
3051 2021 3261 2092 [traderis
3295 2027 3435 2098 quod
3481 2029 3676 2100 pepigit

2083 2099 2340 2157 Dominus
2392 2104 2657 2160 vobiscum
2721 2123 2880 2180 super
2954 2115 3157 2168 cunctis
3203 2099 3551 2174 sermonibus
3587 2099 3684 2176 liis.

2087 2193 2241 2266 (Luc.
2290 2212 2426 2262 xxu,
2467 2198 2578 2268 l7).
2610 2198 2765 2255 Hunc
2809 2201 3034 2258 calicem
3067 2208 3468 2262 consummavit
3493 2209 3680 2266 Domi-

2085 2301 2189 2340 nus
2219 2278 2278 2340 in
2306 2300 2463 2342 omna
2497 2303 2595 2343 sua
2639 2293 2936 2346 secundum
2993 2292 3199 2349 Lucam
3245 2295 3518 2353 dicentem
3550 2317 3565 2353 :
3604 2299 3678 2355 Et

2086 2386 2295 2448 accepto
2344 2377 2508 2433 calice
2545 2382 2747 2450 gratias
2792 2383 2893 2453 egit
2921 2392 2969 2437 et
2995 2384 3130 2439 dixit
3159 2399 3177 2440 .'
3205 2385 3440 2458 Accipite
3463 2400 3516 2444 et
3543 2390 3680 2452 divis

2089 2465 2196 2520 dite
2222 2468 2360 2523 inter
2385 2485 2493 2523 vos.
2527 2469 2660 2530 Dico
2705 2473 2843 2527 enim
2871 2474 3017 2529 vobis
3064 2475 3206 2545 quod
3252 2494 3357 2532 non
3399 2477 3573 2534 bibam
3611 2481 3707 2538 de.

405 2558 663 2623 Hebraeis,
689 2568 920 2628 quorum
947 2551 1098 2607 ducis
1137 2563 1333 2604 nomen
1371 2546 1644 2618 legitimus
1676 2544 1844 2599 iesus.
1879 2541 1985 2614 Qui

2088 2561 2422 2630 generatione
2447 2562 2588 2628 vitis,
2615 2562 2783 2618 donec
2813 2581 3031 2636 regnum
3180 2569 3370 2624 ueniat.
3399 2568 3551 2626 Calix
3573 2571 3700 2629 Ve-s

403 2651 553 2706 lesus
581 2648 800 2703 nomine
844 2659 942 2701 suo
971 2640 1356 2714 praeﬁgurabat
1382 2646 1630 2694 nostrum
1649 2635 1834 2692 locum
1855 2674 1872 2700 ,
1924 2639 1986 2688 ut

405 2739 657 2795 Sedulius
685 2755 701 2792 :

527 2881 542 2896 .
570 2882 585 2896 .
612 2883 625 2896 .
655 2883 664 2894 .
693 2845 798 2893 Jam
825 2841 939 2892 tunc
951 2840 1178 2893 famulata
1199 2837 1430 2891 videbant

527 2909 703 2959 Sidera
728 2917 987 2958 venturum
1013 2903 1269 2966 ρι-ωωὶεω
1285 2901 1488 2950 normae
1509 2896 1703 2952 locum.

473 3010 607 3066 Nam
623 3009 797 3065 Grmci
823 3008 912 3062 bis
930 3006 1075 3060 notis
1095 3003 1136 3061 l.
1153 3003 1213 3059 C.
1230 3001 1582 3060 conscribunt
1607 2999 1738 3055 illud
1749 3013 1982 3064 nomen;

402 3112 460 3157 et
485 3102 674 3171 legunt
705 3105 934 3158 tutiore.
967 3095 1118 3152 Unde
1155 3094 1290 3149 mihi
1327 3083 1577 3159 videtur,
1604 3093 1653 3147 si
1677 3101 1868 3148 tamen
1892 3103 1986 3146 vo-

404 3194 490 3247 bis
515 3208 621 3246 non
655 3191 826 3255 alias,
863 3196 1114 3259 Oportere
1154 3185 1320 3240 scribi
1369 3199 1469 3254 per
1492 3183 1514 3240 ι
1540 3192 1596 3238 et
1621 3183 1667 3238 il
1693 3191 1750 3239 et
1779 3183 1842 3247 C,
1871 3183 1986 3238 sive

407 3282 470 3348 S,
506 3283 648 3353 quod
691 3281 921 3352 legimus
957 3278 1172 3333 'lhesus.
1207 3275 1417 3342 Quibus
1455 3273 1602 3330 notis
1626 3280 1987 3331 memoratum

407 3389 606 3435 nomen
633 3372 870 3428 scribere
897 3370 1144 3433 debeam,
1175 3382 1273 3422 oro
1301 3373 1365 3420 ut
1386 3363 1678 3420 mandetis.

968 3477 1304 3536 EPISTOLA
1339 3477 1402 3532 Il.

2089 2650 2221 2709 teris
2265 2650 2626 2718 Testamenti,
2668 2654 2934 2727 sanguine
2981 2656 3298 2712 animalium
3329 2659 3682 2718 irrationabi.

2088 2740 2219 2794 lium
2278 2742 2638 2799 redundabat.
2686 2743 2782 2806 Ille
2831 2747 3053 2818 sanguis
3081 2746 3255 2820 ﬁgura
3282 2747 3385 2804 fuit
3412 2741 3528 2807 veri
3550 2765 3681 2808 san-

2088 2832 2266 2902 guinis
2289 2831 2514 2889 Christi.
2537 2834 2710 2902 Quem
2729 2836 2978 2905 calicem,
3010 2839 3066 2895 id
3086 2849 3189 2908 est,
3221 2841 3276 2897 in
3302 2857 3410 2915 quo
3438 2843 3714 2907 bibimus-

2087 2923 2411 2992 sanguinem
2439 2923 2668 2993 Christi,
2699 2925 2935 2992 initiavit
2973 2930 3132 2994 nobis
3161 2931 3354 3005 ipsein
3379 2944 3707 3003 memorata.

2087 3027 2243 3069 creua
2267 3023 2391 3085 post
2412 3015 2849 3081 consummatum
2872 3020 3112 3092 priorem
3145 3023 3394 3095 calicem,
3439 3035 3502 3082 ut
3534 3027 3681 3085 idem
3694 3071 3716 3084 .,

2087 3103 2263 3167 Lucas
2296 3117 2566 3164 memorat
2588 3109 2645 3164 in
2674 3112 3030 3182 sequentibus
3059 3131 3073 3168 :
3103 3111 3360 3172 Similiter
3386 3125 3436 3172 et
3463 3117 3706 3187 calicem.

2085 3205 2361 3267 postquam
2389 3201 2630 3265 ccenavit,
2657 3202 2834 3268 dicens
2855 3217 2874 3254 :
2913 3202 3019 3258 Hic
3050 3214 3127 3259 est
3151 3207 3293 3262 calix
3319 3207 3460 3265 Novi
3499 3209 3683 3266 Testa-

2087 3286 2249 3338 menti
2315 3287 2371 3338 in
2423 3290 2679 3357 sanguine
2717 3307 2830 3344 meo
2855 3331 2872 3357 ,
2925 3293 3016 3361 qui
3070 3308 3166 3363 pro
3229 3296 3372 3351 vobis
3429 3298 3682 3370 fundatur

2089 3371 2243 3443 (Luc.
2271 3371 2388 3444 xx).
2407 3373 2507 3429 Hic
2533 3375 2672 3430 calix
2702 3386 2786 3432 est
2811 3378 2865 3432 in
2888 3378 3059 3451 figura
3085 3385 3330 3458 corporis
3349 3386 3477 3452 mei,
3494 3387 3550 3444 in
3571 3404 3682 3461 quo
3699 3435 3712 3453 ι

2086 3473 2170 3520 est
2212 3465 2435 3535 sanguis
2463 3467 2556 3536 qui
2586 3469 2830 3524 manabit
2866 3471 2933 3526 de
2961 3471 3131 3529 latere
3154 3489 3275 3530 meo
3299 3476 3370 3540 ad
3398 3478 3676 3550 complen-

826 3587 1065 3628 mnum
1107 3587 1175 3625 Λι)
1211 3584 1542 3626 unum",
1905 3553 1913 3555 “
2087 3553 2212 3610 dam
2240 3555 2414 3627 legem
2442 3565 2704 3624 veterem,
2727 3575 2838 3630 quo
2864 3559 3034 3618 eﬁ'uso
3058 3563 3314 3638 deinceps
3340 3566 3447 3621 erit
3467 3565 3713 3638 Novum

474 3663 807 3734 Porphyrius
835 3662 1188 3734 philosophus
1217 3677 1414 3717 nomen
1449 3661 1568 3716 lusu
1596 3660 1650 3719 in
1681 3658 1984 3714 auacrosti-
2089 3644 2526 3713 Testamentum;
2557 3649 2812 3717 quoniam
2841 3665 3014 3716 novus
3042 3655 3264 3726 sanguis
3290 3663 3347 3712 et
3373 3654 3634 3716 innocens
3660 3701 3679 3726 ,
3707 3723 3716 3730 ,

403 3757 506 3812 Cha
543 3771 638 3810 sua
666 3754 856 3808 Latine
891 3752 1082 3807 scribit
1119 3752 1221 3806 hoc
1267 3751 1428 3805 modo
1452 3751 1668 3814 iussus,
1701 3764 1859 3818 quem
1891 3763 1988 3803 no.
2088 3734 2144 3790 id
2172 3743 2278 3799 θεῖν
2305 3735 2540 3793 hominis
2583 3737 2790 3810 absque
2836 3751 3062 3824 peccato
3105 3744 3415 3802 eil‘undetur
3449 3763 3551 3820 pro
3598 3764 3684 3806 re-

404 3847 582 3900 vimus
629 3843 910 3913 utriusque
963 3841 1160 3911 lingutc
1192 3839 1581 3909 peritissimum
1607 3837 1776 3891 fuisse
1808 3877 1823 3901 ,
1855 3852 1985 3890 usus

2089 3827 2399 3896 demptione
2429 3830 2688 3897 humana,
2714 3833 2860 3902 quod
2890 3842 3051 3892 antea
3080 3851 3188 3892 non
3217 3845 3304 3892 est
3328 3839 3533 3894 factum
3555 3854 3688 3908 san-5

408 3937 656 3992 videlicet
685 3937 758 3988 ita
789 3910 978 3989 Graeca
1007 3910 1190 3986 littera
1218 3945 1316 4000 pro
1345 3928 1390 3984 H
1422 3929 1601 3999 longa,
1629 3943 1790 3998 quam
1813 3926 1987 3981 ϐιτεεὶ
2016 3910 2059 3971 C
2090 3919 2254 3990 guine
2300 3919 2530 3992 alicujus
2582 3923 2835 3978 animalis
2885 3924 3240 3984 irrationalis.
3294 3926 3403 3984 Iste
3457 3929 3691 4004 sanguis

407 4029 459 4083 iu
484 4027 662 4100 lingua
689 4025 906 4102 propria
933 4039 1031 4095 pro
1064 4023 1085 4077 l
1114 4023 1273 4094 longa
1311 4038 1525 4094 semper
1556 4029 1770 4078 sonant.
1806 4019 1984 4076 Latini
2091 4023 2264 4064 novus
2286 4017 2389 4074 est,
2419 4010 2511 4080 qui
2534 4005 2737 4068 ell‘usus
2756 4021 2840 4068 est
2863 4030 2963 4086 pro
2985 4017 3159 4072 salute
3186 4026 3392 4084 nostra,
3413 4020 3542 4088 quia
3567 4033 3680 4075 non

405 4136 534 4173 vero
566 4134 664 4189 pro
699 4117 743 4172 E
785 4100 962 4186 longa.
995 4115 1115 4171 Alia
1152 4129 1283 4170 vero
1321 4114 1529 4168 ratione
1581 4113 1856 4167 imitantes
1882 4109 1987 4172 He—
2087 4109 2174 4156 est
2203 4101 2455 4158 animalis
2481 4100 2709 4174 alicujus
2751 4105 3172 4172 irrationabilis,
3199 4106 3296 4161 sed
3322 4108 3561 4164 hominis
3589 4125 3680 4166 ra-

405 4211 580 4264 brmos
630 4207 801 4263 Iesum
848 4207 1281 4279 pronuntiamus,
1322 4220 1429 4259 non
1453 4219 1552 4274 per
1573 4202 1982 4274 aspirationem,

406 4301 498 4358 sed
522 4316 620 4376 per
644 4299 690 4354 ll
716 4298 960 4354 Graecum
992 4299 1313 4354 scribentes.

956 4407 1285 4466 EPISTOLA
1326 4410 1413 4464 ιιι.

711 4519 967 4565 ΔΠᾹΙΛΙΠΙ
1004 4518 1073 4564 ΑΙ)
1109 4516 1277 4562 ΙΟΝΔΜ
1320 4515 1632 4564 εριδεοιιυιι.

475 4612 638 4672 Pater
657 4614 905 4672 intimate
955 4621 1106 4680 nato,
1147 4612 1345 4688 quibus
1380 4611 1525 4666 notis
1577 4609 1806 4666 inferius
1851 4609 1986 4680 ﬁgu-

408 4721 540 4775 ratis
582 4720 786 4776 rectius
828 4719 1077 4775 videatur
1125 4718 1279 4773 vobis
1313 4716 1462 4789 pingi
1495 4729 1692 4772 nomen
1721 4714 1839 4770 [esu
1871 4707 1987 4771 lﬂC

409 4839 475 4880 an
513 4807 646 4880 riis.

473 4915 548 4971 At
574 4916 684 4983 ille,
715 4915 907 4986 inquit,
933 4916 1077 4972 sicut
1094 4915 1143 4970 Χ
1169 4923 1226 4972 ει
1259 4913 1300 4968 Ρ
1327 4913 1533 4969 ϐαρεῖς
1559 4911 1776 4976 litteris,
1803 4917 1860 4964 et
1883 4907 1987 4963 alia

406 5009 770 5081 qualicunque
796 5009 987 5062 Latina
1013 5006 1358 5063 convcnienti
1392 5005 1764 5076 superioribus
1789 5000 1985 5059 scribi-

409 5112 498 5155 tur
517 5117 713 5157 nomen
737 5100 961 5167 Christi,
1007 5100 1082 5154 ita
1105 5099 1127 5156 l
1152 5100 1207 5158 et
1235 5099 1281 5156 Η
1307 5098 1488 5154 addita
1511 5096 1853 5158 convenienti
1879 5094 1986 5150 La-

408 5206 521 5260 tina
555 5205 812 5262 scribitur
829 5197 960 5263 ms.

976 5295 1311 5356 EPISTOLA
1343 5293 1432 5352 IV.

646 5404 904 5452 ΔΙΑιΑῐιιι
939 5406 1007 5444 AD
1047 5401 1395 5446 RANTGARIUI
1433 5397 1746 5441 EPISCOPUI.

478 5478 784 5536 Amalarius
813 5481 1109 5552 Rantgario
1144 5481 1398 5550 episcopo
1433 5476 1883 5534 reverendissimo
1913 5471 1988 5530 ci-

408 5570 594 5628 vitatis
613 5572 1005 5628 Noviomensis.
1277 5619 1280 5621 λ

459 5663 679 5730 Hernici
702 5681 786 5725 me
809 5665 1200 5738 interrogatum
1226 5680 1256 5720 a
1287 5671 1466 5721 vestra
1497 5662 1824 5734 pateruitate
1855 5677 1988 5732 quo-

2088 4192 2307 4247 tionalis
2327 4209 2340 4258 ;
2358 4203 2648 4268 propterea
2667 4193 2868 4253 dicitur
2883 4194 3032 4252 'Novi
3058 4194 3394 4265 Testamenti,
3419 4199 3679 4270 quoniam

2088 4292 2177 4350 illo
2204 4289 2375 4346 eﬂ‘uso
2405 4300 2590 4345 vetera
2644 4292 2999 4358 transierunt,
3046 4301 3103 4349 et
3143 4293 3286 4351 facta
3337 4275 3485 4353 sunt
3514 4314 3674 4356 nova.

2087 4385 2205 4454 ipse
2231 4391 2456 4439 vocatur
2493 4383 2680 4438 a'terni
2711 4383 3045 4452 Testamenti,
3089 4387 3217 4456 quia
3247 4385 3456 4444 Novum
3487 4389 3680 4447 Testa-

2085 4483 2326 4530 mentum
2346 4491 2453 4530 non
2479 4476 2783 4536 mutabitur
2802 4477 2870 4532 ad
2903 4476 3050 4533 aliud
3075 4477 3508 4550 Testamentum,
3536 4483 3680 4540 sicut

2086 4576 2354 4623 mutatum
2381 4574 2464 4622 est
2479 4567 2647 4622 Vetus
2667 4567 2721 4622 in
2735 4566 2965 4623 Novum.
2984 4568 3104 4638 ipse
3121 4577 3351 4626 vocatur
3372 4575 3680 4642 mysterium

2086 4658 2230 4728 ﬁdei,
2252 4658 2506 4729 quoniam
2537 4656 2631 4726 qui
2671 4657 2845 4713 credit
2889 4674 2950 4714 se
2978 4659 3321 4728 redemptum
3353 4663 3424 4719 ab
3451 4677 3520 4720 eo
3549 4679 3680 4722 san-

2089 4749 2268 4820 guine,
2300 4756 2357 4802 et
2382 4745 2626 4802 imitator
2656 4746 2716 4801 iit
2742 4748 3012 4816 passionis
3043 4748 3245 4820 ipsius,
3279 4749 3330 4805 ei
3354 4752 3576 4822 proiicit
3608 4754 3678 4811 ad

2089 4836 2320 4891 salutem
2347 4843 2402 4890 et
2429 4837 2496 4890 ad
2526 4837 2692 4891 vitam
2719 4845 2999 4892 mternam.
3030 4837 3183 4893 Unde
3209 4839 3472 4898 Dominus
3498 4843 3632 4907 dicit
3658 4859 3676 4899 :

2093 4925 2213 4981 Nisi
2239 4926 2682 4981 manducavcritis
2711 4943 2922 4981 carnem
2947 4927 3051 4998 ﬁlii
3081 4929 3329 4998 hominis,
3351 4940 3399 4986 et
3447 4934 3678 4992 biberitis

2090 5017 2204 5087 ejus
2233 5017 2568 5087 sanguinem,
2599 5033 2703 5071 non
2733 5017 2988 5072 habebitis
3021 5018 3180 5075 vitam
3215 5019 3274 5074 in
3302 5021 3678 5094 nobismetipsis

2091 5108 2274 5180 (Joan.
2302 5123 2376 5172 vx,
2401 5103 2514 5180 54).
2557 5106 2670 5176 Hoc
2696 5115 2798 5174 est,
2825 5109 2930 5164 nisi
2960 5109 3257 5182 participes
3289 5110 3502 5168 fueritis
3543 5124 3678 5168 mea

2089 5198 2376 5272 passionis,
2414 5205 2469 5253 et
2504 5197 2847 5254 credideritis
2890 5214 2980 5255 me
3032 5209 3306 5256 mortuum
3351 5215 3451 5270 pro
3491 5207 3674 5255 vestra

2013 5263 2297 5353 1)Ysalute,
2335 5302 2443 5342 non
2473 5286 2742 5343 habebitis
2788 5287 2960 5343 vitam
3015 5289 3070 5345 in
3121 5290 3296 5346 vobis.
3353 5263 3674 5360 iiystcrium

2091 5382 2296 5446 Graece,
2321 5380 2515 5436 Latine
2539 5386 2810 5436 secretum
2831 5420 2846 5446 ,
2878 5380 3006 5450 quia
3036 5379 3170 5436 lides
3195 5378 3299 5435 ista
3321 5376 3453 5434 latet
3473 5377 3528 5433 in
3552 5391 3676 5434 cor-

2093 5477 2252 5533 dibus
2291 5477 2589 5532 electorum
2613 5514 2628 5540 ,
2662 5479 2952 5543 propterea
2976 5478 3203 5527 vocatur
3229 5481 3500 5527 secretum
3525 5469 3672 5526 lidei.

2092 5567 2405 5639 Mysterium
2434 5565 2557 5620 ﬁdei
2589 5563 2723 5617 fides
2749 5569 2853 5624 cst,
2905 5568 2966 5614 ut
3005 5559 3339 5631 Augustinus
3367 5562 3421 5618 in
3447 5561 3689 5632 epistola,

2091 5659 2163 5714 23
2192 5658 2257 5713 ad
2287 5655 2622 5712 Bonifacinm
2647 5652 2960 5722 episcopum
2998 5669 3011 5706 ε
3043 5649 3196 5708 Sicut
3225 5667 3357 5725 ergo
3376 5652 3699 5720 secundum,
