4000 6178
352 228 488 288 i335

1366 219 1696 276 AHALABII
1734 187 2551 308 rnEsnvrsm_unrnusns

3456 223 3588 281 1536

348 340 636 422 quemdam
665 342 882 406 modum
929 349 1331 402 sacramentum
1375 336 1622 407 corporis
1670 332 1872 394 Christi
1902 370 1918 398 ,
1947 333 1998 393 Α
2021 330 2329 401 protulisse.
2371 328 2645 422 Habemus
2677 337 2734 386 et
2764 345 2874 388 non
2914 331 3193 390 minimam
3215 336 3602 393 auctoritatem

347 453 544 510 corpus
569 433 773 492 Christi
799 441 907 499 est,
937 439 1341 488 sacramentum
1365 427 1643 500 sanguinis
1667 424 1869 480 Christi
1897 462 1913 489 ,

347 529 564 601 sanguis
607 523 807 582 Christi
841 529 956 590 est;
999 521 1078 578 ita
1129 524 1532 576 sacramentum
1579 513 1703 571 ﬁdei
1725 553 1744 580 ,
1781 511 1919 579 ﬁdos

345 629 447 677 cst.
491 615 668 673 Simili
710 613 872 669 modo
919 625 1208 684 possumus
1253 609 1436 666 dicere
1468 624 1486 661 :
1525 605 1629 660 Hic
1657 613 1734 660 est
1773 601 1921 657 eali:

345 707 617 779 sanguinis
644 691 921 760 nteiNovi
959 710 1009 758 et
1053 699 1236 757 aeterni
1275 695 1622 763 Testamenti;
1661 709 1728 751 ac
1761 693 1809 750 si
1837 692 1921 748 di-

347 809 435 857 cat
471 797 600 854 :hic
633 803 717 852 est
741 793 958 865 sanguis
983 806 1136 848 meus
1161 789 1255 862 qui
1280 803 1380 860 pro
1417 787 1572 843 vobis
1615 785 1811 852 datur,
1857 789 1922 838 ut

347 896 604 964 deinceps
643 891 851 948 Novum
899 899 955 944 et
986 896 1248 944 aeternum
1295 885 1702 940 Testamentum
1754 894 1787 934 a
1831 891 1922 932 me

348 986 647 1057 accipiatur
699 989 756 1038 et
800 987 1068 1036 teneatur.
1127 974 1386 1045 Sequitur
1413 990 1427 1026 :
1456 969 1763 1041 mysterium
1795 965 1922 1057 ﬁdei

347 1079 453 1132 hoc
467 1054 699 1133 credere
723 1069 950 1136 debetis,
978 1067 1034 1123 id
1069 1074 1176 1132 est,
1203 1065 1345 1118 hanc
1387 1059 1547 1116 ﬁdem
1588 1057 1791 1112 habere
1829 1054 1922 1110 de—

349 1168 512 1234 betis,
541 1173 604 1220 ut
622 1178 720 1238 per
743 1161 897 1219 illum
923 1156 1172 1216 remissio
1202 1153 1353 1210 vobis
1397 1152 1470 1210 sit
1510 1149 1752 1205 omnium
1787 1158 1921 1216 pec-

349 1268 616 1318 calorum.

916 1337 1250 1398 EPISTOLA
1286 1335 1354 1392 V.

737 1454 807 1494 AD
838 1447 1130 1492 ΗΕΤΤΟΝΕΙ
1169 1443 1198 1473 ⁸
1235 1440 1543 1485 IONACHUI.

420 1534 652 1606 Dignata
688 1539 773 1586 est
823 1525 1143 1582 fraternitas
1190 1528 1372 1576 vestra
1416 1516 1576 1573 nobis
1617 1513 1878 1570 mandare
1906 1551 1920 1576 ,

352 1635 416 1682 ut
460 1602 738 1679 auctorem
777 1617 932 1687 illum
982 1613 1138 1672 vobis
1183 1611 1517 1669 nominarem
1543 1645 1561 1674 ,
1606 1605 1700 1676 qui
1737 1602 1926 1660 distin-

2021 437 2089 478 ex
2135 421 2524 478 consuetudine
2571 421 2825 477 Ecclesia:
2848 461 2864 488 ,
2893 437 3015 492 quc
3059 423 3196 480 solet
3251 424 3495 494 quotidie
3548 429 3605 482 in

2023 514 2268 570 natione
2293 526 2415 583 qua:
2444 510 2508 566 tit
2531 525 2698 582 super
2732 525 2982 576 mensem
3010 513 3278 585 proferre,
3310 514 3485 570 Beata
3526 533 3610 571 se-

2023 603 2230 675 νοριοίη.
2397 629 2610 634 ---
2863 629 2872 634 ς

2547 691 2576 729 δ
2603 689 2939 745 EPISTOLA
2972 690 3062 746 Vl.

2586 796 2655 837 AD
2691 797 3034 840 GUN'I'BADUI.

2094 873 2400 930 Amalarius
2446 871 2729 930 Guntrado
2798 872 2996 929 dilecto
3050 871 3163 929 ﬁlio
3205 874 3261 930 in
3318 875 3612 948 disciplina

2026 964 2254 1021 Christi.

2097 1055 2202 1111 Fili
2223 1056 2319 1122 mi,
2347 1055 2664 1112 recordatus
2686 1068 2806 1110 sum
2825 1060 3238 1123 percunctatum
3257 1067 3380 1110 esse
3397 1054 3616 1125 pollens

2029 1145 2303 1218 ingenium
2331 1153 2482 1200 tuum
2506 1185 2522 1211 ,
2559 1159 2729 1215 quare
2763 1157 2872 1199 non
2908 1157 2998 1198 me
3023 1158 3148 1198 cum
3178 1143 3370 1214 majori
3393 1145 3613 1200 cautela

2029 1235 2381 1301 custodirem,
2430 1248 2501 1289 ne
2547 1233 2690 1288 illico
2716 1240 2841 1302 post
2869 1240 3250 1301 consumptum
3277 1233 3614 1288 sacriﬁcium

2029 1339 2301 1396 spuerem.
2348 1321 2650 1388 Addidisti,
2695 1321 2840 1392 quod
2869 1335 2979 1376 non
3011 1321 3224 1376 videres
3255 1330 3486 1377 caeteros
3517 1337 3617 1376 sa-

2031 1417 2280 1474 cerdotes
2326 1415 2433 1470 hoc
2477 1412 2692 1481 facere,
2728 1413 2784 1469 id
2809 1420 2894 1468 est
2917 1413 3102 1468 statim
3130 1425 3319 1482 spuere
3354 1421 3487 1483 post
3517 1428 3617 1469 oo-

2032 1513 2260 1560 mestam
2292 1502 2698 1558 eucharistiam.
2729 1501 2955 1568 Quando
2978 1501 3084 1557 hoc
3118 1501 3297 1558 audivi
3321 1517 3355 1556 a
3382 1511 3465 1568 te,
3501 1517 3610 1559 nec

2033 1593 2262 1649 multum
2294 1591 2392 1648 tibi
2418 1592 2550 1657 dixi,
2582 1607 2683 1648 nec
2704 1591 2939 1663 cogitavi
2980 1605 3049 1647 ex
3098 1591 3204 1648 hoc
3253 1591 3352 1647 tibi
3380 1607 3618 1664 respon-

351 1679 587 1775 ctionem
618 1711 752 1770 facit
779 1679 932 1782 initer
952 1703 1239 1775 Seraphin,
1267 1700 1486 1772 quando
1514 1695 1690 1752 neutri
1714 1691 1928 1766 generis
1957 1679 2001 1738 B
2220 1683 2382 1739 nauci
2415 1683 2546 1738 duxi
2589 1681 2754 1738 talem
2809 1682 3349 1752 percunctationem;
3387 1681 3508 1753 jam
3557 1683 3618 1736 in

353 1817 455 1872 est,
487 1811 543 1861 et
563 1803 778 1874 quando
799 1795 1106 1855 masculini.
1151 1791 1270 1850 Non
1300 1790 1481 1848 omnia
1511 1785 1645 1842 mihi
1667 1785 1725 1841 in
1749 1796 1930 1874 prorn-

355 1905 450 1967 ptu
475 1872 704 1966 possunt
727 1901 1032 1952 occurrere,
1085 1897 1207 1955 quas
1242 1882 1308 1938 de
1355 1879 1464 1936 illis
1508 1874 1812 1948 agminibus
1854 1872 1932 1928 le-

353 1987 508 2061 gistis
530 1994 587 2041 et
609 1983 735 2054 legi.
775 1981 978 2036 Tamen
1007 1977 1159 2033 illum
1193 1980 1470 2028 auctorem
1496 1967 1657 2024 modo
1683 1978 1930 2036 promam

353 2059 448 2148 qui
479 2075 738 2134 discernit
758 2073 898 2128 inter
918 2066 1176 2124 cherubin
1199 2063 1377 2119 neutri
1400 2059 1618 2133 generis
1639 2065 1696 2113 et
1719 2070 1934 2132 mascu-

359 2145 477 2235 lini,
499 2182 601 2224 nec
629 2179 736 2223 non
764 2171 820 2218 et
846 2161 997 2217 illum
1021 2158 1116 2229 qui
1157 2155 1442 2225 Seraphim
1464 2166 1561 2222 per
1590 2167 1662 2215 πη,
1704 2145 1932 2204 masculi

355 2257 572 2330 generis
600 2254 733 2308 dicit
757 2291 774 2318 ,
801 2258 860 2306 et
887 2248 1060 2304 neutri
1089 2258 1184 2317 per
1219 2262 1273 2300 η.
1312 2242 1516 2313 Opinor
1552 2236 1934 2330 quodgeisdem

356 2325 609 2404 linalibus
633 2341 835 2400 litteris
880 2337 1204 2394 terminetur
1239 2331 1382 2403 apud
1427 2331 1648 2387 Graecos
1672 2325 1935 2383 cherubin

354 2445 414 2495 et
439 2434 714 2506 seraphin.
749 2430 891 2492 Dicit
911 2429 1270 2499 Hieronymus
1293 2426 1348 2481 in
1375 2430 1610 2479 tractatu
1637 2415 1936 2476 Ezechielis

357 2527 505 2585 tertii
531 2524 654 2583 libri
693 2542 713 2582 ς
746 2542 765 2578 ι
795 2521 1114 2591 Quanquam
1133 2517 1378 2590 plerique
1418 2513 1678 2570 cherubin
1704 2509 1935 2568 neutrali

356 2631 557 2690 genere
605 2626 939 2684 numeroque
991 2595 1187 2682 plurali
1241 2606 1348 2664 dici
1387 2612 1608 2676 putent,
1649 2617 1752 2658 nos
1793 2600 1938 2657 scire

358 2707 620 2764 debemus
645 2700 906 2775 singulari
933 2714 1158 2756 numero
1183 2712 1304 2754 esse
1329 2696 1532 2752 cherub
1573 2693 1788 2768 generis
1814 2706 1934 2748 ma~

355 2793 574 2861 sculini,
616 2801 672 2854 et
696 2789 889 2870 plurali
936 2787 1176 2858 ejusdem
1220 2785 1436 2856 generis
1473 2783 1778 2849 cherubim,
1825 2795 1937 2836 non

357 2898 468 2954 quo
495 2896 658 2942 sexus
687 2882 741 2935 in
767 2877 1001 2934 ministri
1025 2876 1122 2936 Dei
1146 2877 1237 2943 sit,
1267 2876 1362 2931 sed
1386 2890 1496 2946 quo
1515 2873 1936 2943 unumquodque

353 2971 508 3044 juxta
526 2971 719 3041 linguae
737 2983 849 3028 suae
868 2954 1254 3043 proprietatem
1275 2965 1503 3020 diversis
1527 2962 1824 3036 appelletur
1845 2976 1937 3033 ge-

359 3061 601 3118 neribus.
626 3058 817 3133 Angeli
844 3063 1107 3116 vocantur
1139 3071 1366 3114 numero
1390 3055 1592 3130 plurali.
1610 3053 1894 3110 Malachim
1917 3093 1936 3119 ,

361 3159 418 3207 et
455 3148 736 3209 cherubim
778 3155 834 3202 et
873 3144 1146 3216 seraphim
1195 3144 1438 3220 ejusdem
1482 3144 1700 3216 generis
1739 3149 1795 3198 et
1831 3158 1938 3198 nu-

363 3239 523 3298 meri.
559 3258 580 3292 i
624 3237 730 3300 Ubi
761 3245 981 3301 sanctus
1026 3236 1386 3310 Hieronymus
1426 3234 1552 3295 dicit
1581 3274 1599 3300 ,
1655 3247 1756 3291 nos
1798 3232 1939 3292 scire

365 3334 624 3388 debemus
667 3329 812 3407 quod
852 3328 1079 3390 Latinus
1125 3326 1334 3387 Latinis
1385 3325 1488 3380 fuit
1543 3325 1774 3380 locutus.
1821 3323 1939 3394 lpse

364 3433 486 3480 erat
525 3423 752 3482 Latinus
777 3461 792 3488 ,
827 3419 992 3481 Paula
1032 3428 1087 3476 et
1127 3418 1236 3474 lilia
1281 3417 1398 3488 ejus
1435 3415 1788 3474 Eustochium
1836 3414 1940 3470 La-

366 3513 494 3570 tina:
516 3522 692 3570 erant.
724 3511 804 3574 Ex
825 3513 929 3574 hoc
953 3509 1252 3583 intelligere
1291 3525 1576 3581 possumus
1599 3549 1614 3575 ,
1662 3509 1805 3579 quod
1842 3523 1943 3564 nos

365 3604 544 3662 Latini
567 3603 823 3664 debemus
843 3603 1056 3661 illorum
1088 3602 1461 3658 ministrorum
1493 3601 1712 3656 nomina
1731 3613 1944 3659 mascu-

365 3694 478 3750 lino
517 3708 714 3766 genere
763 3703 948 3752 tenere
978 3690 1132 3762 juxta
1158 3690 1479 3748 Hebraicam
1521 3691 1900 3748 auctoritatem
1923 3730 1940 3758 ,

367 3797 531 3854 quam
569 3781 926 3856 Hieronymus
969 3780 1353 3851 interpretatus
1393 3789 1496 3836 est.
1527 3779 1595 3834 Et
1641 3779 1731 3834 ubi
1767 3779 1940 3834 dicit;

373 3889 391 3922 ‹
427 3867 546 3928 Non
567 3885 676 3938 quo
697 3884 859 3928 sexus
895 3869 950 3928 in
970 3871 1235 3931 ministris
1263 3871 1357 3929 Dei
1385 3871 1476 3936 sit,
1499 3869 1594 3925 sed
1617 3884 1724 3940 quo
1750 3884 1944 3924 unum-

367 3958 618 4034 quodque
664 3956 819 4030 juxta
861 3955 1057 4028 linguzc
1107 3972 1218 4017 sua:
1272 3958 1660 4033 preprietatem
1717 3957 1946 4014 diversis

370 4046 672 4126 appelletur
712 4045 1045 4120 generibus:
1084 4063 1103 4100 ι
1153 4061 1222 4101 ex
1266 4046 1373 4102 hoc
1411 4046 1762 4122 intelligimus
1801 4048 1948 4118 quod

371 4137 596 4195 alterius
621 4137 836 4208 generis
855 4143 982 4192 sunt
1006 4135 1242 4199 ministri
1263 4137 1547 4193 memorati
1574 4137 1630 4194 in
1657 4138 1946 4211 peregrina

369 4229 569 4300 lingua.
603 4227 746 4283 Dicit
773 4225 918 4283 Beda
944 4228 999 4284 in
1028 4227 1166 4283 libro
1207 4229 1386 4299 primo
1412 4227 1479 4284 de
1508 4227 1854 4288 tabernaculo
1893 4237 1949 4286 et

2031 1774 2225 1830 itinere
2261 1776 2465 1844 degens
2492 1773 2772 1844 aporiatus
2797 1787 2916 1828 sum
2945 1781 3040 1826 tua
3067 1771 3372 1836 dilectione,
3404 1788 3477 1829 ne
3507 1773 3618 1828 ali—

2029 1880 2136 1939 qua
2162 1865 2401 1935 suspicio
2430 1871 2739 1920 remaneret
2767 1862 2862 1919 tibi
2892 1862 3030 1919 falsa
3077 1863 3134 1918 in
3169 1873 3412 1936 pectore.
3447 1866 3622 1932 Quasi

2031 1973 2162 2030 ergo
2191 1965 2484 2028 propterve
2512 1956 2618 2013 hoc
2645 1971 2865 2028 agerem
2891 1965 3081 2012 contra
3117 1966 3360 2012 nostram
3389 1956 3620 2028 religio-

2032 2065 2178 2116 nem,
2206 2057 2262 2105 et
2289 2063 2360 2104 ne
2383 2062 2696 2104 remaneres
2723 2047 2781 2103 in
2807 2047 2990 2118 aliquo
3025 2062 3213 2103 errore
3247 2047 3574 2120 ignorantia:
3600 2090 3618 2112 ,

2031 2139 2236 2195 idcirco
2270 2138 2614 2208 potissimum
2659 2138 2920 2208 quoniam
2962 2139 3108 2194 sensi
3147 2147 3202 2194 te
3238 2139 3477 2195 sensisse
3529 2155 3626 2195 me

2033 2245 2192 2302 agere
2219 2240 2410 2286 contra
2434 2230 2876 2286 consuetudinem
2915 2230 3292 2302 religiosorum
3328 2232 3624 2302 presbyte-

2034 2339 2244 2389 rorum,
2269 2322 2435 2378 malui
2455 2336 2522 2376 ea
2547 2322 2742 2378 itinere
2756 2320 2995 2378 formare
3015 2323 3111 2378 tibi
3131 2323 3373 2380 animum
3398 2337 3584 2378 meum
3605 2339 3626 2386 ;

2033 2431 2196 2488 quam
2239 2414 2442 2472 diutius
2473 2428 2760 2470 temnere
2814 2413 3013 2470 ardens
3057 2414 3335 2486 ingenim
3372 2421 3531 2468 tuum
3563 2415 3628 2469 in

2035 2506 2346 2578 suspicione
2370 2505 2568 2562 inutili.
2594 2505 2830 2562 Attende
2861 2504 3059 2575 primo,
3086 2504 3162 2559 ﬁli
3197 2504 3294 2571 mi,
3335 2505 3626 2561 sententia

2034 2601 2186 2657 Pauli
2208 2601 2442 2658 dicentis
2471 2617 2486 2655 :
2519 2597 2792 2670 Spiritalis
2816 2597 3026 2668 judieut
3065 2597 3276 2663 omnia;
3310 2596 3422 2668 ipse
3444 2608 3627 2652 autem

2036 2715 2068 2752 a
2097 2695 2299 2750 nemine
2341 2693 2620 2765 judicatur
2653 2691 2706 2765 (Ι
2746 2689 2871 2746 Cor.
2925 2706 2988 2758 tt,
3031 2689 3144 2763 15).
3191 2689 3251 2746 Si
3298 2689 3444 2759 quod
3474 2690 3627 2746 circa

2037 2788 2287 2860 spiritum
2310 2795 2396 2842 est
2423 2786 2478 2840 in
2505 2801 2605 2840 suo
2631 2783 2822 2842 ordine
2842 2790 3048 2850 manet,
3072 2795 3139 2837 ea
3160 2796 3281 2853 qua:
3301 2797 3402 2852 per
3425 2796 3628 2851 corpus

2037 2885 2298 2949 geruntur
2325 2883 2474 2932 recta
2501 2875 2845 2946 deputantur,
2873 2874 3089 2930 dicente
3113 2873 3303 2929 eodem
3323 2871 3625 2943 Apostolo:

2042 2968 2236 3028 Omnia
2255 2967 2454 3022 munda
2482 2965 2693 3022 mundis
2721 2962 2855 3035 (Tit.
2909 2979 2961 3029 ι,
3018 2962 3132 3036 i5).
3173 2961 3324 3019 Multi
3375 2971 3505 3018 sum
3531 2963 3630 3032 qui

2043 3059 2364 3117 munditiam
2391 3051 2636 3129 corporis
2663 3059 2956 3114 observant
2975 3055 3274 3113 secundum
3293 3069 3456 3109 usum
3477 3052 3630 3109 Pha-

2041 3152 2342 3217 risteorum,
2393 3165 2462 3206 ex
2505 3163 2735 3220 quorum
2783 3155 2970 3202 nmen
3002 3144 3274 3201 mentibus
3324 3145 3632 3214 procedunt

2040 3243 2316 3300 immunda
2336 3281 2352 3309 ,
2415 3254 2538 3312 quae
2586 3239 2846 3296 Dominus
2888 3244 3168 3308 computat
3211 3237 3268 3292 in
3329 3234 3633 3306 Evangelia

2041 3334 2232 3390 dicens
2265 3351 2280 3389 :
2312 3331 2392 3388 De
2439 3331 2594 3388 corde
2640 3331 2781 3386 enim
2826 3338 3015 3384 exeunt
3058 3327 3398 3399 cogitationes
3425 3326 3586 3380 inulte
3609 3365 3629 3392 ,

2039 3425 2346 3494 homicidia,
2372 3423 2660 3490 adulteria,
2685 3421 3082 3494 fornicationes,
3108 3419 3276 3490 furta,
3316 3418 3456 3489 falsa
3479 3418 3630 3473 testi-

2040 3517 2244 3584 monia,
2285 3515 2619 3586 blasphemia:
2659 3529 2678 3569 :
2716 3514 2827 3568 hare
2855 3522 2976 3567 sunt
3013 3528 3132 3583 qua:
3160 3510 3504 3580 coinquinant
3532 3509 3630 3562 Ito-

2042 3608 2234 3662 minem
2267 3605 2484 3676 (Matth.
2527 3619 2618 3670 xv,
2670 3601 2787 3676 20).
2841 3601 2989 3658 inter
3022 3602 3128 3657 ista
3171 3615 3281 3656 non
3332 3600 3631 3674 deputatur

2044 3706 2284 3769 sputum,
2313 3710 2417 3751 nec
2441 3694 2689 3765 procedit
2710 3709 2777 3750 ex
2804 3692 2943 3748 mala
2973 3692 3300 3764 cogitatione
3325 3705 3449 3762 quze
3471 3690 3628 3744 coin-

2044 3789 2234 3860 quinat
2273 3787 2570 3843 hominem.
2611 3783 2840 3855 Sputum
2878 3782 3129 3838 naturale
3161 3791 3245 3838 est
3289 3782 3466 3845 nobis,
3507 3779 3628 3834 sine

2045 3886 2268 3950 peccato
2318 3876 2561 3948 procedit
2599 3891 2668 3931 ex
2695 3875 2883 3941 nobis,
2921 3873 3140 3929 sanitati
3177 3880 3378 3927 nostra:
3414 3869 3635 3942 proﬁcit

2045 3968 2162 4038 ejus
2188 3967 2488 4038 processio,
2520 3965 2637 4021 sine
2674 3964 3076 4036 vituperatione
3109 3962 3487 4034 religiosorum
3536 3961 3635 4016 ho—

2047 4060 2252 4114 minum
2275 4057 2485 4128 agimus
2508 4055 2651 4126 quod
2677 4054 2931 4112 Christus
2957 4055 3066 4127 egit
3086 4068 3188 4125 pro
3216 4053 3390 4110 salute
3419 4061 3633 4118 nostra,

2046 4151 2274 4206 docente
2307 4148 2596 4220 Evangelia
2632 4165 2648 4203 :
2684 4146 2880 4202 Lutum
2909 4148 3033 4218 fecit
3052 4146 3311 4202 Dominus
3332 4163 3399 4201 ea:
3432 4155 3591 4216 sputo
3618 4186 3635 4211 ,

2045 4249 2094 4294 et
2121 4239 2289 4294 (inicit
2321 4238 2498 4294 oculos
2548 4237 2674 4293 «εωοὶ
2728 4239 2844 4292 nati
2892 4237 3076 4310 (Joau.
3109 4253 3190 4304 ιι,
3211 4235 3290 4310 6).
3332 4236 3399 4292 Et
3427 4237 3633 4292 iterum

368 4317 664 4417 vasiscjus
694 4335 707 4371 :
745 4336 766 4374 ι
894 4317 1373 4417 quid-emnnumero
1410 4317 1667 4392 singulari
1718 4318 1947 4387 cherub,
1971 4357 2025 4417 Β
2049 4328 2344 4386 secundum
2389 4326 2631 4383 Marcum
2660 4343 2676 4383 :
2711 4326 2856 4384 Misit
2885 4327 3076 4398 digitos
3104 4344 3228 4381 suos
3249 4327 3307 4380 in
3335 4326 3633 4392 auriculas,

368 4411 566 4491 plurali
603 4419 783 4466 autem
811 4411 1070 4471 cherubin
1095 4409 1314 4477 dicitur,
1351 4419 1406 4466 et
1439 4419 1524 4467 est
1556 4426 1753 4467 nomen
1787 4427 1949 4484 gene-

371 4502 449 4558 ris
477 4500 789 4570 masculini;
827 4502 921 4557 sed
955 4500 1143 4562 Grmca
1174 4500 1505 4558 consuetudo
1534 4509 1728 4559 neutro
1753 4516 1950 4573 genere

373 4591 635 4646 cherubin
684 4592 905 4662 posuit,
955 4607 1007 4644 m
1055 4590 1238 4652 littera
1287 4590 1343 4644 in
1395 4606 1430 4644 n
1467 4599 1696 4647 mutata.
1745 4592 1948 4648 Verum

373 4690 560 4738 noster
595 4681 864 4759 interpres
897 4681 1180 4738 Hebratum
1212 4690 1432 4743 secutus
1463 4681 1684 4752 idioma,
1735 4695 1950 4737 mascu-

373 4773 484 4828 lino
510 4789 707 4850 genere
733 4777 932 4846 posuit.
968 4794 987 4828 ι

445 4863 756 4924 Monstrabo
784 4867 981 4923 iterum
1004 4867 1092 4923 ubi
1127 4866 1269 4922 idem
1299 4866 1568 4935 interpres
1593 4863 1953 4937 Hieronymus

375 4963 542 5033 ponat
567 4956 822 5028 seraphin
859 4967 1054 5014 neutro
1074 4972 1292 5033 genere.
1317 4957 1521 5013 Scribit
1541 4957 1596 5014 in
1626 4956 1763 5013 libro
1792 4972 1952 5027 quem

379 5049 507 5105 fecit
554 5049 621 5110 de
667 5050 919 5121 seraphin
947 5049 1096 5123 (Cap.
1139 5052 1195 5119 6,
1222 5061 1335 5124 post
1365 5049 1510 5124 init.)
1547 5067 1667 5122 quae
1703 5051 1954 5123 leguntur

379 5143 434 5197 in
466 5141 604 5198 Isaia
633 5143 775 5203 inter
806 5150 1001 5204 caetera
1033 5163 1045 5196 :
1084 5163 1103 5195 ι
1137 5137 1350 5205 Nullum
1378 5127 1952 5215 prophetarumextra

375 5236 569 5310 lsaiam
601 5235 802 5294 vidisse
835 5234 1089 5306 seraphin
1118 5236 1265 5296 circa
1313 5235 1486 5311 Deum
1524 5236 1738 5301 stantia,
1789 5245 1845 5292 et
1881 5251 1950 5292 ne

378 5324 492 5397 ipsa
513 5326 733 5400 quidem
757 5326 1011 5396 seraphin
1034 5325 1161 5382 alibi
1186 5326 1438 5382 lectitari.
1465 5347 1491 5392 ,ι
1524 5326 1685 5383 Novit
1712 5328 1951 5384 charitas

376 5423 558 5470 vestra
580 5417 794 5487 quando
823 5415 960 5492 dixit
982 5416 1276 5484 stantia,et
1300 5416 1413 5491 ipsa
1436 5425 1630 5479 neutro
1657 5432 1855 5490 genere
1884 5435 1947 5474 ea

449 5540 476 5605 ξ
502 5529 910 5605 Ad_H_ett_ouem.
934 5532 984 5592 Is
1027 5530 1256 5605 forsitan
1281 5530 1442 5605 Πεᾳο
1472 5531 1831 5605 sivejiectus,
1857 5531 1948 5605 qui

381 5597 561 5658 Abbas
589 5599 687 5655 fuit
718 5599 1282 5680 Epternacensismost
1314 5601 1548 5677 cpisc0p.
1573 5597 1944 5664 Trevet‘ensis.

2053 4431 2100 4475 et
2134 4435 2361 4490 expetens
2405 4417 2573 4490 tetigit
2600 4418 2834 4490 linguam
2859 4418 2976 4489 ejus
3006 4416 3199 4489 (Marc.
3228 4432 3330 4484 vlt,
3359 4416 3476 4489 δε).
3499 4416 3636 4473 Cor-

2051 4524 2153 4580 pus
2177 4507 2390 4563 Domini
2410 4507 2570 4563 saluti
2595 4508 2873 4564 hominum
2895 4515 3271 4564 consecratum
3293 4509 3454 4564 estin
3474 4519 3639 4566 aster-

2053 4613 2203 4656 num.
2233 4599 2441 4671 Ejectio
2466 4600 2612 4672 spuli
2636 4599 2866 4656 salutem
2897 4608 3120 4671 praestat
3157 4601 3527 4672 temporalem.
3552 4601 3638 4658 Ad

2053 4691 2159 4747 hoc
2208 4692 2564 4762 deprecamur
2609 4693 2901 4748 sanitatem
2939 4692 3308 4764 temporalem,
3351 4702 3414 4749 ut
3453 4694 3640 4765 potius

2053 4796 2405 4838 occurramus
2426 4791 2644 4838 mternte
2667 4781 2847 4837 saluti.
2877 4781 3032 4849 Quod
3051 4791 3136 4838 est
3156 4781 3390 4839 ollicium
3416 4791 3640 4839 eterna

2053 4871 2266 4936 salutis,
2296 4887 2406 4926 non
2434 4877 2524 4927 est
2541 4878 2730 4930 contra
2751 4871 3150 4928 institutionem
3175 4871 3412 4928 Domini.
3433 4871 3639 4940 Quam-

2051 4963 2135 5018 vis
2156 4962 2450 5032 Apostolus
2470 4963 2698 5020 dinisset
2723 4981 2737 5017 :
2766 4963 2993 5030 Quando
3021 4963 3264 5032 inﬁrmor
3288 4975 3414 5019 tunc
3443 4963 3640 5033 fortior

2052 5072 2168 5112 sum
2194 5064 2242 5111 et
2264 5065 2444 5126 potens
2461 5053 2546 5126 (II
2570 5052 2694 5111 Cor.
2719 5071 2820 5121 xu,
2843 5054 2954 5128 10).
2969 5055 3172 5111 Tamen
3193 5054 3416 5112 sanitati
3445 5056 3638 5110 surde-

2054 5150 2169 5214 bat,
2191 5157 2252 5202 ut
2281 5147 2528 5203 novimus
2550 5162 2618 5204 ex
2638 5147 3005 5202 admonitione
3029 5146 3173 5204 facta
3195 5146 3263 5201 ad
3291 5145 3640 5202 Timotheum

2054 5254 2179 5295 cum
2209 5239 2352 5294 dicat
2378 5237 2536 5292 :Noli
2563 5254 2754 5309 aquam
2782 5236 2977 5304 bibere,
2999 5237 3092 5292 sed
3119 5238 3326 5292 modico
3345 5237 3468 5292 sine
3493 5246 3641 5292 utere

2052 5340 2261 5400 propter
2306 5327 2633 5390 stomachum
2657 5367 2674 5396 ,
2724 5336 2773 5382 et
2820 5327 3113 5400 frequentes
3153 5336 3273 5384 tuas
3300 5325 3642 5398 iit/inuitatus

2055 5420 2108 5492 (I
2135 5419 2268 5481 Tim.
2297 5435 2354 5487 v,
2382 5419 2497 5492 29).

2128 5536 2155 5576 ι)
2179 5536 2255 5591 Ex
2277 5537 2379 5593 hac
2398 5535 2622 5608 epistola
2643 5535 2946 5592 Amalarius
2973 5535 3236 5609 probatur
3257 5531 3538 5592 sacerdos.
