4000 6178
326 281 460 337 1537

1735 273 2117 336 EPISTOLIE.

3439 279 3579 343 1338

393 391 493 459 Τυ,
527 388 628 461 ωε,
658 391 716 448 in
767 392 1147 467 redargutione
1187 401 1282 451 tua
1325 408 1436 450 non
1479 401 1706 465 propter
1751 391 1896 446 aliud
1925 396 1976 456 Α
2003 388 2142 446 velle
2167 397 2226 446 et
2261 392 2481 462 precari
2507 393 2796 450 Dominum
2834 408 2932 450 cor
2971 396 3252 463 mundum,
3297 410 3460 453 suum
3501 407 3587 455 est

325 480 609 540 ostendisti
648 481 782 540 mihi
821 483 920 540 tibi
949 483 1236 555 displicere
1262 497 1350 538 me
1382 497 1596 554 spuere,
1625 481 1731 537 nisi
1771 479 1899 550 quia

325 561 552 627 caeteros
591 574 900 630 sacerdotes
929 574 1252 646 perspexisti
1306 588 1338 627 a
1383 580 1544 645 sputo
1588 568 1793 628 diutius
1843 583 1903 626 se

328 663 598 718 abstinere
641 672 764 735 post
803 665 1152 721 sacrificium.
1195 665 1276 719 Tu
1305 664 1484 721 adhuc
1506 661 1766 734 puerulus
1794 676 1902 716 non

327 753 508 809 vidisti
553 754 754 810 multos
809 757 1155 824 sacerdotes;
1195 756 1378 812 forsan
1427 768 1564 826 quos
1608 752 1906 824 saepissime

327 844 510 899 vidisti
552 847 905 903 venatoribus
946 845 1120 916 juncti
1169 853 1298 902 sunt
1325 886 1341 914 ,
1384 845 1476 916 qui
1505 844 1682 901 solent
1713 858 1908 900 manus

332 937 512 992 lavare
538 951 568 992 a
592 938 798 993 recenti
825 939 1086 1010 sanguine
1110 937 1430 994 bubalorum
1459 951 1681 992 suorum
1719 944 1774 988 et
1795 933 1909 988 hir-

332 1043 520 1085 corum
549 1069 565 1096 ,
591 1029 731 1084 sicut
758 1035 811 1083 et
838 1030 1128 1100 populares
1164 1028 1372 1084 faciunt
1405 1015 1623 1099 quando
1652 1026 1719 1081 ad
1759 1040 1910 1081 com-

332 1133 552 1176 munem
579 1133 824 1174 mensam
852 1118 1156 1175 accedunt?
1191 1119 1309 1174 Non
1337 1119 1442 1173 hoc
1466 1117 1608 1182 dico,
1634 1116 1776 1186 quod
1801 1129 1908 1169 non

334 1209 628 1266 debeamus
679 1224 879 1280 corpus
931 1209 1146 1266 Domini
1206 1207 1454 1266 venerari
1498 1223 1610 1280 prae
1657 1206 1911 1263 omnibus

337 1302 661 1373 sumptibus,
679 1304 774 1358 sed
789 1302 934 1373 quod
957 1303 1002 1360 si
1030 1311 1345 1359 veneratum
1368 1302 1536 1357 fuerit
1555 1301 1624 1355 ab
1652 1299 1912 1356 interiore

337 1395 574 1460 homine,
606 1394 867 1465 quidquid
897 1394 1219 1450 naturaliter
1262 1395 1330 1448 ab
1375 1394 1645 1448 exteriore
1695 1391 1911 1463 agitur,

339 1484 618 1540 Dominico
646 1483 840 1538 honori
887 1483 1194 1554 deputatur.
1227 1482 1484 1550 Quamvis
1528 1482 1798 1554 sagacitas
1824 1481 1912 1535 in-

341 1576 520 1631 fantia:
569 1584 675 1631 tuae
723 1574 1059 1630 nobilissima
1106 1574 1241 1629 mihi
1271 1574 1414 1645 quod
1440 1573 1752 1643 displiceret
1803 1586 1912 1625 non

339 1666 669 1731 ostenderet,
696 1672 904 1730 tamen,
941 1671 1002 1718 ut
1030 1678 1193 1730 reor,
1231 1664 1390 1719 video
1429 1663 1571 1734 quod
1595 1663 1690 1717 tibi
1725 1661 1912 1733 displi-

2004 495 2205 550 corpus
2231 496 2391 537 suum
2413 497 2514 554 per
2538 492 2693 539 artus
2730 493 2786 540 et
2816 497 2984 540 venas
3023 485 3325 544 diffundere
3347 489 3418 544 ad
3443 489 3590 545 salu-

2007 578 2115 626 tem
2140 571 2298 628 nobis
2323 581 2602 630 teternam.
2647 574 2766 646 Ipse
2813 575 2959 631 enim
2990 577 3128 632 dixit
3153 581 3368 647 quando
3393 596 3590 652 panem

2008 660 2233 716 tradidit
2263 663 2524 732 apostolis
2553 681 2566 717 :
2597 662 2714 718 Hoc
2753 674 2829 719 est
2874 681 3065 736 corpus
3107 683 3280 722 meum
3321 671 3462 739 quod
3494 687 3590 741 pro

2008 749 2152 805 vobis
2179 751 2425 828 tradetur
2450 751 2604 824 (Luc.
2636 767 2774 822 xxn,
2799 754 2908 826 i9).
2935 753 3106 811 Suum
3151 772 3350 828 corpus
3376 761 3593 829 quando

2008 840 2218 909 voluit,
2244 850 2301 898 et
2327 843 2548 913 quando
2571 845 2688 900 vult
2711 846 2767 900 in
2791 854 2938 902 terra
2959 858 3230 904 versatur.
3262 850 3438 906 Etiam
3467 863 3595 923 post

2007 930 2399 988 Ascensioncm
2421 950 2574 990 suam
2600 951 2709 992 non
2730 937 3053 1009 dedignatus
3082 953 3142 994 se
3162 938 3331 997 Paulo
3351 943 3596 1012 apostolo

2010 1031 2320 1080 monstrare
2347 1027 2403 1080 in
2431 1028 2631 1098 templo
2659 1028 3013 1101 Jerosolymis
3033 1033 3175 1102 quod
3200 1034 3394 1089 eratin
3415 1043 3591 1091 terra:

2012 1111 2227 1168 Domini
2255 1124 2332 1169 est
2357 1125 2501 1170 terra
2529 1127 2578 1172 et
2602 1118 2875 1188 plenitudo
2902 1121 3018 1191 ejus
3049 1120 3222 1194 (Psal.
3258 1123 3437 1196 xmt).
3468 1125 3598 1181 Om-

2012 1200 2100 1256 nis
2158 1209 2304 1256 terra
2353 1203 2409 1258 in
2465 1219 2561 1259 sua
2604 1206 2912 1264 conditione
2970 1210 3274 1266 consistens
3325 1211 3598 1268 benedicit

2011 1289 2263 1348 Domino.
2291 1291 2415 1347 Sola
2440 1293 2584 1348 mala
2607 1295 2858 1351 voluntas
2884 1295 3016 1352 facit
3033 1314 3133 1355 vas
3156 1315 3312 1356 suum
3335 1301 3596 1371 pollutum

2015 1383 2084 1438 ad
2111 1384 2515 1455 suscipiendum
2551 1387 2863 1444 Dominum.
2892 1389 3020 1446 Haec
3054 1402 3340 1462 propterea
3375 1394 3516 1462 dico,
3538 1402 3600 1450 ut

2016 1472 2064 1527 si
2090 1471 2230 1529 forte
2264 1489 2352 1530 me
2386 1476 2701 1546 ignorante,
2735 1489 2827 1534 aut
2850 1495 2957 1535 non
3005 1483 3376 1540 consentiente
3404 1486 3601 1541 exierit

2018 1563 2084 1619 de
2116 1579 2213 1620 ore
2242 1580 2366 1621 meo
2387 1582 2452 1622 ex
2497 1583 2724 1638 corpore
2754 1570 3001 1638 Domini,
3037 1589 3146 1629 non
3177 1591 3264 1630 me
3285 1584 3444 1645 putes
3463 1578 3598 1634 alie-

2017 1673 2148 1713 num
2171 1673 2204 1711 a
2223 1658 2486 1730 religione
2503 1661 2832 1728 Christiana,
2850 1663 3005 1733 quasi
3025 1668 3353 1742 contemptui
3371 1669 3600 1724 habeam

341 1769 461 1814 ceat
503 1771 626 1813 meo
668 1764 850 1827 sputo,
900 1756 1005 1811 hoc
1054 1763 1157 1822 est,
1209 1755 1364 1826 quasi
1417 1763 1686 1828 sumptum
1723 1769 1916 1825 corpus
1945 1758 1991 1817 Β
2019 1752 2216 1824 corpus
2242 1753 2454 1808 Domini
2489 1754 2628 1820 mei;
2678 1764 2773 1812 aut
2811 1757 2986 1827 ipsum
3017 1757 3145 1814 illuc
3191 1759 3458 1831 dirigatur
3492 1779 3602 1832 quo

343 1848 498 1906 simul
519 1863 640 1904 cum
659 1856 818 1918 sputo
839 1843 1143 1918 projiciam.
1160 1847 1283 1913 Fili,
1301 1861 1407 1902 non
1432 1846 1506 1900 ita
1529 1854 1681 1901 retur
1702 1847 1916 1902 animus

341 1940 512 2012 patris
536 1941 614 1995 tui
647 1957 661 1993 :
694 1937 845 1994 illum
873 1953 1068 2008 precor
1093 1938 1185 2008 qui
1218 1939 1344 1994 dicit
1373 1936 1660 1993 Psalmista
1693 1956 1706 1991 :
1737 1935 1917 1990 Forti-

342 2034 570 2088 tudinem
593 2048 762 2086 meam
787 2031 857 2085 ad
887 2039 935 2085 te
963 2031 1255 2086 custodiam
1284 2029 1456 2104 (Psal.
1481 2046 1632 2098 mu,
1657 2029 1766 2103 l0).
1797 2029 1917 2086 Fle-

342 2126 610 2198 gmaticus
652 2126 816 2180 homo
862 2124 907 2179 si
954 2123 1222 2179 studuerit
1263 2124 1486 2180 sanitati
1531 2139 1677 2188 suae,
1722 2124 1919 2196 saepius

344 2217 556 2272 curabit
591 2215 783 2288 llegma
826 2214 1040 2284 ejicere.
1089 2214 1207 2270 Non
1258 2225 1341 2271 est
1371 2215 1674 2284 prohibitus
1698 2213 1920 2286 ﬂegma-

343 2308 540 2362 ticusa
573 2307 911 2377 promotione
963 2321 1241 2362 sacrorum
1290 2305 1562 2361 ordinum.
1608 2305 1725 2362 Non
1772 2307 1918 2362 enim

345 2398 614 2469 ignoravit
637 2395 834 2452 Paulus
862 2397 1117 2452 humores
1139 2397 1379 2461 nocivos,
1408 2405 1464 2451 et
1489 2397 1716 2452 nimium
1744 2397 1918 2452 abun-

351 2488 577 2553 dantes,
610 2487 808 2556 saepius
842 2485 958 2542 fore
1002 2501 1226 2542 necesse
1270 2487 1419 2542 exire
1446 2486 1514 2542 ab
1541 2488 1763 2544 homine
1794 2505 1808 2540 :
1839 2496 1922 2543 ta—

346 2593 468 2632 men
504 2577 720 2646 quando
749 2576 1034 2648 abnegavit
1067 2578 1378 2648 episcopum
1421 2582 1754 2648 superbum,
1806 2578 1918 2634 ira-

343 2670 578 2724 cundum
603 2710 618 2735 ,
660 2669 994 2724 vinolentum
1020 2710 1036 2735 ,
1096 2684 1472 2739 percussorem
1499 2711 1514 2736 ,
1571 2671 1743 2737 turpis
1783 2670 1922 2726 lucri

342 2757 635 2828 cupidum,
692 2773 800 2812 non
868 2757 1151 2831 abnegavit
1193 2757 1578 2831 ﬂegmaticum.
1632 2758 1798 2816 Forte
1844 2761 1922 2816 tui

344 2847 604 2904 animales
633 2846 799 2903 inﬂati
845 2849 1108 2905 munditia
1140 2850 1384 2920 corporis
1410 2890 1425 2916 ,
1465 2858 1692 2921 possunt
1739 2851 1924 2908 videre

344 2939 486 2994 vicia
518 2940 708 2995 nociva
764 2940 818 2994 in
873 2949 1082 2996 secreto
1113 2941 1373 3012 ﬁgmento
1399 2956 1522 3007 suo,
1570 2957 1693 3013 quae
1721 2940 1924 3000 Paulus

344 3030 617 3100 apostolus
647 3047 753 3087 non
777 3033 954 3100 potuit
977 3030 1117 3087 forte
1160 3032 1348 3088 videre
1371 3032 1428 3088 in
1457 3031 1665 3103 Spiritu
1711 3041 1920 3090 sancto.

343 3123 521 3189 Absit,
556 3123 632 3178 ﬁli
656 3124 752 3179 mi.

418 3213 474 3268 Si
503 3214 797 3284 potuissem
827 3229 914 3270 me
937 3215 1210 3273 abstinere
1252 3216 1439 3273 tandiu
1484 3232 1516 3272 a
1566 3228 1726 3288 sputo
1754 3233 1926 3288 quan-

344 3303 436 3357 diu
465 3303 836 3360 satisfacerem
861 3304 967 3360 tuis
991 3345 1008 3372 ,
1048 3314 1109 3360 ut
1136 3321 1242 3362 non
1277 3307 1543 3362 haberent
1567 3307 1711 3376 quod
1739 3322 1928 3376 repre-

344 3395 646 3450 henderent
673 3395 726 3449 in
753 3411 839 3452 me
865 3436 882 3462 ,
929 3395 1034 3450 hoc
1075 3394 1218 3452 ultro
1239 3411 1487 3452 curarem
1515 3436 1532 3462 ,
1575 3396 1928 3466 praecipiente

343 3484 602 3555 Apostolo
634 3503 648 3539 :
675 3484 1019 3542 Providentes
1055 3486 1190 3542 bona
1215 3503 1319 3542 non
1339 3497 1544 3543 tantum
1577 3505 1755 3542 coram
1789 3488 1924 3554 Deo,

343 3577 435 3633 sed
462 3577 616 3632 etiam
649 3597 827 3634 coram
860 3580 1098 3635 omnibus
1127 3581 1425 3635 hominibus
1455 3580 1628 3653 (Rom.
1672 3597 1784 3648 χιι,
1811 3581 1922 3655 17).

346 3667 453 3724 Sed
483 3668 606 3738 quia
629 3669 732 3725 hoc
755 3670 887 3725 mihi
914 3669 1126 3727 dilIicile
1152 3679 1260 3736 est,
1287 3677 1466 3727 tamen
1492 3671 1708 3728 confido
1735 3671 1792 3726 in
1814 3673 1924 3727 Do-

347 3761 525 3824 mino,
552 3761 596 3816 si
628 3777 780 3818 mens
815 3778 935 3818 mea
975 3778 1108 3833 pura
1141 3762 1306 3818 fuerit
1341 3771 1396 3817 et
1443 3763 1664 3819 humilis
1697 3763 1751 3819 in
1797 3779 1929 3820 cen-

349 3859 538 3919 spectu
590 3849 724 3919 ejus,
766 3860 826 3906 ut
868 3851 1032 3906 faciat
1079 3852 1284 3908 intrare
1334 3867 1534 3924 corpus
1582 3854 1651 3910 ad
1688 3856 1926 3910 animam

349 3955 522 3994 meam
561 3941 968 4009 viviﬁcandam,
1001 3949 1057 3997 et
1083 3943 1229 4012 quod
1258 3944 1564 3999 exeundum
1593 3951 1679 3999 est
1704 3954 1930 4015 propter

350 4031 640 4086 sanitatem
689 4032 932 4102 cerporis
959 4073 974 4100 ,
1023 4032 1191 4088 faciat
1241 4033 1394 4089 exire
1457 4033 1576 4089 sine
1643 4033 1928 4104 dispendio

349 4124 564 4178 animae.
590 4123 646 4178 Si
669 4125 789 4194 quis
817 4126 920 4182 hoc
940 4141 1047 4182 non
1069 4126 1244 4183 credit
1270 4141 1394 4182 eum
1422 4140 1579 4197 posse
1605 4126 1650 4181 si
1672 4125 1924 4193 voluerit,

347 4219 456 4268 non
513 4213 688 4270 credit
736 4231 864 4271 eum
915 4217 1342 4288 omnipotentem
1393 4232 1534 4273 esse.
1578 4217 1648 4272 Et
1685 4218 1779 4289 qui
1818 4234 1928 4274 non

321 4312 533 4372 "sperat
560 4320 682 4360 eum
714 4306 818 4361 hoc
843 4305 1004 4372 velle,
1052 4321 1160 4361 non
1193 4308 1385 4379 recipit
1411 4309 1740 4364 sententiam
1775 4307 1928 4364 Pauli

350 4393 584 4448 dicentis
611 4411 624 4447 :
657 4393 760 4460 Qui
796 4411 972 4449 omnes
1008 4395 1243 4449 homines
1271 4396 1376 4449 vult
1404 4398 1576 4452 salvos
1588 4398 1706 4466 ﬁeri
1721 4396 1772 4467 (1
1790 4396 1928 4453 Tim.

350 4497 418 4548 ll,
452 4482 507 4555 4)
535 4501 547 4537 :
574 4483 628 4537 id
652 4492 735 4540 est
761 4484 881 4539 illos
909 4485 1000 4554 qui
1048 4484 1331 4540 salvationi
1373 4486 1612 4556 deputati
1647 4495 1793 4543 sunt.
1823 4487 1926 4542 Fili

349 4573 447 4640 mi,
465 4575 752 4629 recordare
771 4575 915 4644 quod
938 4575 1232 4646 saepissime
1258 4574 1470 4631 solebas
1497 4579 1628 4633 mihi
1651 4579 1924 4648 proferre:

353 4665 477 4719 Nisi
504 4664 761 4721 Dominus
793 4667 1097 4722 custodierit
1147 4667 1405 4722 civitatem
1437 4705 1454 4733 ,
1509 4668 1712 4737 frustra
1751 4670 1928 4740 vigilat

347 4757 440 4826 qui
485 4756 713 4810 custodit
766 4773 880 4812 eam
907 4755 1081 4829 (Psat.
1117 4772 1300 4823 cxxvr,
1331 4756 1410 4829 2).
1439 4756 1498 4813 Si
1528 4757 1745 4827 aliquod
1769 4774 1927 4815 scru-

346 4845 534 4916 pulum
564 4855 669 4902 tua:
693 4848 859 4902 menti
885 4847 1062 4903 adhuc
1087 4848 1258 4904 hmret
1277 4847 1344 4902 de
1366 4862 1425 4902 re
1457 4848 1736 4919 praelibata
1763 4889 1779 4916 ,
1815 4850 1928 4906 vita

347 4938 550 4993 comite
575 4938 684 4994 noli
707 4939 849 5010 patri
871 4947 964 4996 tuo
1003 4941 1360 4997 abscondere.
1385 4939 1534 4997 Tene
1561 4943 1706 5012 quod
1731 4951 1883 4999 tenes
1913 4983 1930 5010 ,

352 5029 613 5086 Dominus
641 5032 739 5086 tibi
775 5031 1100 5103 multiplicat
1140 5047 1334 5089 sensus
1381 5032 1693 5104 praelibatos
1717 5074 1734 5102 ,
1788 5033 1934 5092 ultro

348 5133 516 5190 quam
559 5129 746 5191 petere
772 5121 934 5177 scias.

424 5211 504 5266 De
530 5227 760 5281 corpore
790 5213 1005 5268 Domini
1032 5213 1176 5284 quod
1227 5215 1506 5282 sumimus,
1544 5222 1629 5271 est
1669 5214 1804 5272 mihi
1856 5215 1938 5272 di-

353 5303 606 5371 cendum,
628 5303 877 5374 quamvis
903 5305 975 5360 sit
1006 5305 1188 5375 dispar
1217 5306 1524 5377 exemplum
1549 5307 1802 5376 praesenti
1832 5305 1933 5374 rei,
1993 5323 1996 5326 '

353 5394 502 5464 quod
527 5394 938 5450 Valentinianus
963 5395 1257 5466 imperator
1299 5395 1437 5451 dixit
1483 5396 1786 5463 militibus,
1841 5396 1934 5469 qui

355 5486 406 5540 ei
435 5486 641 5540 socium
666 5485 972 5541 adsciscere
993 5485 1277 5540 voluerunt
1304 5502 1317 5538 :
1352 5485 1603 5540 Vestrum
1653 5485 1756 5540 fuit
1781 5527 1795 5550 ,
1846 5487 1933 5541 in~

355 5577 501 5645 quit,
536 5577 679 5646 quod
715 5591 804 5631 me
838 5575 1170 5632 constituitis
1205 5575 1612 5646 imperatorem,
1646 5591 1825 5631 meum
1853 5585 1938 5632 est

355 5668 570 5726 socium
613 5667 814 5740 eligere
841 5681 1002 5740 quem
1028 5666 1266 5723 voluero.
1307 5665 1386 5723 Ita
1415 5680 1542 5724 vero
1570 5673 1807 5732 vesz
1854 5675 1936 5724 est

2018 1856 2129 1896 non
2175 1842 2388 1909 voluit,
2432 1858 2528 1899 seu
2566 1861 2672 1901 non
2710 1847 2828 1902 vult
2853 1848 3062 1902 venire.
3118 1849 3224 1905 Per
3257 1851 3362 1907 hoc
3402 1868 3604 1922 corpus

2019 1932 2203 1988 anima
2245 1941 2433 1989 nostra
2461 1935 2618 2001 vivit,
2656 1935 2871 1993 dicente
2903 1939 3094 1993 eodem
3143 1940 3373 1997 Domino
3418 1959 3434 1996 :
3479 1943 3604 1999 Nisi

2018 2023 2463 2080 manducaveritis
2489 2043 2700 2080 carnem
2727 2028 2829 2097 ﬁlii
2866 2029 3092 2083 hominis
3115 2071 3130 2096 ,
3159 2040 3207 2085 et
3237 2032 3465 2090 biberitis
3487 2036 3602 2106 ejus

2017 2113 2359 2182 sanguinem,
2413 2131 2519 2169 non
2568 2116 2824 2173 habebitis
2881 2119 3038 2174 vitam
3094 2122 3149 2177 in
3228 2123 3604 2196 nobismetipsis

2021 2204 2210 2276 (Joan.
2243 2223 2317 2273 ιν,
2348 2207 2461 2279 54).
2492 2207 2550 2263 Si
2581 2210 2728 2265 enim
2751 2211 2927 2280 ipsum
2959 2229 3158 2285 corpus
3181 2215 3290 2270 vita
3315 2217 3470 2274 nobis
3496 2227 3600 2286 est,

2019 2309 2130 2350 non
2159 2296 2210 2351 ei
2245 2296 2490 2352 aufertur
2523 2307 2749 2370 propter
2774 2310 3018 2358 nostram
3057 2307 3454 2376 separationcm
3484 2310 3605 2366 ubi-

2021 2401 2237 2459 cunque
2268 2387 2432 2446 fuerit
2463 2392 2605 2461 quod
2632 2406 2702 2448 ex
2727 2407 2786 2449 se
2820 2394 3005 2463 habet,
3035 2405 3090 2452 et
3121 2399 3276 2454 nobis
3303 2413 3367 2454 ex
3411 2414 3471 2456 se
3507 2400 3611 2456 tri-

2020 2479 2157 2538 ltuit.

2092 2571 2195 2626 Fili
2223 2572 2320 2638 mi,
2349 2573 2436 2628 dic
2460 2575 2797 2646 presbyteris
2825 2577 2952 2643 tuis,
2985 2587 3046 2633 ut
3073 2588 3302 2635 caveant
3331 2595 3398 2637 ne
3432 2597 3602 2639 unum

2022 2661 2249 2718 verbum
2295 2677 2364 2718 ex
2407 2663 2496 2720 his
2537 2680 2660 2735 quae
2693 2666 2954 2723 Dominus
3000 2668 3211 2724 locutus
3236 2679 3319 2726 est
3345 2671 3400 2726 in
3430 2671 3606 2728 Evan-

2021 2752 2183 2824 gelio,
2211 2754 2440 2810 excedat
2463 2755 2530 2810 de
2556 2756 2722 2813 corde
2749 2773 2939 2814 eorum
2965 2799 2981 2825 ,
3029 2763 3283 2829 quoniam
3328 2770 3385 2817 et
3428 2763 3603 2834 ipsum

2025 2844 2134 2900 vita
2161 2842 2318 2900 nobis
2346 2854 2450 2912 est,
2479 2845 2620 2903 sicut
2646 2849 2804 2919 panis
2841 2859 3214 2906 consecratus.
3247 2851 3388 2909 Dicit
3425 2854 3607 2909 Domi‘

2023 2935 2210 2992 nus‘in
2241 2936 2572 3006 Evangelio:
2611 2937 2782 2995 Verba
2809 2957 2928 3013 qua:
2945 2957 3040 3012 ego
3062 2941 3268 2998 locutus
3300 2960 3414 2998 sum
3445 2944 3608 3011 vobis,

2026 3029 2244 3100 spiritus
2284 3039 2334 3085 et
2375 3031 2482 3085 vita
2510 3041 2634 3087 sunt
2661 3031 2845 3104 (Joan.
2882 3048 2969 3098 vt,
3020 3033 3132 3106 64).
3169 3034 3501 3108 Praeceptum
3527 3046 3612 3092 est

1951 3113 1996 3175 C
2028 3123 2163 3178 mihi
2191 3122 2247 3177 in
2269 3123 2388 3194 lege
2418 3142 2432 3178 :
2461 3123 2522 3179 Si
2544 3125 2748 3197 aliquid
2781 3129 3090 3182 remanserit
3118 3129 3184 3183 de
3210 3147 3367 3200 agno,
3398 3139 3455 3184 ut
3493 3133 3612 3202 igne

2024 3213 2329 3267 conciturum
2369 3213 2505 3266 illud
2540 3215 2739 3286 (Exod.
2767 3231 2923 3280 xxix,
2953 3216 3066 3288 54).
3095 3217 3189 3273 llle
3218 3235 3389 3290 agnus
3410 3220 3610 3278 Christi

2024 3319 2243 3360 carnem
2273 3304 2674 3375 praeﬁgurabat.
2708 3305 2974 3376 Reliquiae
2999 3309 3124 3380 agni
3151 3325 3272 3379 qum
3300 3312 3424 3383 igne
3463 3328 3614 3368 com-

2024 3392 2146 3447 buri
2189 3392 2512 3448 videbantur
2538 3433 2555 3459 ,
2619 3397 2876 3465 mysteria
2923 3406 3052 3452 sunt
3102 3399 3403 3455 divinitatis
3435 3441 3450 3467 ,
3491 3417 3613 3472 quze

2024 3481 2145 3552 capi
2172 3497 2280 3538 non
2302 3491 2533 3552 possunt
2559 3498 2590 3538 a
2618 3485 2797 3551 nobis,
2830 3484 2924 3541 sed
2953 3486 3165 3542 Domini
3193 3492 3462 3561 praecepto
3489 3492 3614 3561 igne
3710 3513 3714 3518 ·

2025 3571 2314 3626 charitatis
2355 3573 2681 3628 assumenda
2715 3584 2842 3629 sunt
2867 3577 2922 3630 in
2949 3577 3158 3632 caelesti
3189 3578 3481 3635 oblatione.
3507 3581 3610 3647 Illi,

2026 3660 2083 3716 id
2114 3669 2202 3716 est
2231 3661 2342 3732 igni
2373 3662 2689 3729 charitatis,
2733 3665 2916 3720 omnia
2959 3669 3299 3735 commendo,
3331 3685 3452 3725 mea
3473 3680 3613 3726 utet

2026 3751 2122 3808 illo
2141 3752 2271 3807 vitia
2296 3762 2709 3821 consumantur,
2741 3764 2798 3810 et
2823 3757 2950 3812 boni
2982 3758 3208 3814 affectus
3241 3772 3608 3820 assumantur.

2096 3842 2174 3898 Ita
2202 3857 2333 3898 vero
2359 3851 2632 3913 sumptum
2661 3859 2858 3914 corpus
2879 3847 3093 3910 Domini
3120 3849 3261 3904 bona
3285 3850 3606 3922 intentione,

2026 3949 2134 3990 non
2165 3943 2252 3990 est
2278 3936 2413 3990 mihi
2451 3936 2836 4007 disputandum
2863 3979 2879 4005 ,
2913 3948 3098 3996 utrum
3145 3943 3494 4002 invisibiliter
3516 3962 3607 4003 as-

2026 4036 2274 4082 sumatur
2301 4027 2357 4083 in
2383 4028 2582 4084 coelum
2606 4069 2623 4095 ,
2654 4044 2724 4084 an
2749 4040 3056 4087 reservetur
3078 4033 3132 4086 in
3161 4049 3389 4104 corpore
3418 4047 3608 4094 nostro

2027 4135 2199 4189 usque
2229 4120 2284 4175 in
2321 4120 2463 4176 diem
2494 4120 2823 4192 sepulturae,
2865 4129 2962 4176 aut
2989 4124 3278 4179 exhaletur
3303 4124 3359 4180 in
3408 4142 3606 4196 auras,

2026 4218 2121 4265 aut
2139 4218 2302 4264 exeat
2323 4210 2389 4264 de
2417 4223 2644 4278 corpore
2673 4224 2794 4262 cum
2822 4210 3086 4280 sanguine
3107 4251 3124 4277 ,
3156 4220 3250 4267 aut
3297 4228 3396 4283 per
3445 4231 3608 4287 poros

2026 4301 2308 4357 emittatur
2329 4337 2346 4365 ,
2372 4299 2586 4353 dicente
2615 4298 2846 4354 Domino
2879 4316 2892 4353 :
2926 4297 3095 4355 Omne
3125 4303 3265 4372 quod
3287 4303 3450 4357 intrat
3475 4304 3533 4358 in
3554 4322 3613 4361 os

2029 4389 2083 4442 in
2138 4397 2370 4443 ventrem
2416 4387 2588 4450 vadit,
2634 4396 2685 4441 et
2725 4388 2784 4441 in
2811 4404 3070 4443 secessum
3099 4391 3357 4445 emittitur
3392 4392 3610 4465 (Matth.

2031 4494 2122 4545 xv,
2153 4477 2264 4550 l7).
2295 4479 2408 4534 Hoc
2452 4477 2626 4534 solum
2659 4479 2960 4534 cavendum
3004 4488 3128 4545 est,
3156 4495 3226 4534 ne
3254 4478 3405 4537 luds
3449 4483 3615 4540 corde

2030 4585 2241 4627 sumam
2259 4568 2412 4637 illud,
2436 4578 2492 4625 et
2518 4584 2586 4625 ne
2609 4571 2942 4641 contemptui
2967 4572 3231 4627 habeatur
3246 4612 3263 4638 ,
3287 4573 3382 4629 sed
3411 4573 3616 4631 discer-

2030 4671 2195 4718 natur
2224 4659 2580 4718 saluberrime
2603 4677 2637 4716 a
2663 4662 3042 4717 communibus
3063 4662 3220 4718 cibis.

2103 4751 2180 4807 De
2231 4750 2403 4806 altero
2442 4750 2586 4806 unde
2623 4751 2949 4822 redarguisti
3002 4759 3214 4820 patrem
3244 4791 3260 4817 ,
3303 4767 3412 4808 non
3451 4753 3616 4811 modo

2030 4842 2334 4913 respondeo
2363 4857 2464 4912 per
2489 4841 2674 4896 omnia
2705 4859 2718 4896 :
2750 4841 2891 4900 forte
2927 4840 3139 4896 dederit
3163 4841 3449 4912 Dominus,
3477 4853 3539 4900 ut
3562 4853 3616 4900 te

2034 4933 2328 5003 aliquando
2362 4932 2546 5002 aliquo
2575 4931 2737 4986 modo
2765 4933 2942 4988 adhuc
2973 4930 3212 4999 videam,
3245 4943 3301 4989 et
3328 4933 3520 5005 loquar
3547 4935 3616 4992 dc

2034 5038 2101 5079 eo
2133 5037 2231 5078 ore
2261 5021 2330 5077 ad
2358 5038 2440 5078 os.
2469 5021 2695 5078 Interim
2725 5021 2885 5077 dico:
2915 5023 3034 5090 Dic,
3071 5023 3170 5090 ﬁli,
3205 5039 3375 5095 quare
3397 5041 3503 5082 non
3526 5040 3616 5082 cc-

2035 5113 2216 5171 cinisti
2259 5111 2404 5184 patri
2429 5119 2522 5168 tuo
2548 5111 2906 5184 Virgilianum
2934 5113 3080 5170 istud
3109 5130 3124 5168 :

2129 5268 2378 5334 Frigidus,
2399 5280 2430 5319 ο
2452 5268 2616 5332 pueri,
2639 5267 2795 5331 fugite
2819 5267 2933 5319 hinc
2948 5305 2966 5330 ,
2993 5268 3116 5321 latet
3135 5270 3312 5332 anguls
3331 5269 3383 5321 lu
3406 5269 3581 5320 herba.

2040 5391 2360 5462 Praecipitur
2388 5391 2443 5446 in
2475 5391 2774 5448 canonibus
2797 5390 2954 5459 (Can.
2979 5392 3012 5446 9
3037 5401 3230 5461 apost.,
3261 5407 3328 5447 ea:
3351 5391 3614 5463 interpret.

2041 5483 2282 5555 Dionysii
2307 5481 2504 5554 Exigui
2525 5499 2544 5548 ;
2574 5483 2762 5537 concit.
2791 5483 3034 5536 Antioch.
3061 5497 3101 5546 ι,
3128 5497 3246 5535 can.
3269 5481 3326 5553 2)
3348 5489 3408 5536 ut
3432 5497 3622 5540 omnes

2043 5573 2408 5644 ingredientes
2449 5571 2737 5627 ecclesiam
2787 5571 3223 5638 communicent,
3263 5571 3407 5641 quod
3436 5573 3620 5630 sinon

2044 5664 2594 5730 communicaverint,
2627 5663 2810 5718 dicant
2841 5676 3060 5718 causam
3103 5676 3272 5735 quare
3316 5679 3425 5722 non
3473 5680 3618 5723 com-
