4000 6178
449 280 584 337 1559

441 482 573 550 illis,
602 481 688 546 sin
718 487 901 536 autem
925 518 941 544 ,
971 473 1532 535 excommunicauit.
1559 475 1808 546 Comperi
1839 485 1895 532 te
1923 493 2023 532 an-

445 576 663 630 choram
688 569 888 628 mentis
913 578 1019 624 tua:
1044 566 1229 624 ﬁxisse
1255 567 1311 622 in
1329 567 1524 639 pelago
1542 576 1598 622 et
1618 583 1727 622 non
1749 568 1804 622 in
1825 577 2020 638 portu;

445 664 612 721 ﬁxisti
656 663 806 718 illam
832 662 887 717 in
915 658 1198 717 Gennadio
1229 657 1548 716 Massiliensi
1578 658 1852 730 episeopo.
1886 658 2026 714 Hor-

445 768 534 814 tor
559 763 616 811 ut
640 753 821 824 potius
851 750 987 823 ﬁgas
1016 750 1162 806 illam
1196 750 1434 820 in'portu
1462 749 1736 806 tutissimo
1777 748 2027 820 Augusti-

445 862 541 912 no,
575 844 786 901 scilicet
823 841 1115 900 testiﬁcato
1136 855 1234 911 per
1258 839 1544 896 universas
1571 838 1853 896 ecclesias.
1887 838 2027 894 lior-

447 945 594 994 tatus
627 945 713 994 est
746 941 800 991 te
831 932 1145 990 Gennadius
1183 939 1245 986 ut
1273 931 1547 1002 pmcipue
1580 946 1680 1001 per
1700 929 1818 985 dies
1845 928 2028 985 Domi-

447 1029 600 1084 nicos
627 1025 995 1082 communices
1023 1042 1039 1078 :
1061 1021 1204 1081 forte
1232 1037 1342 1077 non
1369 1029 1491 1076 erat
1515 1021 1850 1077 consuetudo
1884 1021 2027 1076 illius

447 1129 508 1176 ut
539 1135 638 1190 per
691 1117 932 1188 singulos
974 1116 1091 1172 dies
1133 1115 1353 1170 missam
1395 1114 1713 1172 celebraret.
1767 1113 1826 1169 Si
1881 1113 2027 1169 enim

447 1218 615 1275 esset,
645 1223 753 1264 non
777 1208 1094 1263 hortaretur
1121 1220 1219 1274 per
1245 1204 1392 1260 solos
1426 1205 1737 1260 Dominicos
1779 1205 1894 1260 dies
1926 1219 2026 1274 po-

450 1299 721 1355 tissimum
779 1296 1188 1353 communicare
1261 1312 1277 1349 :
1349 1294 1663 1350 Crtecorum
1724 1295 2028 1364 aliquorum

449 1391 892 1461 presbyterorum
937 1385 1268 1442 consuetudo
1301 1393 1406 1450 est,
1433 1394 1494 1440 ut
1520 1399 1554 1439 a
1583 1385 1770 1454 quinta
1810 1384 1946 1439 feria
1971 1399 2030 1439 se

449 1487 758 1551 praeparent
783 1487 840 1533 et
866 1476 1208 1532 sanctiﬁeent
1234 1475 1301 1531 ad
1331 1476 1556 1530 missam
1602 1475 1982 1532 celebrandam
2011 1493 2026 1542 ;

450 1577 632 1640 potest
650 1567 869 1622 evenire
890 1575 951 1621 ut
976 1566 1030 1621 in
1057 1565 1218 1621 tertia
1229 1564 1367 1620 feria
1394 1565 1509 1620 sive
1529 1573 1722 1636 quarta
1746 1575 2031 1635 peccatum

453 1659 876 1724 committamus,
901 1658 1045 1728 quod
1063 1672 1173 1712 non
1195 1657 1445 1712 abluatur
1465 1673 1636 1728 usque
1664 1666 1787 1728 post
1819 1657 2032 1713 ﬁnitum

453 1753 600 1807 diem
640 1749 1004 1806 Dominicum.
1037 1748 1377 1819 Quapropter
1401 1763 1510 1805 non
1534 1750 1639 1805 rite
1659 1751 2032 1807 communica-
2061 1732 2109 1792 Β

454 1858 574 1898 mus
601 1857 700 1912 per
728 1840 972 1912 singulos
1001 1839 1119 1896 dies
1147 1841 1460 1896 Dominicos
1486 1858 1502 1895 :
1539 1851 1599 1897 et
1623 1849 1801 1912 potest
1833 1842 1950 1899 ﬁeri
1976 1850 2037 1897 ut

456 1933 564 1988 Deo
599 1931 909 2002 placeamus
949 1943 1047 2000 per
1071 1930 1312 1999 singulos
1333 1931 1449 1987 dies
1474 1931 1634 1988 unius
1663 1933 2034 2002 hebdomadis,

457 2023 512 2078 in
549 2023 745 2093 quibus
772 2029 991 2094 gustare
1029 2028 1086 2075 et
1107 2021 1295 2076 videre
1330 2019 1412 2076 fas
1451 2031 1540 2078 est
1570 2038 1736 2093 quam
1765 2024 1938 2080 dulcis
1967 2026 2039 2081 sit

459 2113 738 2168 Dominus.
762 2112 805 2166 A
833 2119 946 2166 tam
969 2109 1166 2165 dilecto
1196 2110 1406 2180 hospite
1429 2126 1538 2168 non
1559 2121 1776 2182 oportet
1814 2113 2041 2170 dilecto-

459 2219 550 2258 res
584 2203 675 2257 diu
703 2202 918 2268 abesse,
956 2215 1118 2272 quem
1154 2199 1530 2271 compulerunt
1565 2217 1746 2258 secum
1775 2203 2040 2275 hospitari

459 2295 515 2352 in
543 2293 631 2350 die
653 2289 1212 2365 resurrectionisejus
1245 2293 1353 2350 duo
1385 2307 1454 2350 ex
1498 2293 1779 2366 discipulis
1821 2296 1877 2351 in
1915 2297 2042 2352 Em-

534 2475 704 2548 Fuge,
733 2475 809 2531 ﬁli
837 2476 935 2543 mi,
958 2490 990 2531 a
1016 2473 1212 2548 pelago
1239 2475 1308 2532 ad
1333 2483 1509 2532 tutum
1537 2482 1755 2548 portum
1795 2474 2047 2547 Augusti-

458 2582 616 2635 num,
641 2569 756 2639 ipse
769 2568 917 2624 enim
937 2568 1038 2623 tibi
1061 2567 1198 2625 dicit
1220 2567 1290 2623 ad
1313 2564 1632 2624 Ianuarium
1652 2565 1849 2639 (Epist.
1869 2565 1992 2637 118)
2027 2582 2041 2619 :

465 2679 486 2716 ι
525 2660 748 2716 Rectius
781 2659 927 2718 inter
953 2674 1048 2716 eos
1089 2658 1323 2718 fortasse
1346 2658 1616 2731 quispiam
1635 2657 1847 2714 dirimit
1869 2656 2043 2724 litem,

461 2753 554 2823 qui
589 2762 775 2808 mouet
819 2761 881 2808 ut
923 2753 979 2808 in
1025 2751 1231 2808 Christi
1283 2766 1421 2822 pace
1472 2758 1809 2822 permaneat.
1857 2749 2050 2806 Faciat

464 2845 835 2916 unusquisque
866 2845 1009 2916 quod
1037 2844 1334 2902 secundum
1369 2859 1527 2902 suam
1565 2843 1725 2900 tidem
1753 2845 1844 2916 pie
1875 2842 2052 2901 credit

463 2936 768 2992 faciendum
795 2951 960 2992 esse»:
988 2945 1182 2992 neuter
1205 2951 1394 2992 eorum
1439 2936 1732 2992 exhormat
1758 2950 1956 3005 corpus
1995 2943 2053 2992 et

463 3027 782 3098 sanguinem
820 3026 1053 3093 Domini,
1087 3027 1182 3083 sed
1203 3025 1620 3082 saluberrimum
1643 3034 2046 3081 sacramentum

465 3119 714 3174 certatim
751 3118 1023 3173 honorare
1070 3116 1441 3174 contendant:
1471 3131 1649 3187 neque
1682 3118 1828 3176 enim
1859 3116 2041 3187 litiga-

464 3220 662 3266 verunt
694 3211 837 3266 inter
864 3225 924 3265 se
948 3249 965 3276 ,
998 3217 1091 3264 aut
1114 3209 1402 3280 quisquam
1427 3223 1617 3265 eorum
1641 3225 1701 3266 se
1729 3209 1884 3266 alteri
1908 3225 2047 3281 pra:-

464 3303 646 3373 posuit
677 3303 937 3358 Zachaaus
975 3310 1032 3357 et
1064 3301 1154 3357 ille
1195 3302 1444 3357 centurio
1465 3342 1482 3367 ,
1511 3317 1636 3357 cum
1677 3302 1820 3358 alter
1855 3317 2048 3358 eorum

465 3395 706 3466 gaudens
735 3394 790 3448 in
818 3393 1036 3448 domum
1081 3407 1236 3448 suam
1267 3392 1505 3461 suscepit
1551 3391 1838 3447 Dominum
1863 3433 1878 3459 ,
1913 3392 2051 3448 alter

467 3482 663 3542 dixerit
696 3503 708 3538 :
747 3481 871 3538 Non
895 3500 1011 3538 sum
1046 3483 1240 3554 dignus
1271 3492 1328 3537 ut
1352 3485 1516 3537 intres
1539 3483 1849 3537 subiectum
1873 3499 2048 3538 meum

468 3575 620 3646 (Luc.
651 3591 768 3641 xix,
795 3574 862 3639 5;
895 3572 1086 3627 Matth.
1116 3589 1233 3638 vnt,
1261 3571 1340 3645 8).
1365 3572 1464 3628 Fili
1492 3573 1586 3637 mi,
1616 3573 1662 3627 si
1690 3582 1743 3628 te
1767 3574 2050 3643 cognoscis

466 3674 808 3740 peccatorem
825 3703 843 3728 ,
867 3672 1080 3734 oportet
1105 3671 1164 3716 ut
1193 3679 1223 3718 a
1251 3671 1303 3717 te
1324 3678 1433 3718 non
1456 3662 1686 3734 repellas
1720 3664 2005 3718 Dominum
2031 3704 2048 3732 ,

470 3759 564 3813 sed
589 3757 724 3812 satis
745 3757 795 3811 ei
817 3755 903 3812 fac
929 3771 1028 3825 per
1053 3755 1427 3825 pmnitcntiam
1454 3793 1470 3820 ,
1509 3762 1568 3809 et
1593 3755 1647 3808 in
1689 3753 1883 3824 spiritu
1925 3769 2054 3809 con-

472 3848 602 3903 trito
635 3857 691 3902 et
714 3847 1012 3916 humiliato,
1030 3847 1250 3917 suscipe
1291 3845 1478 3910 illum;
1510 3845 1555 3900 si
1587 3844 1768 3913 justus
1803 3859 1894 3911 es,
1923 3859 2054 3913 gau-

471 3937 606 3992 dens
645 3935 860 4006 suscipe
903 3935 1092 4000 illum;
1141 3934 1516 4003 si’inlirmus,
1567 3949 1793 4006 precare
1843 3937 1914 3991 ab
1959 3935 2054 3990 illo

472 4029 784 4093 sanitatem,
815 4034 872 4083 et
906 4025 1038 4082 cade
1083 4025 1139 4085 in
1166 4023 1365 4082 faciem
1397 4033 1523 4082 ante
1550 4028 1713 4096 pedes
1736 4025 1882 4096 ejus,
1913 4027 2055 4082 sicut

473 4136 614 4175 unus
641 4119 707 4175 de
749 4119 932 4175 decem
976 4116 1206 4188 leprosis
1245 4116 1451 4186 gratias
1483 4131 1582 4189 age
1606 4158 1620 4182 ,
1648 4127 1710 4172 ut
1737 4119 1883 4174 dicat
1911 4118 2007 4173 tibi
2037 4137 2052 4173 :

476 4209 647 4282 Surge
674 4219 722 4265 et
757 4209 908 4276 uade,
948 4209 1073 4279 quia
1101 4207 1232 4278 ﬁdes
1257 4217 1351 4262 tua
1399 4214 1450 4262 te
1478 4207 1683 4263 salvum
1724 4207 1847 4280 fecit
1875 4207 2056 4279 (Lucra

475 4318 588 4367 xu,
615 4300 724 4372 l9).
753 4299 823 4355 Et
863 4315 932 4356 ne
983 4298 1201 4355 dilferas
1234 4299 1302 4356 de
1329 4299 1418 4356 die
1447 4299 1502 4354 in
1530 4297 1676 4354 diem
1703 4299 1946 4355 converti
1986 4298 2054 4353 ad

475 4396 648 4460 illum,
677 4395 802 4465 quia
835 4408 1159 4463 quocunque
1204 4392 1292 4448 die
1345 4407 1640 4449 con-versus
1676 4392 2004 4464 ingemueris
2035 4433 2050 4458 ,

475 4491 657 4548 salvus
680 4493 804 4544 erit.
825 4486 988 4542 Juxta
1013 4485 1396 4556 Augustinum,
1425 4486 1644 4555 quando
1679 4485 1889 4541 videbis
1909 4485 2057 4556 pium

477 4582 732 4639 allectum
773 4596 898 4637 esse
945 4580 1000 4634 in
1046 4586 1121 4645 te,
1152 4594 1308 4634 smne
1333 4592 1534 4648 corpus
1557 4577 1807 4640 Domini,
1862 4585 1921 4631 ut
1958 4577 2055 4631 tibi

478 4674 643 4727 vitam
692 4673 1078 4742 sempiternam
1117 4679 1355 4740 praestet.
1387 4669 1505 4725 Noli
1543 4669 1760 4726 dill'erre
1802 4669 1870 4724 ad
1911 4669 2057 4726 diem

481 4761 842 4829 Dmninicum,
873 4761 1003 4832 quia
1025 4760 1205 4816 nescis
1233 4760 1282 4816 si
1307 4760 1592 4830 contingas
1615 4759 1784 4814 illum.

549 4909 577 4947 ι
613 4897 705 4954 Sic
730 4897 887 4954 linem
918 4896 1146 4970 imponit
1185 4894 1278 4953 lib.
1309 4910 1371 4952 ιιι
1390 4892 1631 4950 Amalar.
1673 4891 1728 4946 in
1757 4906 1860 4948 ms.
1893 4893 2017 4949 cod.

1284 268 1620 325 ΑΜΑιΑιιιι
1659 265 2094 322 νιειδυγτειιι
2133 265 2478 325 METENSIS
2509 265 2891 325 EPISTOLE.

444 391 725 451 municent
745 427 764 458 ,
799 393 857 445 et
899 386 950 444 si
986 382 1328 442 rationabilis
1355 383 1651 449 exstiterit,
1677 383 2020 455 indulgestur
2045 386 2099 445 Α

3559 265 3710 321 15ιο

2433 383 2513 439 De
2539 381 2897 439 observatione
2927 377 3382 452 Quadragesimae.

2193 495 2522 553 OCavendus
2571 509 2786 566 quoque
2833 500 2921 548 est
2975 506 3106 546 usus
3158 488 3478 548 multorum.
3521 489 3721 548 Solent

2123 587 2270 644 enim
2299 587 2481 657 plures
2513 585 2603 656 qui
2634 598 2694 640 se
2713 581 2962 654 ieiunare
2985 588 3198 652 putant,
3237 595 3365 636 mox
3394 587 3455 634 ut
3491 581 3722 652 signum

2123 681 2396 738 audierint
2425 679 2494 733 ad
2525 679 2710 734 horam
2741 690 2941 731 nonam
2965 672 3290 728 manducare
3316 687 3332 738 ;
3357 671 3454 742 qui
3479 672 3724 727 nullate-

2123 786 2226 825 nus
2247 768 2521 840 jejunasse
2546 766 2802 822 credendi
2831 774 2997 830 sunt,
3025 763 3071 818 si
3098 772 3223 819 ante
3259 763 3721 836 manducaverins

2124 877 2286 932 quam
2322 859 2686 932 vespertinum
2730 858 3036 914 celebretur
3083 854 3334 930 cilicium.
3366 855 3725 914 Concurren-

2125 954 2254 1008 dum
2289 952 2436 1010 enim
2465 959 2547 1006 est
2580 951 2648 1006 ad
2689 949 2912 1016 Missus,
2947 957 3003 1003 et
3037 956 3227 1019 postea
3273 948 3473 1004 auditis
3515 950 3727 1006 missa-

2128 1067 2249 1106 rum
2271 1047 2547 1104 solemniis
2570 1089 2585 1114 ,
2615 1046 2728 1102 sive
2750 1044 3058 1115 vespertino
3084 1041 3287 1107 ol‘llcio,
3327 1042 3538 1115 largitis
3559 1043 3728 1113 prius

2129 1139 2516 1209 eleemosynis,
2569 1137 2638 1192 ad
2687 1137 2869 1192 cibum
2921 1131 3289 1188 accedendum
3335 1139 3436 1187 est.
3483 1130 3542 1188 Si
3583 1146 3727 1187 vero

2130 1231 2310 1301 aliqua
2361 1228 2684 1286 necessitate
2739 1225 3070 1284 constrictus
3134 1224 3256 1296 quis
3296 1223 3460 1280 fuerit
3489 1264 3504 1287 ,
3549 1233 3612 1279 ut
3652 1222 3726 1277 ad

2130 1319 2352 1375 missam
2373 1318 2556 1374 venire
2579 1333 2688 1373 non
2716 1316 2917 1382 valeat,
2946 1314 3212 1370 :cstimata
3248 1313 3558 1383 vespertina
3580 1313 3727 1369 hora

2131 1421 2186 1467 et
2212 1412 2476 1482 completa
2504 1411 2750 1466 oratione
2779 1426 2898 1474 sua,
2923 1408 3189 1481 jejunium
3219 1407 3427 1463 solvere
3453 1408 3646 1462 debet.

2208 1504 2500 1560 Sciendum
2530 1519 2742 1574 quoque
2769 1511 2873 1569 est,
2906 1503 3050 1573 quod
3077 1502 3130 1556 in
3154 1501 3374 1572 singulis
3399 1499 3598 1555 diebus
3621 1500 3730 1554 Do-

2133 1598 2348 1654 minicis
2389 1599 2442 1653 in
2467 1597 2888 1668 Quadragesima
2919 1605 3117 1667 praeter
3151 1595 3251 1652 bos
3289 1594 3378 1664 qui
3403 1607 3726 1648 excommu—
3773 1639 3782 1654 ,

2137 1686 2300 1741 nicati
2328 1694 2474 1752 sunt,
2503 1693 2843 1741 sacramenta
2869 1684 3117 1757 corporis
3136 1693 3192 1740 et
3213 1683 3495 1756 sanguinis
3519 1681 3730 1737 Christi

2138 1777 2207 1832 ab
2236 1777 2486 1834 omnibus
2509 1775 2754 1832 ﬁdelibus
2778 1776 3037 1832 sumenda
3065 1784 3194 1831 sunt
3218 1815 3233 1840 ,
3261 1784 3316 1831 et
3341 1775 3396 1830 in
3427 1773 3597 1830 Coena
3619 1773 3731 1827 Do-

2137 1867 2292 1933 mini,
2332 1876 2388 1922 et
2417 1866 2472 1920 in
2506 1865 2706 1937 vigiliis
2735 1865 2980 1932 Pascha,
3005 1872 3059 1920 et
3085 1864 3140 1919 in
3165 1863 3254 1922 die
3284 1861 3731 1920 Rcsurrectionis

2137 1959 2351 2016 Domini
2380 1959 2594 2030 penitus
2635 1959 2702 2014 ab
2731 1959 2982 2015 omnibus
3028 1955 3277 2016 ﬁdelibus
3316 1955 3734 2012 communican-

2138 2050 2267 2106 dum
2294 2057 2379 2105 est
2406 2069 2418 2103 :
2453 2059 2508 2106 et
2538 2049 2641 2121 ipsi
2689 2050 2805 2105 dies
2851 2047 3126 2106 Paschalis
3153 2047 3509 2104 hebdomadas
3533 2063 3730 2104 omnes

2138 2142 2333 2214 aequali
2362 2141 2623 2212 religione
2644 2141 2858 2198 colendi
2880 2149 3024 2197 sunt.
3043 2140 3428 2198 Admonendus
3445 2147 3535 2194 est
3565 2139 3734 2210 igitur

2139 2234 2371 2306 populus
2391 2242 2451 2290 ut
2468 2235 2536 2290 ad
2551 2242 2958 2290 sacrosanctum
2978 2243 3380 2290 sacramentum
3401 2234 3661 2304 corporis
3678 2240 3738 2289 et

2141 2324 2424 2398 sanguinis
2445 2325 2659 2381 Domini
2689 2339 3034 2396 nequaquam
3057 2323 3434 2382 indill‘erentrr
3455 2323 3692 2380 accedat
3716 2361 3737 2388 ,

2142 2431 2245 2472 nec
2271 2416 2340 2471 ab
2369 2417 2476 2475 hoc
2513 2416 2742 2473 nimium
2777 2416 3080 2482 abstineat,
3128 2415 3222 2472 sed
3261 2430 3387 2471 cum
3422 2415 3577 2472 omni
3617 2413 3740 2470 dili-

2143 2509 2327 2580 gentia
2373 2517 2536 2580 atque
2582 2508 2873 2580 prudentia
2928 2507 3096 2578 eligat
3139 2514 3352 2578 tempus
3395 2505 3620 2577 quando
3667 2503 3738 2559 ab

2145 2615 2311 2670 opere
2361 2597 2629 2671 coniugali
2659 2597 2932 2655 abstineat
2956 2639 2972 2665 ,
3010 2605 3066 2654 et
3089 2598 3238 2654 vitiis
3274 2607 3493 2668 purget,
3533 2607 3592 2653 et
3623 2597 3738 2650 vir-

2147 2690 2352 2747 tutibus
2381 2698 2640 2758 exornet,
2668 2689 3029 2762 eleemosynis
3049 2698 3106 2746 et
3127 2689 3472 2746 orationibus
3495 2688 3740 2754 insistat.

2147 2790 2204 2840 et
2226 2782 2306 2840 sic
2327 2783 2395 2839 ad
2419 2791 2630 2838 tantum
2661 2789 3063 2838 sacramentum
3093 2781 3338 2840 accedat.

2696 2914 3034 2973 EPISTOLA
3071 2915 3183 2993 Yll.

2561 3023 2631 3065 A‘D
2667 3021 2959 3063 EPIICOFUI
2995 3019 3308 3062 ANONWOI.

2223 3118 2490 3176 Sufﬁcere
2535 3117 2754 3188 quidem
2817 3118 3091 3174 credimus
3147 3115 3271 3172 ﬁdei
3315 3122 3424 3170 tum
3473 3115 3742 3184 quoniam

2148 3212 2350 3282 quaeris
2365 3211 2417 3265 in
2434 3209 2652 3267 Christo
2663 3207 2792 3266 Jesu
2813 3224 2878 3264 ac
2897 3206 3249 3264 sacerdotalis
3265 3205 3505 3262 nominis
3527 3217 3740 3263 arctam

2148 3302 2248 3358 tibi
2284 3310 2341 3356 et
2369 3308 2650 3372 angustam
2701 3299 3084 3355 intellellectus
3111 3298 3256 3352 viam
3295 3297 3352 3352 in
3394 3296 3629 3352 Domino
3655 3313 3746 3352 re.

2150 3393 2326 3450 serari
2370 3393 2547 3463 :quia
2595 3391 3032 3463 praecedentibus
3089 3388 3343 3455 meritis,
3402 3403 3469 3442 ac
3521 3387 3742 3448 virtutis

2151 3484 2453 3555 insignibus
2481 3481 2548 3537 ad
2573 3481 2814 3538 ollicium
2837 3496 2870 3536 a
2906 3479 3136 3536 Domino
3167 3478 3373 3534 electus
3401 3493 3495 3540 es,
3522 3477 3654 3534 licet
3679 3478 3735 3531 in

2154 3575 2345 3633 multis
2375 3576 2550 3647 gratia
2583 3572 2788 3630 Christi
2821 3573 2876 3628 in
2911 3573 2992 3627 eis
3027 3570 3284 3642 operibus
3331 3568 3740 3640 comprobetur,

2152 3673 2207 3721 et
2231 3673 2481 3721 cessante
2517 3663 2714 3719 merito
2741 3662 3176 3719 conversationis
3213 3677 3278 3718 ac
3321 3661 3470 3727 vitm,
3497 3661 3616 3717 sola
3645 3661 3744 3717 Dei

2155 3759 2294 3813 dona
2339 3755 2672 3812 fructiﬂcent
2697 3772 2711 3808 :
2737 3762 2922 3813 tamen
2957 3755 3084 3824 quia
3113 3762 3171 3809 tu
3205 3767 3318 3824 pne
3351 3752 3569 3808 cmteris
3615 3751 3744 3806 dile

2155 3858 2278 3905 ctus
2324 3863 2355 3904 a
2405 3847 2636 3903 Domino
2681 3845 3092 3916 comprobaris,
3145 3845 3272 3915 quia
3304 3853 3361 3899 et
3383 3843 3518 3915 legis
3572 3857 3743 3911 opera

2156 3937 2458 4007 complesti,
2505 3945 2561 3991 et
2601 3935 2962 3991 commoraris
2992 3935 3048 3990 in
3081 3933 3252 4006 gratia
3291 3948 3465 4004 usque
3505 3932 3573 3987 ad
3609 3931 3745 3986 emi-

2157 4035 2377 4084 nentem
2420 4027 2662 4083 scientia:
2703 4026 3024 4083 charitatem
3053 4025 3387 4081 intellectum
3435 4025 3531 4080 Dei
3561 4033 3746 4079 tecum

2159 4118 2554 4188 colloquentem
2579 4116 2827 4182 festinas,
2849 4125 2904 4170 et
2931 4115 3289 4171 cxistemibus
3321 4114 3749 4184 cogitationibus

2158 4210 2462 4280 insignibus
2490 4209 2593 4264 hoc
2641 4208 2725 4262 vis
2763 4221 2924 4263 nosse
2948 4207 3093 4277 quod
3115 4204 3294 4260 factus
3315 4218 3378 4260 es
3401 4220 3415 4260 :
3441 4203 3613 4258 totius
3647 4201 3747 4262 tibi

2159 4299 2417 4356 Ecclesia
2445 4307 2604 4370 prout
2629 4299 2901 4374 praecipit,
2933 4307 3271 4356 sacramenta
3323 4294 3622 4358 reserabit,
3656 4308 3748 4350 or~

2081 4421 2135 4482 Β
2159 4393 2341 4449 dinem
2382 4392 2670 4462 locumque
2699 4393 3008 4449 custodiens
3034 4433 3050 4459 ,
3098 4399 3156 4448 et
3193 4391 3326 4462 quid
3369 4389 3605 4460 qualiter
3649 4379 3750 4443 ob-

2171 4499 2390 4541 servare
2437 4484 2632 4540 debeas
2666 4485 2899 4552 docens,
2934 4485 2980 4541 si
3024 4485 3182 4540 modo
3213 4485 3283 4539 ad
3327 4483 3584 4555 iniuriam
3636 4497 3747 4537 non

2159 4590 2382 4630 revoces
2411 4575 2607 4630 novelli
2654 4575 3047 4632 exhortationis
3086 4574 3408 4630 industriam
3437 4614 3454 4637 ,
3484 4588 3550 4627 ac
3576 4581 3632 4626 te
3650 4587 3750 4642 pu-

2159 4666 2284 4722 deat
2333 4667 2658 4737 paulumper
2714 4667 2982 4721 minorem
3042 4680 3195 4731 esse,
3263 4679 3388 4718 cum
3436 4663 3578 4718 dicis
3620 4660 3749 4733 quia

2161 4758 2400 4832 seposito
2433 4765 2495 4814 ut
2527 4759 2651 4820 vilis
2673 4759 3014 4839 privilegium
3046 4757 3324 4838 dignitatis
3352 4757 3545 4820 habes.
