4000 6178
352 323 3560 369 tm

1499 494 2398 635 ADDENDA

716 924 1050 1129 DE
1207 753 2017 1126 LIBBo
2175 910 3196 1136 DIUBNO

477 1407 479 1409 ι
1031 1271 1930 1388 ROMANORUM
2013 1273 2909 1393 PONTIFICUM

504 1511 1473 1633 FRANCISCI
1553 1513 2355 1628 ANTONII
2433 1518 3414 1636 ZACGARIE

1681 1726 2221 1819 DISSERTATIO

789 1897 1104 1963 (Bibliotheca
1127 1893 1348 1948 Rituatis.
1373 1897 1544 1945 Romae
1567 1893 1944 1955 MDCCLXXXI,
1977 1894 2047 1947 4⁸.
2075 1894 2216 1945 Tom.
2239 1893 2304 1958 ιι,
2331 1907 2444 1958 pars
2478 1908 2528 1975 n,
2556 1910 2666 1960 pag.
2693 1896 3111 1960 ccxxxx-ccxcn.)

431 2211 623 2282 Quam
677 2221 862 2282 supra
931 2203 1201 2285 promisi
1267 2208 1457 2280 atque
1507 2199 1610 2262 hic
1671 2199 1944 2262 exhibeo
2009 2199 2088 2261 de
2156 2199 2343 2262 Libro
2402 2199 2646 2263 Diurno
2703 2202 3135 2266 Romanorum
3205 2201 3581 2271 Pontiﬁcum

336 2308 859 2379 dissertationem,
896 2323 1031 2368 eam
1065 2303 1351 2367 utilitatis
1383 2301 1646 2381 aliquid,
1687 2302 1955 2363 multum
1989 2308 2160 2363 certe
2189 2301 2608 2381 jucunditatis
2637 2303 2982 2365 lectoribus
3009 2303 3335 2367 allaturam
3369 2324 3582 2388 spero.

333 2415 614 2484 Quatuor
649 2409 750 2471 illa
795 2408 1079 2488 partibus
1123 2405 1571 2469 continebitur.
1609 2406 1802 2481 Agam
1831 2403 1897 2463 in
1930 2402 2136 2483 prima
2165 2403 2244 2466 de
2280 2402 2571 2466 Parisina
2609 2402 2796 2483 hujus
2824 2405 2968 2467 libri
2998 2405 3278 2470 editione
3305 2425 3341 2471 a
3364 2410 3415 2472 V
3441 2454 3456 2470 .
3488 2409 3580 2473 Cl.
3657 2402 3659 2405 ’

335 2516 574 2576 Joanne
605 2512 907 2575 Garnerio
938 2512 1000 2572 S.
1035 2511 1068 2570 Ι
1085 2555 1100 2571 .
1133 2517 1380 2581 curata;
1412 2509 1606 2571 altera
1638 2507 1757 2568 erit
1795 2506 1876 2568 de
1905 2505 2315 2569 Holsteniana
2340 2506 2624 2586 ejusdem
2656 2507 2796 2569 libri
2829 2507 3362 2584 editione.’l‘ertia
3390 2510 3583 2590 quid-

336 2632 480 2676 nam
511 2621 650 2694 post
708 2613 1078 2674 Garnerium
1104 2627 1139 2672 a
1171 2610 1320 2672 viris
1349 2609 1552 2672 doctis
1582 2625 1776 2688 super
1811 2607 2005 2669 Libro
2035 2607 2277 2670 Diurno
2312 2609 2652 2686 cogitatum
2687 2614 3028 2688 actumque
3056 2609 3288 2684 fuerit,
3321 2627 3588 2690 percen-

336 2716 524 2778 sebit.
554 2716 783 2788 Quarta
815 2713 1068 2775 demum
1103 2709 1428 2782 ostendet,
1465 2715 1767 2788 quantum
1808 2724 1886 2770 ex
1919 2723 1995 2769 eo
2026 2706 2187 2770 libro
2219 2708 2502 2772 utilitatis
2537 2708 2616 2772 ad
2651 2707 2802 2771 ﬁdei
2831 2709 3264 2774 conﬁrmanda
3294 2710 3543 2776 decreta
3565 2754 3582 2786 ,

338 2828 400 2883 et
428 2819 925 2888 ecclesiasticam
954 2815 1349 2894 disciplinam
1377 2811 1810 2875 iltustrandam
1840 2811 2092 2892 percipi
2124 2811 2343 2891 possit.

1739 3130 2032 3222 PARS
2103 3132 2190 3221 Ι.

341 3307 430 3371 De
477 3307 773 3372 Parisina
823 3301 1000 3365 Libri
1051 3302 1281 3364 Diurni
1327 3301 1597 3390 editione
1639 3320 1676 3359 a
1729 3301 1972 3390 Joanne
2001 3303 2374 3390 _GAnNEnto_
2413 3313 2672 3390 mirata;
2715 3307 2827 3369 ubi
2865 3316 2922 3370 et
2971 3311 3106 3373 Viri
3147 3310 3245 3373 Cl.
3287 3297 3586 3390 Prw/otio
3632 3343 3638 3352 ο

1285 3379 1614 3440 recuditur
1642 3395 1779 3438 cum
1808 3381 2044 3439 nostris
2081 3379 2630 3445 adnotationibus.

413 3675 548 3738 Etsi,
580 3683 640 3730 ut
683 3675 1015 3738 videbimus,
1059 3675 1454 3729 Garnerianam
1514 3674 1666 3729 Libri
1711 3674 1902 3728 Diurni
1937 3673 2234 3732 editionem
2297 3677 2648 3736 Holsteniana
2701 3684 3020 3749 antecessit,
3079 3698 3202 3737 cum
3248 3692 3429 3737 tamen
3475 3684 3590 3738 bzrc

340 3784 630 3838 suppressa
659 3770 844 3835 fuerit,
870 3769 938 3824 de
965 3769 1300 3825 Garneriana
1332 3770 1568 3840 primum
1609 3769 1744 3825 mihi
1772 3768 2040 3839 agendum
2076 3787 2199 3826 esse
2225 3773 2409 3829 video.
2447 3775 2586 3842 Quid
2618 3793 2784 3847 porro
2818 3779 2873 3832 in
2903 3793 2966 3832 ea
2996 3794 3024 3833 ε
3065 3779 3146 3834 Cl.
3186 3779 3422 3835 Auctore
3453 3794 3591 3850 prae-

340 3871 528 3924 stitum
560 3866 744 3935 fuerit,
775 3881 838 3922 cx
865 3867 980 3936 ipsa
1015 3867 1134 3936 eius
1173 3864 1495 3920 Praafatione
1527 3864 1825 3919 discemus.
1847 3863 1979 3919 Eam
2009 3867 2096 3923 hic
2128 3867 2363 3940 subjicio
2391 3887 2515 3930 cum
2543 3872 2681 3930 meis
2700 3872 3148 3930 adnotationibus
3176 3876 3272 3945 (α).

977 4155 1336 4221 JOANNIS
1375 4153 1787 4219 GARNERII
1825 4155 2114 4217 PRJEFA
2134 4159 2277 4220 T10
2303 4158 2414 4220 AD
2462 4099 2947 4224 LECTOREli}.

351 4328 366 4343 .
446 4326 463 4343 .
543 4323 558 4339 .
637 4322 652 4338 .
732 4323 748 4339 .
827 4323 840 4339 .
920 4319 937 4339 .
1016 4321 1032 4338 .
1109 4322 1127 4340 .
1208 4323 1223 4338 .
1301 4321 1316 4338 .
1397 4321 1412 4337 .
1493 4321 1507 4336 .
1599 4317 1614 4334 .
1706 4316 1722 4332 .
1801 4318 1817 4334 .
1898 4321 1914 4337 .
2094 4279 2378 4338 «I»V.Yvo
2423 4281 2774 4340 Carnotensis
2818 4293 2972 4355 parte
3027 4301 3076 4340 Iv
3117 4285 3202 4342 sui
3241 4283 3449 4342 Decreti
3494 4305 3586 4345 ca-

349 4416 367 4434 .
443 4417 457 4432 .
537 4415 553 4431 .
631 4415 650 4433 .
728 4419 742 4439 ,
822 4416 836 4431 .
918 4417 933 4430 .
1035 4413 1051 4430 .
1129 4415 1144 4431 .
1221 4415 1235 4428 .
1315 4414 1330 4428 .
1412 4413 1430 4430 .
1509 4416 1522 4430 .
1603 4413 1618 4428 .
1697 4413 1712 4428 .
1799 4412 1816 4427 .
1897 4415 1913 4440 ,
2017 4373 2127 4442 pite
2191 4372 2314 4436 152,
2347 4373 2493 4442 quod
2551 4374 2872 4430 inscribitur
2925 4360 2988 4429 de
3044 4389 3159 4432 octo
3205 4380 3587 4435 universatim

425 4487 441 4518 ι
484 4467 550 4522 li.
581 4467 810 4521 Romani
835 4465 1020 4518 Diurni
1049 4464 1270 4518 nomine
1297 4464 1602 4534 appellatur
1624 4464 1820 4528 codex,
1859 4465 1912 4517 in
2020 4462 2272 4530 conciliis,
2294 4463 2462 4518 refert
2500 4480 2563 4518 ex
2601 4463 3043 4534 Libellmﬂiurno
3066 4480 3269 4539 partem
3288 4471 3588 4539 professio-

344 4573 478 4626 quo,
515 4567 710 4626 prazter
752 4557 1018 4611 formulas
1053 4555 1330 4609 scribendi
1359 4593 1374 4617 ,
1415 4555 1617 4622 quibus
1643 4565 1798 4610 sexto
1837 4555 1914 4624 (1)
2018 4554 2103 4608 nis
2147 4553 2271 4609 ﬁdei
2323 4556 2553 4612 Romani
2585 4553 2898 4614 Pontiﬁcis:
2930 4558 3130 4614 Sancta
3163 4570 3278 4614 octo
3318 4563 3590 4617 universa-

346 4651 688 4719 septimoque
741 4659 796 4704 et
830 4659 1024 4704 octavo
1059 4647 1284 4709 saeculo,
1324 4655 1488 4714 atque
1529 4647 1692 4699 etiam
1747 4661 1912 4708 nono,
2019 4643 2092 4700 tia
2126 4645 2368 4713 concilia,
2407 4647 2463 4701 id
2491 4659 2588 4714 est,
2623 4649 2670 4703 I.
2706 4649 3002 4715 Nicccnum,
3034 4651 3108 4705 11.
3143 4651 3587 4722 Constantinopo-

346 4742 544 4796 summi
576 4740 868 4796 Pontiﬁces
898 4743 974 4794 uti
1007 4740 1266 4805 solerent,
1305 4737 1658 4791 continentur
1694 4736 1917 4804 insuper
2019 4739 2244 4792 titanum
2267 4779 2281 4804 ,
2346 4736 2455 4798 III.
2491 4739 2836 4810 Ephesinum,
2875 4743 2964 4798 IV.
3009 4742 3449 4804 Chalcedonense.
3527 4743 3584 4798 V.

345 4833 722 4887 ordinationes
756 4833 954 4887 summi
988 4830 1271 4886 Pontificis
1314 4839 1370 4884 et
1421 4828 1668 4897 episcopi
1709 4827 1914 4880 suburo
2017 4831 2139 4884 item
2176 4831 2846 4905 Constantinopolitanum,
2883 4835 2969 4890 Vl.
2995 4837 3118 4890 item
3153 4837 3450 4901 Nicwnum,
3489 4835 3591 4890 VII

341 4925 557 4989 bicarii,
588 4940 710 4978 cum
743 4925 860 4978 suis
887 4925 1144 4979 omnibus
1199 4921 1513 4991 adiunctis;
1543 4918 1913 4988 professiones
2017 4933 2064 4974 et
2131 4923 2260 4976 VIII
2321 4942 2521 4996 quoque
2569 4925 3250 4996 Constantinopolitanum,
3298 4928 3369 4980 ad
3425 4944 3588 4981 unum

342 5019 470 5074 ηυθί
502 5037 518 5085 ;
549 5019 855 5090 privilegia.
888 5029 1159 5090 praecepta
1184 5059 1198 5084 ,
1234 5015 1639 5078 concessiones,
1696 5011 1914 5080 aliaque
2017 5029 2180 5082 usque
2219 5015 2417 5084 apicem
2446 5016 2769 5071 immutilata
2795 5033 3029 5083 servare,
3069 5029 3116 5071 et
3167 5020 3285 5083 pari
3321 5018 3515 5072 honore
3539 5027 3589 5071 et

339 5110 726 5181 hujuscemodi
758 5127 869 5165 non
901 5127 1074 5180 pauca
1107 5111 1210 5181 (Ξ),
2015 5105 2352 5160 veneratione
2405 5107 2564 5176 digna
2613 5109 2824 5174 habere,
2858 5119 2907 5164 et
2944 5125 3061 5180 qua
3111 5112 3474 5180 pradicarunt
3535 5117 3585 5161 st

348 5241 362 5254 .
443 5243 458 5257 .
542 5241 558 5257 .
633 5244 648 5259 .
728 5241 744 5258 .
823 5243 838 5258 .
917 5242 932 5258 .
1008 5243 1023 5258 .
1099 5242 1114 5257 .
1194 5243 1207 5257 .
1284 5241 1301 5257 .
1380 5242 1393 5256 .
1475 5241 1488 5255 .
1587 5239 1603 5254 .
1704 5235 1718 5252 .
1800 5235 1813 5249 .
1894 5235 1909 5250 .
2015 5206 2333 5262 statuerunt,
2381 5202 2692 5255 omnimodis
2727 5204 2874 5273 sequi
2917 5213 2966 5257 et
3005 5205 3336 5275 praedicare;
3373 5218 3587 5272 qucque

409 5357 488 5427 (α)
513 5357 588 5411 Ea
626 5357 744 5410 loca
788 5355 879 5410 hic
931 5354 1477 5427 ta#ntttm_repetimus
1505 5351 1571 5405 ad
1621 5365 1744 5420 quae
1771 5345 1912 5400 Zac-
2016 5365 2176 5427 quam
2203 5347 2350 5419 quod
2379 5351 2703 5427 Quotidiano
2728 5353 2839 5427 fere
2863 5371 2962 5410 usu
2995 5371 3090 5424 pro
3111 5363 3197 5427 tot
3222 5351 3583 5427 iormnlarum

337 5421 485 5481 caria
515 5437 671 5479 notas
701 5427 921 5494 adjecit.
964 5425 1113 5479 Enrr.
1145 5421 1300 5477 em.
2015 5421 2277 5494 yarietatc
2311 5421 2714 5494 celebraretur,
2737 5423 2848 5478 Hoc
2877 5421 3242 5494 sensndiurni
3279 5438 3474 5476 nonten
3496 5423 3583 5494 in-

409 5499 486 5563 (l)
519 5491 847 5550 Accurati‘us
879 5494 1108 5547 dixisset
1146 5494 1350 5562 quinto.
1385 5499 1548 5546 sexto.
1607 5560 1618 5563 _
2014 5491 2092 5563 ira
2120 5501 2372 5563 occurret
2393 5508 2511 5560 cap.
2543 5492 2662 5556 VII,
2689 5493 2933 5562 Prisileg.
2958 5492 3124 5555 XIII;
3151 5494 3378 5563 diurnis,
3402 5493 3584 5562 quoti-

413 5560 490 5633 (2)
525 5568 633 5619 Cur
666 5575 849 5618 autem
883 5563 1025 5617 Libri
1059 5560 1237 5615 diurni
1263 5564 1484 5633 nomine
1521 5560 1691 5616 codcx
1726 5572 1912 5619 noster
2014 5560 2191 5614 dianis
2241 5560 2482 5626 scilicet,
2546 5575 2748 5617 sancta:
2806 5560 3096 5632 disciplimr
3149 5562 3388 5631 precibus
3421 5560 3587 5617 ‘clcco-
3619 5587 3623 5594 ε

339 5631 575 5692 donatus
602 5634 785 5701 fuerit,
810 5633 970 5688 aliam
1001 5645 1101 5702 ego
1124 5646 1343 5687 causam
1377 5631 1548 5686 fuisse
1577 5647 1684 5686 non
1723 5633 1904 5697 video,
2018 5633 2234 5685 raudos.
