4000 6178
353 345 487 403 1581
1403 349 1491 406 DE
1530 350 1736 406 LlBRU
1780 351 1933 408 Dlllh

2042 364 2047 399 ι
2090 352 2568 414 υιεδειιτΑΤιο.
3482 350 3622 416 r581

354 485 540 542 pressa
569 476 668 524 est.
696 468 815 526 Non
845 483 980 539 ergo
994 484 1325 539 suppressus
1363 470 1541 526 fuerat
1565 472 1705 527 iiber
1734 489 1827 527 an.
1862 471 2027 533 1660.
2058 482 2118 526 ut
2148 473 2485 544 Sehmpflino
2536 476 2754 529 incaute
2778 472 3006 534 excidit.
3038 472 3141 528 etsi
3175 489 3284 529 non
3317 475 3467 529 exire
3494 491 3622 544 per.

357 562 559 617 missus
588 576 604 614 :
638 576 743 616 nec
771 576 903 616 sane
942 558 1279 623 Holstenius.
1308 562 1352 617 si
1386 562 1761 618 Romanorum
1806 562 1930 616 fidei
1957 559 2325 626 Quasitorum
2380 564 2706 618 auctoritate
2736 578 3069 632 suppressus
3112 564 3223 632 jam
3248 571 3362 617 tum
3397 564 3614 618 fuisset.

355 649 426 705 de
457 649 638 704 tribus
662 649 771 703 illis
800 649 948 705 foliis
998 648 1064 703 ad
1110 649 1333 703 Petrum
1384 650 1451 703 de
1508 650 1685 705 Marea
1746 649 2033 704 mittendis
2061 663 2304 717 unquam
2334 649 2652 719 cogitasset.
2701 651 2857 716 Quod
2908 648 3053 703 idem
3082 649 3151 703 de
3181 649 3514 717 quibusdam
3547 650 3615 704 ad

360 734 520 791 Rom.
549 734 832 790 Pontificis
854 736 1205 798 electionem.
1245 734 1314 789 ab
1343 752 1521 805 eoque
1544 737 1749 791 editam
1775 736 1899 791 fldei
1934 736 2337 806 professionem
2381 736 2785 807 pertinentibus
2802 737 3054 791 formulis
3080 736 3149 790 ab
3179 736 3464 791 Holstenio
3495 753 3620 791 cum

358 821 706 877 llenschenio
733 822 1179 885 communicatis,
1213 830 1268 877 et
1322 838 1351 876 a
1383 823 1762 893 Papebroebio
1841 825 1894 877 in
1952 822 2164 878 Conatu
2211 824 2279 878 ad
2309 823 2486 880 Catal.
2520 825 2679 879 Roni.
2707 824 2908 879 Pontif.
2934 824 3204 893 evulgatis
3229 823 3440 878 dictum
3474 826 3620 879 volo.

357 908 711 973 Recolantur,
732 925 853 977 quae
876 920 1068 964 contra
1098 908 1444 965 Tentzelium
1466 909 1535 963 ad
1562 909 1815 965 Garnerii
1852 909 2236 977 Praefationem
2266 927 2431 981 supra
2466 911 2751 966 adnotavi.
2781 911 2895 965 lmo
2942 909 3207 966 llolstenii
3241 909 3511 966 Diurnum
3553 928 3623 968 ne

359 1011 719 1067 suppressum
743 997 966 1066 quidem
997 998 1104 1053 nisi
1138 1015 1229 1056 an.
1264 998 1401 1054 1662
1424 999 1589 1054 fuisse
1620 998 1977 1068 eonjieerem.

429 1110 523 1165 1X.
567 1109 676 1165 Sed
702 1121 998 1181 antequam
1031 1129 1169 1168 mea:
1218 1116 1387 1186 hujus
1424 1111 1850 1183 conjectationis
1898 1117 2179 1164 momenta
2225 1110 2446 1179 profero
2471 1153 2486 1179 .
2536 1128 2708 1168 causa
2749 1129 2851 1169 cur
2883 1112 3116 1170 Romani
3172 1115 3439 1186 praesides
3471 1124 3625 1171 tanta

358 1214 494 1251 cura
533 1212 676 1267 opus
706 1200 1141 1267 suppresserint,
1176 1200 1476 1270 aperienda
1524 1210 1630 1254 est.
1667 1198 2114 1269 Suppressionem
2153 1198 2347 1266 illam,
2382 1200 2566 1269 inquit
2611 1203 2988 1259 heterodoxus
3028 1204 3320 1261 Fabricius
3356 1205 3466 1259 loc.
3502 1205 3623 1268 eit..

360 1307 391 1343 a
422 1288 719 1342 curialibus
747 1290 1039 1358 magistris.
1072 1301 1119 1343 et
1151 1290 1555 1362 inquisitoribus
1579 1290 1779 1361 [actam
1801 1288 2082 1349 Romanis.
2137 1295 2321 1358 utpote
2350 1306 2456 1343 non
2486 1292 2640 1345 modo
2668 1301 2929 1363 tanquam
2953 1294 3236 1365 injustam,
3260 1302 3311 1347 et
3336 1294 3626 1363 cognitioni

360 1377 698 1445 antiquitatis
728 1376 1098 1432 ecclesiastica:
1127 1378 1571 1448 inopportunam,
1603 1380 1696 1431 sed
1723 1377 2163 1431 contumeliosam
2208 1395 2412 1449 quoque
2455 1381 2507 1434 in
2539 1381 2856 1449 Pontiﬁcem
2895 1395 2942 1436 et
2974 1383 3264 1439 Ecclesium
3300 1384 3624 1441 Romanam.
3668 1388 3677 1419 τ

362 1466 527 1519 variis
560 1462 904 1531 epistolarum
968 1465 1095 1520 locis
1141 1466 1379 1535 exagitat
1430 1463 1747 1528 Launoius,
1791 1466 1990 1520 eﬁ‘reni
2050 1466 2287 1536 quadam
2323 1468 2703 1536 impudentia,
2735 1469 2940 1540 dignus
2976 1481 3272 1541 propterea
3312 1484 3475 1540 quem
3516 1486 3626 1524 non
3670 1462 3681 1537 ζ

363 1552 542 1607 solum
577 1552 893 1605 'fentzelius
925 1563 965 1605 t.
1004 1552 1020 1606 Ι
1083 1551 1321 1606 Erercit.
1355 1551 1537 1607 sefect.
1574 1568 1631 1620 ι).
1669 1552 1794 1617 555,
1827 1553 2062 1607 summis
2112 1554 2370 1610 laudibus
2401 1555 2663 1617 cﬂ'erret.
2711 1557 2806 1611 sed
2855 1558 3021 1613 etiam
3057 1558 3335 1613 Antonius
3363 1558 3628 1613 Reiserns

366 1649 569 1705 testem,
610 1650 657 1692 et
703 1639 1050 1709 confessorem
1082 1641 1319 1694 veritatis
1368 1638 1969 1710 euangelica-catholici:
2013 1639 2369 1713 (Lutlteranw
2415 1643 2670 1712 scilicet)
2730 1645 2895 1698 nobis
2929 1644 3240 1715 objiceret,
3284 1645 3435 1699 edito
3469 1645 3533 1698 ad
3571 1644 3626 1697 id

366 1728 762 1784 Amstelodami
795 1728 936 1782 libro
967 1745 1060 1781 an.
1095 1728 1255 1783 1685.
1287 1729 1481 1798 Neque
1513 1728 1904 1791 Hoﬂ‘mannus,
1938 1728 2007 1783 de
2037 1743 2149 1797 quo
2181 1728 2350 1793 infra,
2381 1744 2444 1784 ea
2480 1729 2677 1784 Launii
2711 1731 2829 1785 loca
2867 1732 3241 1801 praetorirrisit,
3309 1731 3463 1802 quasi
3496 1745 3630 1784 vero

362 1833 560 1873 eorum
596 1817 805 1887 pudere
837 1831 939 1870 nos
963 1817 1184 1882 debeat,
1224 1832 1347 1887 qua-~
1382 1817 1792 1887 hypereritieus
1824 1815 1916 1871 ille
1946 1816 2144 1886 plenus
2184 1816 2771 1873 iuconsideratissimae
2831 1829 2886 1874 et
2918 1818 3353 1874 dementissime
3382 1821 3629 1875 audacia:

366 1905 751 1975 reprehendit.
788 1904 1092 1959 ltotnanam
1123 1907 1416 1960 enimvero
1450 1903 1796 1959 llolsteniani
1843 1903 2043 1958 Diurni
2070 1905 2525 1973 suppressionem
2564 1917 2623 1960 ut
2650 1906 2884 1961 liberius
2926 1906 2981 1961 hi
3025 1906 3234 1977 aliique
3266 1907 3321 1961 in
3359 1907 3629 1961 invidiam

366 1994 731 2060 adducerent,
779 1995 964 2047 varias
995 1993 1118 2063 ejus
1152 1992 1399 2047 rationes
1448 1993 1748 2048 commenti
1792 2000 1946 2049 sunt.
2002 1992 2260 2048 Baluzins
2311 1994 2364 2047 in
2402 1994 2552 2050 notis
2598 1994 2666 2048 ad
2709 1995 2837 2051 Ant.
2882 1996 3174 2067 Augustini
3208 2004 3510 2051 tractatqu
3554 1994 3628 2049 De

364 2082 735 2138 emendatione
780 2081 1059 2147 Gratiani,
1090 2095 1145 2151 p.
1183 2080 1309 2141 335.
1340 2080 1752 2150 suspicabatur,
1785 2095 1907 2134 eam
1936 2080 2143 2148 jussam
2173 2095 2203 2134 a
2235 2080 2502 2136 Romanis
2536 2081 2743 2149 fuisse,
2773 2084 2899 2153 quia
2932 2083 2989 2138 in
3020 2083 3174 2138 initio
3205 2085 3425 2138 nimium
3458 2086 3629 2137 multa

367 2173 509 2228 circa
555 2170 862 2225 electionem
913 2168 1142 2224 Romani
1189 2166 1465 2237 Pontiﬁcis
1494 2169 1801 2222 tribuuntur
1841 2168 2156 2238 imperatori
2196 2176 2247 2221 et
2286 2170 2529 2224 exarcha'
2574 2170 2717 2239 apud
2754 2168 3069 2225 Ravennam
3111 2171 3488 2226 commoronti.
3520 2170 3629 2225 Alii

366 2258 506 2313 alias
554 2271 654 2327 pro
706 2270 809 2310 suo
858 2256 1094 2326 quisque
1142 2258 1365 2327 ingenio
1412 2265 1469 2312 et
1510 2257 1696 2311 studio
1730 2271 1928 2311 causas
1962 2254 2372 2325 excogitarunt.
2408 2256 2613 2311 Verum
2663 2272 2827 2311 unam
2869 2256 3043 2312 fuisse
3089 2273 3355 2323 causam,
3400 2272 3523 2326 quae
3571 2256 3629 2310 in

369 2346 612 2402 secunda
659 2344 783 2399 fidei
820 2344 1168 2415 professione
1213 2345 1281 2400 de
1327 2343 1573 2400 Honorio
1611 2345 1894 2413 leguntur,
1938 2353 2050 2397 tam
2085 2351 2300 2397 certum
2337 2343 2475 2397 mihi
2510 2352 2629 2408 est,
2668 2358 2834 2414 quam
2869 2342 3019 2414 quod
3053 2344 3448 2400 certissimum.
3486 2343 3626 2399 Cum

369 2432 859 2503 prmstantissimus
913 2432 1006 2487 ille
1044 2432 1383 2497 Holstenius,
1428 2448 1593 2502 quem
1646 2432 1907 2486 Vaticana
1960 2431 2299 2486 bibliotheca
2348 2432 2456 2487 sibi
2502 2433 2792 2487 custodem
2834 2432 3119 2503 praefuisse
3184 2450 3466 2501 nunquam
3518 2449 3629 2487 non

369 2522 725 2592 gloriabitur,
758 2535 1080 2591 supremum
1116 2520 1266 2575 diem
1304 2520 1559 2583 ohiisset,
1594 2518 1833 2589 insignis
1862 2517 1983 2588 ejus
2011 2529 2279 2590 patronus
2310 2531 2477 2591 atque
2507 2523 2684 2579 haeres
2714 2522 3044 2578 Franciscus
3075 2523 3376 2578 eardinalis
3424 2522 3634 2577 Barbe-

370 2613 553 2668 rinius
580 2613 705 2667 libri
739 2612 1151 2683 evulgationem
1186 2612 1443 2684 urgebat.
1480 2612 1675 2682 Itaque
1709 2610 1910 2667 loanni
1952 2607 2142 2673 Bome,
2184 2617 2317 2664 tunc
2349 2610 2798 2681 congregationis
2836 2610 2895 2666 S.
2932 2608 3198 2664 Bernardi
3238 2609 3424 2665 abbati
3456 2626 3622 2680 gele-

370 2701 472 2756 rali
495 2741 511 2766 ,
559 2712 616 2757 et
653 2701 1027 2757 Romanarum
1063 2701 1556 2771 eongregationum
1587 2717 1712 2755 eum
1754 2698 1982 2759 Indicis.
2017 2706 2131 2751 tum
2167 2697 2341 2753 sancti
2376 2694 2550 2751 Oflteii
2579 2698 2886 2753 consultori
2923 2698 3359 2768 Spectatissimo,
3394 2698 3632 2753 traditus

370 2790 516 2845 liber
550 2799 656 2854 est.
688 2798 747 2845 ut
775 2791 842 2845 de
878 2806 946 2846 eo
969 2790 1242 2861 judicium
1273 2790 1462 2845 ferret.
1497 2788 1651 2844 'l‘ulit
1683 2800 1866 2844 autem
1902 2789 1993 2845 his
2029 2791 2214 2846 verbis
2235 2831 2251 2852 .
2286 2809 2408 2862 qua:
2440 2793 2677 2863 ipsemet
2709 2794 2963 2863 exemplo
2996 2809 3185 2849 secum
3220 2793 3632 2851 communicato

373 2881 538 2952 (idem
572 2880 708 2936 illud
744 2891 852 2945 est,
887 2882 1034 2951 quod
1071 2881 1216 2950 apud
1250 2881 1535 2953 egregium
1565 2881 1813 2936 amicum
1847 2897 2031 2937 meum
2062 2881 2351 2935 Marinium
2386 2896 2472 2935 me
2503 2881 2806 2951 inspexisse
2835 2891 2996 2937 antea
3029 2879 3352 2952 memoravi)
3392 2881 3445 2935 in
3482 2881 3632 2951 pagi-

372 2970 504 3025 nula
545 2969 964 3025 llolstenianum
1012 2968 1235 3023 titulum
1284 2976 1553 3037 sequente
1598 2968 1892 3037 ascripsit:
1935 2989 1953 3022 (
1982 2972 2112 3026 Post
2153 2967 2314 3023 Lucae
2348 2967 2618 3024 Holswnii
2667 2978 2902 3025 tnortem
2950 2978 3134 3035 notae,
3187 2984 3327 3041 quas
3356 2969 3633 3040 promisit,

373 3055 568 3109 nullibi
615 3055 854 3109 inventa:
900 3064 1053 3108 sunt.
1101 3053 1172 3108 Et
1208 3069 1334 3108 cum
1370 3054 1467 3109 fol.
1518 3053 1587 3109 59
1621 3054 1675 3108 in
1711 3054 2061 3113 Professione
2109 3058 2233 3113 fidei
2267 3059 2426 3113 electi
2462 3058 2650 3123 ΡοιιιἸ
2695 3075 2851 3113 unm.
2885 3059 2978 3121 XI.
3019 3059 3319 3114 damnetur
3352 3057 3634 3113 Honorius

373 3145 557 3212 Papa.
603 3143 730 3197 ideo
779 3142 904 3210 quia
954 3142 1133 3211 prauis
1178 3143 1547 3196 Ittvreticorum
1597 3145 1981 3198 assertionibus
2028 3146 2316 3213 fomentum
2359 3148 2658 3216 impendit;
2706 3148 2752 3201 si
2794 3147 2954 3200 verba
2983 3146 3252 3202 delineata
3284 3147 3390 3201 sint
3426 3161 3544 3201 uere
3575 3147 3631 3198 in

375 3235 740 3304 autographa,
790 3246 883 3284 nec
918 3246 982 3285 ea:
1022 3233 1158 3285 notis
1200 3247 1463 3301 apparere
1498 3232 1665 3299 possit
1690 3272 1704 3295 ,
1738 3235 1998 3303 quomodo
2031 3236 2153 3289 huic
2193 3237 2395 3289 vulneri
2435 3237 2696 3291 medelam
2736 3239 2945 3308 afferat,
2975 3246 3196 3308 prastat
3221 3254 3324 3291 non
3363 3235 3633 3307 divulgari

376 3343 526 3397 opus.
564 3344 585 3378 ι
622 3325 689 3380 Ει
728 3323 1076 3390 mirabimur,
1111 3323 1180 3379 de
1208 3323 1464 3386 consilio.
1494 3322 1641 3393 quod
1684 3323 1764 3376 rir
1806 3332 1957 3377 tanta
2010 3323 2154 3390 apud
2184 3321 2556 3376 Alexandrum
2602 3323 2689 3377 Vll
2729 3325 3120 3394 Romanosque
3156 3338 3420 3394 proceres
3449 3323 3636 3379 existi-

378 3418 645 3479 matione.
681 3422 887 3484 quanta
944 3422 1076 3468 tunc
1114 3412 1186 3468 ob
1221 3413 1495 3483 insignem
1538 3412 1848 3467 doctrinam
1898 3412 2276 3480 pietatemque
2314 3410 2463 3466 Bona
2502 3411 2822 3476 fruebatur,
2864 3412 2918 3466 in
2957 3426 3017 3466 re
3053 3421 3161 3466 tam
3197 3412 3350 3482 gravi
3382 3410 3631 3475 dederat,

377 3505 583 3558 factum
619 3501 824 3565 fuisse,
862 3511 923 3557 ut
952 3501 1007 3556 in
1045 3501 1369 3557 Vaticanum
1403 3502 1595 3556 nescio
1638 3500 1784 3569 quod
1821 3500 2103 3563 conclave,
2135 3499 2311 3554 veluti
2347 3499 2404 3554 in
2439 3498 2899 3554 honestissimum
2936 3514 3241 3563 carcerem.
3279 3499 3465 3554 omnia
3497 3498 3636 3554 Hol-

378 3593 647 3646 stenianae
690 3590 956 3645 editionis
987 3590 1233 3659 exempla
1289 3588 1744 3659 conjicercntur?
1791 3588 2017 3645 Prtestat
2059 3597 2242 3642 tamen
2286 3586 2453 3642 Bona:
2498 3586 2827 3657 suffragium
2860 3587 3094 3641 alterius
3125 3586 3231 3642 viri
3262 3588 3467 3642 summi
3501 3602 3633 3641 sen-

381 3681 550 3736 tentia
581 3680 929 3735 conlirmare.
958 3677 1011 3732 ls
1036 3686 1122 3732 est
1151 3677 1392 3732 Iacobus
1419 3676 1776 3740 Sirmondus,
1814 3684 2021 3746 quanta
2075 3677 2220 3731 Deus
2256 3675 2441 3730 bonel
2484 3675 2755 3740 doctrina,
2785 3684 2993 3746 quanto
3016 3674 3225 3747 judicio
3250 3674 3518 3745 scriptor!
3552 3673 3634 3729 En

378 3778 565 3824 autem
609 3766 742 3838 quid
788 3767 882 3821 ille
921 3765 991 3821 ad
1039 3765 1218 3836 ipsum
1267 3766 1608 3821 ilolsteuium
1641 3766 1745 3819 hac
1785 3764 1855 3820 de
1897 3781 1956 3820 re
1997 3763 2393 3835 perscripserit
2433 3763 2489 3818 in
2532 3763 2770 3833 epistola
2808 3764 2956 3817 inter
2991 3763 3173 3819 editas
3219 3764 3341 3833 ejus
3372 3763 3639 3833 epistolas

378 3862 585 3914 frustra
612 3856 944 3928 quaerenda:
979 3871 997 3907 ι
1028 3854 1104 3910 De
1135 3854 1363 3908 Honorii
1387 3854 1552 3909 etiam
1580 3854 1906 3909 defensione
1934 3863 2107 3918 recte.
2137 3852 2356 3922 opinor,
2380 3851 2662 3923 judieasti.
2692 3867 2814 3906 eam
2849 3851 3116 3922 Optimam
3149 3851 3347 3917 videri,
3373 3867 3540 3922 quam
3570 3866 3639 3904 es

383 3946 617 4001 Maximo
658 3955 715 4000 et
758 3942 1053 3999 Anastasio
1098 3941 1412 3997 didicimus.
1472 3942 1543 3997 At
1582 3941 1715 3996 mihi
1764 3943 1866 3996 hac
1901 3942 1957 3996 in
1997 3958 2058 3997 re
2095 3956 2204 3996 non
2247 3949 2355 3995 tam
2395 3941 2641 3995 insolens
2674 3941 2847 3995 videri
2892 3940 3067 4005 solet.
3100 3940 3321 3997 Graecos
3351 3940 3638 3997 Monotbe-

381 4033 506 4089 litas
541 4032 848 4089 Honorium
882 4032 937 4086 in
968 4031 1178 4086 erroris
1205 4031 1292 4086 sui
1324 4030 1546 4085 trahere
1578 4031 1845 4085 invidiam
1869 4071 1885 4097 ,
1925 4045 2088 4100 quam
2126 4029 2463 4088 mirandum.
2506 4029 2786 4084 Romanos
2811 4029 2939 4082 olim
2978 4029 3130 4098 ipsos
3154 4031 3209 4082 in
3241 4029 3414 4084 Electi
3447 4029 3639 4083 Ponti-

384 4122 503 4177 ficis
549 4121 893 4191 professione
929 4133 1059 4174 cum
1094 4118 1345 4174 haeretici
1385 4118 1662 4188 dogmatis
1692 4120 2019 4174 auctoribus
2065 4117 2258 4187 Sergio
2281 4159 2296 4184 ,
2326 4117 2539 4188 Pyrrho
2567 4159 2579 4178 .
2619 4117 2806 4181 Paulo.
2844 4128 2898 4170 et
2929 4118 3092 4171 Petro
3120 4115 3638 4188 Constantinopoli-

383 4211 527 4265 lanis
567 4225 664 4264 una
701 4223 868 4262 smn
902 4222 1121 4263 nouom
1157 4222 1334 4262 noui-2n
1369 4222 1685 4271 INIAIASSB,
1715 4208 1863 4277 quod
1914 4206 2131 4279 primus
2170 4220 2367 4262 eorum
2416 4203 2825 4261 assertionibus
2872 4203 3180 4260 fomentum
3218 4204 3634 4275 impendisset:

383 4300 463 4353 sic
498 4297 644 4351 enim
677 4312 735 4351 se
768 4296 975 4350 habent
1010 4295 1182 4351 verba
1218 4295 1366 4350 illius
1401 4296 1785 4366 professionis.
1817 4313 1980 4368 quam
2010 4315 2137 4354 cum
2177 4300 2324 4353 inter
2357 4308 2575 4352 veteres
2606 4295 2861 4353 Ecclesiae
2901 4297 3163 4352 Romana:
3193 4295 3485 4361 formulas,
3517 4311 3640 4365 quae

383 4388 439 4441 in
471 4401 668 4441 manus
702 4399 853 4439 meas
894 4390 1170 4439 venerunt
1203 4383 1497 4452 (Diurnum
1542 4384 1633 4438 hic
1678 4383 2009 4441 Sirmondus
2041 4387 2318 4456 designat)
2349 4386 2703 4441 offendissem
2724 4425 2741 4450 ,
2771 4403 2834 4440 ΑΒ
2877 4398 3111 4440 ιιωκυι
3142 4398 3434 4448 nutricas,
3478 4384 3641 4453 cujus

383 4490 537 4544 spem
585 4474 648 4529 D.
684 4472 965 4529 Cardinali
1014 4472 1073 4526 S.
1116 4469 1385 4525 Susanna:
1430 4471 1692 4541 (Scipioni
1724 4472 2037 4543 Cobellntio)
2072 4473 2344 4538 feceram,
2392 4488 2510 4527 nise
2552 4489 2656 4528 uss
2688 4488 3010 4528 ronsstuuu
3048 4487 3216 4526 esust
3255 4486 3582 4526 DE'I'IMWI'I'.
3614 4487 3634 4519 ι

381 4563 487 4630 Qui
519 4578 628 4617 non
658 4562 858 4616 horum
889 4559 1245 4615 duumvirum
1272 4559 1485 4630 judicio
1511 4569 1658 4614 stare
1690 4561 1864 4624 malit,
1908 4576 2073 4629 quam
2102 4560 2336 4614 Launoii
2375 4575 2717 4629 suorumque
2744 4561 3079 4614 asseclarum
3109 4558 3636 4621 obtrectationibus,

384 4670 468 4707 nae
498 4652 547 4707 is
576 4652 649 4708 sit
691 4650 979 4706 hominum
1026 4648 1595 4719 imprudentissitnus.
1653 4648 1816 4703 Nunc
1861 4649 2120 4718 equidem
2153 4664 2279 4704 cum
2310 4647 2476 4702 Liber
2512 4649 2626 4719 jam
2660 4648 2866 4709 semel,
2904 4648 3219 4716 iterumque
3260 4644 3551 4716 prodierit.
3584 4654 3642 4699 et

385 4755 551 4810 quam
579 4739 728 4793 Bona
761 4739 1009 4807 optabat.
1042 4736 1367 4791 Honoriano
1394 4734 1610 4790 vulneri
1641 4736 1935 4800 medelam,
1968 4746 2028 4791 ut
2056 4736 2448 4798 Marchcsinm,
2479 4734 2806 4805 Corgnium,
2838 4735 3182 4798 Bai-tholum,
3215 4734 3468 4804 aliosque
3507 4733 3639 4787 mit-

388 4841 520 4887 tam.
553 4824 858 4883 Garnerius
889 4826 1071 4880 editor
1099 4824 1366 4887 attulerit,
1401 4824 1564 4879 aliter
1591 4824 1753 4879 nobis
1785 4825 1991 4880 sentire
2022 4825 2172 4880 licet.
2209 4824 2365 4879 Tunc
2404 4832 2589 4877 autem
2624 4839 2681 4878 re
2716 4824 2927 4894 integra
2950 4864 2966 4888 ,
2995 4837 3177 4893 neque
3207 4820 3439 4877 Honorii
3476 4838 3640 4877 causa

385 4917 523 4971 satis
551 4916 821 4975 discussa.
856 4914 1017 4967 alteri
1046 4915 1303 4978 consilio,
1336 4928 1501 4982 quam
1537 4912 1686 4982 quod
1719 4922 1943 4983 captum
1982 4913 2109 4976 fuit.
2144 4912 2302 4966 locus
2335 4927 2444 4966 non
2475 4918 2619 4965 erat.

462 5013 528 5068 Χ.
572 5012 1031 5083 Suppressionem
1069 5012 1257 5066 Diurni
1290 5012 1356 5067 ad
1403 5028 1611 5067 annum
1648 5012 1787 5067 “362
1814 5012 2073 5082 superius
2105 5010 2452 5065 referendam
2483 5025 2607 5066 esse
2633 5008 2894 5075 indicari,
2933 5009 3087 5063 nullo
3128 5023 3264 5065 meae
3300 5009 3470 5079 hujus
3503 5021 3638 5061 eon-

382 5104 614 5172 jecturae
658 5112 985 5171 argumento
1035 5101 1343 5170 proposito.
1390 5101 1529 5157 lllud
1582 5118 1728 5156 nunc
1760 5101 1942 5163 dabo.
1991 5114 2096 5154 nec
2146 5099 2405 5154 fortassis
2442 5099 2586 5156 leve.
2636 5098 2970 5153 Franciseus
3014 5096 3381 5153 Combeflsius
3426 5092 3642 5150 ordinis

388 5190 822 5245 Pricdicatorum
849 5206 943 5243 an.
974 5188 1115 5243 1643
1146 5189 1285 5245 duos
1313 5188 1741 5244 Graec-Latino:
1768 5187 1990 5244 Patrum
2015 5187 2354 5242 Bibliotheca
2384 5188 2502 5241 novi
2528 5187 2763 5241 ductarii
2794 5198 2973 5241 tomos
3002 5186 3320 5257 vulgaverat
3344 5202 3358 5250 ;
3392 5179 3640 5236 secundo

388 5288 571 5332 autem
604 5293 731 5331 eum
770 5277 1063 5332 historiam
1098 5275 1588 5333 Monothelitarum
1633 5278 1892 5339 haeresis.
1935 5290 1999 5329 ac
2033 5285 2200 5330 sexta:
2234 5276 2289 5329 in
2323 5291 2421 5331 eos
2459 5275 2654 5346 synodi
2700 5274 3093 5345 praemisisset,
3168 5275 3223 5326 in
3254 5288 3318 5326 ea
3352 5271 3537 5324 locum
3573 5283 3641 5322 ex

391 5381 491 5418 ms.
537 5363 707 5418 Libro
745 5364 956 5419 Diurno
982 5363 1050 5418 de
1080 5363 1328 5418 Honorio
1364 5364 1733 5427 recitaverat,
1785 5362 1948 5432 paulo
1986 5363 2152 5418 aliter
2182 5378 2349 5432 quam
2391 5364 2488 5432 qui
2524 5362 2579 5416 in
2612 5361 3066 5417 Cistereiensium
3095 5359 3291 5414 codice
3328 5355 3636 5426 legebatur.

393 5451 729 5508 incredibile
765 5453 1051 5506 enimvero
1080 5462 1182 5515 est.
1216 5452 1356 5506 nihil
1387 5450 1493 5505 nisi
1523 5467 1615 5504 an.
1648 5450 1804 5513 1662.
1846 5450 1914 5505 de
1943 5449 2259 5505 COIIIbeﬁS'l
2293 5450 2573 5511 Auctario.
2614 5465 2679 5505 ac
2709 5451 2860 5503 varia
2894 5449 2948 5503 in
2985 5462 3052 5500 eo
3084 5445 3191 5501 loci
3223 5444 3374 5499 illius
3403 5444 3641 5498 lectione

392 5541 582 5597 Bonna:
607 5544 943 5599 suboluisse.
984 5542 1091 5596 Nec
1121 5554 1301 5597 tamen
1331 5553 1461 5598 ante
1499 5542 1653 5596 illum
1684 5556 1890 5595 annum
1925 5541 2203 5596 Romanos
2231 5539 2298 5592 de
2327 5537 2555 5605 codicis,
2590 5554 2700 5607 quo
2728 5534 3094 5593 Combeflsius
3117 5549 3176 5588 se
3207 5549 3369 5588 usum
3398 5532 3636 5594 dixerat,

394 5629 636 5687 lectione
666 5631 934 5685 sollicitos
978 5631 1148 5686 fuisse
1181 5630 1361 5685 video.
1407 5630 1543 5684 Nam
1592 5645 1657 5684 eo
1692 5646 1837 5683 anno
1870 5628 2200 5683 Franciscus
2240 5626 2542 5681 eardinalis
2574 5624 2932 5679 Barberiuius
2970 5620 3038 5675 ad
3078 5621 3303 5679 Petrum
3348 5618 3637 5675 Possiuuin

393 5720 578 5773 virum
616 5719 902 5788 multijuga
927 5718 1243 5772 eruditione
1275 5728 1646 5786 pra'stantem,
1678 5718 1773 5785 qui
1808 5716 2037 5788 Neapoli
2070 5715 2280 5771 allecta
2320 5714 2663 5771 valetudinis
2696 5728 2863 5766 causa
2898 5710 3241 5775 morabatur.
3272 5727 3327 5765 tu
3360 5707 3638 5765 mandatis

399 5823 494 5875 per
525 5807 741 5863 litteras
773 5806 959 5870 dedit.
997 5809 1133 5862 utin
1160 5807 1364 5862 Gallias
1408 5806 1475 5863 de
1504 5822 1567 5862 ea
1599 5805 1940 5877 exquirenda
1983 5805 2223 5864 leCtione
2269 5816 2434 5879 quam
2488 5799 2910 5872 diligentissime
2947 5799 3234 5859 scriberet.
3277 5797 3465 5855 Paruit
3499 5794 3638 5852 Pus-
