4000 6178
72 2482 169 2515 έῑιῖῖιιι

328 366 454 422 1385
1351 373 1441 429 DE
1476 371 1678 427 LlBBO
1713 367 1971 426 DlURNO
2013 369 2494 430 DlSSERTATlO.
3406 377 3553 434 1586

323 489 457 558 bam)
495 488 563 544 ab
602 505 691 550 an.
730 490 891 560 1618,
924 506 1035 564 quo
1060 492 1287 566 prodiit,
1324 492 1391 549 ad
1423 510 1513 548 an.
1548 493 1709 557 1662.
1734 491 2154 557 quatuordecim
2189 492 2402 547 scilicet
2435 506 2705 547 annorum
2737 492 2941 562 spatio,
2975 492 3192 565 insigne
3222 493 3541 554 Combeﬂsti

324 590 474 644 «pus,
502 576 559 631 in
591 592 703 647 quo
734 587 814 634 tot
844 588 1095 636 veterum
1127 581 1348 636 Patrum
1378 590 1738 635 monumenta
1766 570 2079 642 exstabant,
2114 577 2283 633 Roma
2322 579 2576 648 ignorare
2607 592 2718 633 non
2749 576 2951 648 potuit.
3005 579 3110 646 Qui
3140 595 3272 651 ergo
3304 581 3539 644 factum.

326 675 377 717 ut
410 679 554 719 anno
581 666 757 721 solum
786 667 943 735 1662,
1009 676 1158 723 tanta
1185 668 1253 723 de
1276 683 1340 721 ea
1370 667 1607 723 lectione
1651 684 1784 721 cura
1826 665 2198 721 Ronnanorum
2227 665 2441 721 animos
2479 676 2708 736 repente
2740 666 3040 721 invaserit?
3072 666 3191 723 Non
3218 669 3382 723 aliam
3418 687 3544 739 pro-

326 756 461 806 t‘ecto
488 754 939 812 verosimiliorem
985 771 1207 810 causam
1260 754 1462 823 lingere
1496 770 1813 825 possumus.
1843 768 2008 824 quam
2041 755 2188 809 serio
2222 763 2353 809 tunc
2384 762 2698 823 susceptum
2734 753 2928 808 Diurni
2959 769 3216 819 examen,
3236 756 3544 826 judicium-

325 856 424 908 que
446 841 516 897 de
544 856 613 896 eo
639 858 669 897 a
708 843 857 898 Bona
904 843 1200 898 redditum.
1234 843 1315 895 Eo
1343 842 1511 911 igitur
1535 858 1682 897 anno
1720 844 1863 897 liber
1888 843 1978 897 ille
2024 841 2080 895 in
2117 841 2434 896 Vaticanum
2466 855 2745 896 carcerem
2774 843 2952 911 primo
2981 850 3277 921 contrusus
3307 856 3412 909 est,
3444 861 3545 899 nrc

324 930 386 981 de
405 942 474 982 eo
499 928 801 999 quidquam
831 929 1070 999 amplius
1098 937 1224 983 ante
1253 943 1454 982 annum
1486 928 1650 998 hujus
1675 930 1861 984 saeculi
1886 930 2052 991 XXV.
2085 938 2142 981 ut
2169 943 2295 983 mox
2331 928 2665 996 videbimus,
2693 930 3001 987 inauditum
3031 931 3154 985 fuit.

338 1080 3505 1106 *Μ

1626 1250 1914 1335 PARS
1990 1250 2183 1337 IIl.

323 1425 626 1501 Quidnam
661 1436 801 1503 post
852 1425 1229 1488 (Iamcrium
1278 1448 1313 1487 α
1356 1430 1510 1489 viris
1560 1428 1758 1487 doctis
1798 1443 1987 1503 super
2031 1424 2216 1485 Libro
2256 1427 2496 1487 Diatrno
2554 1430 2893 1507 cogitatum
2948 1440 3274 1509 actumque
3320 1435 3542 1511 fuerit.

387 1708 430 1762 l.
470 1707 551 1760 Ad
585 1703 913 1759 Garnerium
964 1704 1276 1761 redeamus.
1319 1706 1388 1764 Ut
1428 1706 1567 1761 exiit
1596 1708 1716 1778 ejus
1760 1707 1915 1761 Liber
1956 1707 2189 1762 Diurnus
2230 1706 2387 1778 (exiit
2413 1717 2637 1771 autem,
2684 1714 2747 1760 ut
2779 1706 3054 1769 diximus,
3085 1721 3178 1761 an.
3216 1708 3352 1763 i680
3376 1754 3389 1775 ,
3420 1710 3550 1767 licet

321 1796 567 1869 proximo
591 1796 878 1866 superiore
907 1810 1054 1848 anno
1080 1794 1335 1850 absoluta
1363 1806 1511 1851 esset
1539 1797 1713 1851 editio
1741 1796 1813 1851 28
1843 1793 2213 1856 Novembris).
2256 1793 2522 1849 Romanis
2552 1792 2801 1863 profecto
2827 1792 3046 1862 placere
3075 1809 3186 1849 non
3217 1795 3421 1863 potuit,
3450 1797 3546 1867 qui

321 1886 520 1941 librum
558 1892 707 1938 tanta
735 1900 764 1937 a
792 1900 850 1939 se
878 1884 1162 1954 diligentia
1194 1884 1389 1953 paucis
1416 1885 1616 1940 abhinc
1640 1886 1801 1940 annis
1825 1880 2184 1955 suppressum
2208 1881 2264 1935 in
2290 1881 2469 1935 lucem
2502 1890 2726 1950 repente
2754 1879 3047 1950 prodiisse,
3074 1895 3177 1935 nec
3203 1882 3323 1935 sine
3353 1898 3549 1952 magno

321 1968 817 2024 cruditissimarutu
857 1967 1277 2023 adnetationum
1306 1978 1506 2024 ornatu
1538 1970 1817 2024 videbant.
1850 1970 1926 2022 Ad
1958 1969 2222 2038 majorem
2257 1982 2387 2021 vero
2420 1983 2545 2022 cum
2577 1968 2776 2035 operi,
2813 1975 2929 2020 tum
2965 1966 3169 2022 editori
3200 1970 3545 2023 conﬂandam

322 2056 581 2113 invidiam
618 2054 959 2111 accedebant
1007 2071 1194 2125 pauca
1217 2055 1429 2126 aliquot
1473 2072 1540 2112 ex
1589 2058 1675 2111 bis
1716 2057 1853 2128 ipsis
1905 2056 2362 2111 adnotationibus
2403 2070 2528 2125 quin
2564 2054 2866 2124 majoribus
2906 2054 3111 2109 nostris
3142 2056 3363 2125 probari
3396 2066 3549 2112 certe

324 2160 431 2200 non
459 2152 735 2215 poterant,
768 2150 828 2197 ut
860 2152 975 2198 tres
1010 2142 1120 2198 illre
1161 2142 1229 2197 ad
1266 2143 1467 2213 capitis
1504 2144 1539 2197 2
1572 2144 1792 2198 titulum
1826 2143 1879 2207 ξ’..
1912 2146 1947 2199 5
1972 2154 2028 2199 et
2058 2148 2109 2210 ι,
2151 2145 2208 2199 in
2248 2145 2452 2214 quibus
2484 2144 2786 2200 Garnerius
2819 2144 3192 2200 Romanorum
3219 2145 3545 2202 Pontiﬁcum

321 2248 419 2304 per
451 2243 635 2288 vetera
666 2232 757 2287 illa
794 2241 1040 2303 tempora
1072 2231 1409 2288 electoribus
1445 2231 1618 2288 laicos
1645 2249 1865 2303 quoque
1894 2240 2168 2287 acccuset.
2205 2231 2404 2285 Mirum
2447 2232 2615 2302 igitur
2643 2248 2753 2287 non
2784 2240 2871 2287 est
2897 2232 3068 2288 fuisse
3092 2233 3280 2297 Romae
3309 2235 3544 2304 aliquos,

321 2321 413 2392 qui
438 2320 510 2376 de
553 2336 720 2390 opere
751 2321 807 2375 in
850 2320 1147 2374 vetitorum
1194 2319 1468 2374 librorum
1504 2320 1743 2376 iudicem
1777 2319 2067 2375 referendo
2097 2319 2422 2389 cogitarent.
2462 2319 2604 2385 Quin
2638 2318 2803 2374 etiam
2847 2319 3002 2374 falsis
3033 2321 3350 2376 rumoribus
3379 2322 3546 2377 etiam

318 2416 469 2463 extra
501 2406 713 2469 Italiam
759 2415 894 2461 tunc
921 2406 1261 2477 divulgatum
1290 2406 1475 2471 video,
1504 2407 1757 2464 Garncrii
1804 2408 2072 2461 Diurnum
2104 2406 2280 2461 fuisse
2321 2406 2507 2461 Roma.-
2556 2406 2856 2461 conﬁxum.
2900 2404 3063 2461 Certe
3090 2407 3178 2462 vel
3210 2404 3326 2478 ipse
3363 2426 3547 2478 κριτι-

318 2497 560 2557 κώτατος
590 2494 777 2549 Daniel
812 2495 1230 2564 Papebrocbius
1262 2493 1403 2548 fama
1436 2494 1491 2548 id
1522 2496 1811 2550 nuntiante
1842 2495 2103 2563 deceptus
2128 2494 2254 2549 fuit.
2285 2494 2652 2561 Quamobrem
2689 2496 2745 2548 in
2786 2496 3145 2564 responsione
3178 2496 3249 2550 ad
3277 2498 3549 2552 exhibitio-

325 2598 439 2635 aem
473 2597 732 2645 errorum,
767 2596 930 2652 quam
964 2596 1055 2635 an.
1095 2579 1231 2634 l696
1268 2580 1466 2646 edidit,
1495 2583 1651 2638 artic.
1682 2580 1819 2644 XIV.
1857 2581 1968 2652 εὖ.
2001 2596 2125 2635 cum
2163 2583 2231 2635 de
2264 2582 2471 2636 Diuruo
2501 2583 2839 2638 mentionem
2870 2584 3114 2646 fecisset,
3145 2585 3224 2639 ait
3259 2601 3413 2640 num.
3455 2587 3546 2648 59.

321 2671 492 2739 ipsum
521 2684 585 2721 ea:
634 2676 970 2744 transumpto
1006 2667 1286 2722 Galiicano
1318 2669 1373 2721 in
1415 2669 1585 2721 lucem
1626 2669 1937 2738 productum
1965 2685 2057 2724 an.
2094 2668 2233 2723 4680
2256 2709 2271 2731 ,
2308 2671 2541 2726 niaximo
2573 2670 2780 2741 quidem
2819 2670 3147 2724 eruditorum
3172 2670 3363 2741 plausu
3398 2690 3550 2727 exce-

323 2765 470 2825 ptum
511 2756 652 2827 fuit;
708 2756 799 2809 sed
847 2764 1063 2827 propter
1114 2756 1486 2809 adnotationes
1525 2755 1787 2823 quasdam
1838 2755 2029 2813 Romae.
2066 2758 2369 2828 displicuit,
2420 2776 2482 2813 ac
2527 2760 2794 2828 prohiberi
2835 2755 3048 2814 méruit.
3088 2760 3200 2815 Hoc
3233 2770 3412 2815 tamen
3444 2780 3549 2817 non

320 2844 589 2911 obstante,
639 2854 688 2899 et
731 2846 965 2915 sepositis
996 2845 1132 2898 notis
1164 2854 1389 2915 pergunt
1431 2845 1623 2898 eruditi
1666 2845 1723 2896 in
1746 2842 1919 2898 Gallia
1950 2844 2027 2898 uti
2055 2846 2303 2899 thesauro
2347 2845 2549 2899 tamdiu
2587 2846 2958 2902 desiderato...
2992 2846 3106 2917 Ego
3143 2849 3347 2919 (pergit
3377 2850 3549 2920 Pape-

325 2934 633 3004 brocltius),
676 2943 735 2988 ut
788 2936 842 2989 id
870 2950 1050 2988 secure
1095 2935 1390 3003 facerem...
1439 2932 1682 2987 consului
1729 2931 2188 3001 Schclestratium,
2213 2936 2397 3005 ecquid
2442 2934 2620 2988 liceret
2657 2936 3016 3005 interrogaui,
3059 2946 3109 2989 et
3156 2938 3220 2989 ab
3267 2954 3326 2990 eo
3362 2938 3547 3007 jussus

323 3022 583 3076 abstinere
608 3022 832 3089 ingratis
863 3022 1048 3077 Romae
1086 3022 1380 3076 nominibus
1408 3021 1546 3087 libri,
1586 3031 1742 3092 atque
1788 3022 2265 3087 Commentatoris,
2313 3022 2443 3092 ccepi
2486 3022 2665 3076 eodem
2710 3022 2791 3076 uti
2835 3021 2929 3075 sub
2981 3021 3137 3076 titulo
3186 3021 3548 3080 Formularii.

321 3108 589 3177 Equidem
617 3109 986 3163 adhibendam
1014 3118 1149 3162 tunc
1178 3107 1372 3173 fuisse,
1402 3108 1709 3178 prasertim
1744 3108 1951 3176 Reme,
1982 3111 2222 3181 aliquam
2253 3109 2308 3165 in
2334 3110 2609 3166 laudando
2632 3124 2704 3165 eo
2732 3110 2877 3166 libro
2905 3110 3219 3166 cautionem
3245 3126 3356 3167 non
3388 3128 3552 3183 nega-

323 3196 528 3261 verim;
559 3196 705 3250 liber
738 3205 918 3249 tamen
952 3210 1251 3264 numquam
1289 3197 1634 3264 proscriptus
1667 3195 1791 3249 iuit.
1828 3196 2098 3255 Consului
2129 3198 2398 3251 librorum
2432 3198 2621 3252 Romae
2660 3198 3068 3266 prohibitorum
3106 3196 3320 3253 Indices
3359 3215 3553 3254 omnes

320 3283 726 3358 ablnnocentii
762 3281 833 3337 XI
866 3282 1188 3352 pontiﬁcatu
1239 3282 1307 3335 ad
1347 3291 1536 3338 nostra
1572 3291 1821 3352 tempora
1860 3283 2164 3351 evulgatus,
2204 3284 2300 3338 sed
2334 3298 2511 3352 neque
2561 3283 2818 3337 Garnerii
2865 3283 3078 3349 nostri,
3126 3300 3304 3354 neque
3355 3286 3550 3343 Diurni

322 3387 524 3428 nomen
578 3374 670 3428 ulli
719 3373 1044 3443 inscriptum
1076 3370 1367 3427 roﬂ‘endere
1419 3372 1556 3427 mihi
1605 3372 1787 3427 licuit.
1837 3373 2033 3428 Nullus
2077 3386 2211 3440 ergo
2256 3370 2483 3436 dubito,
2530 3370 2664 3440 quin
2709 3372 2857 3440 quod
2904 3371 3139 3426 fortasse
3192 3371 3337 3427 libro
3372 3373 3555 3428 immi—

322 3463 488 3525 nuit,
546 3460 967 3531 proscriptionis
1012 3458 1320 3525 perieulum
1385 3459 1536 3516 hisce
1590 3460 1906 3515 rumoribus
1956 3460 2058 3514 hac
2105 3458 2229 3514 illac
2276 3458 2515 3527 sparsis,
2562 3459 2645 3512 uti
2692 3472 2836 3528 saepe
2885 3459 2987 3523 ﬁt,
3033 3459 3129 3514 sed
3182 3459 3334 3515 falsis
3363 3476 3551 3515 ansam

320 3549 566 3606 dederit.

396 3662 463 3718 ll.
502 3660 759 3730 Quinque
798 3666 922 3730 post
965 3659 1147 3723 annis,
1188 3671 1387 3727 nempe
1418 3671 1509 3711 an.
1565 3654 1703 3711 1685
1742 3654 1826 3726 (ut
1860 3661 2081 3721 caetera,
2134 3669 2257 3724 qua:
2301 3653 2371 3707 ad
2419 3651 2686 3707 Diurnum
2718 3660 2994 3731 spectant,
3045 3667 3273 3708 narrare
3308 3658 3553 3728 pergam)

324 3753 512 3806 Romae
546 3764 671 3805 cum
702 3755 848 3802 esset
878 3746 1275 3802 celeberrimus
1300 3743 1677 3807 Mabillonius,
1713 3743 1961 3813 Augusto
1990 3756 2178 3796 mense
2215 3739 2386 3813 (quod
2415 3739 2656 3809 ipsemet
2685 3739 2741 3794 in
2776 3737 2962 3793 lusco
2992 3737 3184 3793 Italico
3215 3741 3406 3809 refert,
3432 3753 3472 3798 t.
3507 3744 3552 3806 l,

322 3853 379 3906 p.
421 3834 568 3907 75),
626 3845 751 3905 post
809 3834 1040 3887 multam
1095 3831 1515 3899 inquisitionem
1565 3829 1852 3892 codicem,
1911 3844 2074 3898 quem
2132 3828 2449 3885 llolstenius
2502 3825 2899 3896 descripserat,
2955 3827 3101 3911 apud
3155 3826 3558 3888 Cistercienses

320 3925 381 3980 ὃ.
412 3922 611 3979 Crucis
644 3922 697 3976 in
727 3921 1035 3977 Jerusalem
1067 3920 1299 3990 reperit,
1326 3935 1396 3975 ex
1425 3932 1605 3989 eoque
1640 3932 1810 3973 novas
1836 3916 2050 3986 aliquot
2096 3914 2387 3980 formulas,
2412 3914 2619 3984 quibus
2646 3913 2989 3970 Garneriaua
3024 3915 3197 3970 editio
3234 3918 3425 3988 augeri
3456 3934 3560 3989 po-

322 4020 489 4075 terat.
524 4010 820 4080 excerpsit,
856 4009 1087 4078 illasque
1108 4006 1312 4062 deinde
1344 4007 1403 4062 in
1425 4005 1624 4062 eodem
1648 4004 1827 4075 primo
1848 4003 2017 4059 Musei
2042 4002 2221 4059 Italici
2248 4011 2396 4065 temo
2427 4000 2508 4074 [p.
2531 4001 2596 4064 ll.
2621 4001 2786 4073 p.52,
2813 4000 2928 4074 3'1].
2957 4016 3081 4056 cum
3111 4003 3387 4063 litterario
3421 4008 3556 4063 orbe

292 4097 779 4160 communicavit,
814 4096 1005 4150 addito
1030 4096 1311 4151 variarum
1348 4094 1602 4165 ejusdem
1632 4092 1853 4150 Codicis
1878 4107 1910 4146 a
1945 4092 2287 4149 Garneriano
2331 4090 2477 4151 libro
2506 4090 2813 4145 lectionum
2856 4088 3168 4158 spieilegio.
3212 4089 3560 4163 Mabillonia-

319 4201 459 4241 num
493 4186 664 4239 hocce
688 4184 1136 4253 supplementum
1180 4181 1320 4237 tanti
1345 4197 1377 4236 a
1402 4182 1540 4237 viris
1563 4180 1805 4237 eruditis
1836 4181 2086 4238 habitum
2113 4187 2221 4240 est,
2253 4186 2315 4232 ut
2337 4176 2449 4231 duo
2475 4176 2544 4230 de
2567 4189 2705 4228 nova
2733 4173 3063 4230 Garneriani
3090 4176 3283 4232 Diurni
3314 4179 3560 4238 editione

318 4273 717 4345 cogitaverim.
752 4272 973 4326 Primus
996 4271 1311 4339 Stephanus
1340 4270 1603 4327 Baluzius
1625 4269 1751 4335 iuit,
1774 4270 1873 4340 qui
1904 4270 1961 4326 in
1991 4274 2186 4338 quarta
2213 4263 2486 4318 librorum
2520 4261 2669 4317 Petri
2693 4260 2763 4315 de
2794 4260 2975 4317 Marca
3012 4263 3076 4316 de
3107 4260 3408 4321 Concordia
3443 4268 3533 4341 edi
3545 4300 3562 4313 -

319 4364 478 4418 tione
506 4364 575 4417 ad
610 4361 710 4416 lib.
747 4378 787 4426 ι,
820 4375 944 4429 cap.
974 4358 1029 4421 9.
1076 4367 1202 4428 post
1236 4372 1304 4413 ea
1329 4375 1453 4428 quae
1482 4374 1650 4429 supra
1690 4356 2068 4417 recitavimus,
2101 4367 2195 4407 nos
2225 4365 2372 4414 vero,
2403 4348 2605 4420 inquit,
2646 4348 2695 4403 si
2722 4346 2865 4403 Deus
2896 4349 3044 4423 nobis
3071 4350 3237 4427 vitam
3287 4354 3557 4425 otiumque

319 4450 662 4516 concesserit,
681 4465 873 4502 nouam
901 4446 1053 4502 illius.
1073 4446 1356 4500 editionem
1378 4445 1561 4499 daturi
1585 4460 1767 4500 sumus
1796 4453 1845 4497 et
1863 4442 2226 4513 integriorem,
2246 4447 2295 4491 et
2323 4435 2617 4501 meliorem,
2641 4436 2978 4491 emendatam
3008 4437 3247 4493 videlicet
3270 4442 3557 4513 secundum

314 4536 484 4604 ﬁdem
504 4536 970 4591 vetustissimorum
991 4530 1393 4600 acmplarium.
1415 4531 1564 4585 Alter
1583 4529 1906 4586 iuitJesuita
1929 4528 2155 4582 Daville.
2181 4524 2251 4582 Ut
2270 4538 2356 4589 ea,
2378 4538 2542 4594 quam
2563 4523 2956 4590 meditabatur,
2980 4524 3155 4579 editio
3177 4540 3342 4591 quam
3367 4541 3563 4581 einen.-

320 4625 611 4681 datissima
647 4631 813 4687 esset,
844 4628 1008 4690 atque
1034 4620 1267 4689 integra,
1292 4618 1363 4673 ad
1388 4618 1736 4673 Dominicum
1758 4617 2011 4672 abbatem
2042 4612 2436 4675 Passionasum,
2470 4620 2663 4682 postea
2697 4609 2756 4664 S.
2794 4610 2868 4664 Β.
2901 4608 2966 4667 Ε.
2990 4610 3350 4687 cardinalem,
3374 4612 3469 4681 qui
3504 4613 3560 4670 iu

317 4711 703 4769 adolescentia
748 4724 847 4766 sua
891 4707 1077 4778 qualis
1113 4705 1337 4773 futurus
1366 4712 1537 4773 esset,
1579 4706 1692 4777 jam
1722 4717 1839 4759 tum
1881 4699 2359 4775 praemonstrabat,
2394 4695 2665 4767 confugit.
2696 4695 2749 4751 Is
2771 4712 2904 4752 vero
2934 4713 3045 4767 quo
3087 4712 3305 4768 semper
3340 4697 3446 4751 fuit
3478 4708 3559 4755 ret

319 4801 612 4855 litterariat
639 4795 899 4869 juvanda:
929 4794 1138 4862 studio,
1165 4793 1596 4863 Cistercienaem
1627 4791 1878 4847 codicem
1910 4805 2052 4861 stupe
2080 4806 2111 4844 a
2147 4788 2309 4844 nobis
2344 4794 2708 4841 memoratum
2738 4799 2833 4839 an.
2868 4784 3032 4851 £706,
3064 4800 3189 4841 cum
3219 4785 3560 4841 amicissimo

324 4886 569 4959 praesule
594 4884 753 4941 iusto
783 4882 1114 4941 Fontauinio
1146 4881 1448 4949 consuluit.
1480 4888 1535 4934 et
1567 4894 1691 4936 cum
1724 4878 2059 4951 Garneriana
2086 4875 2334 4929 editione
2364 4870 2789 4949 diligentissime
2816 4873 3198 4959 comparavit;
3234 4883 3348 4957 tum
3380 4873 3561 4927 varias

317 4956 600 5030 lectiones
638 4972 708 5029 ad
747 4970 1038 5025 Davillium
1074 4967 1268 5035 misit;
1298 4967 1447 5039 quod
1474 4985 1505 5021 a
1535 4967 1753 5022 clat'iss.
1785 4975 1842 5022 et
1884 4964 2166 5020 illustriss.
2202 4963 2502 5033 Cyrenensi
2528 4961 2806 5043 episcopo
2843 4956 3008 5015 Petro
3054 4959 3277 5031 Aloysio
3326 4960 3561 5017 Galletio

319 5062 600 5117 docemur
622 5060 677 5116 iu
708 5054 1063 5114 celeberrimi
1099 5054 1249 5109 illius
1276 5054 1597 5130 grcardinalis
1622 5055 1801 5124 elogio
1840 5052 2128 5113 liiStorieo.
2155 5066 2211 5121 p.
2240 5050 2326 5104 lt).
2358 5049 2565 5105 Neuter
2599 5057 2783 5100 tamen
2817 5061 2930 5101 rem
2969 5047 3221 5116 perfecit,
3251 5061 3561 5120 eorumque

317 5146 446 5202 sive
478 5142 773 5215 promissa,
808 5142 927 5195 sive
968 5136 1208 5209 cogitata
1234 5137 1456 5201 nonnisi
1486 5138 1749 5217 augenda:
1788 5138 2044 5193 Theodori
2081 5136 2314 5215 Jansson
2355 5135 2420 5189 ab
2452 5130 2784 5215 Almeloveen
2830 5132 3155 5191 bibliotheca
3203 5138 3477 5205 promissa:
3510 5143 3561 5189 et

316 5233 522 5288 latenti
561 5228 886 5285 inservient.
928 5293 933 5300 ,

396 5338 493 5393 ιιι.
530 5337 690 5393 Anno
736 5346 905 5405 porro
948 5330 1111 5397 1724,
1151 5329 1485 5395 Benedictus
1514 5330 1637 5387 XIII
1682 5334 1923 5388 maximo
1966 5332 2227 5387 Ecclesiae
2271 5331 2421 5384 bono
2452 5344 2703 5387 summus
2741 5332 2998 5389 Pontifex
3050 5330 3403 5407 renuntiatus
3450 5339 3557 5383 est.

322 5428 493 5482 Tunc
527 5426 699 5479 enim-
724 5438 856 5478 vero
886 5420 1120 5485 factum,
1151 5430 1212 5476 ut
1253 5418 1312 5474 in
1341 5419 1543 5488 angulo
1576 5419 1856 5475 Vaticana:
1906 5419 2260 5475 bibliothecae
2310 5416 2663 5474 Sanctoriani
2708 5420 2967 5485 Ritualis,
2998 5428 3167 5489 atque
3214 5415 3559 5471 Holsteuiani

264 5546 269 5553 ι
317 5517 525 5573 Diurni
553 5511 802 5582 exempla
836 5508 1247 5564 invenirentur.
1283 5509 1359 5562 De
1388 5506 1668 5563 Sanctorii
1710 5508 1916 5562 Rituali
1949 5508 2158 5563 dictum
2192 5516 2344 5561 tomo
2373 5506 2392 5561 ι
2426 5521 2457 5560 a
2489 5507 2649 5562 nobis
2678 5518 2767 5563 est
2794 5508 2981 5563 verbis
3007 5492 3376 5583 BEN‘EDICTI
3417 5500 3558 5558 XIV.

264 5640 271 5645 -
314 5606 410 5661 Ad
446 5605 726 5665 Diurnunt
774 5598 923 5670 quod
952 5601 1173 5661 attinet,
1214 5610 1344 5653 cum
1386 5596 1613 5652 inventa
1656 5596 1777 5667 ejus
1824 5597 2074 5667 exempla
2105 5611 2232 5652 cum
2274 5595 2456 5667 titulo,
2492 5604 2607 5650 tum
2642 5605 2889 5661 extremo
2913 5596 3244 5652 octernione
3277 5600 3558 5655 carerent,

260 5726 269 5736 ο
310 5695 514 5749 visum
553 5701 662 5756 est,
694 5700 995 5757 utrumque
1030 5684 1173 5757 typis
1207 5699 1417 5739 aurium
1453 5685 1616 5750 £658,
1648 5695 1706 5741 et
1734 5682 2046 5742 Vsumcmu
2082 5684 2483 5757 typographum
2532 5684 2964 5741 ementientibus
2994 5684 3181 5747 edere.
3233 5690 3294 5736 ut
3333 5678 3562 5752 praelab-

314 5797 456 5838 rum
488 5795 650 5851 opus,
678 5776 1020 5839 absolutum,
1051 5773 1233 5846 quoad
1270 5772 1388 5830 ﬁeri
1418 5785 1606 5848 possm
1634 5773 2054 5849 perfectumque
2081 5769 2349 5842 prodiret.
2379 5766 2541 5824 Certe
2567 5774 2936 5839 praeterquam
2968 5769 3113 5839 quod
3141 5767 3257 5824 sive
3282 5766 3554 5829 chartam,

647 5875 920 5934 l‘nnoe.
964 5868 1088 5931 CV.
3165 5870 3238 5930 is
