4000 6178
533 323 671 378 1387
1797 315 1912 372 FB.
1949 314 2113 380 ᾼΝΤ.
2154 311 2520 369 ΖΛΕΟΑΙΙΙΔΞ
3647 313 3789 367 1588

528 446 647 502 sive
689 444 1049 499 characteres
1095 443 1386 512 aliquanto
1415 441 1742 512 diligentius
1777 441 2105 512 inspexeris,
2132 438 2324 494 nescio
2352 437 2485 508 quid
2530 435 2795 492 novitatis
2828 435 2884 490 in
2911 435 3100 490 oculos
3141 434 3334 490 statim
3368 433 3627 498 incurrit,
3661 451 3791 505 quae

504 531 850 609 ,discrimlna
886 531 1370 601 inter‘vulgatiora
1403 530 1522 585 haec
1545 530 1816 599 exempla,
1845 540 1902 584 et
1932 515 2256 583 Vaticanum
2287 544 2378 582 an.
2415 526 2554 582 1650
2588 535 2838 581 notatum
2863 524 3033 595 (quod
3062 539 3232 594 supra
3264 523 3786 592 animadvertimus)

514 635 588 690 ea
625 618 898 688 ejusmodi
931 627 1082 684 sunt,
1111 628 1172 673 ιιι
1215 625 1508 687 utramque
1541 618 1805 688 postremi
1847 618 1996 671 illius
2020 615 2367 670 octernionis
2397 615 2696 668 editionem
2726 614 2793 668 ah
2827 627 2938 667 uno
2967 612 3287 682 eodemque
3314 612 3612 666 liolstenio
3647 628 3779 681 pro-

516 699 700 761 ﬁcisci
731 722 840 760 non
874 708 1122 776 potuisse
1158 707 1336 776 palam
1370 706 1595 760 faciant.
1639 705 1746 760 Sed
1775 715 1831 758 et
1869 706 1974 758 alia
2005 713 2088 758 est
2117 704 2262 756 inter
2292 711 2586 770 utramque
2615 701 2922 755 editionem
2945 700 3285 764 dill‘erentia,
3319 716 3440 769 quae
3471 716 3588 754 rem
3618 700 3778 767 plane

525 794 768 850 conficit.
816 794 1101 858 Oeternio,
1157 795 1255 863 qui
1285 795 1337 847 in
1370 794 1639 862 exemplis
1673 809 1882 848 annum
1932 792 2068 846 H558
2106 788 2592 859 praiseferentibns
2641 789 2905 853 occurrit,
2938 790 3003 843 ad
3035 788 3440 844 Garneriamm
3472 787 3774 842 editionem

525 897 768 936 exeusus
802 893 907 936 est.
939 882 1073 936 Nam
1105 897 1231 936 eum
1273 883 1320 936 is
1345 880 1401 935 in
1432 881 1700 936 Vaticano
1731 896 1824 936 an.
1865 880 2003 934 l650
2036 880 2307 947 impresso
2338 877 2531 932 codice
2564 877 2820 945 plurimis
2864 877 3165 931 lectionum
3197 875 3614 931 varietatibusa
3639 875 3780 929 Gar-

527 972 760 1025 neriano
792 971 994 1026 diurno
1025 971 1092 1024 de
1121 985 1275 1025 more
1323 971 1720 1040 distinguatur,
1754 971 1808 1023 in
1860 969 2078 1024 eieteris
2110 966 2220 1019 illis
2260 965 2530 1032 exemplis
2573 967 2641 1020 ab
2681 965 2790 1018 hoe
2823 979 2891 1018 ne
2923 966 3094 1019 verbo
3137 964 3364 1033 quidem
3397 963 3691 1031 discrepat,
3729 963 3776 1016 si

527 1075 790 1114 numeros
833 1060 1208 1129 meudumque
1246 1060 1707 1130 typographicum
1740 1059 1988 1128 excipias
2027 1074 2083 1127 p.
2118 1060 2246 1124 230,
2287 1058 2380 1112 ubi
2416 1057 2592 1110 oblata
2629 1072 2728 1124 pro
2763 1056 2948 1110 ablata
2979 1057 3191 1110 editum
3241 1055 3366 1110 fuit.
3399 1055 3568 1109 Tanta
3608 1069 3777 1122 porro

523 1163 647 1202 cum
698 1148 1048 1202 Garneriano
1078 1148 1224 1202 libro
1265 1148 1654 1202 convenientia
1687 1147 1849 1200 aliam
1882 1146 2090 1200 habere
2125 1162 2350 1201 causam
2381 1162 2491 1199 non
2523 1145 2725 1215 potuit,
2755 1160 2922 1214 quam
2960 1153 3240 1198 recentem
3273 1144 3396 1214 ejus
3434 1142 3780 1197 octernionis

522 1235 828 1291 editionem
861 1237 929 1290 ad
973 1236 1380 1292 Garnerianum
1420 1234 1673 1290 codicem
1707 1249 2052 1303 expressam.
2104 1234 2316 1304 Nempe
2350 1249 2475 1288 cum
2520 1235 2588 1288 de
2622 1237 2980 1288 inventorum
3031 1232 3410 1300 exemplorum
3440 1230 3780 1300 perfectione

523 1325 884 1394 cogitaretur,
917 1340 1096 1393 neque
1130 1325 1230 1389 eis,
1259 1323 1464 1394 quibus
1498 1323 1552 1377 id
1593 1338 1741 1377 cura:
1773 1323 2023 1378 delatum
2059 1323 2263 1402 fuerat,
2303 1324 2544 1378 fortasse
2579 1333 2675 1377 aut
2703 1323 2770 1378 de
2796 1311 3064 1379 Vaticano
3093 1322 3358 1377 Holstenii
3387 1321 3583 1376 codice
3615 1321 3778 1390 quid-

523 1426 692 1480 quam
731 1411 1084 1474 innotuisset,
1129 1421 1226 1465 aut
1270 1427 1378 1466 ms.
1422 1410 1823 1467 Cis’terciensis
1867 1410 2078 1466 codicis
2128 1410 2307 1470 facilis
2336 1412 2493 1483 cepia
2542 1411 2706 1475 foret,
2738 1427 2860 1479 qua:
2891 1411 3141 1476 deerant,
3173 1425 3240 1464 ex
3273 1409 3548 1465 Gamerio
3584 1409 3776 1480 "(quod

526 1518 697 1556 unum
734 1502 1049 1572 supererat)
1090 1502 1340 1572 suppleta
1373 1502 1442 1557 ab
1493 1501 1600 1556 illis
1630 1501 1882 1556 fuerunt.
1919 1500 2094 1555 Porro
2125 1516 2247 1571 quas
2297 1503 2366 1557 de
2416 1504 2522 1557 hoc
2572 1502 2902 1557 octernione
2957 1501 3104 1554 dicta
3149 1508 3299 1563 sunt,
3358 1499 3579 1552 titulum
3631 1512 3778 1567 quo-

520 1604 652 1658 que,
709 1605 1057 1659 sequensque
1108 1589 1380 1644 monitum
1442 1599 1574 1644 tunc
1622 1589 1801 1659 primo
1851 1588 2102 1644 additum
2151 1591 2424 1660 probant;
2481 1600 2632 1645 tanta
2683 1598 2768 1644 est
2820 1600 3074 1661 typornm
3121 1597 3177 1642 et
3227 1587 3430 1642 charta:
3481 1585 3780 1656 utrobique

521 1677 852 1732 similitudo.

558 1853 560 1855 ,
591 1791 681 1845 ιν.
720 1788 1136 1846 llolstenianum
1177 1807 1307 1861 ergo
1350 1793 1620 1847 Diurnum
1653 1793 1936 1863 sexaginta
1967 1793 2082 1850 fere
2127 1805 2250 1865 post
2280 1811 2478 1860 annos,
2512 1811 2578 1851 ex
2615 1810 2727 1864 quo
2757 1792 2812 1848 in
2842 1809 2909 1848 eo
2949 1789 3202 1847 conclavi
3234 1789 3531 1859 repositum
3566 1787 3778 1848 fuerat.

520 1881 861 1944 absolutum,
915 1879 1332 1950 perfectumque
1381 1881 1436 1934 in
1484 1882 1761 1950 publicam
1796 1882 1977 1937 lucem
2021 1883 2226 1938 sensim
2271 1897 2339 1938 eo
2393 1893 2642 1951 tempore
2674 1880 2923 1945 emersit,
2957 1889 3125 1948 atque
3159 1877 3215 1931 in
3249 1876 3496 1946 privatas
3545 1889 3779 1944 quoque

520 1967 890 2022 bibliothecas
916 1967 1159 2022 transiit.
1183 1967 1600 2036 Schoepfliuius,
1637 1969 1704 2022 de
1728 1984 1838 2039 quo
1862 1970 2027 2039 paulo
2047 1979 2189 2040 post,
2217 1986 2386 2024 unum
2411 1971 2717 2024 alterumve
2743 1968 2910 2037 hujus
2935 1968 3121 2036 operis
3141 1965 3452 2035 exemplum
3483 1978 3541 2019 se
3569 1963 3780 2015 vidisse

521 2057 709 2111 Roma:
759 2056 906 2126 apud
942 2057 1351 2111 illustrissimos
1390 2057 1786 2111 Fontaninium
1841 2069 2006 2128 atque
2052 2058 2364 2130 Vignolium
2418 2067 2672 2120 testatur,
2718 2057 2912 2125 utique
2947 2071 3015 2109 ex
3048 2054 3177 2119 illis,
3222 2069 3347 2123 qua:
3391 2052 3448 2106 in
3495 2049 3777 2121 publicam

519 2145 702 2198 lucem
738 2153 868 2198 tunc
902 2145 1104 2198 emissa
1137 2153 1304 2212 atque
1348 2143 1418 2198 ab
1449 2144 1732 2200 oblivione
1763 2144 2044 2202 vindicata
2091 2148 2262 2203 fuisse
2305 2147 2570 2202 diximus.
2627 2145 2845 2200 Interea
2879 2144 3164 2214 Vignolius
3207 2142 3314 2196 hoc
3361 2149 3563 2195 nactus
3588 2153 3779 2194 exem-

519 2233 670 2301 plum
700 2232 970 2302 quidquid
995 2233 1286 2286 variarum
1321 2231 1647 2295 lectionum,
1678 2242 1770 2288 aut
1804 2251 1991 2290 rerum
2019 2237 2350 2292 omissarum
2397 2237 2451 2290 in
2483 2252 2550 2291 eo
2583 2233 2958 2303 deprehendit
2992 2248 3119 2288 cum
3151 2231 3498 2286 Garneriana
3528 2229 3777 2284 editione

520 2329 842 2390 comparato
884 2335 1102 2376 summa
1132 2321 1422 2390 diligentia
1456 2321 1788 2377 Garneriani
1842 2323 1971 2378 libri
2003 2325 2117 2379 oris
2155 2325 2415 2394 ascripsit
2455 2325 2524 2379 l9
2550 2335 2605 2379 et
2631 2322 2702 2378 9.0
2731 2323 2940 2390 Aprilis
2975 2337 3066 2376 an.
3099 2320 3262 2374 1725.
3297 2318 3431 2373 Mihi
3461 2328 3646 2372 autem
3681 2317 3778 2370 illo

521 2409 601 2462 uti
628 2409 786 2464 licuit
809 2409 1074 2479 singulari
1099 2409 1441 2464 humanitate
1472 2411 1898 2465 eminentissimi
1928 2412 1987 2466 S.
2021 2413 2086 2466 ΙΙ.
2127 2413 2188 2466 Ε.
2213 2414 2478 2484 principis
2505 2411 2781 2467 Leonardi
2819 2409 3141 2476 Antonellii,
3171 2410 3230 2464 in
3265 2407 3423 2478 cujus
3457 2406 3777 2462 instructis-

517 2494 657 2550 sima
685 2506 852 2565 atque
887 2496 1302 2566 elegantissima
1326 2497 1665 2554 bibliotheca
1697 2498 2061 2570 Vignolianus
2086 2502 2179 2556 ille
2214 2501 2470 2557 Garnerii
2495 2502 2636 2558 liber
2661 2510 3000 2557 asservatur.

591 2615 654 2669 ιτ.
691 2613 964 2668 Caeterum
997 2613 1051 2668 in
1100 2613 1218 2668 dies
1257 2613 1516 2668 Garnerii
1552 2615 1726 2669 editio
1757 2615 2056 2671 admodum
2092 2632 2216 2670 rara
2248 2617 2538 2672 evadebat.
2572 2617 2760 2686 Itaque
2800 2615 3208 2671 Garnerianum
3256 2612 3528 2667 Diurnum
3558 2609 3770 2666 Christ.

515 2703 865 2758 Godofredus
889 2700 1253 2756 Holi'mannus
1277 2718 1370 2756 an.
1408 2702 1549 2758 1755
1583 2704 1638 2757 in
1674 2701 1881 2757 Novam
1907 2706 2224 2774 scriptorum
2249 2721 2308 2757 ac
2339 2712 2802 2758 monumentorum
2832 2687 3234 2756 rarissimarum
3263 2700 3628 2755 collectionem
3663 2714 3695 2752 a
3717 2712 3774 2752 se

517 2793 716 2861 Lipsia-
736 2792 1012 2860 vulgatam
1047 2792 1235 2846 intulit
1265 2799 1303 2844 t.
1337 2791 1402 2855 ll,
1444 2807 1498 2860 p.
1535 2791 1729 2856 1-268,
1768 2791 2164 2846 Mabilloniano
2212 2801 2436 2846 auctum
2469 2791 2885 2860 supplemento.
2917 2790 3122 2844 Verum
3151 2789 3314 2843 Joan.
3352 2787 3548 2841 Daniel
3585 2787 3776 2842 Schm-

516 2879 739 2946 pllinius
777 2894 902 2932 eum
944 2894 1034 2930 au.
1081 2879 1208 2932 lui
1261 2879 1490 2934 Basilea
1542 2895 1671 2934 suas
1701 2880 1892 2935 ederet
1939 2881 2409 2939 commentationes
2458 2879 2734 2934 historicas
2764 2888 2814 2931 et
2844 2881 3076 2937 criticas.
3107 2877 3175 2932 de
3209 2877 3416 2931 Diurno
3446 2875 3626 2931 multo
3654 2890 3774 2930 me-

514 2967 624 3021 lius
672 2967 904 3020 meritus
949 2974 1055 3020 est.
1093 2966 1305 3029 Romae,
1361 2977 1422 3020 ut
1467 2966 1728 3030 vidimus,
1767 2965 2114 3022 llolsteniani
2160 2967 2292 3021 libri
2341 2967 2657 3037 exemplum
2703 2965 2851 3036 apud
2909 2966 3228 3035 Vignolium
3279 2974 3338 3020 et
3376 2962 3774 3020 Fontaninium

515 3062 736 3118 nactus,
763 3051 1167 3108 Garnerianum
1209 3067 1336 3106 eum
1373 3051 1733 3106 Holsteniano
1767 3053 1977 3107 Diurno
2011 3056 2303 3110 contendit
2333 3072 2346 3107 :
2379 3057 2485 3110 nisi
2520 3058 2646 3126 quis
2686 3058 2920 3110 fortasse
2954 3072 3064 3111 non
3109 3063 3316 3112 temere
3347 3053 3502 3118 velit,
3528 3066 3656 3106 eum
3707 3067 3774 3105 ex

515 3142 752 3211 Vignolii
781 3141 1068 3196 laboribus
1103 3140 1427 3210 proiecisse,
1460 3148 1518 3194 et
1549 3155 1690 3209 quas
1723 3139 1870 3194 hunc
1898 3139 2248 3198 Garneriano
2309 3144 2455 3198 libro
2506 3144 2832 3213 ascripsisse
2859 3143 3104 3198 diximus
3141 3142 3324 3196 varias
3356 3140 3652 3207 lectiones,
3680 3154 3773 3194 eas

513 3233 622 3285 sibi
656 3244 1031 3300 comparasse.
1062 3228 1234 3300 Igitur
1267 3244 1322 3298 p.
1348 3227 1618 3294 502-524,
1651 3228 1773 3283 loca
1807 3229 1925 3283 fere
1961 3231 2175 3296 omnia,
2211 3235 2266 3286 in
2297 3231 2501 3301 quibus
2531 3231 2785 3287 Garuerii
2812 3231 2956 3287 liber
2989 3232 3060 3285 ah
3085 3230 3445 3286 Holsteniano
3472 3229 3769 3297 discrepat.

513 3319 841 3389 paginarum
896 3317 1049 3372 illius
1093 3315 1291 3370 ordine
1331 3325 1572 3381 servato,
1611 3315 1894 3370 adnotavit
1927 3334 1940 3369 :
1984 3325 2100 3372 tum
2131 3334 2254 3387 quae
2287 3318 2520 3374 editioni
2559 3319 2936 3376 Holsteniana:
2979 3318 3197 3389 adjecta
3241 3329 3394 3383 sunt,
3426 3335 3484 3389 p.
3523 3315 3773 3372 525—550

512 3408 758 3473 addidit;
791 3407 886 3462 sed
926 3407 1128 3460 mirum
1153 3417 1260 3470 est,
1295 3414 1537 3474 quatuor
1566 3403 1636 3456 ab
1667 3418 1736 3457 eo
1767 3403 2000 3460 omissas
2042 3397 2502 3476 lormulasiiquas
2533 3423 2599 3462 ex
2644 3405 3004 3463 Cisterciensi
3045 3407 3240 3463 codice
3271 3408 3624 3464 Mahillonius
3674 3423 3772 3462 ex-

512 3499 835 3566 scripserat,
872 3505 1039 3564 atque
1081 3492 1136 3547 in
1171 3491 1532 3547 llolsteniana
1578 3490 1826 3544 editione
1858 3491 2095 3560 legimus
2123 3509 2276 3548 num.
2312 3493 2402 3560 ‘56,
2441 3495 2532 3560 37,
2568 3495 2638 3550 48
2670 3505 2724 3550 et
2753 3496 2846 3551 93.
2879 3495 3008 3550 Post
3055 3497 3158 3550 hac
3197 3495 3407 3550 Paulos
3433 3495 3711 3564 Iosephus
3744 3511 3772 3548 ι

511 3586 743 3658 ltiegger
787 3600 985 3646 novam
1015 3580 1352 3648 ,Garneriani
1389 3581 1584 3635 Diurni
1612 3579 1922 3636 editionem
1960 3597 2052 3635 an.
2090 3582 2228 3636 l76'2
2265 3581 2602 3639 Vindobona:
2633 3585 2848 3640 curavit
2890 3583 3034 3650 in-8,
3065 3583 3202 3654 quin
3236 3584 3414 3640 veteri
3462 3585 3770 3641 Parisiensi

513 3677 817 3747 quidquam
848 3675 1101 3730 adderet.

587 3797 674 3851 Vl.
717 3795 997 3850 Decennio
1032 3803 1153 3865 post
1185 3795 1279 3866 qui
1313 3802 1551 3865 emptam
1583 3794 1652 3850 ah
1697 3795 2142 3850 eminentissimo
2183 3791 2348 3848 Ursio
2379 3795 2816 3850 ecclesiasticam
2847 3793 3143 3850 historiam
3183 3793 3558 3865 persequitur,
3598 3809 3632 3849 e
3658 3794 3773 3851 Do-

515 3886 798 3939 minicana
834 3883 1038 3936 familia
1077 3885 1160 3936 vir
1209 3882 1465 3938 eruditus
1515 3899 1719 3937 novam
1763 3883 1830 3938 de
1877 3881 2030 3936 Libri
2061 3881 2255 3936 Diurni
2289 3892 2453 3938 aetate
2481 3882 2814 3938 sententiam
2868 3883 3100 3953 protulit
3128 3893 3170 3937 t.
3202 3882 3292 3945 ΙΙΙ,
3321 3883 3422 3936 lib.
3453 3898 3551 3945 ιη,
3581 3898 3638 3934 n.
3670 3883 3776 3939 83.

490 3975 647 4040 ‘l-lam
678 3973 770 4027 hic
790 3985 1130 4041 proponere,
1163 3980 1330 4038 atque
1359 3971 1677 4040 expendere
1711 3986 1811 4040 par
1844 3983 1947 4026 est.
1984 3969 2177 4024 Hanno
2223 3981 2450 4039 preteso,
2492 3972 2694 4042 inquit,
2740 3971 2781 4026 il
2810 3971 3095 4033 Camerio,
3125 3987 3154 4025 ι
3184 3971 3226 4025 il
3260 3968 3644 4039 Papebroelrio,
3673 3977 3776 4027 clis

516 4069 567 4118 la
605 4063 835 4132 formula
863 4059 1001 4115 delle
1029 4061 1208 4112 lettere
1241 4062 1427 4113 scritte
1460 4059 1554 4114 dal
1587 4059 1764 4126 Clero,
1800 4077 1826 4114 e
1861 4061 1956 4114 dal
1990 4059 2188 4130 l’opolo
2216 4060 2270 4112 di
2294 4058 2463 4113 Roma
2493 4059 2587 4113 all’
2621 4059 2849 4122 Esarea,
2909 4062 2963 4112 ai
3005 4057 3229 4122 Giudier’,
3255 4057 3349 4111 all'
3395 4058 3774 4123 Arcioescovo,

513 4169 539 4203 ε
567 4152 660 4205 all‘
688 4150 1028 4220 Apoerisario
1059 4148 1112 4200 cli
1157 4145 1433 4212 Ravenna,
1463 4164 1556 4217 per
1587 4157 1820 4201 ottenere
1857 4147 1896 4201 il
1925 4164 2178 4203 consensa
2229 4149 2373 4203 uella
2419 4147 2652 4202 elesione
2681 4147 2771 4201 del
2808 4147 3099 4216 Ponteﬁce,
3129 4146 3358 4200 secundo
3399 4148 3490 4200 che
3527 4148 3576 4200 ei
3619 4150 3776 4202 sicne

513 4246 920 4310 rappresentata
956 4236 1042 4289 uel
1076 4239 1299 4289 secando
1321 4251 1451 4306 capo
1474 4235 1560 4288 del
1583 4235 1746 4289 Libro
1770 4235 1976 4290 Βίην-πο
2003 4237 2083 4289 de'
2109 4235 2336 4289 Romani
2368 4236 2646 4304 Ponte/Sci.
2681 4220 2936 4289 sia'stata
2958 4236 3149 4289 diuesa
3186 4235 3330 4287 nella
3355 4237 3702 4304 promoaiane
3721 4238 3775 4289 di

514 4327 769 4397 Gregorio
813 4321 932 4389 111.
967 4340 995 4378 ι
1026 4325 1118 4378 die
1159 4326 1333 4394 perci‘o
1374 4323 1416 4378 il
1459 4333 1758 4378 mentovato
1812 4324 2024 4380 Diuma
2069 4330 2152 4384 sia
2186 4338 2326 4383 stato
2363 4327 2459 4381 dal
2489 4343 2583 4382 suo
2633 4338 2826 4382 autore
2877 4337 3148 4395 composta
3185 4328 3237 4380 in
3272 4334 3450 4397 questo
3483 4327 3774 4382 πιθάεείωο

515 4427 706 4486 tempo.
734 4413 1009 4470 Sistamus
1040 4413 1130 4466 hic
1164 4413 1588 4482 aliquantisper.
1624 4412 1680 4466 ld
1717 4414 1946 4482 quidem
1981 4417 2395 4486 Papebrochius
2429 4417 2628 4480 sensit,
2660 4418 2756 4486 qui
2788 4427 2969 4470 tamen
2995 4414 3333 4470 Relationem
3367 4416 3436 4469 ad
3468 4414 3770 4486 Principem

513 4509 566 4558 in
600 4505 785 4558 Leonis
819 4500 903 4568 11,
936 4501 1115 4556 multo
1149 4500 1495 4566 vetustioris,
1525 4501 1798 4557 electione
1845 4506 2068 4559 missam
2117 4505 2288 4558 fuisse
2320 4506 2585 4575 conjecit.
2621 4505 2824 4559 Verum
2853 4505 3176 4569 Garnerius,
3226 4514 3286 4558 ut
3334 4505 3388 4558 in
3424 4506 3544 4574 ejus
3573 4507 3774 4573 praetr

517 4596 667 4648 tione
697 4593 940 4647 vidimus
971 4590 1143 4660 (quod
1195 4601 1252 4644 et
1287 4591 1344 4644 in
1389 4585 1534 4645 notis
1567 4590 1753 4660 itcrat)
1784 4591 1851 4645 de
1885 4594 2151 4660 Gregorio
2184 4595 2248 4656 ll,
2287 4613 2398 4651 non
2424 4596 2517 4660 ΙΙΙ,
2558 4599 2777 4652 loeutus
2802 4605 2918 4659 est;
2971 4596 3081 4650 imo
3116 4611 3225 4650 non
3267 4611 3483 4662 omnes,
3517 4612 3640 4665 qua:
3679 4613 3774 4652 se-

514 4684 696 4736 cundo
749 4679 901 4735 Libri
959 4679 1154 4733 Diurni
1189 4678 1370 4748 capite
1406 4677 1790 4743 continentur,
1822 4679 2091 4734 formulas
2129 4683 2196 4736 ad
2243 4700 2415 4739 unum
2451 4687 2821 4755 eumdemque
2850 4681 3180 4740 Pontificem
3222 4696 3501 4754 spectasse
3535 4686 3767 4749 docuit;

513 4774 606 4824 sed
639 4773 925 4825 decretum
958 4771 1022 4822 de
1060 4767 1314 4821 electione
1336 4769 1507 4822 latum
1543 4770 1600 4821 in
1627 4768 1891 4822 Boiiilacii
1926 4769 1968 4825 V
2001 4770 2276 4826 electione
2305 4772 2478 4827 fuisse
2519 4775 2778 4842 opinatus
2805 4783 2910 4836 est,
2950 4774 3063 4827 imo
3089 4783 3145 4826 et
3173 4776 3239 4826 ad
3277 4772 3516 4826 Leonem
3557 4771 3620 4833 Il,
3657 4783 3770 4826 ter-

505 4850 645 4912 tiam
672 4874 738 4912 ex
766 4858 855 4926 iis,
883 4874 1005 4927 quze
1037 4857 1198 4912 titulo
1239 4855 1284 4909 Χ
1335 4864 1576 4920 exstant,
1613 4856 1740 4909 lidei
1769 4857 2169 4925 professionem
2210 4862 2542 4933 pertinuisse
2574 4864 2814 4917 censuit.
2871 4863 3062 4932 Neque
3119 4861 3176 4914 id
3241 4861 3378 4914 vitio
3427 4859 3766 4913 vertendum

510 4949 804 5012 tiarnerio,
852 4963 1008 5016 quasn
1041 4961 1227 5001 secum
1251 4941 1386 5015 ipso
1418 4944 1804 5015 imprudenter
1842 4950 2193 5020 confligeret,
2235 4950 2331 5002 sed
2375 4950 2543 5004 laudi.
2570 4950 2705 5003 Nam
2737 4951 2868 5005 licet
2909 4951 3196 5004 decretum
3228 4947 3365 5002 illud
3396 4948 3461 4999 de
3484 4947 3767 5009 electione,

513 5040 591 5092 uti
628 5037 683 5091 in
732 5035 851 5106 ejus
899 5035 1088 5089 codice
1120 5035 1394 5099 exstabat,
1443 5035 1738 5088 maluerim
1796 5051 1899 5107 ego
1955 5039 2023 5092 ad
2069 5038 2393 5108 Gregorium
2428 5038 2492 5094 lV
2529 5039 2780 5104 referre;
2816 5038 2953 5092 vidit
2985 5049 3165 5092 tamen
3203 5038 3288 5090 vir
3316 5050 3510 5106 magno
3541 5036 3769 5104 ingenio

510 5141 833 5195 summaque
866 5121 1180 5177 eruditione
1207 5123 1490 5192 praeditus,
1513 5123 1716 5192 capitis
1748 5124 1902 5178 illius
1928 5126 2214 5194 formulas,
2249 5130 2294 5183 si
2327 5144 2437 5199 quo
2469 5129 2711 5199 primum
2742 5139 2994 5199 tempore
3031 5127 3287 5196 usurpari
3318 5136 3604 5194 emperant
3630 5132 3769 5194 (non

509 5235 620 5289 quo
656 5222 711 5273 in
747 5215 962 5270 Librum
997 5211 1260 5266 Diurnum
1294 5213 1460 5267 illatas
1501 5213 1772 5280 fuerunt;
1812 5216 1930 5270 haec
1959 5219 2106 5271 enim
2143 5219 2364 5273 diversa
2396 5219 2556 5287 plane
2605 5227 2756 5283 sunt,
2797 5228 2855 5271 ut
2910 5218 3040 5272 alibi
3085 5231 3304 5286 quoque
3348 5215 3562 5283 monui)
3596 5213 3772 5266 unius

510 5309 791 5365 Pontificis
819 5302 1077 5363 electioni
1106 5311 1273 5372 atque
1295 5304 1633 5359 ordinationi
1687 5306 2092 5372 tribuerentur,
2118 5323 2228 5362 non
2263 5311 2400 5362 satis
2427 5308 2533 5363 sibi
2563 5309 2906 5363 eonstituras
2937 5307 3111 5362 luisse
3139 5325 3153 5360 :
3183 5305 3312 5374 quis
3339 5305 3514 5366 enim,
3538 5317 3628 5355 ex.
3654 5319 3770 5374 ετ..

509 5397 811 5454 secundam
874 5396 1204 5464 tertiamque
1239 5390 1364 5476 fidei
1392 5391 1806 5460 professionem
1838 5395 1904 5448 ab
1929 5395 2122 5452 eodem
2149 5397 2417 5476 Poqtiliee
2445 5397 2687 5466 primum
2720 5397 2924 5451 editam
2950 5395 3177 5457 dixerit,
3206 5408 3330 5446 cum
3365 5392 3774 5447 Constantinus

509 5489 824 5556 l‘ugunalus
855 5484 912 5537 in
943 5484 1048 5537 hac
1093 5469 1384 5536 etiamtum
1414 5480 1572 5533 vivus
1598 5521 1614 5546 ,
1665 5480 1721 5533 in
1755 5481 1932 5535 altera
1977 5481 2090 5553 jam
2139 5469 2436 5540 defunctus
2481 5485 2773 5555 perspicue
2816 5483 3134 5538 indicetur?
3167 5479 3276 5536 Sed
3321 5481 3602 5535 labentem
3647 5479 3776 5548 ipso

507 5573 899 5642 disputationis
921 5587 1034 5627 suae
1066 5570 1228 5628 initio
1262 5567 1601 5624 historicum
1636 5570 1690 5624 in
1728 5586 1786 5624 re
1816 5585 1925 5625 non
1965 5572 2166 5626 summi
2204 5570 2477 5626 momenti
2510 5572 2677 5626 nimis
2700 5571 2894 5626 multis
2921 5569 3199 5641 persecuti
3234 5568 3410 5625 videri
3442 5579 3776 5637 possumus.

508 5663 564 5718 ld
602 5679 731 5733 ergo
765 5662 1132 5729 dimittamus,
1169 5651 1228 5718 et
1275 5648 1346 5716 ad
1393 5675 1594 5715 novum
1638 5661 1758 5733 ejus
1791 5659 1860 5716 de
1912 5661 2090 5732 primo
2109 5657 2251 5716 slibri
2289 5659 2485 5715 Diurni
2533 5668 2763 5716 auctore
2804 5675 2870 5714 ac
2924 5672 3174 5729 tempore
3224 5666 3466 5728 systema
3513 5655 3780 5711 animum

508 5751 852 5820 adjiciamus.
