4000 6178
307 269 440 359 ιέῑεε)
1349 294 1436 348 DE
1476 292 1679 349 Ltnno
1723 291 1985 349 DlURNO
2025 293 2505 349 nisssnrmo.
3423 293 3559 350 meo

377 414 489 470 Vll.
532 415 610 469 Eo
667 415 801 468 illud
851 413 1073 467 demum
1127 411 1291 471 redit,
1343 411 1410 465 ad
1454 411 1733 466 Paschalis
1764 412 2153 481 pseutlopapm.
2196 413 2290 480 qui
2330 412 2558 466 Conone
2622 421 2841 467 mortuo
2891 427 2980 467 an.
3019 411 3123 466 687
3157 419 3253 466 aut
3289 423 3559 481 sequente

305 503 668 574 apostolicum
722 487 991 555 thronum
1025 500 1281 554 factionis
1313 515 1428 553 sum
1459 499 1514 551 vi
1549 500 1818 553 adversus
1866 499 2118 568 Sergium
2161 501 2460 561 invaserat,
2491 500 2820 553 eiectionem
2872 500 3094 553 litteras
3141 499 3265 552 illas
3295 499 3362 552 ad
3402 515 3561 553 exar-

305 594 469 646 chum
501 599 842 660 caeterosque
873 589 1226 644 Ravennates
1275 588 1577 657 pertinere,
1619 587 1860 657 hincque
1911 587 2139 642 Librum
2189 589 2456 643 Diurnnm
2504 590 2572 643 iis
2609 589 2836 644 circiter
2869 589 3217 660 temporibus
3257 589 3559 656 prodiisse.

307 680 506 733 Verum
541 679 583 735 si
613 679 745 750 quid
780 679 944 732 video
986 680 1144 746 (pare
1178 678 1278 731 viri
1311 676 1485 736 docti.
1516 692 1680 745 quem
1727 677 1943 745 plurimi
1971 677 2136 741 facio,
2174 679 2382 732 dictum
2417 683 2558 743 eS'o)
2596 679 2738 733 nihil
2778 680 3081 747 excogitari
3120 680 3301 748 potuit
3332 695 3458 732 cum
3492 681 3562 732 ab

308 768 525 820 illorum
560 777 870 835 temporum
901 765 1154 825 historia,
1192 772 1307 817 tum
1343 764 1410 816 ab
1445 763 1578 830 ipsis
1622 761 1769 816 Libri
1803 762 1993 818 Diurni
2043 765 2296 820 formulis
2337 769 2591 820 alienius.
2623 765 2702 821 La
2736 777 3039 820 mentovata
3069 767 3298 835 {ormola
3343 767 3564 838 (Decre-

308 867 416 908 tum
450 855 517 910 de
547 856 842 923 electione)
877 855 924 907 ci
955 856 1022 906 da
1054 870 1255 907 ancora
1294 853 1476 906 alcuni
1521 851 1650 905 Iunii
1684 854 1770 919 piit
1799 854 1968 905 cliiari
2001 870 2096 921 per
2124 856 2298 906 venire
2323 857 2376 907 in
2403 856 2706 924 cognizione
2741 856 2828 907 del
2861 865 3034 924 tempe
3060 859 3287 924 precise,
3316 857 3371 908 in
3396 855 3481 907 cui
3506 853 3562 922 fa

309 943 644 997 dull'autore
675 943 802 996 dato
839 942 950 994 alla
975 941 1152 995 luceil
1187 939 1430 993 suddetto
1459 941 1610 993 libre.
1644 939 1980 1007 Imperare/te
2014 941 2116 993 ella
2150 942 2198 994 ci
2249 943 2454 1004 addita,
2484 945 2574 995 the
2611 943 2661 996 la
2685 959 2906 1012 persona
2939 943 3101 996 eletta
3153 943 3206 996 al
3241 941 3562 1008 l’entiﬁcato

307 1033 574 1096 ricopriva
613 1031 665 1082 la
702 1031 883 1084 carica
914 1031 967 1082 di
995 1030 1362 1089 arcidiacone,
1394 1043 1421 1080 ε
1453 1044 1669 1081 correva
1703 1029 1743 1080 il
1771 1044 1908 1081 mese
1941 1029 1995 1082 di
2020 1027 2318 1082 Novembre
2363 1031 2507 1084 della
2555 1033 2740 1100 quinta
2771 1031 3072 1086 Indizione.
3111 1032 3348 1086 Fallitur
3385 1031 3566 1084 enim.

305 1134 436 1172 vero
464 1118 765 1187 dupliciter
799 1118 1102 1172 historicus
1136 1126 1348 1170 noster.
1386 1115 1518 1168 Nam
1555 1131 1681 1168 cum
1732 1117 1844 1169 duo
1877 1127 2098 1170 exstent
2125 1117 2274 1170 Libri
2312 1118 2503 1171 Diurni
2540 1121 2818 1188 exempla,
2856 1120 3265 1176 Garnerianum
3297 1121 3560 1178 alterum,

308 1207 361 1258 in
410 1222 521 1273 quo
557 1205 859 1260 ascribitur
891 1207 1124 1259 Decreto
1156 1204 1490 1264 November.
1566 1214 1620 1257 et
1683 1205 1874 1272 quinta
1908 1204 2162 1268 lndictio,
2197 1206 2435 1260 alterum
2471 1205 2918 1273 l-lolstenianum,
2956 1210 3010 1263 in
3046 1224 3152 1278 quo
3187 1210 3263 1262 uti
3303 1208 3423 1260 aliae
3451 1205 3563 1259 for-

309 1295 492 1361 mulae,
523 1299 598 1349 ita
628 1305 682 1349 et
710 1297 883 1349 hocce
913 1297 1207 1348 Decretum
1243 1294 1398 1347 nullo
1433 1303 1589 1347 certo
1632 1309 1841 1354 mense,
1875 1295 2024 1348 nulla
2057 1296 2282 1348 deﬁnita
2314 1295 2624 1351 lndictione
2695 1309 2954 1363 notatur;
2998 1300 3052 1351 in
3085 1300 3186 1352 hoc
3215 1297 3437 1367 quidem
3476 1312 3564 1348 ar-

307 1382 620 1436 chidiaconi
652 1384 816 1437 electi
861 1384 1070 1435 mentio
1099 1382 1177 1446 ﬁt,
1211 1384 1308 1435 sed
1342 1381 1396 1433 in
1437 1381 1532 1434 illo
1563 1381 1773 1433 electus
1807 1381 1968 1450 hujus
2000 1393 2200 1436 sanctae
2228 1385 2531 1452 apostolicae
2553 1387 2692 1439 sedis
2728 1384 2985 1439 Romana:
3023 1386 3275 1439 Ecclesia?
3295 1384 3565 1454 presbyter

306 1471 533 1526 dicitur.
572 1471 736 1524 Errat
773 1471 942 1538 igitur
978 1470 1158 1538 primo
1205 1469 1509 1522 historicus
1543 1468 1937 1523 Archidiaconi
1977 1485 2179 1522 munus
2217 1471 2495 1535 Pontiﬁci,
2531 1475 2623 1541 qui
2666 1488 2854 1526 mense
2891 1472 3222 1538 Novembri,
3258 1473 3562 1526 indictione

305 1561 502 1628 quinta
537 1559 749 1611 electus
775 1555 966 1620 fuerit,
1001 1556 1257 1609 tribuens
1289 1565 1482 1608 contra
1512 1553 1842 1608 Garneriani
1875 1555 2088 1609 codicis
2130 1555 2321 1610 ﬁdem.
2352 1559 2517 1613 Errat
2547 1559 2750 1613 deinde
2789 1560 3110 1614 Paschalem
3139 1560 3561 1629 pseudopapam

307 1647 360 1699 in
404 1647 510 1700 hoc
538 1645 799 1712 pontiﬁce
827 1659 1138 1713 agnoscens
1171 1643 1255 1698 vel
1289 1642 1395 1696 hoc
1427 1643 1673 1705 nomine,
1708 1644 1856 1710 quod
1886 1643 2173 1697 Paschalis
2210 1646 2595 1701 archidiaconi
2628 1648 2901 1714 dignitate
2941 1649 3302 1716 fungeretur;
3332 1660 3388 1700 at
3413 1647 3564 1700 Pon-

308 1735 444 1789 tifex
485 1751 551 1788 ex
581 1733 928 1788 Garneriauo
960 1730 1184 1785 decreto
1210 1730 1421 1784 electus
1452 1744 1642 1784 mense
1670 1730 1968 1784 Novembri
2001 1731 2314 1787 lndictione
2357 1735 2551 1802 quinta
2607 1736 2902 1806 presbyter
2933 1736 3122 1789 fuerit.
3157 1735 3486 1804 Quanquam
3509 1742 3566 1788 et

305 1824 409 1877 illa:
443 1821 772 1876 Novembris
819 1819 1142 1889 quinneque
1177 1818 1500 1872 indietionis
1539 1817 1822 1873 chronicae
1856 1828 2002 1875 nota:
2036 1820 2469 1876 sul'licerenobis
2496 1822 2724 1888 debent,
2757 1839 2826 1876 ne
2859 1824 2926 1878 de
2947 1823 3196 1880 Paschali
3229 1825 3562 1892 cogitemus,

305 1927 429 1966 eum
473 1911 562 1964 hic
594 1909 910 1979 Septembri
947 1923 1136 1962 mense
1174 1905 1481 1962 indictione
1523 1907 1660 1973 XV;
1700 1917 1796 1961 aut
1828 1910 1995 1962 etiam
2024 1909 2202 1977 prima
2247 1911 2313 1977 (si
2338 1909 2585 1965 Cononis
2622 1911 2836 1965 obitum
2863 1928 2991 1966 cum
3034 1911 3326 1965 nonnullis
3364 1912 3416 1963 in
3459 1926 3561 1962 an-

307 2014 437 2052 num
471 1998 805 2068 conjicimus
846 1995 994 2066 688),
1033 1995 1087 2049 in
1121 1995 1310 2050 sedem
1346 1995 1652 2049 Romanam
1717 1995 1964 2049 iutrusus
2006 1997 2192 2052 fuerit.
2222 1998 2333 2051 Nec
2368 2007 2546 2052 tamen
2583 1999 2892 2069 despondet
2920 2000 3107 2053 animo
3138 1998 3464 2061 historicus,
3500 2012 3566 2051 ac

305 2087 439 2142 satis
472 2084 717 2154 lepidum
753 2086 988 2153 {utinam
1033 2092 1214 2138 tutum
1251 2087 1527 2153 quoque!)
1569 2084 1678 2138 sibi
1727 2082 1995 2152 eﬂ‘ugium
2035 2092 2219 2152 parat.
2263 2084 2387 2155 Egli
2430 2087 2457 2138 é
2501 2103 2644 2146 vero,
2684 2086 2889 2155 inquit,
2924 2093 3016 2139 che
3058 2085 3332 2153 Pasquale
3365 2101 3467 2137 non
3501 2084 3555 2154 fu

306 2175 458 2230 eletto
494 2174 617 2227 nell’
641 2175 908 2227 indiziene
931 2175 1141 2242 quinta,
1177 2189 1204 2226 e
1234 2173 1320 2226 nel
1350 2188 1486 2227 mese
1515 2173 1570 2226 di
1597 2171 1925 2237 Novembre;
1952 2190 2115 2226 ma...
2142 2189 2272 2226 sono
2304 2175 2472 2244 questi
2515 2175 2617 2227 due
2640 2176 2813 2227 errori
2841 2173 3148 2244 facilissimi
3180 2175 3248 2226 ad
3279 2173 3565 2227 incorrcrsi

305 2265 435 2319 dall’
479 2265 688 2319 incuria
722 2264 802 2316 de’
827 2265 1032 2331 cepisti.
1067 2263 1340 2317 Prazclare
1371 2264 1663 2332 equidem;
1712 2278 1906 2317 verum
1956 2264 2002 2317 si
2034 2264 2099 2315 ad
2149 2263 2388 2317 Librarii
2424 2273 2607 2318 errata
2637 2274 2874 2333 utraque
2900 2265 3145 2332 pertinet
3173 2264 3444 2332 temporis
3477 2262 3566 2316 itt-

307 2354 538 2423 scriptio
568 2355 694 2424 (nec
720 2353 1120 2416 dubitaverim,
1153 2353 1290 2422 quin
1337 2353 1652 2423 presbyteri
1702 2367 1930 2422 quoque
1965 2369 2166 2407 nomen
2224 2369 2323 2422 pro
2355 2353 2737 2408 archidiaconi
2772 2353 3040 2407 vocabulo
3090 2353 3180 2407 hic
3214 2363 3552 2422 usurpatum

305 2443 514 2498 librarii
540 2443 766 2497 incuriae
791 2442 1094 2496 historicus
1125 2457 1225 2509 pro
1253 2457 1352 2496 sua
1381 2442 1649 2496 facilitate
1683 2443 1907 2496 tandem
1941 2441 2258 2495 tributuras
2288 2442 2404 2510 sit);
2452 2458 2559 2510 qua
2596 2442 2832 2496 veritate
2862 2458 2984 2511 qua:
3012 2443 3080 2495 de
3114 2443 3279 2510 hujus
3309 2441 3564 2496 formula:

305 2533 622 2602 praestantia
654 2531 720 2585 ad
755 2532 1003 2585 auctoris
1063 2529 1308 2600 librique
1343 2529 1777 2600 dignoscendam
1810 2538 2030 2584 {etatem
2055 2527 2258 2581 tradita
2287 2529 2356 2582 ab
2391 2544 2465 2582 eo
2495 2529 2661 2598 paulo
2688 2545 2854 2598 supra
2886 2529 3262 2590 recitavimus.
3296 2529 3565 2598 perscribi

305 2619 611 2689 potuerint,
656 2619 854 2688 ecquis
904 2617 1220 2688 intelligat?
1258 2618 1385 2672 Tria
1420 2628 1580 2673 erant
1621 2618 1675 2672 in
1715 2619 1803 2672 illa
1837 2616 2096 2678 formula,
2135 2621 2282 2669 unde
2329 2616 2627 2670 maximam
2675 2618 2838 2670 nobis
2889 2617 3192 2671 historicus
3233 2617 3291 2671 in
3338 2633 3397 2672 re
3431 2618 3567 2670 satis

240 2705 244 2708 “
307 2709 550 2762 obscura
590 2707 771 2761 lucem
801 2708 1186 2776 pollicebatur,
1217 2722 1417 2776 nempe
1448 2709 1538 2761 che
1569 2707 1622 2760 la
1655 2723 1883 2776 persona
1931 2706 2090 2759 eletta
2125 2705 2181 2758 al
2206 2708 2520 2776 pontiﬁcale
2559 2709 2820 2773 ricoprira
2851 2706 2901 2760 la
2930 2709 3107 2760 carica
3131 2707 3186 2760 di
3216 2707 3561 2761 arcidiacono

306 2800 398 2862 (en
426 2797 713 2867 primum),
745 2813 772 2849 e
806 2813 1022 2850 correva
1049 2796 1088 2850 ii
1116 2813 1253 2851 mese
1277 2797 1333 2849 di
1363 2794 1657 2850 Novembre
1691 2795 1778 2864 (en
1805 2795 2063 2860 alterum)
2106 2795 2246 2846 detla
2289 2795 2479 2864 quinta
2504 2795 2782 2848 lndizione
2804 2793 2893 2865 (en
2921 2795 3167 2863 tertium)
3193 2813 3208 2858 ;
3232 2811 3376 2851 nunc
3398 2795 3569 2850 disci-

306 2881 447 2950 mus,
479 2887 614 2940 nihil
655 2887 855 2940 horum
889 2886 1110 2940 veritati
1138 2895 1580 2940 consentaneum
1607 2899 1754 2946 esse,
1791 2882 1889 2937 sed
1921 2893 2108 2936 errata
2149 2897 2273 2936 esse
2310 2883 2615 2950 [mitissimi
2641 2883 2711 2936 ad
2746 2882 3038 2936 incorrersi
3063 2883 3196 2935 dall‘
3244 2885 3454 2937 incuria
3486 2883 3566 2936 de‘

306 2974 516 3042 cepisti.
555 2974 809 3027 llaeccine
856 2982 1007 3037 sunt,
1039 2989 1161 3042 qua:
1199 2972 1701 3042 promittebantur,
1737 2970 1915 3024 alcuni
1950 2971 2083 3030 ιιιθηὶ
2131 2972 2220 3040 piu
2269 2971 2440 3024 clu'ari
2472 2988 2564 3042 per
2611 2973 2790 3024 venire
2839 2973 2894 3024 in
2940 2973 3248 3041 cogniziene
3278 2973 3366 3026 del
3398 2983 3568 3044 tempe

307 3065 507 3133 precise
533 3063 558 3116 ?
588 3063 753 3131 Atqui
789 3072 846 3115 et
881 3062 1016 3114 illud
1046 3061 1365 3114 meminisse
1399 3059 1675 3114 debuerat
1726 3060 2050 3121 historicus,
2082 3061 2197 3114 bare
2229 3060 2292 3113 ad
2331 3059 2697 3129 Papebroehii
2729 3058 3099 3114 conl'utandas
3129 3060 3569 3130 conjectationes

306 3167 338 3205 a
370 3166 428 3204 se
457 3150 629 3205 fuisse
656 3150 866 3219 scripta
896 3167 909 3203 :
944 3148 1064 3218 Egli
1087 3148 1114 3200 ἑ
1142 3165 1285 3212 vero,
1311 3149 1403 3201 clte
1432 3150 1468 3201 il
1504 3148 1868 3216 Papebrochio
1891 3164 1983 3217 per
2009 3160 2160 3217 pater
2187 3149 2377 3217 meglio
2410 3148 2714 3217 applicarla
2741 3147 2834 3216 (de
2862 3148 3053 3201 eadem
3082 3149 3299 3203 Deercti
3328 3150 3569 3206 formula

308 3252 496 3293 sermo
532 3239 638 3306 est)
671 3237 782 3290 alla
813 3236 1046 3289 elcziene
1089 3236 1144 3288 di
1179 3235 1432 3305 Gregorio
1458 3234 1568 3300 III,
1610 3237 1679 3287 Ita
1710 3235 1927 3286 creduto
1955 3236 2010 3287 di
2045 3251 2146 3288 non
2183 3238 2338 3288 dover
2367 3236 2486 3303 [are
2528 3235 2685 3287 alcun
2723 3252 2848 3287 casa
2888 3237 2943 3288 di
2976 3247 3155 3305 questa
3188 3248 3306 3290 note
3336 3249 3570 3293 caratte-

309 3328 546 3391 risticlte,
570 3339 721 3398 peste
740 3327 974 3381 secando
1006 3326 1080 3379 lui
1109 3326 1579 3378 arbitrariamente
1609 3323 1740 3376 dall‘
1777 3326 2006 3386 Autore;
2044 3338 2130 3374 ma
2163 3339 2268 3374 non
2295 3325 2511 3375 essendo
2553 3333 2739 3392 troppo
2775 3323 3106 3376 convincenti
3132 3323 3180 3376 le
3209 3341 3301 3377 sue
3333 3330 3566 3396 regioni,

308 3434 416 3471 non
447 3419 494 3470 ci
535 3419 804 3470 crediamo
844 3419 898 3470 in
924 3415 1177 3468 necessita
1208 3414 1261 3467 di
1298 3414 1612 3483 seguitarlo.
1648 3412 1816 3466 Recte
1856 3410 2117 3479 quidem;
2149 3409 2244 3463 sed
2277 3410 2324 3462 si
2355 3410 2434 3462 ha:
2469 3421 2611 3464 notae
2641 3411 2774 3463 vitio
2801 3413 3224 3466 amanuensiutn
3259 3413 3568 3469 tribuenda:

309 3516 463 3571 sunt,
501 3521 570 3560 an
606 3520 716 3558 non
747 3505 872 3574 jure
905 3501 1320 3573 Papebroehius
1353 3501 1476 3555 illas
1508 3500 1615 3555 sibi
1655 3499 2015 3568 negligendas
2049 3498 2251 3553 duxit?
2285 3498 2504 3553 Erravit
2538 3500 2621 3554 vir
2655 3515 2929 3564 summus,
2965 3501 3095 3555 dum
3123 3503 3446 3558 arbitrarias
3475 3519 3570 3558 cas

310 3594 507 3648 habuit
540 3602 721 3658 notas,
759 3607 880 3662 quze
916 3590 1330 3646 consultissime
1362 3606 1393 3644 a
1433 3589 1562 3644 libri
1595 3597 1824 3643 auctore
1856 3586 2135 3657 inscriptae
2165 3597 2329 3655 sunt;
2369 3589 2523 3658 pejor
2557 3597 2739 3642 tamen
2781 3589 3026 3645 historici
3058 3592 3234 3646 nostri
3267 3608 3432 3648 causa
3458 3603 3566 3656 est.

309 3685 404 3754 qui
427 3682 752 3738 arbitrarias
791 3696 900 3735 non
933 3695 1057 3734 esse
1097 3679 1219 3733 illas
1251 3677 1559 3743 contendit,
1596 3677 1692 3734 sed
1724 3677 2080 3732 amanuensis
2116 3687 2323 3744 errata,
2359 3695 2479 3748 qua:
2521 3678 2744 3732 demum
2783 3681 2898 3748 ipse
2937 3695 3002 3734 es
3037 3680 3270 3736 arbitrio
3301 3682 3569 3752 conﬁngit

311 3775 662 3844 reﬁngitquc,
693 3781 752 3824 ut
788 3769 1107 3827 Paschalem
1140 3785 1300 3824 suum
1332 3768 1650 3838 designent.

382 3893 516 3949 Vlll.
565 3894 671 3950 Sed
721 3907 1041 3962 pergamus,
1089 3890 1346 3959 graviora
1392 3888 1498 3943 alia
1545 3888 1600 3942 in
1647 3887 1892 3943 medium
1925 3887 2222 3958 prolaturi,
2273 3904 2396 3954 qua:
2440 3887 2572 3943 libri
2610 3888 2788 3944 nostri
2835 3889 3120 3944 vindicent
3153 3889 3568 3947 auctoritatem.

310 3985 494 4041 Sumit
525 3983 849 4047 historicus,
875 3979 1143 4034 formulas
1174 3977 1297 4032 illas
1325 3976 1685 4047 epistolarum
1713 3975 1780 4030 ad
1809 3978 2134 4041 exarchum,
2180 3977 2248 4031 ad
2274 3977 2512 4049 judices,
2549 3988 2685 4040 etc.,
2714 3978 2919 4046 quibus
2949 3979 3018 4032 ab
3049 3979 3314 4042 exarcho,
3345 3989 3405 4032 ut
3439 3982 3568 4035 novi

311 4071 598 4129 Pontiﬁcis
628 4071 958 4127 electionem
1000 4065 1286 4138 probaret,
1320 4064 1608 4119 Romanus
1661 4064 1849 4118 clerus
1886 4064 2126 4133 petebat,
2159 4066 2327 4119 etiam
2364 4075 2480 4119 tum
2515 4064 2846 4127 obtinuisse,
2872 4079 2998 4118 cum
3041 4064 3271 4120 Conone
3306 4066 3572 4122 defuncto

311 4159 594 4216 Paschalis
620 4158 736 4213 sedi
765 4157 1086 4225 apostolicae
1124 4153 1384 4209 inhiavit.
1413 4151 1471 4208 ια
1507 4151 1733 4222 quidem
1767 4149 2039 4207 Garnerio
2085 4153 2317 4222 aliisque
2349 4153 2578 4221 placuit.
2617 4150 2751 4206 Nam
2789 4153 2892 4207 etsi
2924 4169 2953 4206 a
2983 4151 3347 4208 Constantine
3389 4153 3570 4224 Pege-

313 4263 448 4306 nato
472 4247 660 4305 sedem
700 4246 1004 4300 Romanam
1036 4244 1106 4298 ab
1149 4258 1217 4299 eo
1241 4241 1449 4299 Graeca:
1478 4242 1766 4297 servitutis
1791 4241 1945 4311 jugo,
1989 4256 2102 4308 quo
2131 4240 2430 4309 prtesulum
2461 4253 2691 4293 suorum
2725 4239 3028 4294 electiones
3056 4241 3270 4309 pridem
3304 4243 3572 4299 teneban-

313 4350 427 4404 tur,
461 4337 800 4392 vindicatatn
842 4332 1014 4387 fuisse
1043 4345 1154 4386 non
1185 4341 1410 4400 negant,
1444 4340 1528 4396 ut,
1558 4332 1648 4401 qui
1684 4329 1878 4386 electus
1919 4330 2105 4397 [uisset
2137 4330 2208 4382 ad
2241 4329 2418 4382 sedem
2454 4327 2823 4401 apostolicam,
2861 4345 2888 4382 e
2918 4331 3133 4400 vestigio
3163 4329 3358 4402 absque
3391 4334 3569 4387 tardi-

311 4437 424 4480 tate
455 4425 819 4485 ordinaretur,
852 4419 1001 4490 quod
1035 4419 1113 4472 ait
1137 4417 1462 4474 Anastasius
1494 4420 1549 4475 in
1583 4419 1867 4475 Benedicti
1918 4419 1960 4473 ll
1995 4418 2153 4482 Vita;
2191 4434 2220 4470 a
2272 4417 2589 4478 Iustiniano
2624 4427 2807 4472 tamen
2855 4418 2900 4470 ll
2935 4418 3173 4472 reditqu
3203 4421 3269 4473 ad
3307 4422 3572 4492 antiquos

312 4529 498 4570 mores
539 4511 708 4566 fuisse
734 4508 912 4572 aiunt,
956 4505 1122 4573 idque
1156 4504 1400 4560 Cononis
1431 4506 1606 4575 ipsius
1649 4507 1900 4576 exemplo
1941 4505 2295 4566 conﬁrmant,
2339 4521 2450 4574 quo
2483 4505 2662 4560 electo
2703 4505 2929 4559 Romani
2965 4508 3150 4560 missos
3181 4509 3391 4576 pariter
3450 4527 3570 4565 cum

307 4603 539 4667 clericis,
573 4609 622 4654 et
665 4614 730 4652 ea:
761 4595 956 4666 populo
988 4595 1058 4648 ad
1092 4593 1608 4648 excellentissimum
1651 4592 1984 4650 Theodoram
2019 4593 2348 4656 Exercitum,
2386 4601 2441 4646 ut
2476 4611 2586 4648 mos
2633 4603 2731 4658 est,
2783 4596 3112 4649 direxerant.
3145 4596 3372 4662 Verum,
3411 4607 3472 4652 ut
3512 4600 3568 4654 in

311 4692 461 4746 notis
493 4689 561 4744 ad
597 4686 852 4743 Garnerii
892 4682 1278 4738 Praefationem
1307 4681 1442 4744 dixi,
1486 4681 1778 4750 prudentis
1814 4687 1891 4752 cuj

1989 4685 2099 4740 lam
2140 4683 2479 4753 οἰκονομίας,
2525 4699 2634 4736 non
2669 4686 3022 4739 necessitatis
3053 4701 3217 4739 causa
3254 4686 3306 4740 id
3341 4686 3569 4752 factum,

314 4780 473 4849 quasi
501 4776 852 4834 Justinianus
875 4773 1120 4828 Divalem
1151 4770 1653 4842 patrisjussionem
1684 4772 2030 4842 abrOgasset.
2068 4773 2205 4828 Vide
2237 4773 2312 4826 ibi
2344 4770 2512 4826 dicta.
2550 4769 2658 4826 Fac
2689 4782 2872 4825 tamen
2907 4773 3070 4826 latam
3098 4774 3166 4826 ab
3195 4774 3301 4829 hoc
3331 4774 3571 4846 impera-

319 4879 439 4922 tore
464 4868 639 4937 legero
685 4864 881 4924 fuisse,
910 4877 1018 4932 qua
1055 4858 1464 4929 pontiﬁciarum
1495 4858 1831 4912 electionum
1869 4860 2097 4914 libertas
2129 4861 2332 4914 iterum
2365 4860 2725 4915 adimeretur.
2753 4859 2893 4926 Quid
2937 4860 2982 4913 si
3024 4860 3376 4919 Justinianus
3416 4880 3448 4919 a
3485 4881 3568 4929 se,

318 4973 432 5013 non
465 4955 535 5010 ab
573 4951 844 5008 Exarchis
872 4965 967 5005 eas
995 4946 1403 5003 conﬁrmandas
1430 4961 1554 5002 esse
1577 4947 1856 5016 jussisset,
1886 4951 2033 5017 quod
2064 4964 2096 5001 a
2127 4956 2284 5016 patre
2310 4947 2588 5016 Pogonato
2624 4948 2682 5001 S.
2713 4946 2930 5016 Agatho
2957 4962 3048 5000 an.
3077 4949 3184 5002 682
3213 4949 3570 5008 obtinuerat?

315 5046 380 5101 ld
412 5059 544 5098 sane
577 5040 750 5096 multo
775 5035 1148 5092 verosimilius
1175 5042 1285 5098 est,
1330 5049 1494 5104 quam
1526 5035 1672 5105 quod
1699 5035 1792 5089 alii
1825 5035 2096 5100 sentiunt,
2120 5051 2315 5090 rursus
2344 5036 2600 5090 exarchis
2617 5049 2809 5089 earum
2838 5034 3173 5091 elcetionum
3198 5039 3568 5108 cognitionem

309 5133 487 5186 fuisse
523 5130 874 5200 permissam.
910 5125 980 5178 At
1010 5122 1056 5178 si
1088 5122 1144 5176 id
1173 5121 1491 5181 statuimus.
1523 5122 1590 5174 de
1623 5121 1691 5175 iis
1716 5129 1802 5176 est
1831 5137 1956 5192 quae
1999 5122 2068 5176 dc
2095 5125 2350 5192 epistolis
2377 5123 2444 5177 ad
2473 5123 2798 5183 exarchum,
2834 5123 2900 5176 ad
2925 5123 3166 5192 judices,
3194 5126 3262 5179 ad
3292 5125 3569 5196 archiepi-

306 5236 566 5291 scopum,
598 5222 666 5272 ad
699 5212 1124 5285 apocrisiarium
1170 5211 1492 5264 Ravennam
1524 5225 1555 5263 a
1586 5210 1839 5266 Paschali
1874 5211 2062 5266 missis
2094 5211 2399 5268 historicus
2428 5212 2678 5282 conjicit.
2714 5209 2818 5265 Ubi
2856 5213 3006 5267 enim
3053 5212 3297 5268 Orientis
3326 5215 3567 5282 impera-

316 5322 468 5364 tores
497 5308 602 5363 sibi
633 5302 951 5376 hujusmodi
991 5301 1336 5356 electionem
1370 5301 1852 5355 conﬁrmationem
1887 5311 2198 5366 servarant,
2250 5299 2320 5354 ad
2355 5314 2452 5354 eos
2482 5309 2697 5354 tantum
2726 5299 2922 5357 relatio
2966 5299 3312 5353 mittebatur.
3346 5299 3569 5369 Epism-

313 5401 492 5454 larum
525 5398 593 5451 ad
616 5395 915 5451 exarchum
949 5399 1314 5459 carterosque,
1347 5403 1488 5466 quos
1526 5389 1834 5456 nominavi,
1867 5404 2004 5445 usus
2037 5402 2170 5445 tunc
2213 5390 2404 5459 coepit,
2432 5405 2556 5443 cum
2596 5389 2762 5443 iidem
2812 5390 3196 5458 imperatores,
3244 5404 3314 5443 ne
3360 5389 3570 5447 diutius

312 5499 482 5556 quam
529 5499 629 5553 par
669 5491 809 5544 erat,
853 5481 1099 5535 Romana
1136 5477 1299 5532 sedes
1329 5487 1576 5542 vacaret,
1609 5485 1787 5532 totum
1838 5477 2100 5534 harumce
2133 5479 2468 5533 electionutn
2511 5478 2794 5548 negotium
2851 5475 2920 5529 ad
2953 5477 3226 5530 exarchos
3279 5477 3567 5543 detulere;

310 5573 466 5646 quod
494 5588 586 5626 an.
619 5571 722 5626 640
759 5571 936 5640 primo
986 5568 1191 5622 factum
1241 5567 1374 5621 alibi
1412 5566 1678 5622 diximus.
1714 5567 1864 5632 Scio,
1901 5567 2226 5622 historicutn
2253 5579 2504 5620 nostrum
2540 5567 2628 5620 his
2670 5579 3016 5634 repugnare;
3051 5576 3239 5621 censet
3267 5567 3417 5621 enim
3450 5568 3570 5636 epi-

308 5662 485 5719 stolas
524 5659 591 5714 ad
621 5658 862 5729 judices,
899 5656 967 5710 ad
1011 5654 1520 5725 archiepiscopum,
1553 5665 1610 5709 et
1659 5656 1724 5709 ad
1775 5656 2156 5710 Ravennatem
2194 5656 2618 5726 apocrisiarium
2655 5657 2826 5706 semel
2860 5660 3099 5717 tantum,
3133 5663 3298 5723 atque
3337 5656 3394 5709 in
3427 5658 3572 5710 sedi-

311 5751 455 5807 tiosa
485 5746 768 5806 Paschalis
800 5743 1073 5799 electione
1104 5741 1278 5799 fuisse
1309 5743 1568 5812 scriptas.
1597 5741 1740 5809 Quid
1775 5743 1926 5798 enim
1959 5743 2240 5814 iudicum,
2280 5741 2684 5810 archiepiscopi
2719 5748 2775 5793 et
2806 5739 3154 5811 apocrisiarii
3189 5743 3340 5798 illius
3372 5744 3573 5800 electio
