  <div class='ocr_page' id='page_1' title='image "/cluster/home/n/w/nwhite01/storage/ocr_20150623/105/hvd.32044054759709/703.png"; bbox 0 0 4000 6178; ppageno 0'>
   <div class='ocr_carea' id='block_1_1' title="bbox 475 264 2055 363">
    <p class='ocr_par' dir='ltr' id='par_1_1' title="bbox 475 295 2052 363">
     <span class='ocr_line' id='line_1_1' title="bbox 475 295 2052 363; baseline -0.005 -1"><span class='ocrx_word' id='word_1_1' title='bbox 475 305 607 363; x_wconf 71' lang='grc'><strong>1591</strong></span> <span class='ocrx_word' id='word_1_2' title='bbox 1735 298 1850 354; x_wconf 72' lang='lat' dir='ltr'><strong>FB.</strong></span> <span class='ocrx_word' id='word_1_3' title='bbox 1891 295 2052 354; x_wconf 68' lang='grc' dir='ltr'><strong>ΑΝΤ.</strong></span> 
     </span>
    </p>
   </div>
   <div class='ocr_carea' id='block_1_2' title="bbox 2136 264 3716 363">
    <p class='ocr_par' dir='ltr' id='par_1_2' title="bbox 2141 264 3716 351">
     <span class='ocr_line' id='line_1_2' title="bbox 2141 264 3716 351; baseline 0.001 -2"><span class='ocrx_word' id='word_1_4' title='bbox 2141 293 2465 351; x_wconf 65' lang='grc' dir='ltr'><strong>Αεωιςῐιε</strong></span> <span class='ocrx_word' id='word_1_5' title='bbox 2671 264 2673 266; x_wconf 64' lang='grc'><em>’</em></span> <span class='ocrx_word' id='word_1_6' title='bbox 3587 295 3716 350; x_wconf 76' lang='lat' dir='ltr'><strong>tass</strong></span> 
     </span>
    </p>
   </div>
   <div class='ocr_carea' id='block_1_3' title="bbox 477 411 3718 496">
    <p class='ocr_par' dir='ltr' id='par_1_3' title="bbox 477 411 3718 496">
     <span class='ocr_line' id='line_1_3' title="bbox 477 411 3718 496; baseline -0.003 -13"><span class='ocrx_word' id='word_1_7' title='bbox 477 427 708 483; x_wconf 86' lang='lat' dir='ltr'><strong>ltomani</strong></span> <span class='ocrx_word' id='word_1_8' title='bbox 735 422 1014 496; x_wconf 85' lang='lat' dir='ltr'><strong>pontitlcis</strong></span> <span class='ocrx_word' id='word_1_9' title='bbox 1044 421 1316 479; x_wconf 85' lang='lat' dir='ltr'><strong>interesse</strong></span> <span class='ocrx_word' id='word_1_10' title='bbox 1345 432 1588 493; x_wconf 85' lang='lat' dir='ltr'><strong>poterat,</strong></span> <span class='ocrx_word' id='word_1_11' title='bbox 1624 431 1684 496; x_wconf 47' lang='lat' dir='ltr'><strong>u&#39;t</strong></span> <span class='ocrx_word' id='word_1_12' title='bbox 1711 423 1776 475; x_wconf 90' lang='lat' dir='ltr'><strong>de</strong></span> <span class='ocrx_word' id='word_1_13' title='bbox 1803 437 1866 476; x_wconf 85' lang='lat' dir='ltr'><strong>ea</strong></span> <span class='ocrx_word' id='word_1_14' title='bbox 1895 421 2180 476; x_wconf 75' lang='lat' dir='ltr'><strong>Romanus</strong></span> <span class='ocrx_word' id='word_1_15' title='bbox 2207 417 2389 470; x_wconf 81' lang='lat' dir='ltr'><strong>clerus</strong></span> <span class='ocrx_word' id='word_1_16' title='bbox 2417 413 2485 470; x_wconf 86' lang='lat' dir='ltr'><strong>ad</strong></span> <span class='ocrx_word' id='word_1_17' title='bbox 2515 413 2635 468; x_wconf 88' lang='lat' dir='ltr'><strong>illos</strong></span> <span class='ocrx_word' id='word_1_18' title='bbox 2671 413 2886 468; x_wconf 84' lang='lat' dir='ltr'><strong>litteras</strong></span> <span class='ocrx_word' id='word_1_19' title='bbox 2916 411 3114 468; x_wconf 79' lang='lat' dir='ltr'><strong>daret?</strong></span> <span class='ocrx_word' id='word_1_20' title='bbox 3138 411 3324 485; x_wconf 81' lang='lat' dir='ltr'><strong>Neque</strong></span> <span class='ocrx_word' id='word_1_21' title='bbox 3349 429 3480 470; x_wconf 85' lang='lat' dir='ltr'><strong>vero</strong></span> <span class='ocrx_word' id='word_1_22' title='bbox 3505 415 3718 474; x_wconf 85' lang='lat' dir='ltr'><strong>illorum</strong></span> 
     </span>
    </p>
   </div>
   <div class='ocr_carea' id='block_1_4' title="bbox 475 500 3714 586">
    <p class='ocr_par' dir='ltr' id='par_1_4' title="bbox 475 500 3714 586">
     <span class='ocr_line' id='line_1_4' title="bbox 475 500 3714 586; baseline -0.004 -15"><span class='ocrx_word' id='word_1_23' title='bbox 475 532 697 584; x_wconf 86' lang='lat' dir='ltr'><strong>operam</strong></span> <span class='ocrx_word' id='word_1_24' title='bbox 743 517 796 569; x_wconf 93' lang='lat' dir='ltr'><strong>in</strong></span> <span class='ocrx_word' id='word_1_25' title='bbox 845 512 1114 586; x_wconf 85' lang='lat' dir='ltr'><strong>ejusmodi</strong></span> <span class='ocrx_word' id='word_1_26' title='bbox 1173 512 1544 568; x_wconf 90' lang='lat' dir='ltr'><strong>electionibus</strong></span> <span class='ocrx_word' id='word_1_27' title='bbox 1592 511 1728 565; x_wconf 87' lang='lat' dir='ltr'><strong>alias</strong></span> <span class='ocrx_word' id='word_1_28' title='bbox 1781 509 1953 563; x_wconf 81' lang='lat' dir='ltr'><strong>fuisse</strong></span> <span class='ocrx_word' id='word_1_29' title='bbox 2003 522 2032 559; x_wconf 89' lang='lat' dir='ltr'><strong>a</strong></span> <span class='ocrx_word' id='word_1_30' title='bbox 2087 505 2356 559; x_wconf 77' lang='lat' dir='ltr'><strong>Romanis</strong></span> <span class='ocrx_word' id='word_1_31' title='bbox 2399 502 2729 572; x_wconf 76' lang='lat' dir='ltr'><strong>exquisitam</strong></span> <span class='ocrx_word' id='word_1_32' title='bbox 2784 501 3062 558; x_wconf 77' lang='lat' dir='ltr'><strong>novimus.</strong></span> <span class='ocrx_word' id='word_1_33' title='bbox 3102 500 3475 568; x_wconf 80' lang='lat' dir='ltr'><strong>Quamobrem</strong></span> <span class='ocrx_word' id='word_1_34' title='bbox 3528 505 3714 560; x_wconf 86' lang='lat' dir='ltr'><strong>harum</strong></span> 
     </span>
    </p>
   </div>
   <div class='ocr_carea' id='block_1_5' title="bbox 477 589 3718 670">
    <p class='ocr_par' dir='ltr' id='par_1_5' title="bbox 477 589 3718 670">
     <span class='ocr_line' id='line_1_5' title="bbox 477 589 3718 670; baseline -0.003 -12"><span class='ocrx_word' id='word_1_35' title='bbox 477 606 720 658; x_wconf 82' lang='lat' dir='ltr'><strong>omnium</strong></span> <span class='ocrx_word' id='word_1_36' title='bbox 757 602 1066 656; x_wconf 88' lang='lat' dir='ltr'><strong>litterarum</strong></span> <span class='ocrx_word' id='word_1_37' title='bbox 1108 599 1355 670; x_wconf 81' lang='lat' dir='ltr'><strong>exempla</strong></span> <span class='ocrx_word' id='word_1_38' title='bbox 1401 597 1469 652; x_wconf 90' lang='lat' dir='ltr'><strong>ad</strong></span> <span class='ocrx_word' id='word_1_39' title='bbox 1506 611 1671 652; x_wconf 88' lang='lat' dir='ltr'><strong>unam</strong></span> <span class='ocrx_word' id='word_1_40' title='bbox 1713 595 1991 650; x_wconf 77' lang='lat' dir='ltr'><strong>Paschalis</strong></span> <span class='ocrx_word' id='word_1_41' title='bbox 2032 591 2418 656; x_wconf 84' lang='lat' dir='ltr'><strong>ambitionem,</strong></span> <span class='ocrx_word' id='word_1_42' title='bbox 2451 602 2794 658; x_wconf 87' lang='lat' dir='ltr'><strong>suorumque</strong></span> <span class='ocrx_word' id='word_1_43' title='bbox 2851 589 3180 657; x_wconf 84' lang='lat' dir='ltr'><strong>participum</strong></span> <span class='ocrx_word' id='word_1_44' title='bbox 3225 591 3454 645; x_wconf 88' lang='lat' dir='ltr'><strong>consilia</strong></span> <span class='ocrx_word' id='word_1_45' title='bbox 3485 603 3540 648; x_wconf 82' lang='lat' dir='ltr'><strong>et</strong></span> <span class='ocrx_word' id='word_1_46' title='bbox 3577 603 3718 648; x_wconf 87' lang='lat' dir='ltr'><strong>srtes</strong></span> 
     </span>
    </p>
   </div>
   <div class='ocr_carea' id='block_1_6' title="bbox 479 673 3714 754">
    <p class='ocr_par' dir='ltr' id='par_1_6' title="bbox 479 673 3714 754">
     <span class='ocr_line' id='line_1_6' title="bbox 479 673 3714 754; baseline -0.004 -9"><span class='ocrx_word' id='word_1_47' title='bbox 479 690 768 748; x_wconf 81' lang='lat' dir='ltr'><strong>referenda</strong></span> <span class='ocrx_word' id='word_1_48' title='bbox 827 700 979 754; x_wconf 87' lang='lat' dir='ltr'><strong>sunt,</strong></span> <span class='ocrx_word' id='word_1_49' title='bbox 1016 692 1062 743; x_wconf 87' lang='lat' dir='ltr'><strong>si</strong></span> <span class='ocrx_word' id='word_1_50' title='bbox 1102 687 1524 742; x_wconf 78' lang='lat' dir='ltr'><strong>Dominicanum</strong></span> <span class='ocrx_word' id='word_1_51' title='bbox 1577 684 1902 739; x_wconf 70' lang='lat' dir='ltr'><strong>historicum</strong></span> <span class='ocrx_word' id='word_1_52' title='bbox 1960 679 2237 734; x_wconf 78' lang='lat' dir='ltr'><strong>audimus.</strong></span> <span class='ocrx_word' id='word_1_53' title='bbox 2295 674 2401 730; x_wconf 85' lang='lat' dir='ltr'><strong>Sed</strong></span> <span class='ocrx_word' id='word_1_54' title='bbox 2451 683 2510 729; x_wconf 93' lang='lat' dir='ltr'><strong>ut</strong></span> <span class='ocrx_word' id='word_1_55' title='bbox 2561 673 2665 729; x_wconf 85' lang='lat' dir='ltr'><strong>alia</strong></span> <span class='ocrx_word' id='word_1_56' title='bbox 2719 674 2996 739; x_wconf 89' lang='lat' dir='ltr'><strong>deessent,</strong></span> <span class='ocrx_word' id='word_1_57' title='bbox 3047 690 3328 745; x_wconf 82' lang='lat' dir='ltr'><strong>nunquam</strong></span> <span class='ocrx_word' id='word_1_58' title='bbox 3362 676 3626 743; x_wconf 82' lang='lat' dir='ltr'><strong>adducar,</strong></span> <span class='ocrx_word' id='word_1_59' title='bbox 3661 691 3714 734; x_wconf 91' lang='lat' dir='ltr'><strong>ut</strong></span> 
     </span>
    </p>
   </div>
   <div class='ocr_carea' id='block_1_7' title="bbox 437 761 3712 846">
    <p class='ocr_par' dir='ltr' id='par_1_7' title="bbox 437 761 3712 846">
     <span class='ocr_line' id='line_1_7' title="bbox 437 761 3712 846; baseline -0.003 -14"><span class='ocrx_word' id='word_1_60' title='bbox 437 770 440 778; x_wconf 58' lang='grc'><em>“</em></span> <span class='ocrx_word' id='word_1_61' title='bbox 479 778 721 842; x_wconf 89' lang='lat' dir='ltr'><strong>credam,</strong></span> <span class='ocrx_word' id='word_1_62' title='bbox 763 779 816 830; x_wconf 90' lang='lat' dir='ltr'><strong>in</strong></span> <span class='ocrx_word' id='word_1_63' title='bbox 841 777 1068 843; x_wconf 90' lang='lat' dir='ltr'><strong>librum,</strong></span> <span class='ocrx_word' id='word_1_64' title='bbox 1105 791 1268 846; x_wconf 85' lang='lat' dir='ltr'><strong>quem</strong></span> <span class='ocrx_word' id='word_1_65' title='bbox 1308 775 1434 828; x_wconf 87' lang='lat' dir='ltr'><strong>usui</strong></span> <span class='ocrx_word' id='word_1_66' title='bbox 1475 781 1624 827; x_wconf 88' lang='lat' dir='ltr'><strong>certe</strong></span> <span class='ocrx_word' id='word_1_67' title='bbox 1660 771 1830 826; x_wconf 86' lang='lat' dir='ltr'><strong>fuisse</strong></span> <span class='ocrx_word' id='word_1_68' title='bbox 1883 770 2140 823; x_wconf 70' lang='lat' dir='ltr'><strong>Romana:</strong></span> <span class='ocrx_word' id='word_1_69' title='bbox 2180 765 2459 827; x_wconf 70' lang='lat' dir='ltr'><strong>Ecclesite,</strong></span> <span class='ocrx_word' id='word_1_70' title='bbox 2484 764 2572 816; x_wconf 85' lang='lat' dir='ltr'><strong>vel</strong></span> <span class='ocrx_word' id='word_1_71' title='bbox 2606 779 2669 817; x_wconf 89' lang='lat' dir='ltr'><strong>ex</strong></span> <span class='ocrx_word' id='word_1_72' title='bbox 2703 761 2985 816; x_wconf 81' lang='lat' dir='ltr'><strong>Hadriano</strong></span> <span class='ocrx_word' id='word_1_73' title='bbox 3017 763 3036 818; x_wconf 86' lang='lat' dir='ltr'><strong>l</strong></span> <span class='ocrx_word' id='word_1_74' title='bbox 3068 773 3311 831; x_wconf 78' lang='lat' dir='ltr'><strong>Constat,</strong></span> <span class='ocrx_word' id='word_1_75' title='bbox 3339 764 3522 822; x_wconf 75' lang='lat' dir='ltr'><strong>illatas</strong></span> <span class='ocrx_word' id='word_1_76' title='bbox 3548 769 3712 823; x_wconf 82' lang='lat' dir='ltr'><strong>veluti</strong></span> 
     </span>
    </p>
   </div>
   <div class='ocr_carea' id='block_1_8' title="bbox 478 849 3712 934">
    <p class='ocr_par' dir='ltr' id='par_1_8' title="bbox 478 849 3712 934">
     <span class='ocr_line' id='line_1_8' title="bbox 478 849 3712 934; baseline -0.003 -15"><span class='ocrx_word' id='word_1_77' title='bbox 478 865 790 923; x_wconf 80' lang='lat' dir='ltr'><strong>ordinarias</strong></span> <span class='ocrx_word' id='word_1_78' title='bbox 820 863 1083 934; x_wconf 87' lang='lat' dir='ltr'><strong>quasdam</strong></span> <span class='ocrx_word' id='word_1_79' title='bbox 1115 864 1378 918; x_wconf 77' lang='lat' dir='ltr'><strong>formulas</strong></span> <span class='ocrx_word' id='word_1_80' title='bbox 1414 862 1584 916; x_wconf 90' lang='lat' dir='ltr'><strong>fuisse</strong></span> <span class='ocrx_word' id='word_1_81' title='bbox 1613 861 1875 931; x_wconf 79' lang='lat' dir='ltr'><strong>epistolas</strong></span> <span class='ocrx_word' id='word_1_82' title='bbox 1905 856 2124 912; x_wconf 79' lang='lat' dir='ltr'><strong>nonnisi</strong></span> <span class='ocrx_word' id='word_1_83' title='bbox 2152 855 2221 908; x_wconf 87' lang='lat' dir='ltr'><strong>ab</strong></span> <span class='ocrx_word' id='word_1_84' title='bbox 2248 867 2355 907; x_wconf 88' lang='lat' dir='ltr'><strong>una</strong></span> <span class='ocrx_word' id='word_1_85' title='bbox 2381 853 2747 922; x_wconf 64' lang='lat' dir='ltr'><strong>pseudopapte</strong></span> <span class='ocrx_word' id='word_1_86' title='bbox 2772 849 3011 905; x_wconf 80' lang='lat' dir='ltr'><strong>factione</strong></span> <span class='ocrx_word' id='word_1_87' title='bbox 3037 854 3206 908; x_wconf 88' lang='lat' dir='ltr'><strong>semel</strong></span> <span class='ocrx_word' id='word_1_88' title='bbox 3251 863 3422 923; x_wconf 88' lang='lat' dir='ltr'><strong>atque</strong></span> <span class='ocrx_word' id='word_1_89' title='bbox 3447 854 3712 910; x_wconf 83' lang='lat' dir='ltr'><strong>incassum</strong></span> 
     </span>
    </p>
   </div>
   <div class='ocr_carea' id='block_1_9' title="bbox 480 940 3712 1026">
    <p class='ocr_par' dir='ltr' id='par_1_9' title="bbox 480 940 3712 1026">
     <span class='ocr_line' id='line_1_9' title="bbox 480 940 3712 1026; baseline -0.005 -13"><span class='ocrx_word' id='word_1_90' title='bbox 480 957 833 1026; x_wconf 88' lang='lat' dir='ltr'><strong>uerscriptas.</strong></span> <span class='ocrx_word' id='word_1_91' title='bbox 884 953 1042 1022; x_wconf 86' lang='lat' dir='ltr'><strong>Quod</strong></span> <span class='ocrx_word' id='word_1_92' title='bbox 1095 953 1143 1010; x_wconf 89' lang='lat' dir='ltr'><strong>si</strong></span> <span class='ocrx_word' id='word_1_93' title='bbox 1196 955 1260 1008; x_wconf 91' lang='lat' dir='ltr'><strong>ad</strong></span> <span class='ocrx_word' id='word_1_94' title='bbox 1304 951 1542 1024; x_wconf 82' lang='lat' dir='ltr'><strong>judices,</strong></span> <span class='ocrx_word' id='word_1_95' title='bbox 1599 949 2043 1019; x_wconf 80' lang='lat' dir='ltr'><strong>archiepiscopos</strong></span> <span class='ocrx_word' id='word_1_96' title='bbox 2099 955 2262 1012; x_wconf 89' lang='lat' dir='ltr'><strong>atque</strong></span> <span class='ocrx_word' id='word_1_97' title='bbox 2319 941 2711 1014; x_wconf 84' lang='lat' dir='ltr'><strong>apocrisiarius</strong></span> <span class='ocrx_word' id='word_1_98' title='bbox 2746 940 3096 996; x_wconf 81' lang='lat' dir='ltr'><strong>Ravennates</strong></span> <span class='ocrx_word' id='word_1_99' title='bbox 3145 942 3378 996; x_wconf 81' lang='lat' dir='ltr'><strong>Romani</strong></span> <span class='ocrx_word' id='word_1_100' title='bbox 3442 945 3712 1012; x_wconf 84' lang='lat' dir='ltr'><strong>pontificis</strong></span> 
     </span>
    </p>
   </div>
   <div class='ocr_carea' id='block_1_10' title="bbox 479 1026 3711 1113">
    <p class='ocr_par' dir='ltr' id='par_1_10' title="bbox 479 1026 3711 1113">
     <span class='ocr_line' id='line_1_10' title="bbox 479 1026 3711 1113; baseline -0.004 -17"><span class='ocrx_word' id='word_1_101' title='bbox 479 1045 675 1099; x_wconf 81' lang='lat' dir='ltr'><strong>electio</strong></span> <span class='ocrx_word' id='word_1_102' title='bbox 723 1060 831 1099; x_wconf 92' lang='lat' dir='ltr'><strong>non</strong></span> <span class='ocrx_word' id='word_1_103' title='bbox 867 1057 1199 1113; x_wconf 80' lang='lat' dir='ltr'><strong>magnopere</strong></span> <span class='ocrx_word' id='word_1_104' title='bbox 1234 1040 1542 1111; x_wconf 83' lang='lat' dir='ltr'><strong>spectabat,</strong></span> <span class='ocrx_word' id='word_1_105' title='bbox 1595 1048 1653 1092; x_wconf 92' lang='lat' dir='ltr'><strong>ut</strong></span> <span class='ocrx_word' id='word_1_106' title='bbox 1694 1037 1761 1092; x_wconf 91' lang='lat' dir='ltr'><strong>de</strong></span> <span class='ocrx_word' id='word_1_107' title='bbox 1797 1038 1887 1091; x_wconf 89' lang='lat' dir='ltr'><strong>illa</strong></span> <span class='ocrx_word' id='word_1_108' title='bbox 1926 1031 2276 1090; x_wconf 83' lang='lat' dir='ltr'><strong>sollicitiores</strong></span> <span class='ocrx_word' id='word_1_109' title='bbox 2323 1031 2538 1082; x_wconf 63' lang='lat' dir='ltr'><strong>cinteris</strong></span> <span class='ocrx_word' id='word_1_110' title='bbox 2576 1026 3044 1082; x_wconf 86' lang='lat' dir='ltr'><strong>Christitidelibus</strong></span> <span class='ocrx_word' id='word_1_111' title='bbox 3073 1042 3192 1082; x_wconf 74' lang='lat' dir='ltr'><strong>esse</strong></span> <span class='ocrx_word' id='word_1_112' title='bbox 3238 1028 3553 1096; x_wconf 90' lang='lat' dir='ltr'><strong>debuerint,</strong></span> <span class='ocrx_word' id='word_1_113' title='bbox 3585 1031 3711 1084; x_wconf 85' lang='lat' dir='ltr'><strong>elen</strong></span> 
     </span>
    </p>
   </div>
   <div class='ocr_carea' id='block_1_11' title="bbox 481 1117 3715 1196">
    <p class='ocr_par' dir='ltr' id='par_1_11' title="bbox 481 1117 3715 1196">
     <span class='ocr_line' id='line_1_11' title="bbox 481 1117 3715 1196; baseline -0.002 -13"><span class='ocrx_word' id='word_1_114' title='bbox 481 1143 662 1186; x_wconf 87' lang='lat' dir='ltr'><strong>tamen</strong></span> <span class='ocrx_word' id='word_1_115' title='bbox 715 1131 949 1189; x_wconf 77' lang='lat' dir='ltr'><strong>Romani</strong></span> <span class='ocrx_word' id='word_1_116' title='bbox 990 1131 1276 1196; x_wconf 90' lang='lat' dir='ltr'><strong>intererat,</strong></span> <span class='ocrx_word' id='word_1_117' title='bbox 1329 1143 1526 1184; x_wconf 90' lang='lat' dir='ltr'><strong>eorum</strong></span> <span class='ocrx_word' id='word_1_118' title='bbox 1575 1124 1754 1180; x_wconf 79' lang='lat' dir='ltr'><strong>studia</strong></span> <span class='ocrx_word' id='word_1_119' title='bbox 1801 1124 1942 1194; x_wconf 88' lang='lat' dir='ltr'><strong>apud</strong></span> <span class='ocrx_word' id='word_1_120' title='bbox 1982 1121 2278 1177; x_wconf 76' lang='lat' dir='ltr'><strong>exarehuar</strong></span> <span class='ocrx_word' id='word_1_121' title='bbox 2331 1118 2708 1186; x_wconf 88' lang='lat' dir='ltr'><strong>interponere,</strong></span> <span class='ocrx_word' id='word_1_122' title='bbox 2758 1124 2816 1170; x_wconf 91' lang='lat' dir='ltr'><strong>ut</strong></span> <span class='ocrx_word' id='word_1_123' title='bbox 2871 1117 3072 1172; x_wconf 88' lang='lat' dir='ltr'><strong>electio</strong></span> <span class='ocrx_word' id='word_1_124' title='bbox 3124 1119 3191 1173; x_wconf 87' lang='lat' dir='ltr'><strong>ab</strong></span> <span class='ocrx_word' id='word_1_125' title='bbox 3247 1119 3341 1174; x_wconf 91' lang='lat' dir='ltr'><strong>illo</strong></span> <span class='ocrx_word' id='word_1_126' title='bbox 3396 1122 3715 1189; x_wconf 86' lang='lat' dir='ltr'><strong>quantocius</strong></span> 
     </span>
    </p>
   </div>
   <div class='ocr_carea' id='block_1_12' title="bbox 479 1221 827 1290">
    <p class='ocr_par' dir='ltr' id='par_1_12' title="bbox 479 1221 827 1290">
     <span class='ocr_line' id='line_1_12' title="bbox 479 1221 827 1290; baseline 0.006 -18"><span class='ocrx_word' id='word_1_127' title='bbox 479 1221 827 1290; x_wconf 81' lang='lat' dir='ltr'><strong>probaretur.</strong></span> 
     </span>
    </p>
   </div>
   <div class='ocr_carea' id='block_1_13' title="bbox 552 1319 3717 1399">
    <p class='ocr_par' dir='ltr' id='par_1_13' title="bbox 552 1319 3717 1399">
     <span class='ocr_line' id='line_1_13' title="bbox 552 1319 3717 1399; baseline -0.002 -16"><span class='ocrx_word' id='word_1_128' title='bbox 552 1328 644 1387; x_wconf 79' lang='lat' dir='ltr'><strong>IX.</strong></span> <span class='ocrx_word' id='word_1_129' title='bbox 687 1329 813 1386; x_wconf 69' lang='grc' dir='ltr'><strong>Ηωο</strong></span> <span class='ocrx_word' id='word_1_130' title='bbox 863 1340 1067 1387; x_wconf 86' lang='lat' dir='ltr'><strong>tamem</strong></span> <span class='ocrx_word' id='word_1_131' title='bbox 1113 1329 1322 1395; x_wconf 89' lang='lat' dir='ltr'><strong>omnia,</strong></span> <span class='ocrx_word' id='word_1_132' title='bbox 1367 1329 1413 1384; x_wconf 89' lang='lat' dir='ltr'><strong>si</strong></span> <span class='ocrx_word' id='word_1_133' title='bbox 1455 1327 1655 1399; x_wconf 88' lang='lat' dir='ltr'><strong>placet.</strong></span> <span class='ocrx_word' id='word_1_134' title='bbox 1698 1329 2038 1388; x_wconf 82' lang='lat' dir='ltr'><strong>omittamus.</strong></span> <span class='ocrx_word' id='word_1_135' title='bbox 2082 1323 2276 1388; x_wconf 83' lang='lat' dir='ltr'><strong>Hasce,</strong></span> <span class='ocrx_word' id='word_1_136' title='bbox 2326 1321 2528 1390; x_wconf 84' lang='lat' dir='ltr'><strong>quibus</strong></span> <span class='ocrx_word' id='word_1_137' title='bbox 2577 1319 2878 1375; x_wconf 81' lang='lat' dir='ltr'><strong>historicus</strong></span> <span class='ocrx_word' id='word_1_138' title='bbox 2930 1328 3222 1391; x_wconf 87' lang='lat' dir='ltr'><strong>tantopere</strong></span> <span class='ocrx_word' id='word_1_139' title='bbox 3267 1319 3407 1385; x_wconf 80' lang='lat' dir='ltr'><strong>fidit,</strong></span> <span class='ocrx_word' id='word_1_140' title='bbox 3463 1323 3717 1392; x_wconf 87' lang='lat' dir='ltr'><strong>epistolas</strong></span> 
     </span>
    </p>
   </div>
   <div class='ocr_carea' id='block_1_14' title="bbox 480 1409 3711 1488">
    <p class='ocr_par' dir='ltr' id='par_1_14' title="bbox 480 1409 3711 1488">
     <span class='ocr_line' id='line_1_14' title="bbox 480 1409 3711 1488; baseline -0.002 -17"><span class='ocrx_word' id='word_1_141' title='bbox 480 1418 751 1488; x_wconf 85' lang='lat' dir='ltr'><strong>ejusmodi</strong></span> <span class='ocrx_word' id='word_1_142' title='bbox 780 1433 902 1474; x_wconf 87' lang='lat' dir='ltr'><strong>esse</strong></span> <span class='ocrx_word' id='word_1_143' title='bbox 945 1416 1244 1482; x_wconf 90' lang='lat' dir='ltr'><strong>contendo,</strong></span> <span class='ocrx_word' id='word_1_144' title='bbox 1299 1425 1358 1471; x_wconf 92' lang='lat' dir='ltr'><strong>ut</strong></span> <span class='ocrx_word' id='word_1_145' title='bbox 1406 1415 1626 1470; x_wconf 83' lang='lat' dir='ltr'><strong>nonnisi</strong></span> <span class='ocrx_word' id='word_1_146' title='bbox 1685 1431 1781 1486; x_wconf 86' lang='lat' dir='ltr'><strong>per</strong></span> <span class='ocrx_word' id='word_1_147' title='bbox 1813 1431 2085 1471; x_wconf 87' lang='lat' dir='ltr'><strong>summam</strong></span> <span class='ocrx_word' id='word_1_148' title='bbox 2121 1417 2378 1488; x_wconf 91' lang='lat' dir='ltr'><strong>injuriam</strong></span> <span class='ocrx_word' id='word_1_149' title='bbox 2414 1409 2666 1467; x_wconf 78' lang='lat' dir='ltr'><strong>Paschali</strong></span> <span class='ocrx_word' id='word_1_150' title='bbox 2715 1410 2942 1480; x_wconf 85' lang='lat' dir='ltr'><strong>ejusque</strong></span> <span class='ocrx_word' id='word_1_151' title='bbox 2988 1411 3218 1464; x_wconf 88' lang='lat' dir='ltr'><strong>asseclis</strong></span> <span class='ocrx_word' id='word_1_152' title='bbox 3255 1411 3423 1465; x_wconf 87' lang='lat' dir='ltr'><strong>tribui</strong></span> <span class='ocrx_word' id='word_1_153' title='bbox 3471 1411 3711 1480; x_wconf 77' lang='lat' dir='ltr'><strong>possint.</strong></span> 
     </span>
    </p>
   </div>
   <div class='ocr_carea' id='block_1_15' title="bbox 483 1495 3715 1577">
    <p class='ocr_par' dir='ltr' id='par_1_15' title="bbox 483 1495 3715 1577">
     <span class='ocr_line' id='line_1_15' title="bbox 483 1495 3715 1577; baseline -0.002 -17"><span class='ocrx_word' id='word_1_154' title='bbox 483 1506 697 1561; x_wconf 85' lang='lat' dir='ltr'><strong>Etenim</strong></span> <span class='ocrx_word' id='word_1_155' title='bbox 726 1507 780 1560; x_wconf 90' lang='lat' dir='ltr'><strong>in</strong></span> <span class='ocrx_word' id='word_1_156' title='bbox 815 1507 925 1562; x_wconf 88' lang='lat' dir='ltr'><strong>illis</strong></span> <span class='ocrx_word' id='word_1_157' title='bbox 951 1503 1410 1577; x_wconf 74' lang='lat' dir='ltr'><strong>splendidissima:</strong></span> <span class='ocrx_word' id='word_1_158' title='bbox 1451 1504 1736 1576; x_wconf 83' lang='lat' dir='ltr'><strong>cujusdam</strong></span> <span class='ocrx_word' id='word_1_159' title='bbox 1785 1505 1852 1560; x_wconf 87' lang='lat' dir='ltr'><strong>ad</strong></span> <span class='ocrx_word' id='word_1_160' title='bbox 1881 1505 2182 1560; x_wconf 89' lang='lat' dir='ltr'><strong>exarchum</strong></span> <span class='ocrx_word' id='word_1_161' title='bbox 2213 1501 2504 1573; x_wconf 78' lang='lat' dir='ltr'><strong>legationis</strong></span> <span class='ocrx_word' id='word_1_162' title='bbox 2538 1498 2875 1554; x_wconf 89' lang='lat' dir='ltr'><strong>mentionem</strong></span> <span class='ocrx_word' id='word_1_163' title='bbox 2909 1495 3031 1552; x_wconf 83' lang='lat' dir='ltr'><strong>ﬁeri</strong></span> <span class='ocrx_word' id='word_1_164' title='bbox 3066 1496 3248 1552; x_wconf 81' lang='lat' dir='ltr'><strong>video.</strong></span> <span class='ocrx_word' id='word_1_165' title='bbox 3279 1498 3382 1564; x_wconf 84' lang='lat' dir='ltr'><strong>Qui</strong></span> <span class='ocrx_word' id='word_1_166' title='bbox 3417 1513 3550 1567; x_wconf 79' lang='lat' dir='ltr'><strong>ergo</strong></span> <span class='ocrx_word' id='word_1_167' title='bbox 3597 1513 3715 1553; x_wconf 84' lang='lat' dir='ltr'><strong>cre-</strong></span> 
     </span>
    </p>
   </div>
   <div class='ocr_carea' id='block_1_16' title="bbox 481 1584 3720 1664">
    <p class='ocr_par' dir='ltr' id='par_1_16' title="bbox 481 1584 3720 1664">
     <span class='ocr_line' id='line_1_16' title="bbox 481 1584 3720 1664; baseline -0.002 -18"><span class='ocrx_word' id='word_1_168' title='bbox 481 1595 631 1658; x_wconf 87' lang='lat' dir='ltr'><strong>dam,</strong></span> <span class='ocrx_word' id='word_1_169' title='bbox 659 1594 782 1650; x_wconf 86' lang='lat' dir='ltr'><strong>illas</strong></span> <span class='ocrx_word' id='word_1_170' title='bbox 809 1610 838 1648; x_wconf 90' lang='lat' dir='ltr'><strong>a</strong></span> <span class='ocrx_word' id='word_1_171' title='bbox 870 1592 1365 1657; x_wconf 86' lang='lat' dir='ltr'><strong>Paschalisliisve,</strong></span> <span class='ocrx_word' id='word_1_172' title='bbox 1413 1592 1510 1663; x_wconf 91' lang='lat' dir='ltr'><strong>qui</strong></span> <span class='ocrx_word' id='word_1_173' title='bbox 1557 1592 1680 1662; x_wconf 87' lang='lat' dir='ltr'><strong>ejus</strong></span> <span class='ocrx_word' id='word_1_174' title='bbox 1712 1594 2024 1648; x_wconf 71' lang='lat' dir='ltr'><strong>ratianibus</strong></span> <span class='ocrx_word' id='word_1_175' title='bbox 2068 1593 2433 1664; x_wconf 81' lang='lat' dir='ltr'><strong>adjunxerant</strong></span> <span class='ocrx_word' id='word_1_176' title='bbox 2480 1602 2624 1649; x_wconf 86' lang='lat' dir='ltr'><strong>sese,</strong></span> <span class='ocrx_word' id='word_1_177' title='bbox 2689 1584 2861 1640; x_wconf 89' lang='lat' dir='ltr'><strong>fuisse</strong></span> <span class='ocrx_word' id='word_1_178' title='bbox 2911 1595 3202 1650; x_wconf 89' lang='lat' dir='ltr'><strong>exaratas,</strong></span> <span class='ocrx_word' id='word_1_179' title='bbox 3240 1601 3364 1641; x_wconf 90' lang='lat' dir='ltr'><strong>cum</strong></span> <span class='ocrx_word' id='word_1_180' title='bbox 3402 1588 3720 1640; x_wconf 79' lang='lat' dir='ltr'><strong>Anastasius</strong></span> 
     </span>
    </p>
   </div>
   <div class='ocr_carea' id='block_1_17' title="bbox 485 1671 3720 1740">
    <p class='ocr_par' dir='ltr' id='par_1_17' title="bbox 485 1671 3720 1740">
     <span class='ocr_line' id='line_1_17' title="bbox 485 1671 3720 1740; baseline -0.002 -9"><span class='ocrx_word' id='word_1_181' title='bbox 485 1677 701 1740; x_wconf 74' lang='lat' dir='ltr'><strong>doceat,</strong></span> <span class='ocrx_word' id='word_1_182' title='bbox 744 1693 1016 1733; x_wconf 66' lang='lat' dir='ltr'><strong>cumcum</strong></span> <span class='ocrx_word' id='word_1_183' title='bbox 1046 1693 1150 1732; x_wconf 88' lang='lat' dir='ltr'><strong>non</strong></span> <span class='ocrx_word' id='word_1_184' title='bbox 1180 1692 1407 1732; x_wconf 80' lang='lat' dir='ltr'><strong>cessasse</strong></span> <span class='ocrx_word' id='word_1_185' title='bbox 1451 1674 1772 1732; x_wconf 82' lang='lat' dir='ltr'><strong>Paschalem</strong></span> <span class='ocrx_word' id='word_1_186' title='bbox 1809 1676 2113 1732; x_wconf 75' lang='lat' dir='ltr'><strong>Ravennam</strong></span> <span class='ocrx_word' id='word_1_187' title='bbox 2157 1695 2278 1733; x_wconf 89' lang='lat' dir='ltr'><strong>suos</strong></span> <span class='ocrx_word' id='word_1_188' title='bbox 2312 1678 2520 1731; x_wconf 82' lang='lat' dir='ltr'><strong>mittere</strong></span> <span class='ocrx_word' id='word_1_189' title='bbox 2561 1673 2798 1728; x_wconf 78' lang='lat' dir='ltr'><strong>missos?</strong></span> <span class='ocrx_word' id='word_1_190' title='bbox 2831 1671 2973 1738; x_wconf 90' lang='lat' dir='ltr'><strong>Quid</strong></span> <span class='ocrx_word' id='word_1_191' title='bbox 3003 1687 3137 1726; x_wconf 88' lang='lat' dir='ltr'><strong>vero</strong></span> <span class='ocrx_word' id='word_1_192' title='bbox 3167 1673 3233 1728; x_wconf 89' lang='lat' dir='ltr'><strong>de</strong></span> <span class='ocrx_word' id='word_1_193' title='bbox 3261 1672 3502 1726; x_wconf 87' lang='lat' dir='ltr'><strong>mirabili</strong></span> <span class='ocrx_word' id='word_1_194' title='bbox 3539 1673 3629 1726; x_wconf 89' lang='lat' dir='ltr'><strong>illa</strong></span> <span class='ocrx_word' id='word_1_195' title='bbox 3668 1674 3720 1726; x_wconf 86' lang='lat' dir='ltr'><strong>in</strong></span> 
     </span>
    </p>
   </div>
   <div class='ocr_carea' id='block_1_18' title="bbox 486 1760 3726 1836">
    <p class='ocr_par' dir='ltr' id='par_1_18' title="bbox 486 1760 3726 1836">
     <span class='ocr_line' id='line_1_18' title="bbox 486 1760 3726 1836; baseline -0.001 -20"><span class='ocrx_word' id='word_1_196' title='bbox 486 1765 740 1832; x_wconf 80' lang='lat' dir='ltr'><strong>eligendo</strong></span> <span class='ocrx_word' id='word_1_197' title='bbox 766 1765 1033 1820; x_wconf 83' lang='lat' dir='ltr'><strong>Pontilice</strong></span> <span class='ocrx_word' id='word_1_198' title='bbox 1068 1762 1458 1834; x_wconf 71' lang='lat' dir='ltr'><strong>suﬂ‘ragiorum</strong></span> <span class='ocrx_word' id='word_1_199' title='bbox 1494 1764 1859 1818; x_wconf 86' lang='lat' dir='ltr'><strong>consensione</strong></span> <span class='ocrx_word' id='word_1_200' title='bbox 1887 1764 2092 1827; x_wconf 87' lang='lat' dir='ltr'><strong>dicam,</strong></span> <span class='ocrx_word' id='word_1_201' title='bbox 2133 1782 2297 1836; x_wconf 88' lang='lat' dir='ltr'><strong>quam</strong></span> <span class='ocrx_word' id='word_1_202' title='bbox 2322 1764 2574 1819; x_wconf 77' lang='lat' dir='ltr'><strong>formula:</strong></span> <span class='ocrx_word' id='word_1_203' title='bbox 2607 1762 2930 1833; x_wconf 82' lang='lat' dir='ltr'><strong>pra-dicant,</strong></span> <span class='ocrx_word' id='word_1_204' title='bbox 2958 1768 3015 1814; x_wconf 82' lang='lat' dir='ltr'><strong>ut</strong></span> <span class='ocrx_word' id='word_1_205' title='bbox 3039 1760 3217 1814; x_wconf 87' lang='lat' dir='ltr'><strong>nullus</strong></span> <span class='ocrx_word' id='word_1_206' title='bbox 3244 1761 3296 1814; x_wconf 89' lang='lat' dir='ltr'><strong>in</strong></span> <span class='ocrx_word' id='word_1_207' title='bbox 3323 1761 3436 1831; x_wconf 88' lang='lat' dir='ltr'><strong>ejus</strong></span> <span class='ocrx_word' id='word_1_208' title='bbox 3471 1761 3726 1814; x_wconf 78' lang='lat' dir='ltr'><strong>electione</strong></span> 
     </span>
    </p>
   </div>
   <div class='ocr_carea' id='block_1_19' title="bbox 486 1840 3720 1921">
    <p class='ocr_par' dir='ltr' id='par_1_19' title="bbox 486 1840 3720 1921">
     <span class='ocr_line' id='line_1_19' title="bbox 486 1840 3720 1921; baseline -0.001 -19"><span class='ocrx_word' id='word_1_209' title='bbox 486 1852 780 1913; x_wconf 82' lang='lat' dir='ltr'><strong>dissideret,</strong></span> <span class='ocrx_word' id='word_1_210' title='bbox 841 1869 904 1906; x_wconf 88' lang='lat' dir='ltr'><strong>ac</strong></span> <span class='ocrx_word' id='word_1_211' title='bbox 948 1851 1126 1906; x_wconf 89' lang='lat' dir='ltr'><strong>nullus</strong></span> <span class='ocrx_word' id='word_1_212' title='bbox 1174 1840 1396 1916; x_wconf 82' lang='lat' dir='ltr'><strong>abesset,</strong></span> <span class='ocrx_word' id='word_1_213' title='bbox 1461 1849 1696 1904; x_wconf 80' lang='lat' dir='ltr'><strong>nullusre</strong></span> <span class='ocrx_word' id='word_1_214' title='bbox 1747 1853 1972 1921; x_wconf 83' lang='lat' dir='ltr'><strong>seipsum</strong></span> <span class='ocrx_word' id='word_1_215' title='bbox 2015 1850 2394 1906; x_wconf 80' lang='lat' dir='ltr'><strong>subtraheret?</strong></span> <span class='ocrx_word' id='word_1_216' title='bbox 2425 1850 2600 1919; x_wconf 82' lang='lat' dir='ltr'><strong>Epist.</strong></span> <span class='ocrx_word' id='word_1_217' title='bbox 2643 1848 2711 1903; x_wconf 90' lang='lat' dir='ltr'><strong>ad</strong></span> <span class='ocrx_word' id='word_1_218' title='bbox 2754 1847 2978 1903; x_wconf 78' lang='lat' dir='ltr'><strong>exarch.</strong></span> <span class='ocrx_word' id='word_1_219' title='bbox 3012 1848 3102 1916; x_wconf 83' lang='lat' dir='ltr'><strong>tit.</strong></span> <span class='ocrx_word' id='word_1_220' title='bbox 3139 1847 3251 1904; x_wconf 79' lang='lat' dir='ltr'><strong>IV:</strong></span> <span class='ocrx_word' id='word_1_221' title='bbox 3301 1847 3364 1901; x_wconf 84' lang='lat' dir='ltr'><strong>ln</strong></span> <span class='ocrx_word' id='word_1_222' title='bbox 3405 1847 3558 1914; x_wconf 82' lang='lat' dir='ltr'><strong>cujus</strong></span> <span class='ocrx_word' id='word_1_223' title='bbox 3612 1847 3720 1900; x_wconf 82' lang='lat' dir='ltr'><strong>Deo</strong></span> 
     </span>
    </p>
   </div>
   <div class='ocr_carea' id='block_1_20' title="bbox 485 1937 3722 2010">
    <p class='ocr_par' dir='ltr' id='par_1_20' title="bbox 485 1937 3722 2010">
     <span class='ocr_line' id='line_1_20' title="bbox 485 1937 3722 2010; baseline -0.001 -19"><span class='ocrx_word' id='word_1_224' title='bbox 485 1939 675 1993; x_wconf 78' lang='lat' dir='ltr'><strong>dedita:</strong></span> <span class='ocrx_word' id='word_1_225' title='bbox 700 1939 969 1994; x_wconf 78' lang='lat' dir='ltr'><strong>electionis</strong></span> <span class='ocrx_word' id='word_1_226' title='bbox 1022 1939 1224 2003; x_wconf 86' lang='lat' dir='ltr'><strong>nullus,</strong></span> <span class='ocrx_word' id='word_1_227' title='bbox 1271 1940 1447 2010; x_wconf 82' lang='lat' dir='ltr'><strong>gratia</strong></span> <span class='ocrx_word' id='word_1_228' title='bbox 1471 1940 1646 1994; x_wconf 78' lang='lat' dir='ltr'><strong>sancti</strong></span> <span class='ocrx_word' id='word_1_229' title='bbox 1678 1937 1910 2010; x_wconf 77' lang='lat' dir='ltr'><strong>Spiritus</strong></span> <span class='ocrx_word' id='word_1_230' title='bbox 1952 1940 2276 2001; x_wconf 84' lang='lat' dir='ltr'><strong>illustrante,</strong></span> <span class='ocrx_word' id='word_1_231' title='bbox 2313 1939 2502 2010; x_wconf 80' lang='lat' dir='ltr'><strong>defuit,</strong></span> <span class='ocrx_word' id='word_1_232' title='bbox 2539 1938 2632 1991; x_wconf 84' lang='lat' dir='ltr'><strong>sed</strong></span> <span class='ocrx_word' id='word_1_233' title='bbox 2670 1939 2908 1991; x_wconf 84' lang='lat' dir='ltr'><strong>omnium</strong></span> <span class='ocrx_word' id='word_1_234' title='bbox 2941 1947 3061 1990; x_wconf 80' lang='lat' dir='ltr'><strong>eota</strong></span> <span class='ocrx_word' id='word_1_235' title='bbox 3107 1937 3440 1989; x_wconf 82' lang='lat' dir='ltr'><strong>concorditer</strong></span> <span class='ocrx_word' id='word_1_236' title='bbox 3466 1952 3722 1990; x_wconf 76' lang='lat' dir='ltr'><strong>conuene-</strong></span> 
     </span>
    </p>
   </div>
   <div class='ocr_carea' id='block_1_21' title="bbox 483 2023 3724 2096">
    <p class='ocr_par' dir='ltr' id='par_1_21' title="bbox 483 2023 3724 2096">
     <span class='ocr_line' id='line_1_21' title="bbox 483 2023 3724 2096; baseline -0 -19"><span class='ocrx_word' id='word_1_237' title='bbox 483 2035 652 2080; x_wconf 84' lang='lat' dir='ltr'><strong>runt:</strong></span> <span class='ocrx_word' id='word_1_238' title='bbox 687 2026 862 2096; x_wconf 80' lang='lat' dir='ltr'><strong>Epist.</strong></span> <span class='ocrx_word' id='word_1_239' title='bbox 894 2027 962 2080; x_wconf 89' lang='lat' dir='ltr'><strong>ad</strong></span> <span class='ocrx_word' id='word_1_240' title='bbox 990 2025 1160 2083; x_wconf 85' lang='lat' dir='ltr'><strong>Arch.</strong></span> <span class='ocrx_word' id='word_1_241' title='bbox 1196 2028 1281 2081; x_wconf 89' lang='lat' dir='ltr'><strong>tit.</strong></span> <span class='ocrx_word' id='word_1_242' title='bbox 1333 2027 1398 2082; x_wconf 71' lang='grc' dir='ltr'><strong>γ.</strong></span> <span class='ocrx_word' id='word_1_243' title='bbox 1440 2025 1662 2081; x_wconf 89' lang='lat' dir='ltr'><strong>Fierine</strong></span> <span class='ocrx_word' id='word_1_244' title='bbox 1713 2026 2004 2094; x_wconf 79' lang='lat' dir='ltr'><strong>pomissct.</strong></span> <span class='ocrx_word' id='word_1_245' title='bbox 2038 2037 2098 2081; x_wconf 93' lang='lat' dir='ltr'><strong>ut</strong></span> <span class='ocrx_word' id='word_1_246' title='bbox 2139 2029 2254 2082; x_wconf 60' lang='lat' dir='ltr'><strong>haec</strong></span> <span class='ocrx_word' id='word_1_247' title='bbox 2293 2026 2362 2081; x_wconf 89' lang='lat' dir='ltr'><strong>de</strong></span> <span class='ocrx_word' id='word_1_248' title='bbox 2408 2025 2692 2079; x_wconf 85' lang='lat' dir='ltr'><strong>Paschalis</strong></span> <span class='ocrx_word' id='word_1_249' title='bbox 2737 2025 3013 2079; x_wconf 86' lang='lat' dir='ltr'><strong>electione</strong></span> <span class='ocrx_word' id='word_1_250' title='bbox 3047 2023 3478 2078; x_wconf 82' lang='lat' dir='ltr'><strong>scriberentur?</strong></span> <span class='ocrx_word' id='word_1_251' title='bbox 3524 2025 3582 2078; x_wconf 85' lang='lat' dir='ltr'><strong>in</strong></span> <span class='ocrx_word' id='word_1_252' title='bbox 3621 2039 3724 2089; x_wconf 79' lang='lat' dir='ltr'><strong>qua</strong></span> 
     </span>
    </p>
   </div>
   <div class='ocr_carea' id='block_1_22' title="bbox 487 2110 3724 2183">
    <p class='ocr_par' dir='ltr' id='par_1_22' title="bbox 487 2110 3724 2183">
     <span class='ocr_line' id='line_1_22' title="bbox 487 2110 3724 2183; baseline 0 -19"><span class='ocrx_word' id='word_1_253' title='bbox 487 2115 559 2166; x_wconf 82' lang='lat' dir='ltr'><strong>ita</strong></span> <span class='ocrx_word' id='word_1_254' title='bbox 594 2113 929 2168; x_wconf 89' lang='lat' dir='ltr'><strong>dissidentes</strong></span> <span class='ocrx_word' id='word_1_255' title='bbox 960 2113 1116 2168; x_wconf 88' lang='lat' dir='ltr'><strong>fuere</strong></span> <span class='ocrx_word' id='word_1_256' title='bbox 1167 2113 1545 2169; x_wconf 75' lang='lat' dir='ltr'><strong>Romanorum</strong></span> <span class='ocrx_word' id='word_1_257' title='bbox 1591 2113 1784 2176; x_wconf 84' lang='lat' dir='ltr'><strong>animi,</strong></span> <span class='ocrx_word' id='word_1_258' title='bbox 1825 2122 1886 2168; x_wconf 92' lang='lat' dir='ltr'><strong>ut</strong></span> <span class='ocrx_word' id='word_1_259' title='bbox 1929 2115 2024 2169; x_wconf 88' lang='lat' dir='ltr'><strong>alii</strong></span> <span class='ocrx_word' id='word_1_260' title='bbox 2075 2113 2396 2169; x_wconf 82' lang='lat' dir='ltr'><strong>Paschalem</strong></span> <span class='ocrx_word' id='word_1_261' title='bbox 2451 2113 2672 2183; x_wconf 87' lang='lat' dir='ltr'><strong>quidem</strong></span> <span class='ocrx_word' id='word_1_262' title='bbox 2723 2112 3014 2182; x_wconf 72' lang='lat' dir='ltr'><strong>eligerent,</strong></span> <span class='ocrx_word' id='word_1_263' title='bbox 3068 2110 3164 2166; x_wconf 89' lang='lat' dir='ltr'><strong>sed</strong></span> <span class='ocrx_word' id='word_1_264' title='bbox 3197 2111 3292 2166; x_wconf 87' lang='lat' dir='ltr'><strong>alii</strong></span> <span class='ocrx_word' id='word_1_265' title='bbox 3332 2111 3724 2166; x_wconf 76' lang='lat' dir='ltr'><strong>Theodorum:</strong></span> 
     </span>
    </p>
   </div>
   <div class='ocr_carea' id='block_1_23' title="bbox 487 2200 3727 2270">
    <p class='ocr_par' dir='ltr' id='par_1_23' title="bbox 487 2200 3727 2270">
     <span class='ocr_line' id='line_1_23' title="bbox 487 2200 3727 2270; baseline 0 -16"><span class='ocrx_word' id='word_1_266' title='bbox 487 2216 706 2270; x_wconf 84' lang='lat' dir='ltr'><strong>cumque</strong></span> <span class='ocrx_word' id='word_1_267' title='bbox 729 2217 866 2255; x_wconf 88' lang='lat' dir='ltr'><strong>unus</strong></span> <span class='ocrx_word' id='word_1_268' title='bbox 904 2201 1002 2254; x_wconf 84' lang='lat' dir='ltr'><strong>alii</strong></span> <span class='ocrx_word' id='word_1_269' title='bbox 1025 2200 1198 2254; x_wconf 88' lang='lat' dir='ltr'><strong>locum</strong></span> <span class='ocrx_word' id='word_1_270' title='bbox 1237 2217 1340 2255; x_wconf 88' lang='lat' dir='ltr'><strong>non</strong></span> <span class='ocrx_word' id='word_1_271' title='bbox 1371 2201 1600 2264; x_wconf 80' lang='lat' dir='ltr'><strong>cederet.</strong></span> <span class='ocrx_word' id='word_1_272' title='bbox 1654 2210 1714 2255; x_wconf 91' lang='lat' dir='ltr'><strong>ut</strong></span> <span class='ocrx_word' id='word_1_273' title='bbox 1764 2201 2089 2258; x_wconf 81' lang='lat' dir='ltr'><strong>Anastasius</strong></span> <span class='ocrx_word' id='word_1_274' title='bbox 2131 2212 2338 2265; x_wconf 82' lang='lat' dir='ltr'><strong>narrat,</strong></span> <span class='ocrx_word' id='word_1_275' title='bbox 2375 2202 2468 2254; x_wconf 85' lang='lat' dir='ltr'><strong>sed</strong></span> <span class='ocrx_word' id='word_1_276' title='bbox 2507 2201 2718 2270; x_wconf 87' lang='lat' dir='ltr'><strong>utrique</strong></span> <span class='ocrx_word' id='word_1_277' title='bbox 2753 2201 3059 2254; x_wconf 84' lang='lat' dir='ltr'><strong>immaniter</strong></span> <span class='ocrx_word' id='word_1_278' title='bbox 3085 2200 3466 2266; x_wconf 82' lang='lat' dir='ltr'><strong>perdurarent,</strong></span> <span class='ocrx_word' id='word_1_279' title='bbox 3501 2210 3557 2252; x_wconf 90' lang='lat' dir='ltr'><strong>ut</strong></span> <span class='ocrx_word' id='word_1_280' title='bbox 3590 2216 3727 2255; x_wconf 62' lang='lat' dir='ltr'><strong>antis</strong></span> 
     </span>
    </p>
   </div>
   <div class='ocr_carea' id='block_1_24' title="bbox 486 2285 3729 2361">
    <p class='ocr_par' dir='ltr' id='par_1_24' title="bbox 486 2285 3729 2361">
     <span class='ocr_line' id='line_1_24' title="bbox 486 2285 3729 2361; baseline -0.001 -17"><span class='ocrx_word' id='word_1_281' title='bbox 486 2291 655 2344; x_wconf 85' lang='lat' dir='ltr'><strong>alium</strong></span> <span class='ocrx_word' id='word_1_282' title='bbox 679 2298 976 2360; x_wconf 84' lang='lat' dir='ltr'><strong>superaret,</strong></span> <span class='ocrx_word' id='word_1_283' title='bbox 1005 2291 1136 2344; x_wconf 87' lang='lat' dir='ltr'><strong>inito</strong></span> <span class='ocrx_word' id='word_1_284' title='bbox 1177 2290 1396 2344; x_wconf 87' lang='lat' dir='ltr'><strong>consilio</strong></span> <span class='ocrx_word' id='word_1_285' title='bbox 1427 2291 1682 2360; x_wconf 82' lang='lat' dir='ltr'><strong>primates</strong></span> <span class='ocrx_word' id='word_1_286' title='bbox 1711 2291 1980 2361; x_wconf 86' lang='lat' dir='ltr'><strong>judicum,</strong></span> <span class='ocrx_word' id='word_1_287' title='bbox 2036 2299 2086 2345; x_wconf 87' lang='lat' dir='ltr'><strong>et</strong></span> <span class='ocrx_word' id='word_1_288' title='bbox 2134 2291 2392 2344; x_wconf 72' lang='lat' dir='ltr'><strong>exercitus</strong></span> <span class='ocrx_word' id='word_1_289' title='bbox 2432 2286 2687 2341; x_wconf 75' lang='lat' dir='ltr'><strong>Romana:</strong></span> <span class='ocrx_word' id='word_1_290' title='bbox 2724 2288 2951 2350; x_wconf 77' lang='lat' dir='ltr'><strong>militite,</strong></span> <span class='ocrx_word' id='word_1_291' title='bbox 2992 2285 3076 2340; x_wconf 81' lang='lat' dir='ltr'><strong>vel</strong></span> <span class='ocrx_word' id='word_1_292' title='bbox 3129 2285 3259 2341; x_wconf 87' lang='lat' dir='ltr'><strong>cleri</strong></span> <span class='ocrx_word' id='word_1_293' title='bbox 3312 2287 3551 2341; x_wconf 84' lang='lat' dir='ltr'><strong>seditiosi</strong></span> <span class='ocrx_word' id='word_1_294' title='bbox 3601 2305 3729 2356; x_wconf 85' lang='lat' dir='ltr'><strong>pars</strong></span> 
     </span>
    </p>
   </div>
   <div class='ocr_carea' id='block_1_25' title="bbox 487 2375 3728 2448">
    <p class='ocr_par' dir='ltr' id='par_1_25' title="bbox 487 2375 3728 2448">
     <span class='ocr_line' id='line_1_25' title="bbox 487 2375 3728 2448; baseline 0 -18"><span class='ocrx_word' id='word_1_295' title='bbox 487 2379 787 2448; x_wconf 80' lang='lat' dir='ltr'><strong>plurima...</strong></span> <span class='ocrx_word' id='word_1_296' title='bbox 825 2377 896 2432; x_wconf 86' lang='lat' dir='ltr'><strong>ad</strong></span> <span class='ocrx_word' id='word_1_297' title='bbox 925 2391 1140 2430; x_wconf 84' lang='lat' dir='ltr'><strong>sacrum</strong></span> <span class='ocrx_word' id='word_1_298' title='bbox 1187 2375 1450 2446; x_wconf 83' lang='lat' dir='ltr'><strong>palatium</strong></span> <span class='ocrx_word' id='word_1_299' title='bbox 1503 2387 1869 2447; x_wconf 74' lang='lat' dir='ltr'><strong>perrexerunt,</strong></span> <span class='ocrx_word' id='word_1_300' title='bbox 1914 2385 1964 2431; x_wconf 86' lang='lat' dir='ltr'><strong>et</strong></span> <span class='ocrx_word' id='word_1_301' title='bbox 2011 2377 2100 2431; x_wconf 90' lang='lat' dir='ltr'><strong>diu</strong></span> <span class='ocrx_word' id='word_1_302' title='bbox 2135 2385 2542 2445; x_wconf 88' lang='lat' dir='ltr'><strong>pertractantes,</strong></span> <span class='ocrx_word' id='word_1_303' title='bbox 2571 2378 2695 2446; x_wconf 85' lang='lat' dir='ltr'><strong>quid</strong></span> <span class='ocrx_word' id='word_1_304' title='bbox 2740 2376 2860 2443; x_wconf 78' lang='lat' dir='ltr'><strong>ﬁeri</strong></span> <span class='ocrx_word' id='word_1_305' title='bbox 2909 2375 3185 2431; x_wconf 80' lang='lat' dir='ltr'><strong>deberet...</strong></span> <span class='ocrx_word' id='word_1_306' title='bbox 3222 2375 3327 2430; x_wconf 86' lang='lat' dir='ltr'><strong>Deo</strong></span> <span class='ocrx_word' id='word_1_307' title='bbox 3357 2377 3627 2430; x_wconf 86' lang='lat' dir='ltr'><strong>adnuente</strong></span> <span class='ocrx_word' id='word_1_308' title='bbox 3674 2379 3728 2432; x_wconf 75' lang='lat' dir='ltr'><strong>in</strong></span> 
     </span>
    </p>
   </div>
   <div class='ocr_carea' id='block_1_26' title="bbox 487 2461 3728 2536">
    <p class='ocr_par' dir='ltr' id='par_1_26' title="bbox 487 2461 3728 2536">
     <span class='ocr_line' id='line_1_26' title="bbox 487 2461 3728 2536; baseline -0.001 -19"><span class='ocrx_word' id='word_1_309' title='bbox 487 2481 837 2529; x_wconf 79' lang='lat' dir='ltr'><strong>personam...</strong></span> <span class='ocrx_word' id='word_1_310' title='bbox 880 2462 1075 2534; x_wconf 78' lang='lat' dir='ltr'><strong>Sergii,</strong></span> <span class='ocrx_word' id='word_1_311' title='bbox 1115 2463 1428 2519; x_wconf 86' lang='lat' dir='ltr'><strong>venerabilis</strong></span> <span class='ocrx_word' id='word_1_312' title='bbox 1457 2473 1582 2518; x_wconf 86' lang='lat' dir='ltr'><strong>tunc</strong></span> <span class='ocrx_word' id='word_1_313' title='bbox 1610 2465 1921 2536; x_wconf 78' lang='lat' dir='ltr'><strong>presbyteri,</strong></span> <span class='ocrx_word' id='word_1_314' title='bbox 1959 2463 2338 2518; x_wconf 87' lang='lat' dir='ltr'><strong>concordantes</strong></span> <span class='ocrx_word' id='word_1_315' title='bbox 2365 2478 2420 2516; x_wconf 87' lang='lat' dir='ltr'><strong>se</strong></span> <span class='ocrx_word' id='word_1_316' title='bbox 2445 2461 2806 2526; x_wconf 87' lang='lat' dir='ltr'><strong>contulerunt,</strong></span> <span class='ocrx_word' id='word_1_317' title='bbox 2842 2463 3230 2534; x_wconf 86' lang='lat' dir='ltr'><strong>acquiescente</strong></span> <span class='ocrx_word' id='word_1_318' title='bbox 3257 2463 3514 2519; x_wconf 89' lang='lat' dir='ltr'><strong>electioni</strong></span> <span class='ocrx_word' id='word_1_319' title='bbox 3543 2463 3588 2519; x_wconf 84' lang='grc' dir='ltr'>Τ</span> <span class='ocrx_word' id='word_1_320' title='bbox 3595 2467 3728 2520; x_wconf 84' lang='lat' dir='ltr'><strong>heo-</strong></span> 
     </span>
    </p>
   </div>
   <div class='ocr_carea' id='block_1_27' title="bbox 489 2549 3731 2639">
    <p class='ocr_par' dir='ltr' id='par_1_27' title="bbox 489 2549 3731 2639">
     <span class='ocr_line' id='line_1_27' title="bbox 489 2549 3731 2639; baseline 0 -32"><span class='ocrx_word' id='word_1_321' title='bbox 489 2553 646 2615; x_wconf 79' lang='lat' dir='ltr'><strong>doro,</strong></span> <span class='ocrx_word' id='word_1_322' title='bbox 682 2566 792 2605; x_wconf 90' lang='lat' dir='ltr'><strong>uno</strong></span> <span class='ocrx_word' id='word_1_323' title='bbox 834 2550 1146 2639; x_wconf 39' lang='lat' dir='ltr'><strong>reluctante</strong></span> <span class='ocrx_word' id='word_1_324' title='bbox 1179 2549 1453 2606; x_wconf 77' lang='lat' dir='ltr'><strong>Paschali.</strong></span> <span class='ocrx_word' id='word_1_325' title='bbox 1489 2550 1579 2604; x_wconf 82' lang='lat' dir='ltr'><strong>Ait</strong></span> <span class='ocrx_word' id='word_1_326' title='bbox 1609 2550 1837 2620; x_wconf 89' lang='lat' dir='ltr'><strong>quidem</strong></span> <span class='ocrx_word' id='word_1_327' title='bbox 1869 2551 2192 2620; x_wconf 80' lang='lat' dir='ltr'><strong>ingeniosus</strong></span> <span class='ocrx_word' id='word_1_328' title='bbox 2237 2551 2564 2612; x_wconf 86' lang='lat' dir='ltr'><strong>historicus.</strong></span> <span class='ocrx_word' id='word_1_329' title='bbox 2591 2566 2862 2606; x_wconf 86' lang='lat' dir='ltr'><strong>summam</strong></span> <span class='ocrx_word' id='word_1_330' title='bbox 2906 2553 3056 2606; x_wconf 86' lang='lat' dir='ltr'><strong>illam</strong></span> <span class='ocrx_word' id='word_1_331' title='bbox 3089 2553 3336 2607; x_wconf 89' lang='lat' dir='ltr'><strong>omnium</strong></span> <span class='ocrx_word' id='word_1_332' title='bbox 3371 2554 3425 2606; x_wconf 92' lang='lat' dir='ltr'><strong>in</strong></span> <span class='ocrx_word' id='word_1_333' title='bbox 3457 2554 3731 2608; x_wconf 84' lang='lat' dir='ltr'><strong>electione</strong></span> 
     </span>
    </p>
   </div>
   <div class='ocr_carea' id='block_1_28' title="bbox 489 2637 3744 2710">
    <p class='ocr_par' dir='ltr' id='par_1_28' title="bbox 489 2637 3744 2710">
     <span class='ocr_line' id='line_1_28' title="bbox 489 2637 3744 2710; baseline 0.001 -17"><span class='ocrx_word' id='word_1_334' title='bbox 489 2639 906 2693; x_wconf 89' lang='lat' dir='ltr'><strong>consensionem</strong></span> <span class='ocrx_word' id='word_1_335' title='bbox 939 2653 968 2692; x_wconf 89' lang='lat' dir='ltr'><strong>a</strong></span> <span class='ocrx_word' id='word_1_336' title='bbox 1001 2637 1266 2701; x_wconf 72' lang='lat' dir='ltr'><strong>factione,</strong></span> <span class='ocrx_word' id='word_1_337' title='bbox 1298 2653 1420 2708; x_wconf 73' lang='lat' dir='ltr'><strong>qua:</strong></span> <span class='ocrx_word' id='word_1_338' title='bbox 1454 2638 1730 2707; x_wconf 67' lang='lat' dir='ltr'><strong>antipapm</strong></span> <span class='ocrx_word' id='word_1_339' title='bbox 1758 2637 2011 2706; x_wconf 88' lang='lat' dir='ltr'><strong>partibus</strong></span> <span class='ocrx_word' id='word_1_340' title='bbox 2037 2637 2275 2702; x_wconf 84' lang='lat' dir='ltr'><strong>favebat,</strong></span> <span class='ocrx_word' id='word_1_341' title='bbox 2301 2648 2468 2708; x_wconf 88' lang='lat' dir='ltr'><strong>atque</strong></span> <span class='ocrx_word' id='word_1_342' title='bbox 2495 2639 2669 2694; x_wconf 88' lang='lat' dir='ltr'><strong>altera</strong></span> <span class='ocrx_word' id='word_1_343' title='bbox 2703 2639 2913 2694; x_wconf 82' lang='lat' dir='ltr'><strong>firmior</strong></span> <span class='ocrx_word' id='word_1_344' title='bbox 2933 2650 3076 2705; x_wconf 89' lang='lat' dir='ltr'><strong>erat,</strong></span> <span class='ocrx_word' id='word_1_345' title='bbox 3112 2655 3177 2695; x_wconf 86' lang='lat' dir='ltr'><strong>ac</strong></span> <span class='ocrx_word' id='word_1_346' title='bbox 3205 2642 3505 2709; x_wconf 90' lang='lat' dir='ltr'><strong>potentior,</strong></span> <span class='ocrx_word' id='word_1_347' title='bbox 3533 2641 3744 2710; x_wconf 38' lang='lat' dir='ltr'><strong>jactari.</strong></span> 
     </span>
    </p>
   </div>
   <div class='ocr_carea' id='block_1_29' title="bbox 493 2723 3732 2798">
    <p class='ocr_par' dir='ltr' id='par_1_29' title="bbox 493 2723 3732 2798">
     <span class='ocr_line' id='line_1_29' title="bbox 493 2723 3732 2798; baseline 0.002 -19"><span class='ocrx_word' id='word_1_348' title='bbox 493 2727 760 2794; x_wconf 81' lang='lat' dir='ltr'><strong>potuisse.</strong></span> <span class='ocrx_word' id='word_1_349' title='bbox 795 2725 1023 2780; x_wconf 84' lang='lat' dir='ltr'><strong>Frustra</strong></span> <span class='ocrx_word' id='word_1_350' title='bbox 1051 2733 1234 2780; x_wconf 89' lang='lat' dir='ltr'><strong>tamen</strong></span> <span class='ocrx_word' id='word_1_351' title='bbox 1273 2726 1530 2781; x_wconf 79' lang='lat' dir='ltr'><strong>factionis</strong></span> <span class='ocrx_word' id='word_1_352' title='bbox 1563 2725 1716 2780; x_wconf 87' lang='lat' dir='ltr'><strong>illius</strong></span> <span class='ocrx_word' id='word_1_353' title='bbox 1746 2723 1991 2794; x_wconf 87' lang='lat' dir='ltr'><strong>potentia</strong></span> <span class='ocrx_word' id='word_1_354' title='bbox 2024 2737 2406 2798; x_wconf 79' lang='lat' dir='ltr'><strong>exaggeratur.</strong></span> <span class='ocrx_word' id='word_1_355' title='bbox 2433 2727 2594 2793; x_wconf 83' lang='lat' dir='ltr'><strong>Nam,</strong></span> <span class='ocrx_word' id='word_1_356' title='bbox 2620 2737 2680 2782; x_wconf 89' lang='lat' dir='ltr'><strong>ut</strong></span> <span class='ocrx_word' id='word_1_357' title='bbox 2704 2729 2761 2783; x_wconf 90' lang='lat' dir='ltr'><strong>in</strong></span> <span class='ocrx_word' id='word_1_358' title='bbox 2790 2727 2984 2795; x_wconf 77' lang='lat' dir='ltr'><strong>Sergio</strong></span> <span class='ocrx_word' id='word_1_359' title='bbox 3016 2730 3160 2785; x_wconf 91' lang='lat' dir='ltr'><strong>idem</strong></span> <span class='ocrx_word' id='word_1_360' title='bbox 3189 2731 3516 2785; x_wconf 82' lang='lat' dir='ltr'><strong>Anastasius</strong></span> <span class='ocrx_word' id='word_1_361' title='bbox 3541 2731 3732 2796; x_wconf 79' lang='lat' dir='ltr'><strong>refert,</strong></span> 
     </span>
    </p>
   </div>
   <div class='ocr_carea' id='block_1_30' title="bbox 491 2813 3733 2887">
    <p class='ocr_par' dir='ltr' id='par_1_30' title="bbox 491 2813 3733 2887">
     <span class='ocr_line' id='line_1_30' title="bbox 491 2813 3733 2887; baseline 0.001 -19"><span class='ocrx_word' id='word_1_362' title='bbox 491 2816 730 2884; x_wconf 83' lang='lat' dir='ltr'><strong>quamvis</strong></span> <span class='ocrx_word' id='word_1_363' title='bbox 773 2815 910 2885; x_wconf 78' lang='lat' dir='ltr'><strong>{ores</strong></span> <span class='ocrx_word' id='word_1_364' title='bbox 953 2816 1268 2886; x_wconf 87' lang='lat' dir='ltr'><strong>patriarchii</strong></span> <span class='ocrx_word' id='word_1_365' title='bbox 1301 2817 1621 2870; x_wconf 84' lang='lat' dir='ltr'><strong>intrinsecus</strong></span> <span class='ocrx_word' id='word_1_366' title='bbox 1653 2825 1824 2868; x_wconf 84' lang='lat' dir='ltr'><strong>essent</strong></span> <span class='ocrx_word' id='word_1_367' title='bbox 1877 2816 2097 2869; x_wconf 78' lang='lat' dir='ltr'><strong>munita:</strong></span> <span class='ocrx_word' id='word_1_368' title='bbox 2129 2826 2176 2866; x_wconf 87' lang='lat' dir='ltr'><strong>et</strong></span> <span class='ocrx_word' id='word_1_369' title='bbox 2219 2813 2434 2880; x_wconf 65' lang='lat' dir='ltr'><strong>clausae,</strong></span> <span class='ocrx_word' id='word_1_370' title='bbox 2479 2825 2656 2870; x_wconf 86' lang='lat' dir='ltr'><strong>tamen</strong></span> <span class='ocrx_word' id='word_1_371' title='bbox 2699 2832 2825 2884; x_wconf 85' lang='lat' dir='ltr'><strong>pars</strong></span> <span class='ocrx_word' id='word_1_372' title='bbox 2870 2833 2986 2886; x_wconf 79' lang='lat' dir='ltr'><strong>qua:</strong></span> <span class='ocrx_word' id='word_1_373' title='bbox 3031 2818 3340 2887; x_wconf 74' lang='lat' dir='ltr'><strong>praedictum</strong></span> <span class='ocrx_word' id='word_1_374' title='bbox 3383 2819 3733 2874; x_wconf 80' lang='lat' dir='ltr'><strong>renerabilcm</strong></span> 
     </span>
    </p>
   </div>
   <div class='ocr_carea' id='block_1_31' title="bbox 491 2901 3734 2975">
    <p class='ocr_par' dir='ltr' id='par_1_31' title="bbox 491 2901 3734 2975">
     <span class='ocr_line' id='line_1_31' title="bbox 491 2901 3734 2975; baseline 0.001 -17"><span class='ocrx_word' id='word_1_375' title='bbox 491 2905 659 2958; x_wconf 72' lang='lat' dir='ltr'><strong>virum</strong></span> <span class='ocrx_word' id='word_1_376' title='bbox 688 2903 1046 2972; x_wconf 82' lang='lat' dir='ltr'><strong>presbyterum</strong></span> <span class='ocrx_word' id='word_1_377' title='bbox 1081 2902 1381 2974; x_wconf 78' lang='lat' dir='ltr'><strong>(Sergium)</strong></span> <span class='ocrx_word' id='word_1_378' title='bbox 1422 2902 1674 2974; x_wconf 84' lang='lat' dir='ltr'><strong>elegerat,</strong></span> <span class='ocrx_word' id='word_1_379' title='bbox 1717 2903 1840 2971; x_wconf 87' lang='lat' dir='ltr'><strong>quia</strong></span> <span class='ocrx_word' id='word_1_380' title='bbox 1880 2909 1928 2955; x_wconf 86' lang='lat' dir='ltr'><strong>et</strong></span> <span class='ocrx_word' id='word_1_381' title='bbox 1963 2901 2217 2957; x_wconf 70' lang='lat' dir='ltr'><strong>Vaumon</strong></span> <span class='ocrx_word' id='word_1_382' title='bbox 2263 2912 2399 2968; x_wconf 86' lang='lat' dir='ltr'><strong>erat,</strong></span> <span class='ocrx_word' id='word_1_383' title='bbox 2430 2902 2771 2968; x_wconf 69' lang='lat' dir='ltr'><strong>answtr,</strong></span> <span class='ocrx_word' id='word_1_384' title='bbox 2808 2913 2857 2958; x_wconf 86' lang='lat' dir='ltr'><strong>et</strong></span> <span class='ocrx_word' id='word_1_385' title='bbox 2887 2906 3124 2975; x_wconf 81' lang='lat' dir='ltr'><strong>ingressa</strong></span> <span class='ocrx_word' id='word_1_386' title='bbox 3155 2917 3253 2960; x_wconf 89' lang='lat' dir='ltr'><strong>est.</strong></span> <span class='ocrx_word' id='word_1_387' title='bbox 3293 2906 3408 2961; x_wconf 86' lang='lat' dir='ltr'><strong>lmo</strong></span> <span class='ocrx_word' id='word_1_388' title='bbox 3447 2905 3734 2962; x_wconf 75' lang='lat' dir='ltr'><strong>Paschalis</strong></span> 
     </span>
    </p>
   </div>
   <div class='ocr_carea' id='block_1_32' title="bbox 495 2989 3734 3062">
    <p class='ocr_par' dir='ltr' id='par_1_32' title="bbox 495 2989 3734 3062">
     <span class='ocr_line' id='line_1_32' title="bbox 495 2989 3734 3062; baseline 0.001 -18"><span class='ocrx_word' id='word_1_389' title='bbox 495 2991 610 3060; x_wconf 85' lang='lat' dir='ltr'><strong>ipse</strong></span> <span class='ocrx_word' id='word_1_390' title='bbox 644 2991 862 3044; x_wconf 86' lang='lat' dir='ltr'><strong>tandem</strong></span> <span class='ocrx_word' id='word_1_391' title='bbox 893 3000 1125 3055; x_wconf 84' lang='lat' dir='ltr'><strong>coactus,</strong></span> <span class='ocrx_word' id='word_1_392' title='bbox 1162 2999 1210 3043; x_wconf 91' lang='lat' dir='ltr'><strong>et</strong></span> <span class='ocrx_word' id='word_1_393' title='bbox 1254 2989 1504 3058; x_wconf 73' lang='lat' dir='ltr'><strong>confusus</strong></span> <span class='ocrx_word' id='word_1_394' title='bbox 1553 2989 1727 3042; x_wconf 81' lang='lat' dir='ltr'><strong>rolens</strong></span> <span class='ocrx_word' id='word_1_395' title='bbox 1772 2989 1954 3043; x_wconf 88' lang='lat' dir='ltr'><strong>nolens</strong></span> <span class='ocrx_word' id='word_1_396' title='bbox 1994 3005 2148 3042; x_wconf 86' lang='lat' dir='ltr'><strong>suum</strong></span> <span class='ocrx_word' id='word_1_397' title='bbox 2183 2989 2456 3044; x_wconf 82' lang='lat' dir='ltr'><strong>dominum</strong></span> <span class='ocrx_word' id='word_1_398' title='bbox 2503 3002 2550 3044; x_wconf 91' lang='lat' dir='ltr'><strong>et</strong></span> <span class='ocrx_word' id='word_1_399' title='bbox 2588 2990 2810 3044; x_wconf 86' lang='lat' dir='ltr'><strong>electum</strong></span> <span class='ocrx_word' id='word_1_400' title='bbox 2844 2993 3112 3062; x_wconf 85' lang='lat' dir='ltr'><strong>ingressus</strong></span> <span class='ocrx_word' id='word_1_401' title='bbox 3135 2993 3413 3046; x_wconf 76' lang='lat' dir='ltr'><strong>salutavit.</strong></span> <span class='ocrx_word' id='word_1_402' title='bbox 3459 2993 3734 3049; x_wconf 72' lang='lat' dir='ltr'><strong>Pmterca</strong></span> 
     </span>
    </p>
   </div>
   <div class='ocr_carea' id='block_1_33' title="bbox 494 3077 3736 3154">
    <p class='ocr_par' dir='ltr' id='par_1_33' title="bbox 494 3077 3736 3154">
     <span class='ocr_line' id='line_1_33' title="bbox 494 3077 3736 3154; baseline 0 -21"><span class='ocrx_word' id='word_1_403' title='bbox 494 3095 616 3133; x_wconf 86' lang='lat' dir='ltr'><strong>cum</strong></span> <span class='ocrx_word' id='word_1_404' title='bbox 647 3077 929 3154; x_wconf 86' lang='lat' dir='ltr'><strong>Paschalis</strong></span> <span class='ocrx_word' id='word_1_405' title='bbox 962 3077 1268 3132; x_wconf 82' lang='lat' dir='ltr'><strong>cxarchum</strong></span> <span class='ocrx_word' id='word_1_406' title='bbox 1305 3093 1404 3146; x_wconf 90' lang='lat' dir='ltr'><strong>per</strong></span> <span class='ocrx_word' id='word_1_407' title='bbox 1446 3077 1846 3143; x_wconf 88' lang='lat' dir='ltr'><strong>clandestinos,</strong></span> <span class='ocrx_word' id='word_1_408' title='bbox 1877 3093 2017 3148; x_wconf 89' lang='lat' dir='ltr'><strong>quos</strong></span> <span class='ocrx_word' id='word_1_409' title='bbox 2047 3078 2114 3132; x_wconf 79' lang='lat' dir='ltr'><strong>ad</strong></span> <span class='ocrx_word' id='word_1_410' title='bbox 2144 3092 2272 3132; x_wconf 86' lang='lat' dir='ltr'><strong>eum</strong></span> <span class='ocrx_word' id='word_1_411' title='bbox 2319 3077 2562 3141; x_wconf 88' lang='lat' dir='ltr'><strong>miserat,</strong></span> <span class='ocrx_word' id='word_1_412' title='bbox 2608 3093 2830 3132; x_wconf 88' lang='lat' dir='ltr'><strong>suarum</strong></span> <span class='ocrx_word' id='word_1_413' title='bbox 2878 3080 3120 3148; x_wconf 87' lang='lat' dir='ltr'><strong>partium</strong></span> <span class='ocrx_word' id='word_1_414' title='bbox 3151 3090 3456 3134; x_wconf 87' lang='lat' dir='ltr'><strong>sectatores</strong></span> <span class='ocrx_word' id='word_1_415' title='bbox 3501 3080 3736 3134; x_wconf 76' lang='lat' dir='ltr'><strong>Romam</strong></span> 
     </span>
    </p>
   </div>
   <div class='ocr_carea' id='block_1_34' title="bbox 494 3163 3737 3238">
    <p class='ocr_par' dir='ltr' id='par_1_34' title="bbox 494 3163 3737 3238">
     <span class='ocr_line' id='line_1_34' title="bbox 494 3163 3737 3238; baseline 0.001 -20"><span class='ocrx_word' id='word_1_416' title='bbox 494 3173 830 3229; x_wconf 81' lang='lat' dir='ltr'><strong>accerseret,</strong></span> <span class='ocrx_word' id='word_1_417' title='bbox 879 3179 1103 3218; x_wconf 87' lang='lat' dir='ltr'><strong>causam</strong></span> <span class='ocrx_word' id='word_1_418' title='bbox 1145 3163 1338 3234; x_wconf 88' lang='lat' dir='ltr'><strong>utique</strong></span> <span class='ocrx_word' id='word_1_419' title='bbox 1370 3164 1588 3232; x_wconf 88' lang='lat' dir='ltr'><strong>aperire</strong></span> <span class='ocrx_word' id='word_1_420' title='bbox 1622 3163 1833 3227; x_wconf 87' lang='lat' dir='ltr'><strong>debuit,</strong></span> <span class='ocrx_word' id='word_1_421' title='bbox 1879 3181 2058 3233; x_wconf 90' lang='lat' dir='ltr'><strong>neque</strong></span> <span class='ocrx_word' id='word_1_422' title='bbox 2107 3165 2270 3220; x_wconf 89' lang='lat' dir='ltr'><strong>aliam</strong></span> <span class='ocrx_word' id='word_1_423' title='bbox 2303 3164 2409 3219; x_wconf 90' lang='lat' dir='ltr'><strong>nisi</strong></span> <span class='ocrx_word' id='word_1_424' title='bbox 2442 3166 2766 3220; x_wconf 87' lang='lat' dir='ltr'><strong>stultissime</strong></span> <span class='ocrx_word' id='word_1_425' title='bbox 2801 3166 3098 3230; x_wconf 90' lang='lat' dir='ltr'><strong>attulisset,</strong></span> <span class='ocrx_word' id='word_1_426' title='bbox 3143 3183 3311 3238; x_wconf 90' lang='lat' dir='ltr'><strong>quam</strong></span> <span class='ocrx_word' id='word_1_427' title='bbox 3358 3167 3737 3222; x_wconf 82' lang='lat' dir='ltr'><strong>Remanorum</strong></span> 
     </span>
    </p>
   </div>
   <div class='ocr_carea' id='block_1_35' title="bbox 495 3251 3736 3323">
    <p class='ocr_par' dir='ltr' id='par_1_35' title="bbox 495 3251 3736 3323">
     <span class='ocr_line' id='line_1_35' title="bbox 495 3251 3736 3323; baseline 0.001 -17"><span class='ocrx_word' id='word_1_428' title='bbox 495 3252 810 3307; x_wconf 74' lang='lat' dir='ltr'><strong>dissidium.</strong></span> <span class='ocrx_word' id='word_1_429' title='bbox 860 3251 964 3310; x_wconf 88' lang='lat' dir='ltr'><strong>Ubi</strong></span> <span class='ocrx_word' id='word_1_430' title='bbox 1011 3266 1144 3320; x_wconf 79' lang='lat' dir='ltr'><strong>ergo</strong></span> <span class='ocrx_word' id='word_1_431' title='bbox 1175 3251 1327 3306; x_wconf 88' lang='lat' dir='ltr'><strong>locus</strong></span> <span class='ocrx_word' id='word_1_432' title='bbox 1377 3251 1695 3306; x_wconf 88' lang='lat' dir='ltr'><strong>ostentandi</strong></span> <span class='ocrx_word' id='word_1_433' title='bbox 1731 3253 1871 3306; x_wconf 90' lang='lat' dir='ltr'><strong>tanti</strong></span> <span class='ocrx_word' id='word_1_434' title='bbox 1925 3252 2317 3323; x_wconf 76' lang='lat' dir='ltr'><strong>sudragiorum</strong></span> <span class='ocrx_word' id='word_1_435' title='bbox 2351 3252 2690 3306; x_wconf 86' lang='lat' dir='ltr'><strong>consensus?</strong></span> <span class='ocrx_word' id='word_1_436' title='bbox 2722 3252 2987 3323; x_wconf 78' lang='lat' dir='ltr'><strong>Equidem</strong></span> <span class='ocrx_word' id='word_1_437' title='bbox 3021 3255 3067 3307; x_wconf 92' lang='lat' dir='ltr'><strong>si</strong></span> <span class='ocrx_word' id='word_1_438' title='bbox 3097 3255 3370 3309; x_wconf 84' lang='lat' dir='ltr'><strong>exarchus</strong></span> <span class='ocrx_word' id='word_1_439' title='bbox 3400 3255 3604 3309; x_wconf 88' lang='lat' dir='ltr'><strong>absens</strong></span> <span class='ocrx_word' id='word_1_440' title='bbox 3638 3269 3736 3308; x_wconf 82' lang='lat' dir='ltr'><strong>sua</strong></span> 
     </span>
    </p>
   </div>
   <div class='ocr_carea' id='block_1_36' title="bbox 495 3336 3743 3411">
    <p class='ocr_par' dir='ltr' id='par_1_36' title="bbox 495 3336 3743 3411">
     <span class='ocr_line' id='line_1_36' title="bbox 495 3336 3743 3411; baseline -0 -17"><span class='ocrx_word' id='word_1_441' title='bbox 495 3339 816 3394; x_wconf 82' lang='lat' dir='ltr'><strong>Paschalem</strong></span> <span class='ocrx_word' id='word_1_442' title='bbox 863 3339 1060 3410; x_wconf 89' lang='lat' dir='ltr'><strong>juvare</strong></span> <span class='ocrx_word' id='word_1_443' title='bbox 1103 3337 1387 3393; x_wconf 87' lang='lat' dir='ltr'><strong>debuisset</strong></span> <span class='ocrx_word' id='word_1_444' title='bbox 1433 3340 1790 3402; x_wconf 89' lang='lat' dir='ltr'><strong>auctoritate,</strong></span> <span class='ocrx_word' id='word_1_445' title='bbox 1827 3336 2079 3392; x_wconf 88' lang='lat' dir='ltr'><strong>fortassis</strong></span> <span class='ocrx_word' id='word_1_446' title='bbox 2120 3338 2608 3408; x_wconf 78' lang='lat' dir='ltr'><strong>impudentissimo</strong></span> <span class='ocrx_word' id='word_1_447' title='bbox 2652 3339 3038 3394; x_wconf 89' lang='lat' dir='ltr'><strong>consensionis</strong></span> <span class='ocrx_word' id='word_1_448' title='bbox 3072 3339 3236 3411; x_wconf 92' lang='lat' dir='ltr'><strong>hujus</strong></span> <span class='ocrx_word' id='word_1_449' title='bbox 3283 3341 3565 3394; x_wconf 87' lang='lat' dir='ltr'><strong>mendacio</strong></span> <span class='ocrx_word' id='word_1_450' title='bbox 3617 3340 3743 3393; x_wconf 78' lang='lat' dir='ltr'><strong>lalli</strong></span> 
     </span>
    </p>
   </div>
   <div class='ocr_carea' id='block_1_37' title="bbox 499 3424 3739 3499">
    <p class='ocr_par' dir='ltr' id='par_1_37' title="bbox 499 3424 3739 3499">
     <span class='ocr_line' id='line_1_37' title="bbox 499 3424 3739 3499; baseline -0.001 -18"><span class='ocrx_word' id='word_1_451' title='bbox 499 3428 793 3497; x_wconf 87' lang='lat' dir='ltr'><strong>potuisset.</strong></span> <span class='ocrx_word' id='word_1_452' title='bbox 828 3426 1031 3482; x_wconf 84' lang='lat' dir='ltr'><strong>Verum</strong></span> <span class='ocrx_word' id='word_1_453' title='bbox 1072 3440 1198 3480; x_wconf 91' lang='lat' dir='ltr'><strong>cum</strong></span> <span class='ocrx_word' id='word_1_454' title='bbox 1232 3425 1466 3479; x_wconf 72' lang='lat' dir='ltr'><strong>Romam</strong></span> <span class='ocrx_word' id='word_1_455' title='bbox 1502 3424 1658 3478; x_wconf 91' lang='lat' dir='ltr'><strong>illum</strong></span> <span class='ocrx_word' id='word_1_456' title='bbox 1698 3424 1979 3480; x_wconf 85' lang='lat' dir='ltr'><strong>Paschalis</strong></span> <span class='ocrx_word' id='word_1_457' title='bbox 2010 3436 2288 3491; x_wconf 82' lang='lat' dir='ltr'><strong>evocaret,</strong></span> <span class='ocrx_word' id='word_1_458' title='bbox 2334 3443 2520 3482; x_wconf 87' lang='lat' dir='ltr'><strong>nonne</strong></span> <span class='ocrx_word' id='word_1_459' title='bbox 2550 3442 2741 3482; x_wconf 89' lang='lat' dir='ltr'><strong>amens</strong></span> <span class='ocrx_word' id='word_1_460' title='bbox 2777 3428 3007 3482; x_wconf 76' lang='lat' dir='ltr'><strong>omnino</strong></span> <span class='ocrx_word' id='word_1_461' title='bbox 3037 3428 3260 3494; x_wconf 88' lang='lat' dir='ltr'><strong>fuisset,</strong></span> <span class='ocrx_word' id='word_1_462' title='bbox 3288 3429 3383 3499; x_wconf 91' lang='lat' dir='ltr'><strong>qui</strong></span> <span class='ocrx_word' id='word_1_463' title='bbox 3416 3429 3739 3483; x_wconf 86' lang='lat' dir='ltr'><strong>unanimem</strong></span> 
     </span>
    </p>
   </div>
   <div class='ocr_carea' id='block_1_38' title="bbox 499 3512 3748 3583">
    <p class='ocr_par' dir='ltr' id='par_1_38' title="bbox 499 3512 3748 3583">
     <span class='ocr_line' id='line_1_38' title="bbox 499 3512 3748 3583; baseline 0.001 -17"><span class='ocrx_word' id='word_1_464' title='bbox 499 3515 553 3568; x_wconf 83' lang='lat' dir='ltr'><strong>in</strong></span> <span class='ocrx_word' id='word_1_465' title='bbox 594 3516 679 3570; x_wconf 89' lang='lat' dir='ltr'><strong>sui</strong></span> <span class='ocrx_word' id='word_1_466' title='bbox 709 3516 976 3571; x_wconf 81' lang='lat' dir='ltr'><strong>electione</strong></span> <span class='ocrx_word' id='word_1_467' title='bbox 999 3515 1473 3583; x_wconf 84' lang='lat' dir='ltr'><strong>conspirationem</strong></span> <span class='ocrx_word' id='word_1_468' title='bbox 1511 3514 1720 3582; x_wconf 88' lang='lat' dir='ltr'><strong>scripto</strong></span> <span class='ocrx_word' id='word_1_469' title='bbox 1757 3512 2132 3581; x_wconf 69' lang='lat' dir='ltr'><strong>praedicasset,</strong></span> <span class='ocrx_word' id='word_1_470' title='bbox 2161 3514 2231 3568; x_wconf 85' lang='lat' dir='ltr'><strong>ab</strong></span> <span class='ocrx_word' id='word_1_471' title='bbox 2267 3515 2530 3581; x_wconf 89' lang='lat' dir='ltr'><strong>exarcbo,</strong></span> <span class='ocrx_word' id='word_1_472' title='bbox 2562 3525 2621 3569; x_wconf 93' lang='lat' dir='ltr'><strong>ut</strong></span> <span class='ocrx_word' id='word_1_473' title='bbox 2666 3515 2722 3569; x_wconf 93' lang='lat' dir='ltr'><strong>in</strong></span> <span class='ocrx_word' id='word_1_474' title='bbox 2753 3515 2954 3571; x_wconf 89' lang='lat' dir='ltr'><strong>Urbem</strong></span> <span class='ocrx_word' id='word_1_475' title='bbox 2998 3515 3339 3579; x_wconf 87' lang='lat' dir='ltr'><strong>advenisset.</strong></span> <span class='ocrx_word' id='word_1_476' title='bbox 3371 3517 3554 3572; x_wconf 87' lang='lat' dir='ltr'><strong>statim</strong></span> <span class='ocrx_word' id='word_1_477' title='bbox 3588 3517 3748 3571; x_wconf 58' lang='lat' dir='ltr'><strong>falsi.</strong></span> 
     </span>
    </p>
   </div>
   <div class='ocr_carea' id='block_1_39' title="bbox 499 3599 3748 3675">
    <p class='ocr_par' dir='ltr' id='par_1_39' title="bbox 499 3599 3748 3675">
     <span class='ocr_line' id='line_1_39' title="bbox 499 3599 3748 3675; baseline 0 -21"><span class='ocrx_word' id='word_1_478' title='bbox 499 3603 628 3657; x_wconf 89' lang='lat' dir='ltr'><strong>tatis</strong></span> <span class='ocrx_word' id='word_1_479' title='bbox 651 3601 1127 3657; x_wconf 76' lang='lat' dir='ltr'><strong>convincendum?</strong></span> <span class='ocrx_word' id='word_1_480' title='bbox 1157 3603 1234 3655; x_wconf 81' lang='lat' dir='ltr'><strong>Ac</strong></span> <span class='ocrx_word' id='word_1_481' title='bbox 1270 3614 1463 3655; x_wconf 87' lang='lat' dir='ltr'><strong>revera</strong></span> <span class='ocrx_word' id='word_1_482' title='bbox 1493 3599 1619 3653; x_wconf 81' lang='lat' dir='ltr'><strong>dum</strong></span> <span class='ocrx_word' id='word_1_483' title='bbox 1655 3601 1894 3666; x_wconf 82' lang='lat' dir='ltr'><strong>venisset,</strong></span> <span class='ocrx_word' id='word_1_484' title='bbox 1928 3599 2108 3669; x_wconf 91' lang='lat' dir='ltr'><strong>inquit</strong></span> <span class='ocrx_word' id='word_1_485' title='bbox 2133 3600 2484 3666; x_wconf 81' lang='lat' dir='ltr'><strong>Anastasius,</strong></span> <span class='ocrx_word' id='word_1_486' title='bbox 2513 3610 2561 3655; x_wconf 84' lang='lat' dir='ltr'><strong>et</strong></span> <span class='ocrx_word' id='word_1_487' title='bbox 2592 3617 2770 3656; x_wconf 89' lang='lat' dir='ltr'><strong>omnes</strong></span> <span class='ocrx_word' id='word_1_488' title='bbox 2803 3603 2858 3656; x_wconf 90' lang='lat' dir='ltr'><strong>in</strong></span> <span class='ocrx_word' id='word_1_489' title='bbox 2893 3619 3177 3667; x_wconf 81' lang='lat' dir='ltr'><strong>personam</strong></span> <span class='ocrx_word' id='word_1_490' title='bbox 3212 3602 3384 3675; x_wconf 79' lang='lat' dir='ltr'><strong>Sergii</strong></span> <span class='ocrx_word' id='word_1_491' title='bbox 3411 3605 3748 3659; x_wconf 81' lang='lat' dir='ltr'><strong>sanctissimi</strong></span> 
     </span>
    </p>
   </div>
   <div class='ocr_carea' id='block_1_40' title="bbox 496 3687 3750 3760">
    <p class='ocr_par' dir='ltr' id='par_1_40' title="bbox 496 3687 3750 3760">
     <span class='ocr_line' id='line_1_40' title="bbox 496 3687 3750 3760; baseline 0.001 -20"><span class='ocrx_word' id='word_1_492' title='bbox 496 3690 780 3744; x_wconf 81' lang='lat' dir='ltr'><strong>invenisset</strong></span> <span class='ocrx_word' id='word_1_493' title='bbox 803 3689 1134 3744; x_wconf 84' lang='lat' dir='ltr'><strong>consensisse</strong></span> <span class='ocrx_word' id='word_1_494' title='bbox 1161 3687 1291 3757; x_wconf 89' lang='lat' dir='ltr'><strong>(non</strong></span> <span class='ocrx_word' id='word_1_495' title='bbox 1323 3702 1457 3756; x_wconf 77' lang='lat' dir='ltr'><strong>ergo</strong></span> <span class='ocrx_word' id='word_1_496' title='bbox 1507 3687 1560 3740; x_wconf 90' lang='lat' dir='ltr'><strong>id</strong></span> <span class='ocrx_word' id='word_1_497' title='bbox 1594 3697 1754 3742; x_wconf 85' lang='lat' dir='ltr'><strong>antea</strong></span> <span class='ocrx_word' id='word_1_498' title='bbox 1788 3694 2056 3750; x_wconf 77' lang='lat' dir='ltr'><strong>noverat;</strong></span> <span class='ocrx_word' id='word_1_499' title='bbox 2088 3689 2236 3756; x_wconf 91' lang='lat' dir='ltr'><strong>quod</strong></span> <span class='ocrx_word' id='word_1_500' title='bbox 2276 3698 2602 3758; x_wconf 85' lang='lat' dir='ltr'><strong>argumento</strong></span> <span class='ocrx_word' id='word_1_501' title='bbox 2630 3689 2798 3744; x_wconf 86' lang='lat' dir='ltr'><strong>etiam</strong></span> <span class='ocrx_word' id='word_1_502' title='bbox 2828 3700 2934 3756; x_wconf 87' lang='lat' dir='ltr'><strong>est,</strong></span> <span class='ocrx_word' id='word_1_503' title='bbox 2969 3706 2998 3744; x_wconf 90' lang='lat' dir='ltr'><strong>a</strong></span> <span class='ocrx_word' id='word_1_504' title='bbox 3028 3690 3204 3760; x_wconf 77' lang='lat' dir='ltr'><strong>Sergii</strong></span> <span class='ocrx_word' id='word_1_505' title='bbox 3234 3691 3571 3746; x_wconf 83' lang='lat' dir='ltr'><strong>electoribus</strong></span> <span class='ocrx_word' id='word_1_506' title='bbox 3600 3707 3750 3745; x_wconf 82' lang='lat' dir='ltr'><strong>con-</strong></span> 
     </span>
    </p>
   </div>
   <div class='ocr_carea' id='block_1_41' title="bbox 499 3776 3750 3848">
    <p class='ocr_par' dir='ltr' id='par_1_41' title="bbox 499 3776 3750 3848">
     <span class='ocr_line' id='line_1_41' title="bbox 499 3776 3750 3848; baseline 0 -17"><span class='ocrx_word' id='word_1_507' title='bbox 499 3788 713 3831; x_wconf 88' lang='lat' dir='ltr'><strong>suetam</strong></span> <span class='ocrx_word' id='word_1_508' title='bbox 746 3778 876 3831; x_wconf 91' lang='lat' dir='ltr'><strong>olim</strong></span> <span class='ocrx_word' id='word_1_509' title='bbox 907 3778 975 3834; x_wconf 88' lang='lat' dir='ltr'><strong>ad</strong></span> <span class='ocrx_word' id='word_1_510' title='bbox 1005 3777 1304 3832; x_wconf 85' lang='lat' dir='ltr'><strong>exarchum</strong></span> <span class='ocrx_word' id='word_1_511' title='bbox 1346 3776 1676 3848; x_wconf 73' lang='lat' dir='ltr'><strong>legationem</strong></span> <span class='ocrx_word' id='word_1_512' title='bbox 1705 3793 1814 3831; x_wconf 92' lang='lat' dir='ltr'><strong>non</strong></span> <span class='ocrx_word' id='word_1_513' title='bbox 1847 3777 2019 3832; x_wconf 86' lang='lat' dir='ltr'><strong>fuisse</strong></span> <span class='ocrx_word' id='word_1_514' title='bbox 2052 3777 2370 3842; x_wconf 84' lang='lat' dir='ltr'><strong>decretam;</strong></span> <span class='ocrx_word' id='word_1_515' title='bbox 2401 3777 2624 3831; x_wconf 88' lang='lat' dir='ltr'><strong>decerni</strong></span> <span class='ocrx_word' id='word_1_516' title='bbox 2673 3786 2861 3832; x_wconf 89' lang='lat' dir='ltr'><strong>autem</strong></span> <span class='ocrx_word' id='word_1_517' title='bbox 2895 3787 3045 3832; x_wconf 88' lang='lat' dir='ltr'><strong>certe</strong></span> <span class='ocrx_word' id='word_1_518' title='bbox 3089 3778 3379 3840; x_wconf 88' lang='lat' dir='ltr'><strong>debuerat,</strong></span> <span class='ocrx_word' id='word_1_519' title='bbox 3413 3776 3517 3831; x_wconf 84' lang='lat' dir='ltr'><strong>nisi</strong></span> <span class='ocrx_word' id='word_1_520' title='bbox 3554 3779 3750 3831; x_wconf 83' lang='lat' dir='ltr'><strong>soluta</strong></span> 
     </span>
    </p>
   </div>
   <div class='ocr_carea' id='block_1_42' title="bbox 499 3862 3752 3935">
    <p class='ocr_par' dir='ltr' id='par_1_42' title="bbox 499 3862 3752 3935">
     <span class='ocr_line' id='line_1_42' title="bbox 499 3862 3752 3935; baseline 0 -19"><span class='ocrx_word' id='word_1_521' title='bbox 499 3879 564 3916; x_wconf 67' lang='lat' dir='ltr'><strong>ea</strong></span> <span class='ocrx_word' id='word_1_522' title='bbox 594 3863 860 3932; x_wconf 74' lang='lat' dir='ltr'><strong>Pogonati</strong></span> <span class='ocrx_word' id='word_1_523' title='bbox 892 3865 1010 3934; x_wconf 66' lang='lat' dir='ltr'><strong>lege</strong></span> <span class='ocrx_word' id='word_1_524' title='bbox 1049 3865 1313 3917; x_wconf 74' lang='lat' dir='ltr'><strong>Romanis</strong></span> <span class='ocrx_word' id='word_1_525' title='bbox 1349 3862 1570 3926; x_wconf 86' lang='lat' dir='ltr'><strong>fuisset.</strong></span> <span class='ocrx_word' id='word_1_526' title='bbox 1615 3876 1672 3918; x_wconf 91' lang='lat' dir='ltr'><strong>ut</strong></span> <span class='ocrx_word' id='word_1_527' title='bbox 1705 3865 1970 3929; x_wconf 75' lang='lat' dir='ltr'><strong>diximus,</strong></span> <span class='ocrx_word' id='word_1_528' title='bbox 2006 3863 2242 3933; x_wconf 74' lang='lat' dir='ltr'><strong>eligendi</strong></span> <span class='ocrx_word' id='word_1_529' title='bbox 2277 3863 2562 3918; x_wconf 77' lang='lat' dir='ltr'><strong>Pontiﬁcis</strong></span> <span class='ocrx_word' id='word_1_530' title='bbox 2600 3865 2777 3933; x_wconf 90' lang='lat' dir='ltr'><strong>optio,</strong></span> <span class='ocrx_word' id='word_1_531' title='bbox 2809 3881 2986 3933; x_wconf 85' lang='lat' dir='ltr'><strong>neque</strong></span> <span class='ocrx_word' id='word_1_532' title='bbox 3026 3865 3264 3935; x_wconf 87' lang='lat' dir='ltr'><strong>amplius</strong></span> <span class='ocrx_word' id='word_1_533' title='bbox 3307 3875 3405 3920; x_wconf 86' lang='lat' dir='ltr'><strong>aut</strong></span> <span class='ocrx_word' id='word_1_534' title='bbox 3437 3865 3752 3934; x_wconf 77' lang='lat' dir='ltr'><strong>principis,</strong></span> 
     </span>
    </p>
   </div>
   <div class='ocr_carea' id='block_1_43' title="bbox 501 3951 2564 4025">
    <p class='ocr_par' dir='ltr' id='par_1_43' title="bbox 501 3951 2564 4025">
     <span class='ocr_line' id='line_1_43' title="bbox 501 3951 2564 4025; baseline 0.001 -21"><span class='ocrx_word' id='word_1_535' title='bbox 501 3962 592 4004; x_wconf 84' lang='lat' dir='ltr'><strong>aut</strong></span> <span class='ocrx_word' id='word_1_536' title='bbox 635 3956 999 4007; x_wconf 80' lang='lat' dir='ltr'><strong>exarchorum</strong></span> <span class='ocrx_word' id='word_1_537' title='bbox 1031 3951 1262 4006; x_wconf 86' lang='lat' dir='ltr'><strong>arbitrio</strong></span> <span class='ocrx_word' id='word_1_538' title='bbox 1285 3952 1570 4025; x_wconf 82' lang='lat' dir='ltr'><strong>obnoxia),</strong></span> <span class='ocrx_word' id='word_1_539' title='bbox 1609 3954 1690 4008; x_wconf 76' lang='lat' dir='ltr'><strong>illi</strong></span> <span class='ocrx_word' id='word_1_540' title='bbox 1723 3955 1930 4024; x_wconf 78' lang='lat' dir='ltr'><strong>quidem</strong></span> <span class='ocrx_word' id='word_1_541' title='bbox 1960 3953 2224 4022; x_wconf 78' lang='lat' dir='ltr'><strong>refragari</strong></span> <span class='ocrx_word' id='word_1_542' title='bbox 2249 3967 2348 4003; x_wconf 88' lang='lat' dir='ltr'><strong>non</strong></span> <span class='ocrx_word' id='word_1_543' title='bbox 2376 3952 2564 4006; x_wconf 81' lang='lat' dir='ltr'><strong>valuit.</strong></span> 
     </span>
    </p>
   </div>
   <div class='ocr_carea' id='block_1_44' title="bbox 573 4064 3759 4136">
    <p class='ocr_par' dir='ltr' id='par_1_44' title="bbox 573 4064 3759 4136">
     <span class='ocr_line' id='line_1_44' title="bbox 573 4064 3759 4136; baseline 0.002 -17"><span class='ocrx_word' id='word_1_544' title='bbox 573 4066 641 4120; x_wconf 75' lang='grc' dir='ltr'><strong>Χ.</strong></span> <span class='ocrx_word' id='word_1_545' title='bbox 682 4065 812 4132; x_wconf 75' lang='lat' dir='ltr'><strong>Quae</strong></span> <span class='ocrx_word' id='word_1_546' title='bbox 841 4079 965 4119; x_wconf 90' lang='lat' dir='ltr'><strong>cum</strong></span> <span class='ocrx_word' id='word_1_547' title='bbox 1003 4065 1074 4120; x_wconf 88' lang='lat' dir='ltr'><strong>ita</strong></span> <span class='ocrx_word' id='word_1_548' title='bbox 1105 4066 1236 4131; x_wconf 89' lang='lat' dir='ltr'><strong>sint,</strong></span> <span class='ocrx_word' id='word_1_549' title='bbox 1279 4065 1476 4119; x_wconf 90' lang='lat' dir='ltr'><strong>tnirum</strong></span> <span class='ocrx_word' id='word_1_550' title='bbox 1509 4080 1640 4120; x_wconf 85' lang='lat' dir='ltr'><strong>sane</strong></span> <span class='ocrx_word' id='word_1_551' title='bbox 1668 4069 1797 4131; x_wconf 88' lang='lat' dir='ltr'><strong>erit,</strong></span> <span class='ocrx_word' id='word_1_552' title='bbox 1845 4067 2172 4122; x_wconf 87' lang='lat' dir='ltr'><strong>historicum</strong></span> <span class='ocrx_word' id='word_1_553' title='bbox 2213 4073 2464 4119; x_wconf 86' lang='lat' dir='ltr'><strong>nostrum</strong></span> <span class='ocrx_word' id='word_1_554' title='bbox 2512 4073 2568 4119; x_wconf 91' lang='lat' dir='ltr'><strong>ct</strong></span> <span class='ocrx_word' id='word_1_555' title='bbox 2607 4064 2828 4135; x_wconf 74' lang='lat' dir='ltr'><strong>ingenio</strong></span> <span class='ocrx_word' id='word_1_556' title='bbox 2855 4075 2909 4120; x_wconf 86' lang='lat' dir='ltr'><strong>et</strong></span> <span class='ocrx_word' id='word_1_557' title='bbox 2940 4067 3244 4123; x_wconf 88' lang='lat' dir='ltr'><strong>eruditione</strong></span> <span class='ocrx_word' id='word_1_558' title='bbox 3275 4076 3638 4136; x_wconf 72' lang='lat' dir='ltr'><strong>praestantem</strong></span> <span class='ocrx_word' id='word_1_559' title='bbox 3681 4076 3759 4126; x_wconf 79' lang='lat' dir='ltr'><strong>ad</strong></span> 
     </span>
    </p>
   </div>
   <div class='ocr_carea' id='block_1_45' title="bbox 506 4152 3759 4227">
    <p class='ocr_par' dir='ltr' id='par_1_45' title="bbox 506 4152 3759 4227">
     <span class='ocr_line' id='line_1_45' title="bbox 506 4152 3759 4227; baseline 0.002 -19"><span class='ocrx_word' id='word_1_560' title='bbox 506 4165 614 4216; x_wconf 90' lang='lat' dir='ltr'><strong>tam</strong></span> <span class='ocrx_word' id='word_1_561' title='bbox 651 4152 956 4208; x_wconf 85' lang='lat' dir='ltr'><strong>absurdqu</strong></span> <span class='ocrx_word' id='word_1_562' title='bbox 997 4161 1162 4222; x_wconf 83' lang='lat' dir='ltr'><strong>atque</strong></span> <span class='ocrx_word' id='word_1_563' title='bbox 1213 4153 1459 4222; x_wconf 88' lang='lat' dir='ltr'><strong>undique</strong></span> <span class='ocrx_word' id='word_1_564' title='bbox 1494 4153 1782 4209; x_wconf 90' lang='lat' dir='ltr'><strong>ruinosutn</strong></span> <span class='ocrx_word' id='word_1_565' title='bbox 1821 4161 2058 4224; x_wconf 82' lang='lat' dir='ltr'><strong>systema</strong></span> <span class='ocrx_word' id='word_1_566' title='bbox 2089 4154 2382 4208; x_wconf 83' lang='lat' dir='ltr'><strong>deﬂectere</strong></span> <span class='ocrx_word' id='word_1_567' title='bbox 2410 4154 2678 4222; x_wconf 90' lang='lat' dir='ltr'><strong>potuisse.</strong></span> <span class='ocrx_word' id='word_1_568' title='bbox 2713 4153 2820 4208; x_wconf 80' lang='lat' dir='ltr'><strong>Sed</strong></span> <span class='ocrx_word' id='word_1_569' title='bbox 2851 4156 3114 4210; x_wconf 83' lang='lat' dir='ltr'><strong>nimirum</strong></span> <span class='ocrx_word' id='word_1_570' title='bbox 3143 4157 3361 4227; x_wconf 76' lang='lat' dir='ltr'><strong>egregio</strong></span> <span class='ocrx_word' id='word_1_571' title='bbox 3397 4157 3514 4211; x_wconf 83' lang='lat' dir='ltr'><strong>viro</strong></span> <span class='ocrx_word' id='word_1_572' title='bbox 3552 4161 3759 4214; x_wconf 82' lang='lat' dir='ltr'><strong>fucum</strong></span> 
     </span>
    </p>
   </div>
   <div class='ocr_carea' id='block_1_46' title="bbox 498 4239 3764 4316">
    <p class='ocr_par' dir='ltr' id='par_1_46' title="bbox 498 4239 3764 4316">
     <span class='ocr_line' id='line_1_46' title="bbox 498 4239 3764 4316; baseline 0.002 -18"><span class='ocrx_word' id='word_1_573' title='bbox 498 4244 644 4307; x_wconf 85' lang='lat' dir='ltr'><strong>fecit,</strong></span> <span class='ocrx_word' id='word_1_574' title='bbox 695 4242 840 4312; x_wconf 88' lang='lat' dir='ltr'><strong>quod</strong></span> <span class='ocrx_word' id='word_1_575' title='bbox 877 4241 932 4295; x_wconf 90' lang='lat' dir='ltr'><strong>in</strong></span> <span class='ocrx_word' id='word_1_576' title='bbox 969 4240 1131 4296; x_wconf 87' lang='lat' dir='ltr'><strong>tertia</strong></span> <span class='ocrx_word' id='word_1_577' title='bbox 1183 4239 1308 4294; x_wconf 82' lang='lat' dir='ltr'><strong>fidei</strong></span> <span class='ocrx_word' id='word_1_578' title='bbox 1346 4240 1688 4310; x_wconf 88' lang='lat' dir='ltr'><strong>professione</strong></span> <span class='ocrx_word' id='word_1_579' title='bbox 1726 4251 1880 4296; x_wconf 81' lang='lat' dir='ltr'><strong>sexta</strong></span> <span class='ocrx_word' id='word_1_580' title='bbox 1925 4243 2168 4311; x_wconf 87' lang='lat' dir='ltr'><strong>synodus</strong></span> <span class='ocrx_word' id='word_1_581' title='bbox 2201 4256 2368 4310; x_wconf 87' lang='lat' dir='ltr'><strong>nuper</strong></span> <span class='ocrx_word' id='word_1_582' title='bbox 2411 4242 2874 4312; x_wconf 79' lang='lat' dir='ltr'><strong>Constantinopoli</strong></span> <span class='ocrx_word' id='word_1_583' title='bbox 2915 4243 3193 4297; x_wconf 87' lang='lat' dir='ltr'><strong>celebrata</strong></span> <span class='ocrx_word' id='word_1_584' title='bbox 3231 4243 3458 4301; x_wconf 88' lang='lat' dir='ltr'><strong>dicitur.</strong></span> <span class='ocrx_word' id='word_1_585' title='bbox 3492 4245 3764 4316; x_wconf 80' lang='lat' dir='ltr'><strong>ldipsum</strong></span> 
     </span>
    </p>
   </div>
   <div class='ocr_carea' id='block_1_47' title="bbox 467 4325 3762 4399">
    <p class='ocr_par' dir='ltr' id='par_1_47' title="bbox 467 4325 3762 4399">
     <span class='ocr_line' id='line_1_47' title="bbox 467 4325 3762 4399; baseline 0.002 -15"><span class='ocrx_word' id='word_1_586' title='bbox 467 4337 478 4342; x_wconf 81' lang='grc'><strong><em>’“</em></strong></span> <span class='ocrx_word' id='word_1_587' title='bbox 503 4330 790 4399; x_wconf 77' lang='lat' dir='ltr'><strong>superiore</strong></span> <span class='ocrx_word' id='word_1_588' title='bbox 835 4328 1038 4383; x_wconf 67' lang='lat' dir='ltr'><strong>saeculo</strong></span> <span class='ocrx_word' id='word_1_589' title='bbox 1073 4325 1444 4382; x_wconf 78' lang='lat' dir='ltr'><strong>Marchesium</strong></span> <span class='ocrx_word' id='word_1_590' title='bbox 1489 4326 1544 4380; x_wconf 90' lang='lat' dir='ltr'><strong>in</strong></span> <span class='ocrx_word' id='word_1_591' title='bbox 1604 4343 1852 4383; x_wconf 87' lang='lat' dir='ltr'><strong>errorem</strong></span> <span class='ocrx_word' id='word_1_592' title='bbox 1892 4329 2140 4383; x_wconf 87' lang='lat' dir='ltr'><strong>abduxit.</strong></span> <span class='ocrx_word' id='word_1_593' title='bbox 2175 4327 2542 4394; x_wconf 86' lang='lat' dir='ltr'><strong>Quamobrem</strong></span> <span class='ocrx_word' id='word_1_594' title='bbox 2581 4329 2636 4381; x_wconf 90' lang='lat' dir='ltr'><strong>in</strong></span> <span class='ocrx_word' id='word_1_595' title='bbox 2681 4332 2797 4384; x_wconf 88' lang='lat' dir='ltr'><strong>suis</strong></span> <span class='ocrx_word' id='word_1_596' title='bbox 2845 4328 3094 4384; x_wconf 79' lang='lat' dir='ltr'><strong>Vindiciis</strong></span> <span class='ocrx_word' id='word_1_597' title='bbox 3142 4329 3387 4397; x_wconf 83' lang='lat' dir='ltr'><strong>Honorii,</strong></span> <span class='ocrx_word' id='word_1_598' title='bbox 3421 4349 3476 4399; x_wconf 89' lang='lat' dir='ltr'><strong>p.</strong></span> <span class='ocrx_word' id='word_1_599' title='bbox 3505 4335 3646 4399; x_wconf 74' lang='lat'><strong>983,</strong></span> <span class='ocrx_word' id='word_1_600' title='bbox 3687 4339 3762 4390; x_wconf 89' lang='lat' dir='ltr'><strong>ad</strong></span> 
     </span>
    </p>
   </div>
   <div class='ocr_carea' id='block_1_48' title="bbox 497 4413 3767 4495">
    <p class='ocr_par' dir='ltr' id='par_1_48' title="bbox 497 4413 3767 4495">
     <span class='ocr_line' id='line_1_48' title="bbox 497 4413 3767 4495; baseline 0 -21"><span class='ocrx_word' id='word_1_601' title='bbox 497 4417 726 4474; x_wconf 81' lang='lat' dir='ltr'><strong>Joannis</strong></span> <span class='ocrx_word' id='word_1_602' title='bbox 759 4417 871 4486; x_wconf 75' lang='grc' dir='ltr'><strong>(ν),</strong></span> <span class='ocrx_word' id='word_1_603' title='bbox 898 4413 1166 4482; x_wconf 81' lang='lat' dir='ltr'><strong>Cononis,</strong></span> <span class='ocrx_word' id='word_1_604' title='bbox 1205 4425 1298 4472; x_wconf 88' lang='lat' dir='ltr'><strong>aut</strong></span> <span class='ocrx_word' id='word_1_605' title='bbox 1331 4414 1507 4485; x_wconf 78' lang='lat' dir='ltr'><strong>Sergii</strong></span> <span class='ocrx_word' id='word_1_606' title='bbox 1548 4424 1794 4485; x_wconf 88' lang='lat' dir='ltr'><strong>tempora</strong></span> <span class='ocrx_word' id='word_1_607' title='bbox 1839 4417 2034 4472; x_wconf 88' lang='lat' dir='ltr'><strong>referri</strong></span> <span class='ocrx_word' id='word_1_608' title='bbox 2065 4417 2219 4495; x_wconf 83' lang='lat' dir='ltr'><strong>hanc</strong></span> <span class='ocrx_word' id='word_1_609' title='bbox 2252 4414 2652 4484; x_wconf 85' lang='lat' dir='ltr'><strong>professionem</strong></span> <span class='ocrx_word' id='word_1_610' title='bbox 2702 4431 2809 4468; x_wconf 89' lang='lat' dir='ltr'><strong>non</strong></span> <span class='ocrx_word' id='word_1_611' title='bbox 2855 4431 3011 4486; x_wconf 81' lang='lat' dir='ltr'><strong>posse</strong></span> <span class='ocrx_word' id='word_1_612' title='bbox 3053 4416 3152 4476; x_wconf 86' lang='lat' dir='ltr'><strong>ait.</strong></span> <span class='ocrx_word' id='word_1_613' title='bbox 3184 4419 3315 4487; x_wconf 89' lang='lat' dir='ltr'><strong>quia</strong></span> <span class='ocrx_word' id='word_1_614' title='bbox 3347 4420 3502 4483; x_wconf 86' lang='lat' dir='ltr'><strong>male,</strong></span> <span class='ocrx_word' id='word_1_615' title='bbox 3536 4421 3767 4492; x_wconf 81' lang='lat' dir='ltr'><strong>inquit,</strong></span> 
     </span>
    </p>
   </div>
   <div class='ocr_carea' id='block_1_49' title="bbox 502 4501 3769 4575">
    <p class='ocr_par' dir='ltr' id='par_1_49' title="bbox 502 4501 3769 4575">
     <span class='ocr_line' id='line_1_49' title="bbox 502 4501 3769 4575; baseline 0.002 -15"><span class='ocrx_word' id='word_1_616' title='bbox 502 4511 896 4575; x_wconf 82' lang='lat' dir='ltr'><strong>apponerentur</strong></span> <span class='ocrx_word' id='word_1_617' title='bbox 927 4502 1082 4558; x_wconf 77' lang='lat' dir='ltr'><strong>verba</strong></span> <span class='ocrx_word' id='word_1_618' title='bbox 1117 4501 1214 4557; x_wconf 87' lang='lat' dir='ltr'><strong>illa</strong></span> <span class='ocrx_word' id='word_1_619' title='bbox 1248 4517 1441 4567; x_wconf 71' lang='lat' dir='ltr'><strong>uursn,</strong></span> <span class='ocrx_word' id='word_1_620' title='bbox 1480 4518 1596 4573; x_wconf 79' lang='lat' dir='ltr'><strong>quw</strong></span> <span class='ocrx_word' id='word_1_621' title='bbox 1627 4518 1820 4572; x_wconf 84' lang='lat' dir='ltr'><strong>paucos</strong></span> <span class='ocrx_word' id='word_1_622' title='bbox 1857 4519 2079 4569; x_wconf 89' lang='lat' dir='ltr'><strong>menses,</strong></span> <span class='ocrx_word' id='word_1_623' title='bbox 2106 4520 2197 4557; x_wconf 84' lang='lat' dir='ltr'><strong>seu</strong></span> <span class='ocrx_word' id='word_1_624' title='bbox 2226 4519 2390 4556; x_wconf 87' lang='lat' dir='ltr'><strong>annos</strong></span> <span class='ocrx_word' id='word_1_625' title='bbox 2422 4503 2680 4557; x_wconf 87' lang='lat' dir='ltr'><strong>indicant.</strong></span> <span class='ocrx_word' id='word_1_626' title='bbox 2717 4502 2822 4558; x_wconf 81' lang='lat' dir='ltr'><strong>Ubi.</strong></span> <span class='ocrx_word' id='word_1_627' title='bbox 2852 4504 3027 4570; x_wconf 82' lang='lat' dir='ltr'><strong>vides,</strong></span> <span class='ocrx_word' id='word_1_628' title='bbox 3065 4520 3186 4558; x_wconf 88' lang='lat' dir='ltr'><strong>eam</strong></span> <span class='ocrx_word' id='word_1_629' title='bbox 3233 4506 3406 4562; x_wconf 85' lang='lat' dir='ltr'><strong>fuisse</strong></span> <span class='ocrx_word' id='word_1_630' title='bbox 3434 4508 3769 4567; x_wconf 73' lang='lat' dir='ltr'><strong>Marchesio</strong></span> 
     </span>
    </p>
   </div>
   <div class='ocr_carea' id='block_1_50' title="bbox 504 4589 3769 4664">
    <p class='ocr_par' dir='ltr' id='par_1_50' title="bbox 504 4589 3769 4664">
     <span class='ocr_line' id='line_1_50' title="bbox 504 4589 3769 4664; baseline 0.001 -16"><span class='ocrx_word' id='word_1_631' title='bbox 504 4595 669 4664; x_wconf 85' lang='lat' dir='ltr'><strong>hujus</strong></span> <span class='ocrx_word' id='word_1_632' title='bbox 696 4591 946 4648; x_wconf 89' lang='lat' dir='ltr'><strong>adverbii</strong></span> <span class='ocrx_word' id='word_1_633' title='bbox 980 4592 1110 4656; x_wconf 86' lang='lat' dir='ltr'><strong>vim,</strong></span> <span class='ocrx_word' id='word_1_634' title='bbox 1151 4601 1213 4645; x_wconf 90' lang='lat' dir='ltr'><strong>ut</strong></span> <span class='ocrx_word' id='word_1_635' title='bbox 1241 4607 1309 4644; x_wconf 92' lang='lat' dir='ltr'><strong>nc</strong></span> <span class='ocrx_word' id='word_1_636' title='bbox 1341 4589 1628 4645; x_wconf 79' lang='lat' dir='ltr'><strong>Paschalis</strong></span> <span class='ocrx_word' id='word_1_637' title='bbox 1655 4591 1877 4660; x_wconf 89' lang='lat' dir='ltr'><strong>quidem</strong></span> <span class='ocrx_word' id='word_1_638' title='bbox 1906 4591 2252 4661; x_wconf 88' lang='lat' dir='ltr'><strong>temporibus</strong></span> <span class='ocrx_word' id='word_1_639' title='bbox 2279 4599 2430 4660; x_wconf 60' lang='lat' dir='ltr'><strong>(sunt</strong></span> <span class='ocrx_word' id='word_1_640' title='bbox 2460 4589 2606 4644; x_wconf 90' lang='lat' dir='ltr'><strong>enim</strong></span> <span class='ocrx_word' id='word_1_641' title='bbox 2636 4589 2848 4655; x_wconf 90' lang='lat' dir='ltr'><strong>eadem,</strong></span> <span class='ocrx_word' id='word_1_642' title='bbox 2890 4606 3012 4659; x_wconf 74' lang='lat' dir='ltr'><strong>qua:</strong></span> <span class='ocrx_word' id='word_1_643' title='bbox 3049 4593 3253 4663; x_wconf 73' lang='lat' dir='ltr'><strong>Sergii)</strong></span> <span class='ocrx_word' id='word_1_644' title='bbox 3285 4596 3588 4650; x_wconf 81' lang='lat' dir='ltr'><strong>convenire</strong></span> <span class='ocrx_word' id='word_1_645' title='bbox 3622 4614 3769 4663; x_wconf 87' lang='lat' dir='ltr'><strong>pos-</strong></span> 
     </span>
    </p>
   </div>
   <div class='ocr_carea' id='block_1_51' title="bbox 501 4675 3773 4751">
    <p class='ocr_par' dir='ltr' id='par_1_51' title="bbox 501 4675 3773 4751">
     <span class='ocr_line' id='line_1_51' title="bbox 501 4675 3773 4751; baseline 0.001 -18"><span class='ocrx_word' id='word_1_646' title='bbox 501 4682 632 4734; x_wconf 90' lang='lat' dir='ltr'><strong>sint.</strong></span> <span class='ocrx_word' id='word_1_647' title='bbox 663 4680 919 4751; x_wconf 72' lang='lat' dir='ltr'><strong>Nuperus</strong></span> <span class='ocrx_word' id='word_1_648' title='bbox 950 4677 1250 4733; x_wconf 86' lang='lat' dir='ltr'><strong>historicus</strong></span> <span class='ocrx_word' id='word_1_649' title='bbox 1274 4692 1398 4731; x_wconf 91' lang='lat' dir='ltr'><strong>cum</strong></span> <span class='ocrx_word' id='word_1_650' title='bbox 1427 4675 1732 4733; x_wconf 73' lang='lat' dir='ltr'><strong>Marchesio</strong></span> <span class='ocrx_word' id='word_1_651' title='bbox 1765 4678 2052 4747; x_wconf 87' lang='lat' dir='ltr'><strong>disceptet.</strong></span> <span class='ocrx_word' id='word_1_652' title='bbox 2084 4679 2197 4747; x_wconf 80' lang='lat' dir='ltr'><strong>Ego</strong></span> <span class='ocrx_word' id='word_1_653' title='bbox 2221 4681 2438 4748; x_wconf 88' lang='lat' dir='ltr'><strong>utrique</strong></span> <span class='ocrx_word' id='word_1_654' title='bbox 2470 4677 2751 4732; x_wconf 78' lang='lat' dir='ltr'><strong>Ciceronis</strong></span> <span class='ocrx_word' id='word_1_655' title='bbox 2781 4679 2965 4731; x_wconf 90' lang='lat' dir='ltr'><strong>locum</strong></span> <span class='ocrx_word' id='word_1_656' title='bbox 3000 4679 3256 4748; x_wconf 83' lang='lat' dir='ltr'><strong>objiciam</strong></span> <span class='ocrx_word' id='word_1_657' title='bbox 3286 4681 3364 4734; x_wconf 86' lang='lat' dir='ltr'><strong>De</strong></span> <span class='ocrx_word' id='word_1_658' title='bbox 3397 4682 3523 4737; x_wconf 76' lang='lat' dir='ltr'><strong>Nat.</strong></span> <span class='ocrx_word' id='word_1_659' title='bbox 3557 4684 3773 4750; x_wconf 84' lang='lat' dir='ltr'><strong>Deor.,</strong></span> 
     </span>
    </p>
   </div>
   <div class='ocr_carea' id='block_1_52' title="bbox 505 4765 3770 4836">
    <p class='ocr_par' dir='ltr' id='par_1_52' title="bbox 505 4765 3770 4836">
     <span class='ocr_line' id='line_1_52' title="bbox 505 4765 3770 4836; baseline -0 -14"><span class='ocrx_word' id='word_1_660' title='bbox 505 4770 601 4822; x_wconf 75' lang='lat' dir='ltr'><strong>lib.</strong></span> <span class='ocrx_word' id='word_1_661' title='bbox 629 4769 715 4824; x_wconf 73' lang='grc' dir='ltr'><strong>ιιι</strong></span> <span class='ocrx_word' id='word_1_662' title='bbox 749 4768 887 4834; x_wconf 83' lang='lat' dir='ltr'><strong>Quid</strong></span> <span class='ocrx_word' id='word_1_663' title='bbox 918 4768 985 4820; x_wconf 88' lang='lat' dir='ltr'><strong>ad</strong></span> <span class='ocrx_word' id='word_1_664' title='bbox 1015 4783 1100 4830; x_wconf 89' lang='lat' dir='ltr'><strong>ea,</strong></span> <span class='ocrx_word' id='word_1_665' title='bbox 1131 4782 1248 4836; x_wconf 70' lang='lat' dir='ltr'><strong>quae</strong></span> <span class='ocrx_word' id='word_1_666' title='bbox 1279 4781 1474 4830; x_wconf 70' lang='lat' dir='ltr'><strong>num-:3,</strong></span> <span class='ocrx_word' id='word_1_667' title='bbox 1508 4767 1562 4820; x_wconf 87' lang='lat' dir='ltr'><strong>id</strong></span> <span class='ocrx_word' id='word_1_668' title='bbox 1586 4775 1661 4820; x_wconf 88' lang='lat' dir='ltr'><strong>est</strong></span> <span class='ocrx_word' id='word_1_669' title='bbox 1689 4780 1872 4820; x_wconf 74' lang='lat' dir='ltr'><strong>PAUCIS</strong></span> <span class='ocrx_word' id='word_1_670' title='bbox 1895 4782 2027 4820; x_wconf 67' lang='lat' dir='ltr'><strong>ANTE</strong></span> <span class='ocrx_word' id='word_1_671' title='bbox 2061 4780 2310 4830; x_wconf 62' lang='lat' dir='ltr'><strong>manus,</strong></span> <span class='ocrx_word' id='word_1_672' title='bbox 2338 4765 2652 4818; x_wconf 84' lang='lat' dir='ltr'><strong>medicorum</strong></span> <span class='ocrx_word' id='word_1_673' title='bbox 2685 4766 2905 4835; x_wconf 83' lang='lat' dir='ltr'><strong>ingeniis</strong></span> <span class='ocrx_word' id='word_1_674' title='bbox 2935 4776 3146 4833; x_wconf 81' lang='lat' dir='ltr'><strong>reperta</strong></span> <span class='ocrx_word' id='word_1_675' title='bbox 3169 4778 3290 4821; x_wconf 88' lang='lat' dir='ltr'><strong>sunt</strong></span> <span class='ocrx_word' id='word_1_676' title='bbox 3317 4769 3343 4822; x_wconf 67' lang='lat'><strong><em>2</em></strong></span> <span class='ocrx_word' id='word_1_677' title='bbox 3365 4769 3484 4835; x_wconf 89' lang='lat' dir='ltr'><strong>Quo</strong></span> <span class='ocrx_word' id='word_1_678' title='bbox 3518 4787 3593 4826; x_wconf 81' lang='lat' dir='ltr'><strong>ex</strong></span> <span class='ocrx_word' id='word_1_679' title='bbox 3633 4773 3770 4827; x_wconf 61' lang='lat' dir='ltr'><strong>loco</strong></span> 
     </span>
    </p>
   </div>
   <div class='ocr_carea' id='block_1_53' title="bbox 504 4852 3773 4924">
    <p class='ocr_par' dir='ltr' id='par_1_53' title="bbox 504 4852 3773 4924">
     <span class='ocr_line' id='line_1_53' title="bbox 504 4852 3773 4924; baseline 0.002 -17"><span class='ocrx_word' id='word_1_680' title='bbox 504 4857 638 4910; x_wconf 72' lang='lat' dir='ltr'><strong>satis</strong></span> <span class='ocrx_word' id='word_1_681' title='bbox 665 4865 902 4918; x_wconf 82' lang='lat' dir='ltr'><strong>constat,</strong></span> <span class='ocrx_word' id='word_1_682' title='bbox 932 4855 1256 4909; x_wconf 88' lang='lat' dir='ltr'><strong>adverbium</strong></span> <span class='ocrx_word' id='word_1_683' title='bbox 1299 4870 1468 4924; x_wconf 82' lang='lat' dir='ltr'><strong>nuper</strong></span> <span class='ocrx_word' id='word_1_684' title='bbox 1499 4853 1567 4907; x_wconf 91' lang='lat' dir='ltr'><strong>de</strong></span> <span class='ocrx_word' id='word_1_685' title='bbox 1597 4854 1818 4908; x_wconf 64' lang='lat' dir='ltr'><strong>saeculis</strong></span> <span class='ocrx_word' id='word_1_686' title='bbox 1850 4869 2071 4923; x_wconf 88' lang='lat' dir='ltr'><strong>quoque</strong></span> <span class='ocrx_word' id='word_1_687' title='bbox 2097 4854 2263 4917; x_wconf 91' lang='lat' dir='ltr'><strong>sumi,</strong></span> <span class='ocrx_word' id='word_1_688' title='bbox 2298 4852 2598 4906; x_wconf 86' lang='lat' dir='ltr'><strong>dummodo</strong></span> <span class='ocrx_word' id='word_1_689' title='bbox 2630 4868 2804 4921; x_wconf 85' lang='lat' dir='ltr'><strong>pauca</strong></span> <span class='ocrx_word' id='word_1_690' title='bbox 2835 4855 2968 4908; x_wconf 88' lang='lat' dir='ltr'><strong>sint.</strong></span> <span class='ocrx_word' id='word_1_691' title='bbox 3003 4855 3139 4908; x_wconf 83' lang='lat' dir='ltr'><strong>Hinc</strong></span> <span class='ocrx_word' id='word_1_692' title='bbox 3166 4855 3599 4912; x_wconf 84' lang='lat' dir='ltr'><strong>Nouantulanus</strong></span> <span class='ocrx_word' id='word_1_693' title='bbox 3641 4877 3773 4913; x_wconf 83' lang='lat' dir='ltr'><strong>mu-</strong></span> 
     </span>
    </p>
   </div>
   <div class='ocr_carea' id='block_1_54' title="bbox 502 4940 3779 5011">
    <p class='ocr_par' dir='ltr' id='par_1_54' title="bbox 502 4940 3779 5011">
     <span class='ocr_line' id='line_1_54' title="bbox 502 4940 3779 5011; baseline 0 -12"><span class='ocrx_word' id='word_1_694' title='bbox 502 4945 716 4999; x_wconf 75' lang='lat' dir='ltr'><strong>uachus</strong></span> <span class='ocrx_word' id='word_1_695' title='bbox 761 4961 790 4997; x_wconf 89' lang='lat' dir='ltr'><strong>a</strong></span> <span class='ocrx_word' id='word_1_696' title='bbox 839 4942 1158 4997; x_wconf 77' lang='lat' dir='ltr'><strong>Mahillonio</strong></span> <span class='ocrx_word' id='word_1_697' title='bbox 1197 4943 1379 4997; x_wconf 90' lang='lat' dir='ltr'><strong>editus</strong></span> <span class='ocrx_word' id='word_1_698' title='bbox 1415 4941 1584 5011; x_wconf 87' lang='lat' dir='ltr'><strong>(quod</strong></span> <span class='ocrx_word' id='word_1_699' title='bbox 1626 4955 1753 4995; x_wconf 89' lang='lat' dir='ltr'><strong>cum</strong></span> <span class='ocrx_word' id='word_1_700' title='bbox 1803 4943 2050 4996; x_wconf 86' lang='lat' dir='ltr'><strong>nondum</strong></span> <span class='ocrx_word' id='word_1_701' title='bbox 2097 4943 2240 4997; x_wconf 90' lang='lat' dir='ltr'><strong>liber</strong></span> <span class='ocrx_word' id='word_1_702' title='bbox 2285 4941 2604 5011; x_wconf 86' lang='lat' dir='ltr'><strong>prodiisset,</strong></span> <span class='ocrx_word' id='word_1_703' title='bbox 2657 4940 2843 5004; x_wconf 83' lang='lat' dir='ltr'><strong>habet,</strong></span> <span class='ocrx_word' id='word_1_704' title='bbox 2895 4942 2990 5011; x_wconf 87' lang='lat' dir='ltr'><strong>qui</strong></span> <span class='ocrx_word' id='word_1_705' title='bbox 3048 4943 3344 5009; x_wconf 70' lang='lat' dir='ltr'><strong>ignoravit,</strong></span> <span class='ocrx_word' id='word_1_706' title='bbox 3399 4945 3779 5002; x_wconf 67' lang='lat' dir='ltr'><strong>Marchesius</strong></span> 
     </span>
    </p>
   </div>
   <div class='ocr_carea' id='block_1_55' title="bbox 503 5022 3784 5101">
    <p class='ocr_par' dir='ltr' id='par_1_55' title="bbox 503 5022 3784 5101">
     <span class='ocr_line' id='line_1_55' title="bbox 503 5022 3784 5101; baseline 0.001 -17"><span class='ocrx_word' id='word_1_707' title='bbox 503 5031 920 5085; x_wconf 64' lang='lat' dir='ltr'><strong>excusationem</strong></span> <span class='ocrx_word' id='word_1_708' title='bbox 945 5022 1294 5100; x_wconf 64' lang='lat' dir='ltr'><strong>{neglexisse</strong></span> <span class='ocrx_word' id='word_1_709' title='bbox 1319 5039 1499 5083; x_wconf 91' lang='lat' dir='ltr'><strong>autem</strong></span> <span class='ocrx_word' id='word_1_710' title='bbox 1534 5029 1859 5083; x_wconf 81' lang='lat' dir='ltr'><strong>historicum</strong></span> <span class='ocrx_word' id='word_1_711' title='bbox 1898 5040 2150 5084; x_wconf 85' lang='lat' dir='ltr'><strong>nostrum</strong></span> <span class='ocrx_word' id='word_1_712' title='bbox 2181 5028 2296 5082; x_wconf 85' lang='lat' dir='ltr'><strong>fere</strong></span> <span class='ocrx_word' id='word_1_713' title='bbox 2323 5028 2524 5082; x_wconf 88' lang='lat' dir='ltr'><strong>mirum</strong></span> <span class='ocrx_word' id='word_1_714' title='bbox 2552 5026 2728 5081; x_wconf 88' lang='lat' dir='ltr'><strong>videri</strong></span> <span class='ocrx_word' id='word_1_715' title='bbox 2763 5029 2995 5096; x_wconf 88' lang='lat' dir='ltr'><strong>posset),</strong></span> <span class='ocrx_word' id='word_1_716' title='bbox 3019 5028 3457 5092; x_wconf 85' lang='lat' dir='ltr'><strong>Nonantulauus,</strong></span> <span class='ocrx_word' id='word_1_717' title='bbox 3492 5034 3588 5101; x_wconf 83' lang='lat' dir='ltr'><strong>iuq</strong></span> <span class='ocrx_word' id='word_1_718' title='bbox 3602 5049 3784 5100; x_wconf 72' lang='lat' dir='ltr'><strong>nam,</strong></span> 
     </span>
    </p>
   </div>
   <div class='ocr_carea' id='block_1_56' title="bbox 507 5115 3782 5187">
    <p class='ocr_par' dir='ltr' id='par_1_56' title="bbox 507 5115 3782 5187">
     <span class='ocr_line' id='line_1_56' title="bbox 507 5115 3782 5187; baseline 0.001 -14"><span class='ocrx_word' id='word_1_719' title='bbox 507 5121 814 5175; x_wconf 87' lang='lat' dir='ltr'><strong>monachus</strong></span> <span class='ocrx_word' id='word_1_720' title='bbox 849 5127 1059 5183; x_wconf 86' lang='lat' dir='ltr'><strong>narrat,</strong></span> <span class='ocrx_word' id='word_1_721' title='bbox 1104 5117 1441 5171; x_wconf 78' lang='lat' dir='ltr'><strong>Hadrianum</strong></span> <span class='ocrx_word' id='word_1_722' title='bbox 1479 5115 1497 5169; x_wconf 90' lang='lat' dir='ltr'><strong>l</strong></span> <span class='ocrx_word' id='word_1_723' title='bbox 1533 5117 1753 5171; x_wconf 85' lang='lat' dir='ltr'><strong>easdem</strong></span> <span class='ocrx_word' id='word_1_724' title='bbox 1792 5115 1920 5170; x_wconf 77' lang='lat' dir='ltr'><strong>ﬁdei</strong></span> <span class='ocrx_word' id='word_1_725' title='bbox 1963 5116 2355 5186; x_wconf 86' lang='lat' dir='ltr'><strong>professiones,</strong></span> <span class='ocrx_word' id='word_1_726' title='bbox 2393 5131 2529 5187; x_wconf 90' lang='lat' dir='ltr'><strong>quas</strong></span> <span class='ocrx_word' id='word_1_727' title='bbox 2569 5115 2738 5171; x_wconf 85' lang='lat' dir='ltr'><strong>Liber</strong></span> <span class='ocrx_word' id='word_1_728' title='bbox 2772 5117 3020 5172; x_wconf 86' lang='lat' dir='ltr'><strong>Diurnus</strong></span> <span class='ocrx_word' id='word_1_729' title='bbox 3057 5121 3302 5186; x_wconf 80' lang='lat' dir='ltr'><strong>exhibet,</strong></span> <span class='ocrx_word' id='word_1_730' title='bbox 3341 5136 3436 5175; x_wconf 83' lang='lat' dir='ltr'><strong>an.</strong></span> <span class='ocrx_word' id='word_1_731' title='bbox 3470 5121 3581 5174; x_wconf 64' lang='grc' dir='ltr'><strong>ἠεξ</strong></span> <span class='ocrx_word' id='word_1_732' title='bbox 3619 5128 3782 5178; x_wconf 79' lang='lat' dir='ltr'><strong>emi-</strong></span> 
     </span>
    </p>
   </div>
   <div class='ocr_carea' id='block_1_57' title="bbox 505 5204 3779 5280">
    <p class='ocr_par' dir='ltr' id='par_1_57' title="bbox 505 5204 3779 5280">
     <span class='ocr_line' id='line_1_57' title="bbox 505 5204 3779 5280; baseline -0.001 -15"><span class='ocrx_word' id='word_1_733' title='bbox 505 5212 661 5276; x_wconf 87' lang='lat' dir='ltr'><strong>sisse,</strong></span> <span class='ocrx_word' id='word_1_734' title='bbox 696 5207 958 5263; x_wconf 79' lang='lat' dir='ltr'><strong>adverbio</strong></span> <span class='ocrx_word' id='word_1_735' title='bbox 991 5222 1157 5278; x_wconf 84' lang='lat' dir='ltr'><strong>nuper</strong></span> <span class='ocrx_word' id='word_1_736' title='bbox 1180 5206 1407 5261; x_wconf 90' lang='lat' dir='ltr'><strong>minime</strong></span> <span class='ocrx_word' id='word_1_737' title='bbox 1437 5205 1680 5276; x_wconf 90' lang='lat' dir='ltr'><strong>dempto.</strong></span> <span class='ocrx_word' id='word_1_738' title='bbox 1710 5204 1776 5259; x_wconf 87' lang='lat' dir='ltr'><strong>Et</strong></span> <span class='ocrx_word' id='word_1_739' title='bbox 1805 5205 2155 5270; x_wconf 88' lang='lat' dir='ltr'><strong>mirabimur,</strong></span> <span class='ocrx_word' id='word_1_740' title='bbox 2187 5205 2355 5260; x_wconf 89' lang='lat' dir='ltr'><strong>etiam</strong></span> <span class='ocrx_word' id='word_1_741' title='bbox 2387 5221 2478 5259; x_wconf 89' lang='lat' dir='ltr'><strong>an.</strong></span> <span class='ocrx_word' id='word_1_742' title='bbox 2514 5204 2618 5258; x_wconf 70' lang='lat'><strong>827</strong></span> <span class='ocrx_word' id='word_1_743' title='bbox 2651 5213 2708 5259; x_wconf 92' lang='lat' dir='ltr'><strong>et</strong></span> <span class='ocrx_word' id='word_1_744' title='bbox 2735 5205 3124 5275; x_wconf 85' lang='lat' dir='ltr'><strong>sequentibus,</strong></span> <span class='ocrx_word' id='word_1_745' title='bbox 3151 5209 3357 5276; x_wconf 91' lang='lat' dir='ltr'><strong>quibus</strong></span> <span class='ocrx_word' id='word_1_746' title='bbox 3387 5207 3666 5280; x_wconf 78' lang='lat' dir='ltr'><strong>Gregorii</strong></span> <span class='ocrx_word' id='word_1_747' title='bbox 3707 5212 3779 5268; x_wconf 65' lang='lat' dir='ltr'><strong>IV</strong></span> 
     </span>
    </p>
   </div>
   <div class='ocr_carea' id='block_1_58' title="bbox 509 5291 3792 5370">
    <p class='ocr_par' dir='ltr' id='par_1_58' title="bbox 509 5291 3792 5370">
     <span class='ocr_line' id='line_1_58' title="bbox 509 5291 3792 5370; baseline 0.002 -21"><span class='ocrx_word' id='word_1_748' title='bbox 509 5297 860 5366; x_wconf 77' lang='lat' dir='ltr'><strong>pontificatus</strong></span> <span class='ocrx_word' id='word_1_749' title='bbox 884 5295 1224 5359; x_wconf 90' lang='lat' dir='ltr'><strong>continetur,</strong></span> <span class='ocrx_word' id='word_1_750' title='bbox 1249 5303 1302 5348; x_wconf 90' lang='lat' dir='ltr'><strong>et</strong></span> <span class='ocrx_word' id='word_1_751' title='bbox 1327 5293 1728 5348; x_wconf 86' lang='lat' dir='ltr'><strong>Garnerianum</strong></span> <span class='ocrx_word' id='word_1_752' title='bbox 1760 5291 1913 5346; x_wconf 86' lang='lat' dir='ltr'><strong>Libri</strong></span> <span class='ocrx_word' id='word_1_753' title='bbox 1949 5293 2140 5347; x_wconf 79' lang='lat' dir='ltr'><strong>lliurni</strong></span> <span class='ocrx_word' id='word_1_754' title='bbox 2176 5293 2422 5348; x_wconf 84' lang='lat' dir='ltr'><strong>codicem</strong></span> <span class='ocrx_word' id='word_1_755' title='bbox 2453 5293 2659 5347; x_wconf 84' lang='lat' dir='ltr'><strong>exiisse</strong></span> <span class='ocrx_word' id='word_1_756' title='bbox 2690 5294 3007 5358; x_wconf 88' lang='lat' dir='ltr'><strong>statuimus,</strong></span> <span class='ocrx_word' id='word_1_757' title='bbox 3034 5304 3244 5349; x_wconf 87' lang='lat' dir='ltr'><strong>sextam</strong></span> <span class='ocrx_word' id='word_1_758' title='bbox 3275 5297 3547 5366; x_wconf 78' lang='lat' dir='ltr'><strong>synodum</strong></span> <span class='ocrx_word' id='word_1_759' title='bbox 3583 5317 3792 5370; x_wconf 72' lang='lat' dir='ltr'><strong>nuper</strong></span> 
     </span>
    </p>
   </div>
   <div class='ocr_carea' id='block_1_59' title="bbox 511 5382 3791 5460">
    <p class='ocr_par' dir='ltr' id='par_1_59' title="bbox 511 5382 3791 5460">
     <span class='ocr_line' id='line_1_59' title="bbox 511 5382 3791 5460; baseline 0 -20"><span class='ocrx_word' id='word_1_760' title='bbox 511 5387 844 5441; x_wconf 77' lang='lat' dir='ltr'><strong>celebratam</strong></span> <span class='ocrx_word' id='word_1_761' title='bbox 876 5386 986 5441; x_wconf 90' lang='lat' dir='ltr'><strong>dici</strong></span> <span class='ocrx_word' id='word_1_762' title='bbox 1036 5400 1163 5440; x_wconf 86' lang='lat' dir='ltr'><strong>vere</strong></span> <span class='ocrx_word' id='word_1_763' title='bbox 1217 5385 1480 5454; x_wconf 86' lang='lat' dir='ltr'><strong>potuisse,</strong></span> <span class='ocrx_word' id='word_1_764' title='bbox 1536 5399 1661 5437; x_wconf 88' lang='lat' dir='ltr'><strong>cum</strong></span> <span class='ocrx_word' id='word_1_765' title='bbox 1707 5384 1798 5438; x_wconf 82' lang='lat' dir='ltr'><strong>vix</strong></span> <span class='ocrx_word' id='word_1_766' title='bbox 1848 5383 2300 5452; x_wconf 72' lang='lat' dir='ltr'><strong>sesquisazculum</strong></span> <span class='ocrx_word' id='word_1_767' title='bbox 2351 5383 2422 5437; x_wconf 90' lang='lat' dir='ltr'><strong>ab</strong></span> <span class='ocrx_word' id='word_1_768' title='bbox 2472 5383 2595 5451; x_wconf 87' lang='lat' dir='ltr'><strong>ejus</strong></span> <span class='ocrx_word' id='word_1_769' title='bbox 2643 5391 2916 5436; x_wconf 80' lang='lat' dir='ltr'><strong>conventu</strong></span> <span class='ocrx_word' id='word_1_770' title='bbox 2970 5382 3039 5436; x_wconf 82' lang='lat' dir='ltr'><strong>ad</strong></span> <span class='ocrx_word' id='word_1_771' title='bbox 3091 5383 3344 5454; x_wconf 79' lang='lat' dir='ltr'><strong>Gregorii</strong></span> <span class='ocrx_word' id='word_1_772' title='bbox 3391 5385 3456 5441; x_wconf 74' lang='lat' dir='ltr'><strong>IV</strong></span> <span class='ocrx_word' id='word_1_773' title='bbox 3491 5395 3791 5460; x_wconf 70' lang='lat' dir='ltr'><strong>tempora</strong></span> 
     </span>
    </p>
   </div>
   <div class='ocr_carea' id='block_1_60' title="bbox 509 5475 825 5530">
    <p class='ocr_par' dir='ltr' id='par_1_60' title="bbox 509 5475 825 5530">
     <span class='ocr_line' id='line_1_60' title="bbox 509 5475 825 5530; baseline 0 -3"><span class='ocrx_word' id='word_1_774' title='bbox 509 5475 825 5530; x_wconf 70' lang='lat' dir='ltr'><strong>adluxerit?</strong></span> 
     </span>
    </p>
   </div>
   <div class='ocr_carea' id='block_1_61' title="bbox 577 5579 3798 5660">
    <p class='ocr_par' dir='ltr' id='par_1_61' title="bbox 577 5579 3798 5660">
     <span class='ocr_line' id='line_1_61' title="bbox 577 5579 3798 5660; baseline 0 -21"><span class='ocrx_word' id='word_1_775' title='bbox 577 5585 670 5640; x_wconf 71' lang='lat' dir='ltr'><strong>XI.</strong></span> <span class='ocrx_word' id='word_1_776' title='bbox 713 5583 918 5639; x_wconf 86' lang='lat' dir='ltr'><strong>Potiori</strong></span> <span class='ocrx_word' id='word_1_777' title='bbox 966 5581 1098 5637; x_wconf 92' lang='lat' dir='ltr'><strong>illud</strong></span> <span class='ocrx_word' id='word_1_778' title='bbox 1148 5583 1275 5653; x_wconf 90' lang='lat' dir='ltr'><strong>jure</strong></span> <span class='ocrx_word' id='word_1_779' title='bbox 1319 5594 1384 5634; x_wconf 83' lang='lat' dir='ltr'><strong>ex</strong></span> <span class='ocrx_word' id='word_1_780' title='bbox 1435 5594 1519 5633; x_wconf 91' lang='lat' dir='ltr'><strong>me</strong></span> <span class='ocrx_word' id='word_1_781' title='bbox 1569 5589 1777 5649; x_wconf 70' lang='lat' dir='ltr'><strong>quaeret</strong></span> <span class='ocrx_word' id='word_1_782' title='bbox 1811 5579 2133 5642; x_wconf 87' lang='lat' dir='ltr'><strong>historicus,</strong></span> <span class='ocrx_word' id='word_1_783' title='bbox 2177 5581 2304 5649; x_wconf 88' lang='lat' dir='ltr'><strong>quei</strong></span> <span class='ocrx_word' id='word_1_784' title='bbox 2342 5579 2547 5635; x_wconf 88' lang='lat' dir='ltr'><strong>factum</strong></span> <span class='ocrx_word' id='word_1_785' title='bbox 2600 5581 2694 5644; x_wconf 86' lang='lat' dir='ltr'><strong>sit,</strong></span> <span class='ocrx_word' id='word_1_786' title='bbox 2727 5591 2786 5634; x_wconf 92' lang='lat' dir='ltr'><strong>ut</strong></span> <span class='ocrx_word' id='word_1_787' title='bbox 2839 5579 3065 5637; x_wconf 88' lang='lat' dir='ltr'><strong>ineunte</strong></span> <span class='ocrx_word' id='word_1_788' title='bbox 3114 5583 3315 5639; x_wconf 64' lang='lat' dir='ltr'><strong>saeculo</strong></span> <span class='ocrx_word' id='word_1_789' title='bbox 3345 5599 3421 5647; x_wconf 73' lang='grc' dir='ltr'><strong>ιι.</strong></span> <span class='ocrx_word' id='word_1_790' title='bbox 3459 5584 3798 5660; x_wconf 74' lang='lat' dir='ltr'><strong>multoque</strong></span> 
     </span>
    </p>
   </div>
   <div class='ocr_carea' id='block_1_62' title="bbox 511 5667 3801 5740">
    <p class='ocr_par' dir='ltr' id='par_1_62' title="bbox 511 5667 3801 5740">
     <span class='ocr_line' id='line_1_62' title="bbox 511 5667 3801 5740; baseline 0.001 -14"><span class='ocrx_word' id='word_1_791' title='bbox 511 5672 683 5740; x_wconf 75' lang='lat' dir='ltr'><strong>magis</strong></span> <span class='ocrx_word' id='word_1_792' title='bbox 724 5685 790 5725; x_wconf 88' lang='lat' dir='ltr'><strong>eo</strong></span> <span class='ocrx_word' id='word_1_793' title='bbox 819 5669 1033 5738; x_wconf 82' lang='lat' dir='ltr'><strong>adulto,</strong></span> <span class='ocrx_word' id='word_1_794' title='bbox 1077 5669 1134 5724; x_wconf 87' lang='lat' dir='ltr'><strong>in</strong></span> <span class='ocrx_word' id='word_1_795' title='bbox 1179 5667 1430 5726; x_wconf 89' lang='lat' dir='ltr'><strong>formulis</strong></span> <span class='ocrx_word' id='word_1_796' title='bbox 1477 5683 1600 5737; x_wconf 76' lang='lat' dir='ltr'><strong>quae</strong></span> <span class='ocrx_word' id='word_1_797' title='bbox 1641 5679 1739 5725; x_wconf 89' lang='lat' dir='ltr'><strong>aut</strong></span> <span class='ocrx_word' id='word_1_798' title='bbox 1785 5677 1919 5724; x_wconf 92' lang='lat' dir='ltr'><strong>tunc</strong></span> <span class='ocrx_word' id='word_1_799' title='bbox 1956 5669 2202 5739; x_wconf 85' lang='lat' dir='ltr'><strong>primum</strong></span> <span class='ocrx_word' id='word_1_800' title='bbox 2236 5668 2292 5722; x_wconf 88' lang='lat' dir='ltr'><strong>in</strong></span> <span class='ocrx_word' id='word_1_801' title='bbox 2329 5669 2581 5725; x_wconf 88' lang='lat' dir='ltr'><strong>codicem</strong></span> <span class='ocrx_word' id='word_1_802' title='bbox 2623 5669 2815 5725; x_wconf 63' lang='lat' dir='ltr'><strong>relatae</strong></span> <span class='ocrx_word' id='word_1_803' title='bbox 2857 5671 2995 5737; x_wconf 86' lang='lat' dir='ltr'><strong>sint,</strong></span> <span class='ocrx_word' id='word_1_804' title='bbox 3026 5681 3120 5725; x_wconf 81' lang='lat' dir='ltr'><strong>aut</strong></span> <span class='ocrx_word' id='word_1_805' title='bbox 3153 5671 3219 5725; x_wconf 83' lang='lat' dir='ltr'><strong>ad</strong></span> <span class='ocrx_word' id='word_1_806' title='bbox 3254 5687 3586 5729; x_wconf 78' lang='lat' dir='ltr'><strong>communes</strong></span> <span class='ocrx_word' id='word_1_807' title='bbox 3631 5690 3801 5734; x_wconf 70' lang='lat' dir='ltr'><strong>usus</strong></span> 
     </span>
    </p>
   </div>
  </div>
