4000 6178
317 348 454 408 1898
674 399 677 404 λ
1358 341 1446 399 l‘E
1486 339 1692 397 LlBllO
1733 337 1896 398 DIUB

1974 339 1994 394 )
2034 335 2516 396 υιεδειιτΑτιο.
3417 348 3554 401 1594

291 431 512 534 ἷιιετιιω
546 475 806 532 θυι-ιιι,
840 465 992 519 nulla
1030 464 1277 534 septimae
1313 462 1508 534 synodi
1543 459 1750 513 mentio
1787 457 1986 529 injecta
2025 457 2208 511 fuerit.
2244 455 2429 510 Dicam
2472 456 2731 527 equidem
2775 456 2831 511 id
2891 459 3097 514 factum
3129 461 3387 530 prudenti
3419 431 3550 533 qua-

295 524 434 641 {dam
465 524 881 625 oixovoplqtpne
921 524 1223 607 Gallia-rum
1261 524 1562 641 episcopis,
1603 524 1939 641 qni-Carolo
1991 543 2059 598 M.
2099 553 2154 599 et
2184 543 2469 641 Ludovico
2502 524 2617 641 ιίίο⁵
2638 544 3045 613 imperantibus
3071 524 3177 602 etsi
3209 524 3450 620 dogmati
3484 550 3552 605 de

312 656 600 695 sacrarum
656 640 954 712 imaginum
985 640 1138 695 cultu
1172 637 1637 699 assentiebantur,
1674 634 1907 690 Nicaeus:
1934 641 2118 686 tamen
2149 647 2186 686 tt
2217 629 2430 702 synodo
2469 631 2716 688 nondum
2745 633 2976 689 solemni
3005 634 3217 706 judicio
3243 652 3273 691 a
3305 637 3551 693 Romana

311 727 447 782 sede
477 727 814 783 conﬁrmata:
857 745 1049 783 errore
1099 727 1228 782 facti
1267 724 1670 795 repugnabant,
1720 720 1952 776 Romani
2003 719 2300 774 Pontifices
2334 718 2630 774 oﬁ‘ensioni
2664 731 2872 778 essent.
2907 721 3054 779 Sane
3093 723 3186 779 diu
3231 726 3396 780 etiam
3431 739 3553 794 post

314 816 646 885 Gregorium
672 814 760 880 IV,
793 826 855 870 ut
885 831 914 870 a
936 817 1004 870 cl.
1035 813 1375 870 Trombellio
1406 811 1481 866 De
1507 809 1652 864 cultu
1685 818 1991 864 sanctorum
2021 809 2160 861 Diss.
2188 806 2254 871 Χ,
2285 822 2406 876 cap.
2439 807 2530 872 25,
2560 808 3009 866 animadversum
3037 812 3218 876 video.
3251 813 3550 868 Nicolansl

313 918 424 956 non
464 903 626 958 modo
682 918 778 959 sex
814 904 1042 958 tantum
1077 900 1362 973 generales
1400 898 1643 967 synodos
1685 899 2029 951 enumeravit
2071 913 2160 966 ep.
2211 899 2262 960 7,
2300 896 2394 951 sed
2431 897 2596 950 etiam
2645 907 2706 954 ut
2752 915 2847 954 sex
2883 909 3095 955 tantum
3146 901 3435 966 fateretur,
3485 904 3554 956 ab

314 988 506 1044 Adone
547 989 846 1044 Viennensi
895 989 1078 1060 petiit,
1110 1003 1234 1043 cum
1275 987 1498 1055 pallium
1548 987 1597 1040 ei
1645 986 1911 1040 mitteret.
1959 985 2268 1039 lladrianns
2311 1001 2530 1054 quoque
2561 986 2732 1057 ll,ep.
2773 988 2862 1054 54,
2902 988 2970 1044 ad
3013 989 3268 1044 Carolum
3299 989 3548 1050 Calvum,

314 1076 537 1130 ηοιιιιῑεί
582 1075 862 1131 Νἰοκηυιιι
896 1075 1218 1136 concilium,
1249 1083 1305 1128 et
1338 1075 1568 1145 quinque
1609 1081 1920 1128 cieterorum
1960 1074 2304 1127 conciliorum
2341 1071 2558 1142 regulas
2595 1085 2883 1132 memorat.
2916 1075 3106 1146 Itaque
3134 1077 3264 1133 licet
3305 1077 3551 1132 Romana

313 1162 565 1218 Ecclesia
597 1163 870 1218 Nicatnam
902 1164 1049 1218 illam
1097 1162 1395 1218 secundam
1430 1160 1698 1232 synodum
1739 1160 1807 1213 ab
1853 1159 2131 1215 lladriano
2169 1162 2190 1214 Ι
2225 1162 2511 1230 probatam
2545 1162 2738 1228 fuisse,
2772 1164 2882 1218 imo
2913 1173 2966 1220 et
2996 1181 3100 1234 pro
3135 1164 3252 1234 ipsa
3286 1166 3554 1220 adversus

312 1247 608 1334 Cparolinos
638 1251 810 1306 libros
844 1263 1144 1321 pugnatum
1176 1250 1246 1304 ab
1275 1263 1342 1304 eo
1368 1250 1563 1313 sciret,
1599 1249 1800 1314 noluit,
1840 1249 2056 1319 integro
2092 1259 2276 1304 stante
2303 1250 2579 1320 dogmate,
2621 1251 2789 1307 nimis
2819 1254 2940 1324 ejus
2967 1253 3190 1307 concilii
3227 1269 3422 1323 urgere
3454 1267 3554 1307 au-

313 1338 653 1402 storitatem,
690 1355 782 1402 ne,
808 1339 956 1408 quod
992 1338 1176 1393 timeri
1212 1346 1446 1406 poterat,
1478 1337 1764 1392 schismati
1807 1337 2155 1406 praeberetur
2199 1337 2436 1390 occasio.
2473 1336 2654 1405 Atque
2695 1337 2828 1395 hinc
2855 1339 2910 1392 in
2953 1339 3392 1408 professionibus
3422 1339 3550 1394 ﬁdei

316 1439 455 1492 quas
482 1427 639 1481 electi
668 1427 926 1482 Romana:
959 1426 1107 1481 sedis
1139 1428 1401 1496 pmsules
1427 1424 1686 1486 edebant,
1718 1422 2060 1477 dissimulata
2093 1423 2188 1476 diu
2219 1423 2320 1477 fuit
2347 1427 2578 1493 septima
2607 1425 2872 1489 synodus.
2907 1427 3086 1496 Atque
3113 1427 3230 1482 haec
3259 1427 3544 1498 aliquanto

317 1513 495 1566 fusius
525 1514 950 1583 disputavimus,
976 1528 1048 1567 ne
1077 1515 1278 1583 nuperi
1319 1513 1569 1568 historici
1603 1527 1828 1575 nomen,
1865 1520 2244 1580 praestansque
2276 1511 2520 1565 eruditio
2552 1513 2698 1579 apud
2730 1514 2917 1568 minus
2948 1513 3158 1584 peritos
3187 1514 3388 1584 insigni
3421 1512 3556 1568 huic

317 1600 706 1657 ecclesiastica:
733 1603 1080 1672 antiquitatis
1111 1611 1471 1656 monumento
1499 1600 1748 1655 demeret
1777 1599 2190 1654 auctoritatem.

1657 1885 1948 2029 Pius
2047 1941 2210 2030 ιν.

318 2147 633 2223 Quantum
664 2163 742 2206 ex
769 2143 956 2205 Libro
1006 2143 1244 2204 Diurno
1283 2132 2313 2230 utilitatispd‘ﬁdci'conﬁrmanda
2361 2139 2640 2230 decreta,
2671 2151 2728 2202 et
2771 2139 3248 2207 ecclesiasticam
3274 2147 3554 2227 discipli-

1343 2235 1487 2278 nam
1533 2212 1973 2276 illustrandum
2005 2212 2257 2295 percipi
2289 2221 2526 2297 possit.

1887 2414 1960 2427 —

311 2543 345 2606 ἱ
386 2545 566 2614 Qumrl
597 2545 686 2598 hic
719 2557 876 2613 posse
908 2542 1093 2606 video,
1123 2555 1244 2610 quae
1273 2553 1437 2595 causa
1468 2541 1558 2604 sit,
1605 2556 1708 2596 cur
1743 2548 1824 2597 tot
1869 2541 2019 2598 docti
2050 2543 2152 2597 viri
2196 2544 2264 2599 de
2291 2543 2511 2598 edendo
2556 2541 2722 2597 Libro
2756 2542 2963 2598 Diurno
3003 2547 3319 2615 cogitarint.
3357 2550 3557 2608 Paucis

313 2635 461 2690 illam
488 2630 788 2689 Garnerius
813 2643 927 2684 suae
949 2627 1296 2683 Praiationis
1326 2642 1481 2682 num.
1514 2627 1629 2682 Vlll
1658 2628 1860 2699 attigit,
1894 2629 2032 2700 quod
2058 2645 2220 2699 neque
2253 2628 2353 2684 levi
2377 2638 2544 2701 neque
2569 2634 2854 2684 temeraria
2885 2631 3134 2700 opinione
3166 2636 3426 2691 creditum
3450 2651 3550 2701 est,

312 2737 379 2776 es;
424 2726 756 2773 monumento
792 2718 928 2772 tanti
965 2717 1237 2779 momenti,
1281 2725 1492 2784 tamque
1537 2716 1818 2781 celebrato,
1859 2725 1910 2770 et
1954 2718 2196 2787 antiquo,
2232 2719 2348 2772 erui
2378 2734 2531 2786 posse
2573 2719 2753 2792 plura,
2791 2735 2909 2790 qua
2945 2720 3354 2778 ecclesiasticam
3384 2726 3551 2780 histo-

315 2812 452 2866 riam
488 2809 773 2871 itlustrent,
805 2821 1020 2876 remque
1050 2803 1176 2873 fidei
1201 2806 1395 2875 jutvare
1417 2813 1647 2872 possent.
1689 2804 1813 2860 [hac
1843 2821 1872 2858 a
1905 2808 2065 2862 nobis
2091 2809 2370 2879 copiosius
2400 2808 2730 2879 explicatum
2762 2810 2828 2864 iri
2866 2809 2933 2865 ad
2967 2826 3092 2865 eum
3124 2813 3306 2867 locum
3338 2817 3552 2886 recepi-

315 2913 461 2952 mus.
489 2894 763 2950 Liberabo
796 2891 966 2962 igitur
997 2891 1088 2947 hic.
1121 2889 1307 2945 ﬁdem.
1347 2890 1424 2946 De
1457 2891 1834 2946 ecclesiastica
1871 2901 2054 2948 tamen
2097 2894 2329 2950 historia
2370 2895 2514 2951 nihil
2559 2895 2776 2962 dicam;
2821 2895 2915 2950 sed
2948 2899 3104 2966 prius
3133 2898 3203 2952 de
3229 2900 3552 2956 orthodosis

313 2980 686 3051 dogmatibus,
721 2979 923 3034 deinde
955 2978 1122 3047 (quod
1162 2978 1336 3031 miror
1375 2991 1402 3031 a
1445 2975 1712 3032 Garoerio
1745 2980 2206 3048 praitertnissum)
2238 2981 2304 3037 de
2335 2983 2730 3038 ecclesiasticae
2761 2981 3069 3052 disciplinae
3098 2985 3398 3056 eatttitibus,
3430 3004 3554 3058 quae

312 3089 379 3131 ex
410 3083 600 3128 nostro
642 3072 751 3126 hoc
780 3071 926 3125 libro
958 3069 1138 3123 lucem
1188 3067 1492 3136 accipiunt,
1531 3085 1638 3122 non
1682 3069 1845 3140 longa
1891 3068 2286 3124 dissertatione
2328 3086 2506 3140 agam,
2547 3071 2651 3127 sub
2691 3086 2864 3126 unum
2894 3072 3062 3127 veluti
3100 3085 3462 3144 conspectum
3486 3092 3552 3130 ea

314 3176 552 3233 ponens,
577 3175 701 3230 qua:
725 3158 792 3213 ad
823 3164 1124 3225 utrumque
1152 3154 1279 3209 ﬁdei
1315 3164 1368 3210 et
1401 3155 1708 3224 disciplinae
1738 3167 1906 3227 caput
1937 3159 2272 3228 pertinentia
2313 3159 2554 3214 Diurnus
2585 3159 2750 3216 Liber
2780 3175 2882 3216 nos
2913 3160 3090 3214 docet.

1070 3289 1098 3363 ᾗ
1133 3290 1175 3346 Ι.
1218 3287 1315 3344 Res
1347 3289 1474 3358 ﬁdei
1507 3307 1569 3344 ea:
1601 3290 1754 3345 Libro
1789 3290 1994 3345 Diurno
2027 3293 2257 3346 maxime
2283 3293 2466 3360 juvari
2495 3293 2810 3347 ostenditur.

413 3447 432 3464 .
473 3410 697 3470 Fontes,
725 3420 791 3459 ex
819 3402 1023 3474 quibus
1050 3400 1324 3456 catholica
1357 3400 1663 3455 haurienda
1694 3400 1947 3455 doctrina
1985 3407 2092 3463 est,
2121 3401 2178 3456 hi
2210 3404 2264 3458 in
2295 3402 2472 3472 prima
2500 3401 2660 3458 Rom.
2685 3403 2846 3458 l‘ont.
2884 3401 3237 3458 Professione
3269 3408 3418 3474 ﬁdei,
3451 3425 3554 3465 seu

313 3493 564 3551 lndiculo
609 3491 754 3560 (cap.
787 3488 844 3549 εἰ,
886 3486 974 3541 tit.
1017 3486 1104 3553 10)
1137 3485 1532 3540 declarantur:
1573 3483 1904 3539 Universalia
1933 3489 2180 3555 concilia,
2213 3489 2512 3546 Constituto
2554 3491 2966 3560 apostolicorum
3012 3495 3348 3564 pontificum,
3395 3505 3553 3568 atque

311 3585 588 3637 doctorum
627 3576 874 3631 Ecclesia:
929 3574 1151 3642 scripta.
1187 3571 1377 3638 Quoad
1424 3570 1622 3625 horum
1665 3571 1910 3627 locorum
1963 3578 2398 3648 theologicorum
2441 3577 2692 3632 ordinem
2753 3589 2984 3647 spectat,
3052 3581 3234 3652 aliqua
3285 3583 3552 3640 adversm

308 3666 636 3726 Garuerium
668 3662 855 3718 nescio
880 3660 1010 3731 quid
1037 3659 1302 3715 Romanis
1331 3659 1557 3716 auribus
1587 3659 1811 3718 minime
1841 3661 2176 3732 placiturum
2205 3665 2719 3720 ohmurmurantem
2746 3665 2811 3719 ad
2844 3682 2970 3720 eum
2998 3667 3204 3736 locum,
3233 3685 3359 3726 cum
3387 3689 3416 3726 a
3449 3689 3550 3727 no-

310 3758 400 3817 bis
431 3753 748 3816 recudetur,
771 3749 1185 3806 adnotabimus.

385 3871 449 3925 ll.
477 3869 594 3924 lluc
627 3865 910 3936 pertinent
936 3863 1144 3933 aliquot
1167 3862 1330 3933 hujus
1360 3871 1415 3918 ct
1444 3863 1795 3933 sequentium
1822 3863 2054 3919 duarum
2088 3864 2499 3921 Professionuin
2528 3865 2770 3938 insignia
2803 3867 2872 3923 de
2900 3867 3293 3926 traditionibus
3319 3874 3459 3930 loca.
3493 3875 3548 3928 In

311 3960 491 4031 prima
530 3955 746 4011 scilicet
787 3950 1141 4008 Professione
1181 3949 1429 4004 Pontifex
1474 3952 1690 4020 juratus
1722 3950 2100 4020 promittebat,
2139 3968 2197 4008 se
2225 3969 2346 4008 eam
2383 3969 2520 4009 uerae
2547 3954 2674 4021 ﬁdei
2714 3955 3109 4022 rectitudinem,
3146 3974 3308 4026 quam
3342 3960 3553 4015 Christo

311 4056 526 4102 auctore
549 4043 809 4106 tradente,
842 4055 936 4110 per
964 4054 1284 4094 successores
1322 4038 1383 4093 Β.
1419 4037 1587 4103 Petri,
1621 4047 1780 4108 atque
1815 4038 2100 4110 discipulos
2133 4057 2294 4107 usque
2323 4042 2394 4095 ad
2423 4058 2481 4094 se
2508 4043 2564 4095 in
2591 4050 2777 4096 sancta
2810 4040 3047 4096 Ecclesia
3076 4056 3342 4112 repererat
3367 4059 3547 4102 custo-

310 4135 567 4189 diturnm.
609 4134 664 4184 In
703 4130 872 4184 altera
915 4127 1283 4198 proﬁtebatur
1345 4142 1405 4181 se
1444 4128 1753 4196 praedicare,
1785 4135 1979 4191 tenere,
2009 4145 2073 4181 ac
2099 4128 2393 4197 defendere,
2423 4129 2938 4198 prtrdicalurumque
2977 4144 3089 4181 esse
3126 4129 3283 4197 ﬁdem
3327 4132 3546 4199 Christi,

309 4239 468 4290 quam
501 4220 727 4288 apostoli
767 4217 1120 4278 tradiderunt,
1157 4216 1517 4284 apostolorum
1544 4215 1788 4285 discipuli
1819 4215 2130 4280 docuerunt,
2157 4229 2438 4284 eorumque
2472 4230 2790 4268 successores
2823 4215 3100 4284 apostolici
3126 4219 3229 4284 sui,
3259 4234 3322 4272 ac
3355 4224 3546 4288 proba-

311 4311 499 4363 tissimi
529 4307 938 4377 praadccessores
969 4305 1372 4358 immutabiliter
1401 4314 1738 4358 servaverunt
1789 4320 1850 4356 ac
1879 4301 2240 4370 defenderunt.
2277 4301 2332 4353 ln
2357 4299 2517 4354 tertia
2548 4299 2768 4355 demum
2804 4299 3055 4357 Pontifex
3082 4320 3138 4358 se
3165 4313 3402 4374 paterna:
3430 4316 3545 4359 tra-

308 4397 547 4473 ditionis,
587 4411 680 4464 per
722 4393 815 4446 Dei
846 4393 1100 4463 gratiam,
1133 4391 1505 4446 simulatorem
1534 4393 1783 4446 exsistere
1810 4388 2085 4445 edicebat.
2122 4387 2256 4445 Vide
2285 4389 2453 4442 etiam
2489 4403 2612 4458 cap.
2662 4391 2718 4454 5,
2761 4390 2846 4446 tit.
2879 4391 2933 4455 9,
2981 4389 3389 4447 Promissionem
3418 4393 3544 4461 ﬁdei

308 4485 557 4555 cpismpi.

383 4598 471 4652 Ill.
513 4597 791 4665 Prmcipua
828 4607 998 4664 porro
1041 4591 1166 4646 ﬁdei
1203 4599 1405 4644 nostrae
1445 4591 1695 4661 dogmata
1735 4592 1792 4647 in
1829 4589 2091 4660 Symbalo
2139 4587 2361 4644 Nicatno
2407 4599 2460 4643 ct
2495 4589 3107 4661 Constantinopolitano
3135 4594 3405 4650 contineri
3439 4610 3541 4649 no-

251 4675 254 4686 ’
311 4695 427 4740 tum
461 4693 564 4740 est.
597 4684 812 4738 lllustre
841 4689 1026 4734 autem
1059 4693 1160 4748 pro
1189 4677 1413 4732 Nieaeno
1451 4677 1710 4748 Symbolo
1740 4679 2120 4734 testimonium
2164 4677 2366 4734 edebat
2407 4679 2704 4750 cpisc0pus
2739 4680 2794 4734 in
2838 4696 3016 4750 nuper
3045 4682 3281 4738 indicata
3313 4688 3541 4755 promis-

307 4774 453 4828 sione
488 4772 611 4842 ﬁdei
648 4768 1000 4840 promittens,
1030 4784 1085 4821 se
1118 4766 1269 4820 illam
1310 4766 1464 4832 ﬁdem
1496 4774 1687 4830 tenere,
1724 4767 2034 4834 prwdicare,
2063 4775 2225 4836 atque
2254 4767 2551 4834 defendere,
2590 4785 2752 4838 quam
2796 4769 2860 4822 ab
2891 4769 3144 4840 apostolis
3187 4771 3464 4838 traditam,
3492 4782 3538 4828 et

309 4879 472 4931 quam
510 4877 602 4925 per
627 4874 953 4913 successores
982 4872 1160 4910 eorum
1193 4855 1508 4909 custod'mm
1551 4856 1850 4908 veneranda
1893 4853 2110 4908 Nicena
2145 4854 2441 4923 synodus...
2484 4862 2668 4909 sancto
2698 4853 2902 4926 Spiritu
2929 4857 3029 4910 sibi
3062 4856 3343 4917 revelante.
3377 4863 3542 4915 susci~

309 4954 456 5017 piens
488 4949 684 5018 redegit
716 4949 770 5001 in
801 4944 1119 5016 symbolum.
1153 4943 1356 5004 Horum
1424 4942 1595 4997 imilia
1623 4942 1774 5013 legas
1805 4942 1860 4996 in
1887 4946 2128 4996 secunda
2154 4943 2316 4997 Rom.
2351 4941 2510 4996 Pont.
2544 4943 2888 5013 professione
2921 4942 3070 5009 ﬁdei,
3101 4944 3195 4998 ubi
3225 4957 3277 5000 et
3306 4944 3373 5000 de
3401 4947 3540 5002 Con-

305 5036 796 5104 stantitmpolitano
840 5032 1086 5089 secundo
1120 5031 1352 5086 concilio
1410 5029 1637 5095 tdditur,
1683 5029 1844 5094 illud,
1881 5030 2025 5100 quod
2065 5028 2315 5099 Symbolo
2349 5028 2623 5101 (Nicaeuo)
2653 5030 2826 5086 deesse
2858 5031 3151 5102 putabatur
3181 5033 3269 5101 (de
3307 5034 3554 5106 Spiritus-

304 5130 484 5184 sancti
511 5123 822 5195 divinitate)
848 5125 1169 5194 exposuisse,
1201 5125 1378 5192 gratia
1399 5123 1649 5194 ejusdem
1681 5121 1910 5192 Spiritus
1936 5117 2107 5174 sancti
2139 5116 2462 5170 illustrante.

379 5247 464 5300 IV.
507 5245 584 5299 Ad
623 5243 923 5312 singularia
967 5257 1098 5296 vero
1130 5241 1253 5296 ﬁdei
1295 5241 1476 5310 capita
1506 5241 1560 5295 in
1594 5250 1828 5310 utroque
1851 5237 2103 5310 symbolo
2133 5237 2410 5306 proposita
2441 5235 2588 5305 quod
2621 5235 2836 5298 attinet,
2875 5235 3012 5290 nihil
3057 5236 3122 5290 ad
3155 5233 3541 5303 esplicandum

303 5333 860 5401 contirntamlumque
885 5331 1248 5386 sanctissima:
1271 5329 1560 5384 'i‘rinitatis
1590 5330 1913 5400 mysterium
1938 5325 2278 5382 luculentius
2305 5323 2490 5377 aﬁerri
2525 5323 2718 5394 possit,
2745 5341 2908 5394 quam
2940 5324 3084 5393 quod
3111 5327 3178 5377 de
3206 5338 3273 5376 eo
3307 5323 3538 5376 Romani

306 5420 604 5475 Pontifices
647 5423 702 5474 in
735 5418 978 5474 secunda
1013 5419 1286 5486 tertiaque
1329 5416 1452 5469 ﬁdei
1486 5415 1829 5486 professione
1868 5428 2142 5484 exponere
2179 5422 2606 5467 consueverant.
2647 5412 2790 5467 Satis
2817 5415 2888 5468 sit
2919 5413 3030 5472 hic,
3063 5426 3184 5479 qua:
3215 5411 3268 5465 in
3297 5411 3544 5465 secunda

303 5507 577 5577 leguntur,
618 5507 876 5564 recitare.
917 5505 1018 5559 Per
1048 5506 1156 5558 lia:c
1188 5505 1293 5557 duo
1323 5521 1479 5558 sacra
1515 5503 1736 5557 concilia
1769 5503 2073 5574 (Niea'nnm
2114 5511 2170 5554 et
2230 5499 2927 5569 ConstantinopoliIanum)
2969 5508 3207 5553 sanctam
3250 5507 3297 5552 ct
3326 5499 3538 5568 insepa-

301 5595 522 5651 rabilem
553 5596 885 5660 Trinitatem,
915 5609 1079 5648 unum
1113 5591 1301 5650 Deum.
1340 5607 1604 5661 unamque
1635 5591 1907 5646 Trinitatis
1937 5589 2285 5644 substantiam
2327 5603 2436 5640 e..se
2471 5589 2846 5658 cognoscimus,
2881 5584 3293 5656 Trinitatcmque
3326 5587 3378 5639 in
3413 5588 3549 5640 uni»

301 5691 431 5747 tute,
460 5691 509 5736 et
539 5683 796 5738 unitatem
821 5683 875 5737 in
911 5679 1167 5736 Trinitate
1187 5678 1369 5750 palam
1395 5678 1685 5746 pra'dicare
1709 5678 2009 5739 didicimus,
2041 5685 2094 5728 nt
2132 5691 2292 5728 unum
2337 5675 2524 5736 Deum,
2565 5686 2777 5744 propter
2801 5673 3059 5726 unitatem
3089 5676 3324 5727 essentne
3359 5673 3533 5740 {atem

303 5787 442 5837 mur,
470 5781 517 5825 et
546 5769 854 5844 Trinitatem
886 5764 1316 5837 inseparabilem,
1345 5774 1557 5834 propter
1583 5765 2000 5821 substantiztrum
2056 5773 2212 5834 atque
2242 5777 2585 5832 personarum
2611 5761 2971 5832 diﬂcrentiam.
3001 5762 3318 5829 'doceamus,
3343 5769 3449 5817 etc.
