4000 6178
467 342 608 399 1595
1149 296 1177 308 ”
1731 333 1842 387 Fu.
1883 330 2042 385 ΑΜ.

2131 330 2302 386 ACCA
2315 329 2456 385 [ΠΕ
3586 331 3605 384 Ι
3617 330 3704 388 596

535 461 601 516 ν.
647 461 725 514 De
766 459 930 516 Verbi
980 458 1199 523 aeterni,
1247 457 1494 525 itemque
1533 452 1774 522 Spiritus
1816 451 1993 507 sancti
2034 450 2323 504 divinitate
2363 451 2871 518 splendidissimum
2905 451 3040 506 illud
3076 460 3183 517 est,
3210 453 3360 522 quod
3395 453 3450 507 in
3485 464 3707 522 utraque

469 550 557 603 illa
590 547 943 604 Professione
980 555 1178 611 exstat,
1217 544 1522 617 praesertim
1557 552 1739 596 autem
1776 542 1830 595 in
1871 537 2111 595 secunda
2133 579 2148 603 ,
2174 537 2264 590 ubi
2301 553 2366 591 ex
2408 537 2631 592 Nicamo
2669 539 2687 591 ι
2720 548 2776 592 et
2811 539 3430 610 Constantinopolitano
3463 543 3706 595 conciliis

469 637 739 692 adversus
771 637 907 703 Arii,
942 634 1250 690 Macedonii
1295 643 1351 689 et
1393 632 1726 703 Apollinaris
1767 626 2143 699 blaspliemias
2186 623 2278 678 Dei
2326 620 2501 680 Filius
2534 626 2999 681 consubstantialis
3039 627 3218 692 Patri,
3265 637 3312 681 et
3353 627 3494 682 Deus
3525 645 3709 692 verus;

465 733 692 778 sanctus
731 737 955 793 quoque
1006 720 1248 791 Spiritus
1287 719 1441 774 Patri
1477 729 1524 773 et
1570 717 1734 784 Filio,
1781 727 1958 788 utpote
1995 717 2486 776 consubstantialis.
2526 716 2897 769 candorandus
2936 714 3159 770 dicitur.
3206 715 3268 769 In
3299 717 3461 770 tertia
3492 733 3704 786 quoque

464 811 636 878 tquod
665 811 1012 865 subobscure
1043 805 1096 864 in
1125 809 1364 865 secunda
1398 808 1696 863 indicatum
1743 805 1945 875 fuerat)
1977 806 2122 861 idem
2167 805 2408 877 Spiritus
2443 812 2670 858 sanctus
2707 818 2801 856 nec
2829 803 3052 871 genitus,
3095 818 3190 856 nec
3215 804 3501 872 ingenitus,
3536 810 3626 857 sed
3647 807 3704 858 de

462 898 628 952 Patre
661 897 902 968 Filioque
928 899 1210 968 procedens
1243 897 1448 951 diserte
1479 897 1737 950 traditur.

537 1005 627 1060 Vl.
669 1007 750 1062 Ad
789 1005 954 1060 Verbi
988 1007 1162 1061 divini
1207 1006 1652 1061 lncarnationem
1687 1005 1930 1058 animum
1965 1020 2112 1059 nunc
2141 1005 2514 1059 conferamus.
2550 1002 2674 1059 Haec
2716 1002 2786 1058 de
2819 1004 2910 1057 illa
2945 1003 3208 1074 praedicat
3251 1003 3415 1059 tertia
3447 1003 3706 1074 professio

467 1095 590 1150 ﬁdei
625 1114 638 1148 :
677 1094 849 1148 Unum
894 1096 1063 1165 igitur
1101 1105 1301 1148 sancti:
1337 1094 1638 1159 Trinitatis,
1666 1095 1760 1146 hoc
1791 1101 1893 1156 est,
1925 1092 2094 1146 Deum
2132 1091 2382 1155 Verbum,
2409 1097 2498 1163 qui
2527 1101 2684 1146 natus
2719 1101 2796 1146 est
2826 1092 2890 1146 de
2930 1093 3094 1146 Patre
3127 1101 3252 1145 ante
3283 1094 3463 1146 omnia
3490 1094 3703 1158 sttcula,

463 1183 703 1237 eumdem
746 1185 799 1237 in
847 1182 1048 1234 ultimis
1098 1182 1422 1250 temporibus
1464 1180 1788 1233 descendisse
1830 1179 2113 1243 credimus,
2159 1181 2500 1234 incarnatum
2552 1197 2688 1247 esse,
2729 1191 2779 1234 et
2812 1180 2878 1233 de
2919 1196 3127 1250 semper
3182 1181 3389 1250 virgine
3417 1181 3572 1235 beata
3617 1181 3704 1234 llei

463 1267 726 1322 Cenitrice
759 1268 962 1333 Maria,
995 1277 1044 1320 et
1078 1268 1562 1321 inhumanatum...
1595 1275 1644 1319 et
1667 1282 1854 1331 unum,
1884 1267 2225 1337 eamdemque
2265 1267 2364 1321 Dei
2403 1267 2627 1331 Filium,
2659 1269 3003 1339 enmdemque
3025 1269 3250 1322 hominis
3277 1269 3447 1337 ﬁlium
3475 1287 3539 1323 ea:
3572 1270 3702 1322 dua-

461 1355 574 1418 bus,
610 1365 658 1409 et
689 1358 743 1409 in
773 1354 975 1408 duabus
1003 1356 1227 1419 naturis,
1270 1355 1365 1407 Iioc
1397 1363 1470 1407 est
1500 1355 1680 1408 divina
1712 1364 1760 1407 et
1789 1355 2093 1407 humana...
2123 1355 2179 1408 in
2208 1371 2371 1409 unam
2406 1371 2690 1425 personam
2723 1365 2881 1424 atque
2909 1357 3306 1410 subsistentiam
3344 1360 3702 1411 concurrenti-

460 1445 575 1508 bus,
612 1451 660 1495 et
685 1444 740 1496 in
760 1459 856 1497 sua
881 1443 1226 1512 proprietate,
1263 1441 1574 1510 inconfusis,
1617 1450 1666 1494 et
1692 1441 2099 1495 immutabiliter
2125 1443 2321 1496 eisdem
2350 1447 2558 1498 naturis
2585 1445 2945 1510 manentibus,
2976 1459 3040 1498 ea:
3067 1445 3253 1514 quibus
3279 1443 3551 1514 ineﬂ'abilis
3573 1446 3704 1498 adu.

460 1533 609 1585 natio
639 1533 784 1602 facta
825 1541 920 1594 est,
959 1540 1008 1585 et
1049 1531 1191 1584 Deus
1231 1532 1432 1590 unitas,
1465 1531 1734 1584 mediante
1762 1530 2016 1585 rationali
2047 1531 2250 1594 anima,
2282 1532 2455 1593 carni.
2487 1549 2648 1602 quam
2685 1535 2750 1586 de
2791 1541 2983 1586 sancta
3012 1541 3060 1586 et
3096 1533 3447 1588 immaculata
3494 1531 3703 1604 Virgine

459 1622 769 1690 assumpsit.
813 1620 1016 1674 Eadem
1052 1620 1394 1674 contractius
1421 1619 1825 1688 proﬁtebantur
1850 1617 2095 1690 episcOpi
2138 1635 2261 1688 cap.
2287 1622 2343 1685 3,
2379 1622 2466 1676 tit.
2508 1622 2558 1676 9.

531 1733 650 1790 γη.
699 1731 866 1787 Vides
907 1733 998 1786 hic
1034 1730 1271 1786 Ncslorii
1315 1740 1370 1785 et
1401 1731 1668 1800 Eutychis
1714 1730 2081 1785 deliramenta
2123 1734 2413 1799 perspicue
2461 1728 2762 1783 confutata.
2805 1728 2880 1783 Ea
2934 1740 3117 1784 tamen
3157 1730 3212 1784 in
3256 1731 3492 1785 secunda
3543 1733 3706 1788 Rom.

458 1822 619 1876 Pont.
653 1821 1003 1876 Professlone
1050 1819 1175 1873 ﬁdei
1208 1820 1489 1888 copiosius
1522 1835 1588 1873 ex
1635 1819 1918 1889 Ephesino
1961 1826 2018 1872 et
2055 1816 2493 1874 Chalcedonensi
2529 1817 2780 1872 conciliis
2826 1817 3178 1885 refelluntur,
3213 1821 3305 1874 ubi
3337 1821 3500 1874 etiam
3534 1823 3706 1876 multa

457 1910 720 1965 adversus
769 1909 1254 1964 Monntlielitarum
1310 1908 1590 1973 lueresim,
1643 1923 1808 1974 quam
1848 1908 2014 1961 etiam
2073 1905 2234 1960 tertia
2289 1904 2566 1959 Professio
2615 1903 2765 1964 fidei.
2808 1905 3055 1973 itemque
3104 1907 3413 1963 Promissio
3459 1909 3704 1978 episcopi

459 2013 561 2070 cap
587 1999 644 2064 5,
683 1999 772 2052 tit.
807 1998 862 2062 9,
904 2006 1209 2051 aversatur.
1245 1994 1418 2049 Nobis
1448 1995 1684 2050 sufﬁciat
1726 1996 2060 2051 catholicum
2094 1994 2290 2062 dogma
2324 1995 2513 2063 paucis
2554 1994 2821 2047 exhibere
2865 2009 2933 2048 et
2967 1993 3156 2048 eadem
3191 1997 3436 2052 secunda
3484 1998 3704 2053 Profes-

457 2088 614 2142 sione
652 2105 670 2141 :
714 2087 1010 2141 Dominum
1048 2097 1297 2140 nosuum
1331 2082 1520 2138 Jesum
1552 2083 1834 2139 Christum
1870 2084 2004 2138 duas
2036 2083 2311 2138 naturales
2349 2084 2541 2135 habere
2576 2082 2902 2150 voluntates,
2937 2082 3173 2154 duasque
3209 2087 3488 2140 naturales
3515 2102 3702 2156 apera-

457 2175 646 2228 tiones.

531 2285 670 2340 Vlll.
715 2285 775 2338 ln
827 2284 1046 2350 iisdem,
1095 2301 1219 2354 qua:
1258 2298 1322 2339 ex
1359 2284 1520 2339 tertia
1564 2283 1911 2354 professione
1962 2283 2088 2337 ﬁdei
2137 2283 2499 2346 reddidinms,
2532 2282 2720 2338 verbis
2767 2293 3030 2354 perpetua
3073 2295 3130 2340 et
3168 2285 3430 2340 inviolata
3465 2288 3706 2359 Deipara:

457 2377 769 2447 virginitas,
802 2377 1030 2446 ejusque
1072 2376 1260 2430 divina
1318 2376 1642 2430 maternitas
1676 2376 1810 2429 satis
1837 2385 2028 2442 aperte
2058 2375 2330 2437 innuitur,
2361 2371 2825 2441 quemadmodum
2852 2383 2910 2427 et
2941 2373 2995 2426 in
3031 2374 3404 2431 Promissione
3439 2379 3703 2448 episcopi.

459 2469 568 2523 Sed
617 2466 772 2520 nefas
821 2468 894 2518 sit
945 2467 1085 2519 hanc
1152 2465 1206 2518 in
1259 2481 1373 2519 rem
1415 2481 1478 2519 ea
1529 2465 1814 2533 praeterire
1845 2479 1967 2533 qua:
2013 2465 2066 2518 in
2097 2463 2287 2517 eadem
2323 2463 2482 2517 tertia
2525 2461 2871 2516 Professione
2902 2463 3256 2518 continenter
3288 2467 3702 2536 subjiciuntur:

458 2555 640 2620 Quare
669 2569 786 2607 rere
813 2569 873 2605 ac
903 2555 1113 2623 proprie
1147 2553 1431 2616 Θεοτόκον,
1466 2553 1520 2605 id
1546 2560 1622 2604 est
1651 2551 1748 2604 Dei
1778 2549 2101 2605 Genitricem
2131 2560 2374 2604 sanctam
2405 2565 2716 2611 scaenaque
2751 2565 3008 2606 Vinctusu
3037 2555 3417 2620 prwdicamus.

529 2645 623 2699 IX.
666 2644 880 2697 Cretera
920 2640 1124 2696 Christi
1170 2642 1386 2695 Domini
1433 2642 1692 2711 mysteria
1721 2641 1913 2694 eadem
1957 2639 2115 2692 tertia
2155 2637 2277 2691 lidei
2321 2639 2597 2692 Professio
2628 2638 2921 2707 diligenter
2953 2645 3328 2712 prosequitur.
3370 2645 3479 2699 Nos
3510 2648 3704 2703 eadem

455 2749 524 2788 ex
553 2730 932 2786 Promissione
962 2729 1208 2797 episcopi
1248 2728 1622 2797 proferemus.
1664 2725 1839 2780 Unum
1874 2727 2218 2795 eamdemque
2258 2724 2457 2779 Filium
2501 2727 2617 2788 Dei,
2660 2726 2823 2778 Deum
2860 2736 2909 2779 et
2942 2723 3229 2783 Dominum
3261 2744 3498 2788 nostrum
3527 2737 3707 2792 Iesum

457 2821 796 2874 Christum...
829 2834 893 2870 ea:
931 2827 1078 2871 utero
1121 2816 1342 2885 Virginis
1383 2816 1479 2868 Dei
1514 2815 1788 2871 Genitricis
1827 2813 2019 2868 Maria:
2061 2822 2244 2865 natum
2282 2814 2521 2866 eumdem
2571 2814 2736 2866 Deum
2771 2831 2948 2867 verum
2995 2833 3178 2885 carne,
3225 2822 3460 2874 eumdem
3489 2810 3705 2892 passum

455 2923 639 2970 carne,
662 2907 1000 2972 cruciﬁxum,
1030 2916 1079 2957 et
1115 2912 1385 2957 mortuum
1417 2919 1598 2967 carne,
1631 2903 1982 2955 resurrexisse
2010 2917 2129 2953 eum
2158 2902 2444 2954 secundum
2481 2917 2720 2965 carnem,
2751 2907 3045 2958 ascendisse
3076 2911 3314 2961 eumdem
3344 2911 3398 2962 in
3435 2917 3626 2968 eadem
3653 2917 3707 2969 in

455 2996 632 3058 celos,
663 2995 801 3048 unde
840 3009 1112 3062 nunquam
1140 2994 1422 3045 divinitate
1451 2993 1689 3044 discessit
1726 3009 1744 3048 :
1789 2999 1835 3043 et
1870 2992 1944 3043 ita
1979 3007 2032 3042 tn
2073 2990 2254 3041 eadem
2291 3005 2450 3042 carne
2481 3000 2760 3044 venturum
2786 2993 3039 3061 judicare
3069 2998 3210 3050 vivos
3249 3007 3300 3050 et
3343 3011 3624 3068 mortuos;
3659 3013 3707 3056 et

451 3085 528 3137 sic
553 3098 758 3152 semper
789 3082 840 3134 in
878 3083 1065 3133 eadem
1090 3094 1250 3132 carne
1286 3093 1622 3132 mansurum.

526 3195 594 3252 Χ.
645 3196 720 3250 Dc
746 3193 868 3248 aliis
898 3191 1018 3247 ﬁdei
1054 3201 1256 3245 nostra:
1282 3190 1559 3260 capitibus
1590 3190 1721 3258 quid
1755 3189 2113 3243 sentiendum
2146 3192 2238 3256 sit,
2269 3209 2335 3246 ex
2374 3194 2672 3257 luerosum,
2706 3209 2828 3262 qua:
2863 3195 2950 3248 illa
2993 3210 3406 3268 oppugnarunt,
3438 3203 3706 3257 condem-

453 3287 676 3341 natione
709 3284 995 3338 discimus.
1042 3281 1233 3336 Recito
1273 3281 1327 3335 in
1383 3281 1524 3334 hanc
1568 3296 1707 3342 rem,
1767 3295 1888 3348 qua:
1951 3279 2124 3334 tertire
2162 3279 2287 3332 fidei
2336 3278 2682 3334 Prulessione
2720 3284 3100 3338 commendata
3141 3301 3290 3340 sunt.
3322 3288 3506 3341 Primo
3541 3291 3706 3359 igitur

452 3374 547 3429 ubi
579 3375 646 3428 de
678 3373 872 3442 quinto
902 3371 1142 3439 generali
1169 3370 1429 3430 concilio,
1467 3371 1520 3422 in
1556 3369 1670 3436 Iiac,
1703 3370 2030 3437 iuquiebant
2070 3370 2269 3422 summi
2307 3368 2624 3431 Pontifices,
2660 3367 2912 3439 Origenes
2953 3389 3071 3425 cum
3111 3375 3288 3443 impiis
3330 3378 3626 3446 discipulis,
3659 3388 3706 3432 et

452 3467 784 3532 sequacibus,
828 3461 1079 3532 Didymo.
1129 3469 1176 3513 et
1223 3459 1472 3529 Evagrio,
1520 3467 1570 3511 et
1609 3461 1696 3528 qui
1740 3468 2032 3512 creatorem
2077 3459 2308 3510 omnium
2339 3455 2524 3519 Deum,
2567 3467 2614 3509 et
2657 3475 2864 3511 onmem
2898 3460 3215 3514 rationalem
3257 3465 3369 3534 ejus
3408 3479 3707 3522 creaturam

453 3552 742 3620 gentilibus
774 3549 968 3620 fabulis
1005 3548 1269 3610 presecuti
1317 3555 1464 3608 sunt,
1509 3555 1722 3599 aeterna:
1759 3555 1881 3599 sunt
1913 3547 2337 3600 condemnationi
2370 3547 2633 3598 submissi.
2682 3546 2886 3601 Deinde
2921 3547 3338 3614 litereticorum,
3373 3570 3516 3624 quos
3557 3569 3706 3612 sexta

453 3639 701 3708 synodus
739 3636 1088 3706 proscripsit,
1119 3633 1436 3688 rccensioni
1477 3633 1594 3686 hazc
1627 3641 1947 3686 attexuntur
1982 3649 1996 3687 :
2033 3631 2165 3688 Cum
2193 3649 2354 3704 supra
2385 3633 2509 3701 fatis
2535 3635 2794 3686 lia'reticis
2826 3634 3142 3700 Sabellium,
3182 3638 3415 3694 Paulum
3448 3643 3706 3699 Sammo-

453 3737 656 3788 tenum,
687 3723 888 3778 Marim
931 3723 1175 3783 Persam,
1220 3719 1558 3782 Montanum,
1596 3720 1890 3784 Donatum,
1937 3719 2282 3785 Eunomium,
2332 3720 2623 3788 Novatum,
2670 3721 3010 3788 Sabbatium,
3050 3729 3328 3795 Acacium,
3371 3735 3704 3799 Anthimum,

448 3813 731 3868 lulianum
779 3810 1275 3871 Halicarnasseum,
1339 3807 1711 3871 Theodosium,
1768 3808 2067 3876 Gajanum.
2129 3809 2558 3876 I’riscilliunum,
2612 3810 2914 3882 Pelagium,
2973 3813 3274 3870 Cwlestium
3321 3829 3370 3871 et
3425 3819 3705 3876 Iulianum

451 3916 635 3954 eorum
674 3896 1065 3966 discipulum...
1099 3910 1442 3947 exsecramur
1466 3912 1528 3948 ac
1555 3895 1988 3950 condemnemus.

481 4000 614 4067 CXI.
670 3988 874 4081 Pelagii
917 4010 1429 4079 discipulorumque
1478 4009 1679 4077 injecta
1732 4009 1823 4065 hic
1863 4011 2071 4064 mentio
2119 4023 2324 4075 mouet,
2374 4025 2430 4066 ut
2478 4013 2662 4084 aliqua
2715 4015 2867 4071 Libri
2903 4017 3104 4073 Diurn'r
3130 4021 3245 4076 loca
3278 4023 3619 4090 indicemus.
3653 4035 3704 4087 in

449 4104 654 4173 quibus
684 4100 884 4153 divina:
921 4100 1113 4167 gratia:
1146 4097 1447 4152 necessitas
1479 4097 1834 4164 prazdicatur.
1874 4098 1930 4150 In
1975 4101 2217 4153 secunda
2254 4100 2378 4155 ﬁdei
2430 4103 2772 4170 professione
2803 4121 2818 4159 :
2859 4105 3148 4180 Proinobis
3181 4113 3318 4180 apud
3356 4111 3448 4165 Dei
3476 4117 3710 4172 ciemen-

451 4193 581 4244 tiam
620 4205 736 4240 cum
783 4189 988 4258 ﬂetibus
1029 4187 1353 4248 intercedite,
1395 4195 1448 4237 ut
1489 4185 1876 4254 impotentiam,
1909 4201 2026 4254 qua:
2060 4188 2114 4240 in
2151 4191 2296 4242 nobis
2335 4201 2431 4255 est,
2465 4190 2564 4244 Dei
2603 4194 2771 4245 nostri
2803 4179 3189 4262 omnipbtentia
3218 4179 3441 4255 roboret.
3478 4202 3602 4258 Sub
3643 4208 3706 4261 ﬁ-

449 4296 572 4331 nem
596 4278 768 4331 tertia:
796 4275 1194 4329 l’rofessionis:
1229 4274 1322 4326 Dei
1355 4276 1531 4342 gratia
1569 4290 1667 4327 nos
1702 4273 2100 4328 corroboranle.
2134 4275 2191 4330 ln
2217 4277 2470 4331 cautione
2495 4279 2735 4349 episcopi
2777 4286 2919 4353 (cap.
2956 4285 3010 4344 5.
3047 4284 3131 4339 tit.
3161 4287 3248 4354 10)
3282 4305 3295 4339 :
3337 4289 3706 4362 Deojuvante,

451 4386 481 4421 a
525 4383 606 4420 me
636 4366 936 4436 peragenda
973 4365 1266 4433 con/irino;
1301 4373 1356 4416 et
1385 4365 1528 4418 circa
1569 4364 1758 4428 ﬁnem,
1783 4365 1896 4432 ipso
1937 4364 2251 4428 auxiliante,
2289 4365 2556 4432 promitto.
2585 4364 2643 4418 In
2677 4369 2926 4424 lndiculo
2952 4371 3201 4442 episcopi
3234 4375 3380 4446 (cap.
3409 4377 3463 4441 5,
3496 4381 3585 4434 tit.
3614 4383 3704 4449 Η)

449 4455 553 4508 Deo
586 4464 839 4524 operante
871 4453 1173 4520 persistere.
1205 4451 1339 4521 Cap.
1385 4451 1439 4515 4,
1469 4453 1570 4519 ,ιίι.
1614 4451 1684 4504 5:
1722 4450 1827 4503 Deo
1861 4460 2069 4521 regente
2105 4465 2193 4501 cor
2225 4460 2395 4501 tuum.

516 4574 638 4631 Xll.
685 4573 957 4640 Quadam
983 4572 1089 4628 alia
1127 4572 1252 4626 ﬁdei
1301 4574 1522 4626 decreta
1570 4580 1801 4637 restant,
1847 4585 2085 4640 quorum
2126 4569 2368 4624 Diurnus
2399 4571 2731 4640 explicatius
2779 4576 3050 4628 meminit.
3087 4578 3163 4631 Ac
3200 4583 3439 4647 primum
3472 4585 3612 4639 nihil
3651 4588 3704 4640 in

446 4681 513 4718 eo
541 4664 912 4732 frequentius,
942 4678 1107 4731 quam
1151 4663 1361 4716 mentio
1405 4663 1578 4728 unius,
1614 4671 1836 4723 sanctor,
1868 4659 2137 4713 catholica:
2185 4666 2233 4708 et
2280 4661 2582 4727 apostolictc
2615 4659 2894 4723 Ecclesiae,
2932 4671 3186 4717 notarum
3228 4667 3460 4733 scilicet,
3497 4674 3709 4740 quibus

452 4767 579 4805 vera
605 4751 809 4807 Christi
844 4753 1090 4807 Ecclesia
1123 4755 1191 4806 ab
1218 4751 1344 4805 aliis
1368 4752 1550 4817 sectis
1573 4747 1958 4818 distinguitur.
1985 4749 2119 4814 Cap.
2144 4746 2200 4807 ἓ,
2221 4745 2319 4800 sit.
2350 4747 2404 4812 2,
2436 4749 2524 4816 qui
2550 4756 2790 4802 sanctam
2823 4761 2970 4803 tuam
3004 4755 3354 4807 uniuersalem
3385 4757 3703 4816 Ecclesium.

446 4839 579 4906 Cap.
616 4839 808 4891 eodem
841 4840 897 4900 ‘2,
933 4842 1018 4892 tit.
1060 4840 1115 4900 8.
1153 4838 1216 4893 Ut
1246 4840 1358 4893 liwc
1389 4836 1702 4902 apostolica,
1732 4838 1834 4889 imo
1861 4838 2029 4889 omnis
2064 4837 2380 4890 universalis
2419 4836 2657 4890 Ecclesia
2697 4839 2750 4890 in
2793 4847 2899 4891 toto
2930 4841 3050 4893 orbe
3082 4843 3295 4912 diffusa.
3333 4846 3464 4914 Cap.
3502 4855 3705 4905 eodem

448 4927 533 4980 ιὶι,
573 4927 638 4980 it)
667 4927 720 4978 iu
752 4927 1002 4981 lndiculo
1043 4947 1054 4981 :
1091 4927 1406 4995 Sancta'que
1439 4935 1544 4979 tute
1577 4923 1847 4988 Ecclesiae,
1881 4933 1932 4977 ct
1969 4923 2132 4991 paulo
2163 4934 2306 4991 post,
2341 4925 2395 4978 in
2427 4933 2518 4977 tua
2552 4934 2738 4978 sancta
2782 4926 3043 4981 Ecclesia.
3081 4928 3219 5000 Cap.
3258 4934 3314 4997 3,
3353 4936 3439 4988 tit.
3471 4935 3522 4998 9,
3559 4936 3706 4991 δα..-

441 5024 643 5083 ctirque
673 5014 785 5079 eius
817 5012 1106 5067 Catholicae
1140 5015 1413 5068 Ecclesia.
1453 5013 1655 5067 Eodem
1685 5028 1806 5081 cap.
1833 5012 1890 5074 5,
1921 5012 2008 5065 tit.
2038 5010 2092 5075 9,
2130 5010 2193 5064 lu
2225 5013 2426 5066 unitate
2452 5013 2684 5084 ejusdem
2708 5013 2854 5079 ﬁdei,
2888 5015 2996 5068 Deo
3019 5029 3276 5087 Operante
3302 5025 3606 5091 persistere,
3651 5029 3707 5080 in

443 5120 545 5171 qua
582 5103 752 5157 omnis
790 5099 1216 5155 Christianorum
1243 5105 1388 5156 salus
1417 5119 1528 5155 esse
1559 5101 1970 5170 comprobatur;
2000 5107 2047 5152 et
2082 5100 2228 5153 nullo
2265 5101 2415 5155 modo
2445 5111 2631 5155 contra
2667 5103 2926 5155 unitatem
2967 5109 3261 5161 communis
3295 5119 3343 5163 et
3377 5113 3706 5167 universalis

441 5191 689 5246 Ecclesia:
717 5191 968 5245 suadenti
1001 5193 1249 5258 cuiquam
1292 5194 1621 5246 consentire..

510 5310 648 5364 Xlll.
698 5312 960 5380 Sequitur
1008 5311 1278 5381 primatus
1319 5327 1443 5365 eum
1499 5311 1556 5366 S.
1605 5311 1776 5374 Petri,
1820 5323 1930 5364 tum
1981 5310 2213 5364 Romani
2260 5310 2564 5364 Pontiﬁcis.
2604 5311 2913 5367 Primatum
2965 5314 3022 5369 S‘.
3073 5314 3224 5371 Petri
3278 5319 3413 5372 satis
3450 5319 3707 5376 indicant

441 5400 602 5452 verba
646 5401 734 5453 illa
768 5399 1003 5454 lndiculi
1043 5398 1325 5453 Pontiﬁcis
1358 5414 1484 5466 cap.
1517 5401 1574 5461 ‘2,
1609 5399 1695 5452 tit.
1736 5398 1802 5450 10
1837 5416 1851 5451 :
1886 5396 2050 5450 Beate
2087 5397 2238 5450 l’etre
2271 5399 2628 5468 apostolorum
2659 5403 2919 5470 princeps,
2955 5419 3041 5456 cm
3072 5404 3243 5458 claves
3269 5410 3419 5476 regni
3443 5409 3707 5466 caelorum

439 5489 507 5538 ad
536 5487 834 5556 ligandum,
872 5499 1032 5557 atque
1070 5487 1377 5541 solvendum
1406 5491 1460 5539 in
1494 5486 1621 5540 caelo
1679 5494 1726 5538 et
1765 5488 1816 5538 in
1842 5495 1984 5539 terra
2020 5486 2239 5540 Creator
2273 5496 2430 5554 atque
2460 5486 2779 5558 Redemptor
2803 5492 3041 5544 omnium
3073 5494 3327 5547 Dominus
3357 5495 3506 5549 Iesus
3538 5499 3702 5552 Chri-

439 5583 550 5625 slus
584 5577 828 5628 tradidit.
871 5576 1004 5642 Quae
1049 5577 1102 5630 in
1139 5577 1246 5630 line
1280 5576 1539 5631 secunda:
1580 5575 1708 5630 ﬁdei
1758 5575 2446 5629 Professiouis.iterantur.
2502 5573 2634 5644 Cap.
2675 5578 2729 5638 4,
2766 5577 2851 5631 tit.
2902 5579 2936 5632 3
2972 5597 2985 5633 :
3028 5580 3109 5632 Ad
3143 5584 3523 5638 ostendendam
3557 5601 3700 5639 una-

439 5659 732 5714 uimitatem
765 5679 924 5729 quam
955 5680 1073 5717 cum
1101 5665 1251 5718 beato
1286 5664 1440 5719 Petro
1479 5664 1714 5734 apostolo
1748 5665 2043 5717 mtirersum
2077 5681 2296 5734 gregem.
2324 5665 2715 5719 Dontinicarum
2756 5667 2951 5733 ovium,
2987 5685 3102 5738 qua!
3138 5671 3186 5722 ei
3217 5673 3510 5727 commissa?
3542 5685 3708 5738 sunt,

442 5745 626 5800 habere
659 5764 759 5802 non
793 5750 1007 5802 dubium
1043 5761 1132 5803 est.
