4000 6178
310 323 447 379 1597
1343 328 1428 384 DE
1468 327 1672 384 LIBRO
1712 325 1890 385 DlURl

1960 336 1966 376 ι
2005 326 2340 384 DlSSEll'I‘A
2351 329 2485 386 T10.
2779 361 2795 394 -,
3019 375 3036 386 κ
3399 335 3540 394 1⁸598

2788 383 2800 408 t

376 441 514 497 XIV.
573 443 647 499 De
678 444 910 499 Romani
944 460 1075 500 vero
1111 446 1389 502 Pontificis
1417 448 1655 517 primatu
1702 448 1991 517 perspicua
2036 449 2152 504 haec
2190 459 2319 504 sunt
2363 466 2480 520 cap.
2523 449 2578 515 2,
2622 451 2706 505 tit.
2742 449 2777 506 2
2819 469 2834 505 :
2871 448 3027 506 Pium
3079 452 3222 507 nobis
3265 455 3541 510 contulisti

306 539 593 598 pastorem,
647 532 735 600 qui
769 541 1010 586 sanctam
1055 543 1202 587 tuam
1237 534 1586 588 uniuersalem
1627 533 1918 588 Ecclesium
1949 545 1996 589 et
2027 548 2243 590 cunctas
2274 537 2582 593 Dominicas
2616 557 2679 592 ac
2719 536 3061 594 rationabiles
3095 541 3194 594 sibi
3234 543 3539 611 eommissqs

305 633 420 670 oves
450 633 624 686 regere
650 627 806 688 atque
835 621 1131 689 gubernare
1155 621 1352 676 valeat.
1389 621 1517 686 Quae
1548 621 1723 676 ferme
1755 633 2079 692 repetuntur
2108 627 2193 678 tit.
2215 625 2269 680 8.
2308 627 2448 680 Hinc
2468 625 2662 680 eodem
2690 641 2811 696 cap.
2845 625 2900 691 2,
2934 626 3020 681 tit.
3055 627 3110 689 5,
3142 627 3352 682 electus
3386 629 3531 683 Pon-

305 703 436 758 tifex
472 705 717 760 Ecclesia:
745 708 1066 778 gubernator
1096 710 1316 766 dicitur.
1360 711 1468 765 Tit.
1509 727 1636 766 vero
1671 711 1724 770 5.
1758 710 2029 774 Quatenus
2068 714 2198 766 insit
2243 715 2298 766 in
2346 712 2649 782 apostolica:
2685 715 2818 767 sedis
2859 715 3088 780 specula,
3128 716 3220 784 qui
3251 724 3300 766 et
3343 713 3537 770 Christi

307 803 454 864 regat
494 793 809 861 Ecclesiam,
844 813 1155 868 gregemque
1181 800 1575 852 rationabilium
1608 799 1891 853 salubriter
1929 800 2193 865 dispenset
2232 803 2424 854 ovium.
2467 801 2600 870 Cap.
2643 803 2694 866 ὖ,
2746 803 2832 856 tit.
2873 801 2929 865 5,
2971 800 3246 855 Paschalis
3278 803 3537 870 festivitas

308 897 399 933 nos
424 883 488 933 ho
503 891 698 941 rtatur.
735 885 804 937 ad
835 886 992 936 vestri
1022 885 1279 953 pontificii
1309 887 1537 939 remedia
1575 886 1874 948 convolare,
1907 887 1962 939 in
1991 889 2141 956 cujus
2171 897 2431 958 potestate
2457 891 2695 943 omnium
2725 889 3083 943 Ecclesiarum
3116 889 3352 943 consistit
3377 906 3538 942 orna-

306 975 410 1020 tus.
448 967 555 1022 Tit.
589 969 642 1032 6,
675 969 904 1024 Almitas
950 981 1192 1026 vestra...
1239 973 1294 1024 in
1337 989 1442 1042 qua
1477 985 1526 1026 et
1571 973 1851 1026 sacerdotii
1886 975 2211 1042 principatus
2250 978 2494 1038 exsistit;
2533 985 2587 1030 et
2623 977 2710 1032 tit.
2741 977 2794 1037 8.
2831 977 2914 1030 Ad
2944 974 3197 1046 pontiﬁcii
3225 977 3382 1029 vestri
3402 977 3537 1045 jura

304 1053 653 1124 confugimus,
686 1057 748 1110 de
779 1059 932 1126 cujus
964 1059 1083 1112 sede
1113 1059 1282 1111 omnis
1304 1058 1473 1112 honor
1501 1057 1853 1129 proﬁciscitur
1883 1061 2231 1114 sacerdotum.
2264 1060 2379 1116 Huc
2403 1073 2658 1131 spectant
2693 1063 3254 1117 honorificentissima
3285 1065 3534 1126 nomina,

305 1143 504 1206 quibus
533 1144 794 1197 Summus
834 1143 1088 1199 Pontifex
1125 1147 1464 1215 designatur.
1501 1145 1657 1200 Nunc
1687 1147 1834 1200 enim
1875 1145 2115 1200 Vicarius
2143 1147 2349 1202 dicitur
2379 1147 2442 1201 Β.
2493 1150 2658 1212 Petri,
2691 1159 2753 1203 ut
2782 1165 2901 1218 cap.
2934 1150 2990 1214 2,
3026 1150 3110 1204 tit.
3143 1149 3196 1212 4,
3227 1159 3284 1203 et
3325 1164 3448 1217 cap.
3475 1147 3531 1209 3.

303 1231 390 1282 tit.
425 1229 480 1291 2,
513 1245 661 1283 nunc
693 1229 950 1283 Dominus
973 1240 1205 1297 sanctus,
1231 1235 1418 1288 merito
1459 1233 1796 1301 apostolicus,
1828 1242 1880 1286 et
1907 1234 2084 1287 divina
2115 1235 2476 1289 benedictione
2509 1238 2808 1302 decoratus,
2842 1235 2992 1306 Papa
3023 1237 3272 1299 Patrum,
3298 1235 3536 1291 Summae

304 1313 455 1370 Sedis
483 1315 704 1380 Prcsul,
741 1327 799 1369 ut
827 1332 947 1386 cap.
981 1318 1037 1382 '5,
1067 1318 1152 1372 tit.
1181 1319 1232 1381 1,
1264 1333 1410 1373 nunc
1441 1319 1694 1374 Dominus
1719 1336 1861 1374 meus
1887 1322 2275 1388 sanctissimus,
2309 1333 2360 1376 et
2391 1333 2470 1377 ter
2496 1324 2849 1391 beatissimus,
2879 1341 3115 1379 summus
3147 1324 3410 1395 Pontifex,
3440 1341 3534 1378 seu

303 1404 614 1458 universalis
641 1405 815 1475 Papa,
846 1415 907 1460 ut
934 1407 1129 1461 eodem
1167 1423 1288 1476 cap.
1325 1409 1379 1472 5,
1414 1408 1501 1462 tit.
1533 1408 1590 1464 9.

375 1515 489 1570 XV.
546 1517 607 1571 ln
645 1517 894 1572 eamdem
927 1535 1046 1574 rem
1078 1519 1385 1574 clarissima
1434 1525 1582 1580 sunt,
1617 1530 1738 1586 qua:
1765 1515 2016 1570 Romano
2053 1515 2305 1574 Pontifici
2346 1521 2472 1590 jura
2525 1524 2872 1592 tribuuntur,
2905 1533 2967 1580 ut
3010 1524 3157 1596 quod
3192 1523 3534 1580 mcumenica

301 1614 461 1673 cogat
496 1605 729 1658 concilia
766 1605 987 1674 illisque
1025 1608 1229 1676 praesit.
1269 1605 1360 1660 Sic
1383 1603 1724 1674 Ephesinnm
1756 1604 2051 1659 concilium
2095 1609 2293 1677 factum
2325 1609 2530 1664 dicitur
2559 1627 2682 1682 cap.
2709 1613 2763 1678 2,
2795 1614 2881 1668 tit.
2912 1613 2997 1675 i0,
3043 1615 3096 1667 in
3131 1612 3369 1667 secunda
3402 1625 3535 1680 pro-

302 1693 542 1748 fessione
571 1693 719 1759 fidei,
753 1710 817 1747 ea:
850 1699 1167 1749 auctoritate
1199 1704 1375 1749 tamen
1417 1693 1684 1749 Ctelestini
1719 1694 2023 1764 apostolici:
2047 1695 2184 1749 sedis
2211 1699 2488 1752 antistitis.
2520 1699 2610 1755 Sic
2640 1700 2843 1755 ibidem
2878 1701 3206 1771 Apostolicus
3241 1698 3394 1767 Papa
3428 1696 3536 1752 Leo

302 1799 396 1853 per
431 1782 630 1854 legatos
675 1790 723 1835 et
753 1784 978 1838 vicarius
1011 1801 1130 1838 suos
1158 1782 1574 1839 Chalcedonensi
1617 1783 1891 1854 praefuisse
1931 1785 2153 1837 concilio
2208 1784 2512 1840 afﬁrmatur
2539 1805 2552 1853 ;
2582 1789 2726 1857 quod
2759 1797 2814 1843 et
2850 1789 2990 1843 infra
3037 1790 3105 1843 de
3145 1789 3202 1843 S.
3249 1787 3535 1857 Agathone

300 1884 466 1951 scuta:
508 1871 699 1943 synodi
733 1873 966 1938 praeside
1016 1891 1109 1943 per
1155 1872 1354 1944 legatos
1400 1889 1521 1926 suos
1569 1881 1619 1926 et
1660 1871 1991 1942 responsales
2038 1873 2329 1927 asseritur.
2363 1875 2668 1944 Utrumque
2705 1876 2939 1930 iteratur
2969 1891 3089 1946 cap.
3131 1876 3186 1938 5,
3229 1875 3314 1928 tit.
3356 1874 3410 1939 9,
3439 1873 3534 1927 ubi

300 1960 465 2012 etiam
504 1959 796 2028 Epltcsina:
825 1960 1037 2030 synodo
1079 1961 1244 2012 beata!
1284 1960 1554 2012 memoriis
1604 1957 1758 2028 Papa
1802 1957 2113 2013 Cwlestinus
2155 1963 2461 2029 apostolicte
2500 1965 2636 2017 sedis
2677 1965 2938 2035 Pontifex,
2979 1975 3029 2017 et
3080 1965 3261 2017 beatus
3297 1960 3531 2032 Cyrillus

300 2047 698 2102 Alexandrinus
727 2050 998 2120 episcopus
1043 2049 1346 2121 (leestini
1397 2049 1610 2104 scilicet
1655 2049 1896 2115 nomine,
1931 2049 2061 2103 dum
2103 2049 2230 2102 novi
2277 2049 2396 2120 ejus
2427 2049 2591 2120 legati
2639 2048 2914 2120 Ephesum
2961 2049 3198 2119 adirent)
3232 2048 3535 2120 pra'sedt'sse

300 2136 584 2190 dicuntur.

369 2243 510 2298 XVI.
563 2245 836 2311 Quantum
879 2261 1045 2316 porro
1078 2245 1214 2300 illud
1243 2256 1351 2312 est,
1392 2247 1540 2318 quod
1574 2249 1628 2302 in
1656 2247 1832 2317 prima
1865 2245 1990 2300 ﬁdei
2023 2245 2368 2320 professione
2400 2245 2613 2300 electus
2651 2245 2901 2301 Pontifex
2931 2245 3288 2316 promittebat
3316 2259 3438 2312 cap.
3468 2244 3528 2308 2,

304 2331 393 2385 tit.
424 2333 490 2386 10
517 2347 530 2386 :
568 2332 886 2405 Diligentius
923 2343 1122 2396 autem,
1150 2344 1198 2387 et
1227 2336 1455 2388 vivacius
1487 2341 1668 2388 omnia
1702 2335 1911 2388 decreta
1943 2334 2381 2402 prmdecessorum
2411 2328 2820 2403 apbstolicorunt
2851 2345 3151 2388 nostrorum
3183 2333 3530 2399 Pontiﬁcum,

299 2435 516 2490 quaque
558 2422 886 2495 synodaliter
931 2430 1231 2476 statuerunt
1269 2431 1320 2476 et
1355 2425 1576 2493 probata
1609 2432 1752 2484 sunt,
1781 2419 2120 2488 conﬁrmare,
2160 2428 2208 2473 et
2235 2420 2548 2473 indiminute
2585 2436 2820 2485 servare,
2865 2431 2913 2474 et
2954 2424 3086 2475 sicut
3116 2421 3178 2473 ab
3207 2421 3280 2473 eis
3319 2427 3526 2472 statuta

295 2515 440 2569 sunt,
468 2507 522 2558 in
548 2491 630 2560 sui
659 2491 847 2577 vigoris
871 2507 1173 2573 stabilitate
1209 2491 1513 2573 custodire;
1553 2524 1773 2578 qna’que
1813 2507 1894 2562 vel
1939 2523 2143 2577 quoque
2175 2507 2341 2560 simili
2367 2509 2703 2562 auctoritatis
2730 2512 2995 2560 sententia
3023 2491 3542 2568 condemnaverunl,

294 2591 461 2646 simili
509 2595 846 2648 auctoritatis
890 2596 1153 2648 sententia
1197 2595 1598 2649 condemnare!
1645 2594 1852 2649 Horum
1893 2603 2074 2648 tamen
2109 2593 2310 2647 similia
2349 2602 2567 2649 exstant
2614 2596 2671 2648 in
2715 2595 2958 2650 secunda
2990 2593 3115 2648 fidei
3153 2594 3521 2664 professione.

298 2681 555 2750 Episcopi
603 2698 822 2752 quoque
872 2683 928 2736 in
971 2684 1338 2752 promissione
1380 2685 1506 2738 fidei
1550 2700 1672 2752 cap.
1709 2686 1762 2746 5,
1794 2684 1882 2737 tit.
1924 2681 1979 2759 9,
2023 2691 2313 2750 postquam
2368 2696 2428 2736 se
2477 2696 2838 2752 quoscunque
2877 2683 3121 2752 quinque
3171 2681 3528 2750 oecumenicae

295 2769 488 2840 synodi
522 2769 948 2835 damnaverant,
980 2770 1250 2824 insolubili
1287 2772 1631 2826 damnatione
1654 2770 1938 2840 percellere
1967 2769 2201 2838 professi
2247 2770 2486 2834 fuerant,
2529 2771 2823 2836 addebant,
2855 2787 2946 2824 nec
2979 2788 3081 2824 non
3116 2779 3164 2823 et
3194 2786 3371 2824 omnes
3402 2784 3532 2838 quos

296 2857 459 2912 beaten
488 2859 865 2911 recerdationis
899 2857 1080 2911 Roma:
1107 2858 1248 2910 urbis
1276 2856 1562 2924 Pontiﬁces
1593 2867 1808 2928 propter
1830 2859 2062 2914 diversos
2088 2875 2320 2924 errores,
2351 2861 2431 2914 vel
2474 2861 2695 2915 ltwreses
2733 2863 3140 2926 damnaverunt,
3189 2859 3529 2912 damnamus.

296 2944 553 3009 Videant,
577 2960 785 3014 quaeso,
820 2946 910 3014 qui
942 2945 1251 2999 Romanum
1289 2945 1611 3000 Pontificcm
1653 2945 1863 3014 aliquid
1902 2944 2161 3002 Ecclesia:
2202 2948 2474 3003 universa:
2504 2949 2558 3002 in
2594 2949 2760 3004 rebus
2788 2951 2855 3001 ad
2887 2948 3049 3001 fidem
3080 2960 3370 3015 moresque
3400 2959 3531 3014 per-

295 3033 603 3086 tinentibus
634 3041 732 3084 aut
761 3032 1122 3097 credendum,
1163 3041 1257 3085 aut
1290 3031 1717 3100 improbandum
1753 3045 2128 3103 proponentes
2171 3051 2361 3090 errare
2393 3051 2553 3105 posse
2586 3036 2953 3100 contendunt,
2987 3033 3237 3098 videant,
3281 3036 3533 3102 inquam,

299 3135 368 3173 an
399 3119 494 3187 qui
529 3126 655 3172 octo
683 3119 1027 3187 septimoque
1061 3121 1261 3175 saeulo
1293 3121 1407 3173 hazc
1431 3121 1789 3190 jurejurando
1813 3121 2175 3186 afﬁrmabant.
2199 3138 2295 3178 eos
2321 3123 2388 3177 de
2406 3123 2609 3176 summi
2639 3121 2925 3178 Pontificis
2953 3123 3226 3191 ἀσφαλεὲᾳ
3253 3119 3535 3174 dubitasse

294 3204 608 3259 verosimile
635 3205 728 3259 sit.
757 3204 965 3275 Legant
991 3221 1208 3276 quoque
1247 3208 1359 3272 illa,
1390 3223 1514 3277 qua:
1547 3209 1600 3260 in
1635 3209 1873 3261 secunda
1911 3207 2037 3261 fidei
2069 3210 2408 3277 professione
2437 3210 2707 3264 habemus
2740 3227 2754 3262 :
2814 3208 3106 3278 Cognoscat
3144 3210 3320 3277 itaque
3360 3215 3535 3260 vestra

294 3293 520 3356 dilectio,
554 3302 603 3345 et
634 3294 840 3362 integra
882 3309 972 3346 nos
1014 3294 1372 3362 satisfactione
1400 3295 1710 3363 prwdicare,
1743 3303 1938 3357 tenere,
1966 3312 2029 3347 ac
2057 3295 2350 3363 defendere,
2389 3297 2873 3362 pradicaturosque
2916 3311 3024 3348 esse
3080 3293 3313 3361 confidat
3370 3292 3532 3359 ﬁdem

297 3381 510 3447 Christi,
534 3397 695 3452 quam
719 3383 942 3450 apostoli
973 3384 1328 3446 tradiderunt,
1361 3382 1721 3453 apostolorum
1746 3381 1996 3451 discipuli
2025 3383 2335 3446 docuerunt,
2369 3399 2650 3453 eorumque
2676 3398 2996 3436 successores
3031 3381 3308 3450 apostolici
3339 3381 3529 3442 nostri,

295 3485 358 3522 ac
381 3469 736 3539 probatissimi
761 3470 1165 3538 prcedecessores
1192 3486 1604 3525 mnunmu'rtsn
1635 3477 1996 3532 servaverunt,
2030 3485 2092 3522 ac
2129 3470 2501 3540 defenderunt,
2532 3485 2602 3524 ne
2632 3467 2878 3523 Honorio
2904 3468 3129 3539 quidem
3176 3468 3343 3537 igitur
3367 3480 3532 3520 exce-

293 3569 407 3626 pto,
439 3571 604 3625 quem
638 3565 820 3610 tamen
870 3556 924 3609 in
957 3557 1147 3610 eadem
1185 3558 1305 3611 ﬁdei
1353 3557 1694 3626 professione
1741 3556 2062 3610 damnatum
2094 3557 2263 3610 veluti
2300 3555 2744 3624 ,Monotheliticae
2777 3557 3055 3611 haereseos
3086 3555 3359 3609 fautorem
3399 3552 3534 3622 legi-

293 3659 436 3711 mus,
469 3655 531 3698 ut
577 3644 661 3698 vel
698 3643 826 3698 hinc
862 3644 1029 3713 (quod
1063 3643 1367 3699 Garnerius
1412 3647 1479 3699 ad
1516 3663 1578 3700 ea
1609 3645 1776 3699 verba
1821 3644 1959 3699 scite
1994 3660 2231 3713 vereque
2282 3645 2592 3716 adnotavit)
2634 3645 2775 3700 nihil
2823 3646 2974 3699 illum
3013 3661 3042 3699 a
3088 3642 3374 3697 catholicae
3407 3639 3532 3694 fidei

293 3730 644 3801 dogmatibus
675 3732 961 3785 aberrasse
1009 3741 1251 3788 constet.
1302 3732 1408 3786 Sed
1447 3742 1503 3786 et
1549 3733 1680 3785 illud
1728 3733 1783 3787 in
1829 3733 2018 3788 eadem
2057 3733 2403 3802 professione
2445 3733 2571 3788 fidei
2616 3733 2920 3789 notandum
2971 3731 3206 3786 maxime
3258 3738 3365 3794 est,
3411 3736 3521 3780 tam

293 3819 522 3884 abesse,
555 3828 611 3873 ut
653 3818 1133 3874 Chalcedonenses
1184 3821 1373 3874 Patres
1416 3820 1485 3875 de
1529 3819 1586 3874 S.
1623 3821 1824 3874 Leonis
1855 3819 2217 3875 celeberrima
2255 3820 2323 3874 ad
2364 3820 2681 3875 Flavianum
2735 3821 2963 3889 epistola
3007 3818 3312 3886 judicarint
3358 3813 3530 3885 (quod

295 3908 592 3965 Gallicana
636 3909 1023 3962 Declarationis
1053 3909 1310 3964 defensor
1367 3911 1570 3979 aliique
1618 3919 1743 3979 post
1783 3911 1960 3979 ipsum
1993 3909 2357 3981 tradiderunt)
2391 3917 2452 3964 ut
2485 3909 2667 3979 putius
2696 3907 2796 3961 Dei
2817 3911 2993 3979 gratia
3025 3915 3316 3973 reserante,
3342 3905 3531 3959 Leonis

292 3997 599 4050 venerabilis
627 4008 768 4050 tomo
799 4013 1012 4050 FIRIATI
1046 3997 1233 4050 Patres
1260 3997 1707 4052 Chalcedonenses
1767 3996 2151 4051 sententialiter
2187 3997 2470 4069 Eutychen
2513 3998 2744 4068 ejusque
2788 3995 3044 4050 haeresim
3084 3991 3528 4048 condemnarint.

371 4103 529 4158 XVII.
576 4105 694 4160 Jam
723 4122 852 4160 vero
883 4107 1220 4176 generalium
1253 4109 1614 4162 conciliorum
1650 4109 1954 4162 auctoritas
1977 4119 2181 4178 quanta
2211 4110 2356 4179 apud
2385 4123 2486 4162 nos
2511 4123 2633 4163 esse
2659 4107 2878 4168 debeat,
2906 4106 3066 4159 facile
3097 4103 3204 4158 erit
3225 4119 3292 4171 ex
3323 4104 3391 4158 iis
3414 4103 3532 4156 col-

293 4194 484 4263 ligare,
508 4209 628 4262 quae
654 4195 720 4248 de
749 4209 842 4248 sex
877 4195 1235 4250 menmenicis
1270 4197 1519 4250 conciliis
1548 4196 1615 4247 ad
1649 4210 1712 4246 ea
1744 4204 2011 4264 tempora,
2051 4197 2250 4265 quibus
2285 4194 2449 4248 Liber
2476 4195 2714 4247 Diurnus
2759 4191 2984 4260 prodiit,
3015 4188 3307 4245 celebratis
3339 4188 3392 4242 in
3425 4187 3529 4241 tri-

295 4285 396 4338 bus
427 4284 583 4337 Rom.
619 4283 817 4337 Pontif.
845 4282 1296 4338 Professionibus
1324 4285 1472 4344 fidei.
1504 4293 1670 4353 atque
1699 4285 1751 4338 in
1791 4285 2159 4352 promissione
2192 4284 2315 4336 fidei
2348 4281 2594 4351 episcopi
2631 4280 3028 4350 praedicantur.

373 4391 561 4445 XVIII.
609 4392 690 4444 Ad
717 4392 821 4444 alia
860 4406 1116 4460 propero.
1143 4391 1300 4443 Mitto
1331 4393 1537 4445 cultum
1567 4401 1907 4454 sanctorum,
1929 4391 1994 4444 ad
2028 4405 2188 4458 quem
2223 4405 2331 4442 non
2367 4404 2544 4459 pauca
2571 4399 2837 4458 sequente
2865 4389 3209 4460 paragrapho
3241 4385 3540 4440 indicanda

299 4481 578 4535 transferri
623 4490 907 4550 poterunt.
944 4479 1076 4544 Quae
1111 4479 1178 4532 de
1217 4479 1445 4547 judicio,
1474 4481 1540 4532 de
1579 4482 1686 4533 vita
1721 4481 1922 4539 futura,
1962 4477 2140 4545 deque
2169 4478 2390 4531 aeternis
2429 4477 2734 4532 inferorum
2767 4479 3108 4532 cruciatibus
3135 4477 3438 4539 credimus,
3469 4488 3542 4527 ea

295 4570 595 4638 sepissime
631 4570 683 4621 in
716 4579 900 4622 nostro
935 4569 1098 4621 Libro
1129 4567 1418 4620 docentur.
1469 4568 1545 4620 Ac
1581 4567 1875 4637 dejudicio
1915 4567 2138 4636 quidem
2172 4567 2384 4621 illustre
2421 4568 2797 4622 testimonium
2834 4569 2968 4622 illud
3003 4577 3109 4632 est,
3153 4565 3298 4636 quod
3337 4579 3536 4633 supra,

296 4675 446 4712 ιιυιη.
483 4657 515 4710 9
543 4658 608 4711 de
632 4657 838 4712 Christi
860 4657 1134 4726 mysteriis
1163 4665 1387 4724 agentes
1417 4656 1791 4709 recitavimus.
1819 4654 1970 4709 Adde
2003 4655 2108 4710 alia
2137 4671 2203 4710 ex
2236 4656 2480 4708 lndiculo
2511 4655 2802 4710 Pontificis
2829 4671 2950 4724 cap.
2979 4655 3036 4719 2,
3066 4656 3152 4708 tit.
3184 4655 3248 4708 to
3275 4670 3288 4720 ;
3317 4669 3440 4722 cap.
3467 4651 3526 4714 4,

299 4749 379 4800 tit.
425 4749 445 4799 l
493 4757 548 4801 et
594 4748 648 4799 2.
700 4746 899 4800 Inferni
944 4755 1127 4799 autem
1181 4759 1392 4814 poenas,
1435 4745 1511 4796 uti
1564 4753 1620 4798 et
1661 4743 1932 4798 cmlorum
1986 4743 2322 4806 beatitatem,
2367 4752 2634 4797 aeternum
2680 4742 2974 4796 duraturas
3015 4741 3264 4795 invenies
3312 4755 3435 4809 cap.
3475 4739 3544 4806 8,

296 4849 449 4887 num.
479 4834 532 4896 2,
572 4834 625 4898 3,
668 4837 722 4898 6,
767 4835 850 4899 l7,
897 4833 984 4892 18.
1020 4833 1086 4887 19
1111 4841 1166 4886 et
1194 4833 1284 4886 25.
1315 4832 1428 4886 Nec
1459 4832 1635 4901 plura.
1668 4832 1799 4896 Qua:
1833 4833 2104 4884 hactenus
2147 4831 2452 4897 attulimus,
2484 4840 2754 4899 quantum
2789 4830 2916 4886 fidei
2957 4838 3163 4885 nostrae
3189 4829 3546 4898 dogmatibus

261 4911 267 4917 ’
298 4938 363 4974 ex
396 4922 563 4978 Libro
598 4924 807 4978 Diurno
843 4923 1109 4976 accedere
1137 4921 1308 4989 possit
1346 4920 1611 4990 pratsidii,
1638 4918 1770 4973 satis
1801 4918 2113 4972 declarant.

641 5083 668 5152 ᾗ
712 5083 776 5137 ll.
817 5081 944 5148 Quae
977 5084 1046 5136 ad
1078 5083 1411 5153 disciplinam
1447 5085 1767 5154 pertinentia
1809 5081 1964 5136 Liber
1994 5079 2229 5135 Diurnus
2263 5082 2467 5149 doceat,
2507 5083 2729 5138 breviter
2757 5089 3146 5154 percensentur.

372 5228 411 5282 I.
457 5229 531 5278 De
572 5223 877 5292 disciplina:
920 5221 1136 5290 legibus
1180 5237 1300 5290 quae
1344 5223 1396 5275 in
1439 5221 1604 5275 Libro
1651 5221 1858 5275 Diurno
1903 5220 2259 5275 continentur
2298 5222 2498 5287 acturi,
2537 5222 2647 5277 duo
2685 5223 2923 5294 primum
2969 5220 3368 5293 expendemus,
3405 5231 3530 5288 quae

303 5315 368 5366 ad
406 5314 753 5382 disciplinain
801 5311 1100 5381 generatim
1150 5311 1406 5373 attinent,
1443 5321 1499 5364 et
1539 5312 1591 5364 in
1632 5311 1898 5373 indiculo,
1937 5326 2030 5365 seu
2055 5311 2228 5380 prima
2262 5311 2420 5364 Rom.
2463 5310 2981 5367 Pont.Professione
3011 5311 3261 5377 legimus.
3297 5308 3372 5360 Ita
3401 5322 3538 5376 ergo

303 5407 376 5460 ib:
413 5421 428 5457 :
464 5405 811 5470 Disciplinam
875 5410 924 5454 et
960 5402 1120 5454 ritum
1159 5400 1424 5465 Ecclesiae,
1457 5401 1590 5455 sicut
1624 5402 1818 5467 inveni,
1852 5411 1900 5453 et
1932 5417 1963 5452 a
1995 5399 2191 5452 sanctis
2231 5398 2628 5466 prwcessoribus
2669 5402 2794 5453 meis
2846 5397 3100 5450 traditum
3133 5397 3322 5464 reperi,
3352 5393 3536 5448 illiba-
3570 5389 3577 5454 ἶ

301 5504 411 5546 tum
442 5493 739 5555 custodire;
780 5500 836 5545 et
863 5491 1023 5559 paulo
1056 5499 1179 5559 post
1217 5509 1230 5544 :
1267 5489 1415 5544 Nihil
1448 5491 1511 5543 de
1546 5492 1830 5544 traditione
1867 5487 2195 5559 (laudabiles
2243 5487 2483 5557 intellige
2528 5502 2652 5541 eum
2695 5486 2961 5542 Garnerio
2993 5482 3424 5538 consuetudines
3477 5491 3536 5536 et

297 5580 671 5647 constituta),
714 5579 855 5647 quod
896 5596 927 5632 a
973 5579 1352 5647 probatissimis
1397 5580 1860 5647 pra'decessaribus
1908 5577 2036 5629 meis
2082 5583 2348 5627 servatum
2395 5575 2598 5641 reperi,
2646 5573 2973 5632 diminuere,
3015 5571 3099 5624 vel
3149 5579 3389 5634 mutare,
3440 5579 3540 5623 aut

297 5667 534 5738 aliquant
589 5666 866 5718 novitatem
914 5666 1227 5728 admittere;
1269 5666 1359 5719 sed
1400 5666 1682 5733 ferventer,
1721 5676 1777 5719 ut
1824 5683 1938 5720 vere
1988 5679 2170 5718 rarum
2219 5662 2531 5732 discipulus,
2561 5670 2609 5714 et
2647 5659 2952 5730 sequipeda,
2984 5661 3104 5713 totis
3153 5658 3344 5712 viribus
3377 5661 3528 5725 meis,

300 5753 674 5823 canalibusque
714 5753 910 5806 tradita
939 5769 1240 5808 conservare
1278 5771 1338 5806 ac
1373 5757 1630 5810 venerari.
1671 5754 1729 5810 Si
1762 5771 1861 5826 qua
1897 5772 2012 5810 vero
2049 5753 2358 5809 emerserint
2392 5761 2572 5804 contra
2618 5748 2951 5820 disciplinam
2994 5750 3324 5821 canonicam,
3354 5755 3529 5804 entert-
