  <div class='ocr_page' id='page_1' title='image "/cluster/home/n/w/nwhite01/storage/ocr_20150623/105/hvd.32044054759709/707.png"; bbox 0 0 4000 6178; ppageno 0'>
   <div class='ocr_carea' id='block_1_1' title="bbox 463 234 3733 340">
    <p class='ocr_par' dir='ltr' id='par_1_1' title="bbox 463 234 3733 340">
     <span class='ocr_line' id='line_1_1' title="bbox 463 234 3733 340; baseline 0.001 -47"><span class='ocrx_word' id='word_1_1' title='bbox 463 234 633 301; x_wconf 66' lang='lat'><strong>{$99.</strong></span> <span class='ocrx_word' id='word_1_2' title='bbox 1726 236 1837 293; x_wconf 71' lang='grc' dir='ltr'><strong>πη.</strong></span> <span class='ocrx_word' id='word_1_3' title='bbox 1878 236 2039 295; x_wconf 67' lang='lat' dir='ltr'><strong>sur.</strong></span> <span class='ocrx_word' id='word_1_4' title='bbox 2081 238 2448 298; x_wconf 62' lang='lat' dir='ltr'><strong>zsccsnm</strong></span> <span class='ocrx_word' id='word_1_5' title='bbox 2659 322 2669 340; x_wconf 29' lang='grc' dir='ltr'>ι</span> <span class='ocrx_word' id='word_1_6' title='bbox 3576 241 3733 323; x_wconf 74' lang='lat' dir='ltr'><strong>uso</strong></span> 
     </span>
    </p>
   </div>
   <div class='ocr_carea' id='block_1_2' title="bbox 463 358 3714 430">
    <p class='ocr_par' dir='ltr' id='par_1_2' title="bbox 463 358 3714 430">
     <span class='ocr_line' id='line_1_2' title="bbox 463 358 3714 430; baseline 0.002 -22"><span class='ocrx_word' id='word_1_7' title='bbox 463 358 633 423; x_wconf 70' lang='lat' dir='ltr'><strong>dare;</strong></span> <span class='ocrx_word' id='word_1_8' title='bbox 663 372 946 427; x_wconf 79' lang='lat' dir='ltr'><strong>sacrosque</strong></span> <span class='ocrx_word' id='word_1_9' title='bbox 983 374 1229 423; x_wconf 70' lang='lat' dir='ltr'><strong>canones,</strong></span> <span class='ocrx_word' id='word_1_10' title='bbox 1261 369 1309 414; x_wconf 90' lang='lat' dir='ltr'><strong>et</strong></span> <span class='ocrx_word' id='word_1_11' title='bbox 1354 362 1634 416; x_wconf 78' lang='lat' dir='ltr'><strong>constituta</strong></span> <span class='ocrx_word' id='word_1_12' title='bbox 1677 358 1997 430; x_wconf 77' lang='lat' dir='ltr'><strong>Pontiﬁcum</strong></span> <span class='ocrx_word' id='word_1_13' title='bbox 2034 374 2357 429; x_wconf 84' lang='lat' dir='ltr'><strong>nostrorum,</strong></span> <span class='ocrx_word' id='word_1_14' title='bbox 2390 372 2446 418; x_wconf 91' lang='lat' dir='ltr'><strong>ut</strong></span> <span class='ocrx_word' id='word_1_15' title='bbox 2481 364 2657 419; x_wconf 83' lang='lat' dir='ltr'><strong>divina</strong></span> <span class='ocrx_word' id='word_1_16' title='bbox 2699 372 2749 417; x_wconf 82' lang='lat' dir='ltr'><strong>et</strong></span> <span class='ocrx_word' id='word_1_17' title='bbox 2787 364 3017 419; x_wconf 70' lang='lat' dir='ltr'><strong>cmlestiu</strong></span> <span class='ocrx_word' id='word_1_18' title='bbox 3053 365 3307 419; x_wconf 84' lang='lat' dir='ltr'><strong>mandata</strong></span> <span class='ocrx_word' id='word_1_19' title='bbox 3344 369 3627 429; x_wconf 72' lang='lat' dir='ltr'><strong>custodire,</strong></span> <span class='ocrx_word' id='word_1_20' title='bbox 3663 381 3714 417; x_wconf 75' lang='lat' dir='ltr'><strong>tu</strong></span> 
     </span>
    </p>
   </div>
   <div class='ocr_carea' id='block_1_3' title="bbox 462 440 3716 522">
    <p class='ocr_par' dir='ltr' id='par_1_3' title="bbox 462 440 3716 522">
     <span class='ocr_line' id='line_1_3' title="bbox 462 440 3716 522; baseline 0.002 -23"><span class='ocrx_word' id='word_1_21' title='bbox 462 440 561 522; x_wconf 76' lang='lat' dir='ltr'><strong>tibi</strong></span> <span class='ocrx_word' id='word_1_22' title='bbox 593 444 921 500; x_wconf 79' lang='lat' dir='ltr'><strong>redditurum</strong></span> <span class='ocrx_word' id='word_1_23' title='bbox 960 462 1040 499; x_wconf 74' lang='lat' dir='ltr'><strong>me</strong></span> <span class='ocrx_word' id='word_1_24' title='bbox 1072 448 1238 501; x_wconf 80' lang='lat' dir='ltr'><strong>sciens</strong></span> <span class='ocrx_word' id='word_1_25' title='bbox 1268 448 1331 503; x_wconf 84' lang='lat' dir='ltr'><strong>de</strong></span> <span class='ocrx_word' id='word_1_26' title='bbox 1359 450 1617 512; x_wconf 85' lang='lat' dir='ltr'><strong>omnibus,</strong></span> <span class='ocrx_word' id='word_1_27' title='bbox 1649 462 1767 520; x_wconf 72' lang='lat' dir='ltr'><strong>quas</strong></span> <span class='ocrx_word' id='word_1_28' title='bbox 1809 448 2084 520; x_wconf 82' lang='lat' dir='ltr'><strong>proﬁteor,</strong></span> <span class='ocrx_word' id='word_1_29' title='bbox 2127 452 2419 505; x_wconf 81' lang='lat' dir='ltr'><strong>districtum</strong></span> <span class='ocrx_word' id='word_1_30' title='bbox 2459 453 2514 507; x_wconf 85' lang='lat' dir='ltr'><strong>in</strong></span> <span class='ocrx_word' id='word_1_31' title='bbox 2554 452 2732 506; x_wconf 79' lang='lat' dir='ltr'><strong>diuino</strong></span> <span class='ocrx_word' id='word_1_32' title='bbox 2768 453 2966 522; x_wconf 82' lang='lat' dir='ltr'><strong>judicio</strong></span> <span class='ocrx_word' id='word_1_33' title='bbox 2998 453 3277 505; x_wconf 87' lang='lat' dir='ltr'><strong>rationem.</strong></span> <span class='ocrx_word' id='word_1_34' title='bbox 3314 452 3447 518; x_wconf 70' lang='lat' dir='ltr'><strong>Quae</strong></span> <span class='ocrx_word' id='word_1_35' title='bbox 3487 452 3716 522; x_wconf 69' lang='lat' dir='ltr'><strong>quidem</strong></span> 
     </span>
    </p>
   </div>
   <div class='ocr_carea' id='block_1_4' title="bbox 462 530 3713 610">
    <p class='ocr_par' dir='ltr' id='par_1_4' title="bbox 462 530 3713 610">
     <span class='ocr_line' id='line_1_4' title="bbox 462 530 3713 610; baseline 0.006 -32"><span class='ocrx_word' id='word_1_36' title='bbox 462 543 593 583; x_wconf 73' lang='lat' dir='ltr'><strong>eum</strong></span> <span class='ocrx_word' id='word_1_37' title='bbox 632 530 815 584; x_wconf 89' lang='lat' dir='ltr'><strong>lvonis</strong></span> <span class='ocrx_word' id='word_1_38' title='bbox 844 544 1064 603; x_wconf 85' lang='lat' dir='ltr'><strong>quoque</strong></span> <span class='ocrx_word' id='word_1_39' title='bbox 1098 541 1261 589; x_wconf 84' lang='lat' dir='ltr'><strong>aetate</strong></span> <span class='ocrx_word' id='word_1_40' title='bbox 1293 534 1348 589; x_wconf 90' lang='lat' dir='ltr'><strong>in</strong></span> <span class='ocrx_word' id='word_1_41' title='bbox 1378 533 1631 591; x_wconf 84' lang='lat' dir='ltr'><strong>Indicqu</strong></span> <span class='ocrx_word' id='word_1_42' title='bbox 1660 546 1960 598; x_wconf 78' lang='lat' dir='ltr'><strong>exstarent.</strong></span> <span class='ocrx_word' id='word_1_43' title='bbox 1989 538 2119 592; x_wconf 90' lang='lat' dir='ltr'><strong>licet</strong></span> <span class='ocrx_word' id='word_1_44' title='bbox 2150 538 2252 591; x_wconf 88' lang='lat' dir='ltr'><strong>alia</strong></span> <span class='ocrx_word' id='word_1_45' title='bbox 2288 554 2387 608; x_wconf 89' lang='lat' dir='ltr'><strong>pro</strong></span> <span class='ocrx_word' id='word_1_46' title='bbox 2422 547 2734 609; x_wconf 86' lang='lat' dir='ltr'><strong>temporum</strong></span> <span class='ocrx_word' id='word_1_47' title='bbox 2768 539 3088 595; x_wconf 89' lang='lat' dir='ltr'><strong>conditione</strong></span> <span class='ocrx_word' id='word_1_48' title='bbox 3123 550 3329 594; x_wconf 82' lang='lat' dir='ltr'><strong>mutata</strong></span> <span class='ocrx_word' id='word_1_49' title='bbox 3357 543 3471 610; x_wconf 87' lang='lat' dir='ltr'><strong>jam</strong></span> <span class='ocrx_word' id='word_1_50' title='bbox 3506 554 3713 602; x_wconf 77' lang='lat' dir='ltr'><strong>essent.</strong></span> 
     </span>
    </p>
   </div>
   <div class='ocr_carea' id='block_1_5' title="bbox 458 614 3711 701">
    <p class='ocr_par' dir='ltr' id='par_1_5' title="bbox 458 614 3711 701">
     <span class='ocr_line' id='line_1_5' title="bbox 458 614 3711 701; baseline 0.005 -34"><span class='ocrx_word' id='word_1_51' title='bbox 458 614 625 691; x_wconf 76' lang='lat' dir='ltr'><strong>facile</strong></span> <span class='ocrx_word' id='word_1_52' title='bbox 653 614 947 683; x_wconf 85' lang='lat' dir='ltr'><strong>intelliges,</strong></span> <span class='ocrx_word' id='word_1_53' title='bbox 977 617 1069 671; x_wconf 87' lang='lat' dir='ltr'><strong>illa</strong></span> <span class='ocrx_word' id='word_1_54' title='bbox 1097 632 1206 673; x_wconf 89' lang='lat' dir='ltr'><strong>non</strong></span> <span class='ocrx_word' id='word_1_55' title='bbox 1237 634 1304 675; x_wconf 85' lang='lat' dir='ltr'><strong>eo</strong></span> <span class='ocrx_word' id='word_1_56' title='bbox 1329 630 1602 701; x_wconf 85' lang='lat' dir='ltr'><strong>spectare,</strong></span> <span class='ocrx_word' id='word_1_57' title='bbox 1632 632 1690 677; x_wconf 91' lang='lat' dir='ltr'><strong>ut</strong></span> <span class='ocrx_word' id='word_1_58' title='bbox 1717 620 2017 676; x_wconf 79' lang='lat' dir='ltr'><strong>Pontiﬁces</strong></span> <span class='ocrx_word' id='word_1_59' title='bbox 2043 637 2101 678; x_wconf 79' lang='lat' dir='ltr'><strong>se</strong></span> <span class='ocrx_word' id='word_1_60' title='bbox 2134 626 2382 683; x_wconf 84' lang='lat' dir='ltr'><strong>indirare</strong></span> <span class='ocrx_word' id='word_1_61' title='bbox 2412 627 2693 683; x_wconf 85' lang='lat' dir='ltr'><strong>voluerint</strong></span> <span class='ocrx_word' id='word_1_62' title='bbox 2725 624 3196 699; x_wconf 64' lang='lat' dir='ltr'><strong>praedecessomm</strong></span> <span class='ocrx_word' id='word_1_63' title='bbox 3226 644 3451 681; x_wconf 86' lang='lat' dir='ltr'><strong>suorum</strong></span> <span class='ocrx_word' id='word_1_64' title='bbox 3483 629 3711 699; x_wconf 76' lang='lat' dir='ltr'><strong>legibus.</strong></span> 
     </span>
    </p>
   </div>
   <div class='ocr_carea' id='block_1_6' title="bbox 456 701 3713 785">
    <p class='ocr_par' dir='ltr' id='par_1_6' title="bbox 456 701 3713 785">
     <span class='ocr_line' id='line_1_6' title="bbox 456 701 3713 785; baseline 0.006 -33"><span class='ocrx_word' id='word_1_65' title='bbox 456 710 514 753; x_wconf 90' lang='lat' dir='ltr'><strong>et</strong></span> <span class='ocrx_word' id='word_1_66' title='bbox 547 717 823 757; x_wconf 72' lang='lat' dir='ltr'><strong>canonum</strong></span> <span class='ocrx_word' id='word_1_67' title='bbox 862 701 1169 774; x_wconf 70' lang='lat' dir='ltr'><strong>disciplina:</strong></span> <span class='ocrx_word' id='word_1_68' title='bbox 1212 706 1285 761; x_wconf 87' lang='lat' dir='ltr'><strong>ita</strong></span> <span class='ocrx_word' id='word_1_69' title='bbox 1337 707 1633 773; x_wconf 87' lang='lat' dir='ltr'><strong>obnoxios,</strong></span> <span class='ocrx_word' id='word_1_70' title='bbox 1668 721 1727 763; x_wconf 91' lang='lat' dir='ltr'><strong>ut</strong></span> <span class='ocrx_word' id='word_1_71' title='bbox 1757 711 1908 765; x_wconf 91' lang='lat' dir='ltr'><strong>nulla</strong></span> <span class='ocrx_word' id='word_1_72' title='bbox 1950 712 2057 767; x_wconf 89' lang='lat' dir='ltr'><strong>sibi</strong></span> <span class='ocrx_word' id='word_1_73' title='bbox 2089 713 2299 785; x_wconf 87' lang='lat' dir='ltr'><strong>integra</strong></span> <span class='ocrx_word' id='word_1_74' title='bbox 2336 726 2483 771; x_wconf 88' lang='lat' dir='ltr'><strong>esset</strong></span> <span class='ocrx_word' id='word_1_75' title='bbox 2513 715 2719 784; x_wconf 87' lang='lat' dir='ltr'><strong>aliquid</strong></span> <span class='ocrx_word' id='word_1_76' title='bbox 2759 715 2815 770; x_wconf 91' lang='lat' dir='ltr'><strong>in</strong></span> <span class='ocrx_word' id='word_1_77' title='bbox 2845 716 2955 770; x_wconf 85' lang='lat' dir='ltr'><strong>illis</strong></span> <span class='ocrx_word' id='word_1_78' title='bbox 2989 715 3292 769; x_wconf 82' lang='lat' dir='ltr'><strong>innovandi</strong></span> <span class='ocrx_word' id='word_1_79' title='bbox 3322 726 3585 782; x_wconf 86' lang='lat' dir='ltr'><strong>potestas,</strong></span> <span class='ocrx_word' id='word_1_80' title='bbox 3618 720 3713 772; x_wconf 78' lang='lat' dir='ltr'><strong>sed</strong></span> 
     </span>
    </p>
   </div>
   <div class='ocr_carea' id='block_1_7' title="bbox 457 793 3717 874">
    <p class='ocr_par' dir='ltr' id='par_1_7' title="bbox 457 793 3717 874">
     <span class='ocr_line' id='line_1_7' title="bbox 457 793 3717 874; baseline 0.005 -30"><span class='ocrx_word' id='word_1_81' title='bbox 457 804 648 852; x_wconf 83' lang='lat' dir='ltr'><strong>unam,</strong></span> <span class='ocrx_word' id='word_1_82' title='bbox 684 806 789 863; x_wconf 89' lang='lat' dir='ltr'><strong>qua</strong></span> <span class='ocrx_word' id='word_1_83' title='bbox 835 793 891 847; x_wconf 88' lang='lat' dir='ltr'><strong>in</strong></span> <span class='ocrx_word' id='word_1_84' title='bbox 931 796 1189 864; x_wconf 85' lang='lat' dir='ltr'><strong>antiquos</strong></span> <span class='ocrx_word' id='word_1_85' title='bbox 1230 795 1490 853; x_wconf 74' lang='lat' dir='ltr'><strong>Ecclesia:</strong></span> <span class='ocrx_word' id='word_1_86' title='bbox 1533 814 1797 866; x_wconf 82' lang='lat' dir='ltr'><strong>canones,</strong></span> <span class='ocrx_word' id='word_1_87' title='bbox 1834 815 2179 874; x_wconf 88' lang='lat' dir='ltr'><strong>suorumque</strong></span> <span class='ocrx_word' id='word_1_88' title='bbox 2223 805 2575 857; x_wconf 84' lang='lat' dir='ltr'><strong>decessorum</strong></span> <span class='ocrx_word' id='word_1_89' title='bbox 2608 804 2913 858; x_wconf 89' lang='lat' dir='ltr'><strong>constituta</strong></span> <span class='ocrx_word' id='word_1_90' title='bbox 2947 803 3303 867; x_wconf 90' lang='lat' dir='ltr'><strong>tenebantur,</strong></span> <span class='ocrx_word' id='word_1_91' title='bbox 3346 807 3717 873; x_wconf 61' lang='lat' dir='ltr'><strong>aequissimam</strong></span> 
     </span>
    </p>
   </div>
   <div class='ocr_carea' id='block_1_8' title="bbox 462 880 3717 962">
    <p class='ocr_par' dir='ltr' id='par_1_8' title="bbox 462 880 3717 962">
     <span class='ocr_line' id='line_1_8' title="bbox 462 880 3717 962; baseline 0.006 -33"><span class='ocrx_word' id='word_1_92' title='bbox 462 880 857 953; x_wconf 85' lang='lat' dir='ltr'><strong>reverentiam,</strong></span> <span class='ocrx_word' id='word_1_93' title='bbox 889 897 960 936; x_wconf 89' lang='lat' dir='ltr'><strong>ne</strong></span> <span class='ocrx_word' id='word_1_94' title='bbox 994 882 1118 937; x_wconf 89' lang='lat' dir='ltr'><strong>aliis</strong></span> <span class='ocrx_word' id='word_1_95' title='bbox 1148 883 1264 939; x_wconf 77' lang='lat' dir='ltr'><strong>btec</strong></span> <span class='ocrx_word' id='word_1_96' title='bbox 1296 885 1634 956; x_wconf 86' lang='lat' dir='ltr'><strong>infringendi</strong></span> <span class='ocrx_word' id='word_1_97' title='bbox 1665 887 1943 943; x_wconf 76' lang='lat' dir='ltr'><strong>licentiam</strong></span> <span class='ocrx_word' id='word_1_98' title='bbox 1979 905 2082 944; x_wconf 89' lang='lat' dir='ltr'><strong>suo</strong></span> <span class='ocrx_word' id='word_1_99' title='bbox 2113 891 2363 960; x_wconf 87' lang='lat' dir='ltr'><strong>exemplo</strong></span> <span class='ocrx_word' id='word_1_100' title='bbox 2393 882 2637 960; x_wconf 57' lang='lat' dir='ltr'><strong>praebere</strong></span> <span class='ocrx_word' id='word_1_101' title='bbox 2666 890 3074 962; x_wconf 72' lang='lat' dir='ltr'><strong>quodammodo</strong></span> <span class='ocrx_word' id='word_1_102' title='bbox 3102 890 3446 947; x_wconf 76' lang='lat' dir='ltr'><strong>viderentur.</strong></span> <span class='ocrx_word' id='word_1_103' title='bbox 3473 892 3717 948; x_wconf 81' lang='lat' dir='ltr'><strong>Consule</strong></span> 
     </span>
    </p>
   </div>
   <div class='ocr_carea' id='block_1_9' title="bbox 455 965 2211 1050">
    <p class='ocr_par' dir='ltr' id='par_1_9' title="bbox 455 965 2211 1050">
     <span class='ocr_line' id='line_1_9' title="bbox 455 965 2211 1050; baseline 0.008 -33"><span class='ocrx_word' id='word_1_104' title='bbox 455 965 602 1018; x_wconf 72' lang='lat' dir='ltr'><strong>dicta</strong></span> <span class='ocrx_word' id='word_1_105' title='bbox 635 967 687 1020; x_wconf 91' lang='lat' dir='ltr'><strong>in</strong></span> <span class='ocrx_word' id='word_1_106' title='bbox 722 967 1111 1036; x_wconf 80' lang='lat' dir='ltr'><strong>Antifebronio,</strong></span> <span class='ocrx_word' id='word_1_107' title='bbox 1143 986 1197 1041; x_wconf 89' lang='lat' dir='ltr'><strong>p.</strong></span> <span class='ocrx_word' id='word_1_108' title='bbox 1226 972 1269 1035; x_wconf 90' lang='lat' dir='ltr'><strong>l,</strong></span> <span class='ocrx_word' id='word_1_109' title='bbox 1305 971 1439 1028; x_wconf 85' lang='lat' dir='ltr'><strong>diss.</strong></span> <span class='ocrx_word' id='word_1_110' title='bbox 1469 974 1536 1038; x_wconf 92' lang='lat' dir='ltr'><strong>ll,</strong></span> <span class='ocrx_word' id='word_1_111' title='bbox 1569 990 1689 1045; x_wconf 85' lang='lat' dir='ltr'><strong>cap.</strong></span> <span class='ocrx_word' id='word_1_112' title='bbox 1720 976 1773 1043; x_wconf 90' lang='lat'><strong>8,</strong></span> <span class='ocrx_word' id='word_1_113' title='bbox 1808 994 1963 1034; x_wconf 91' lang='lat' dir='ltr'><strong>num.</strong></span> <span class='ocrx_word' id='word_1_114' title='bbox 1998 978 2030 1032; x_wconf 84' lang='lat'>5</span> <span class='ocrx_word' id='word_1_115' title='bbox 2057 994 2211 1050; x_wconf 88' lang='lat' dir='ltr'><strong>seqq.</strong></span> 
     </span>
    </p>
   </div>
   <div class='ocr_carea' id='block_1_10' title="bbox 428 1079 3718 1160">
    <p class='ocr_par' dir='ltr' id='par_1_10' title="bbox 428 1079 3718 1160">
     <span class='ocr_line' id='line_1_10' title="bbox 428 1079 3718 1160; baseline 0.004 -27"><span class='ocrx_word' id='word_1_116' title='bbox 428 1099 435 1111; x_wconf 76' lang='grc' dir='ltr'><strong><em>ο</em></strong></span> <span class='ocrx_word' id='word_1_117' title='bbox 534 1079 604 1136; x_wconf 88' lang='lat' dir='ltr'><strong>ll.</strong></span> <span class='ocrx_word' id='word_1_118' title='bbox 628 1081 748 1137; x_wconf 72' lang='lat' dir='ltr'><strong>lam</strong></span> <span class='ocrx_word' id='word_1_119' title='bbox 771 1098 903 1138; x_wconf 90' lang='lat' dir='ltr'><strong>vero</strong></span> <span class='ocrx_word' id='word_1_120' title='bbox 936 1084 1236 1152; x_wconf 82' lang='lat' dir='ltr'><strong>peculiaria</strong></span> <span class='ocrx_word' id='word_1_121' title='bbox 1263 1087 1516 1156; x_wconf 59' lang='lat' dir='ltr'><strong>quadam</strong></span> <span class='ocrx_word' id='word_1_122' title='bbox 1549 1088 1855 1159; x_wconf 71' lang='lat' dir='ltr'><strong>disciplima</strong></span> <span class='ocrx_word' id='word_1_123' title='bbox 1884 1090 2062 1160; x_wconf 82' lang='lat' dir='ltr'><strong>capita</strong></span> <span class='ocrx_word' id='word_1_124' title='bbox 2093 1104 2157 1144; x_wconf 78' lang='lat' dir='ltr'><strong>ex</strong></span> <span class='ocrx_word' id='word_1_125' title='bbox 2189 1089 2399 1145; x_wconf 89' lang='lat' dir='ltr'><strong>Diurno</strong></span> <span class='ocrx_word' id='word_1_126' title='bbox 2425 1089 2594 1146; x_wconf 89' lang='lat' dir='ltr'><strong>Libro</strong></span> <span class='ocrx_word' id='word_1_127' title='bbox 2627 1104 2969 1160; x_wconf 84' lang='lat' dir='ltr'><strong>premamus.</strong></span> <span class='ocrx_word' id='word_1_128' title='bbox 3000 1088 3172 1144; x_wconf 79' lang='lat' dir='ltr'><strong>Porro</strong></span> <span class='ocrx_word' id='word_1_129' title='bbox 3204 1096 3263 1143; x_wconf 90' lang='lat' dir='ltr'><strong>ut</strong></span> <span class='ocrx_word' id='word_1_130' title='bbox 3298 1089 3496 1157; x_wconf 80' lang='lat' dir='ltr'><strong>aliquis</strong></span> <span class='ocrx_word' id='word_1_131' title='bbox 3524 1089 3577 1144; x_wconf 90' lang='lat' dir='ltr'><strong>in</strong></span> <span class='ocrx_word' id='word_1_132' title='bbox 3605 1091 3718 1147; x_wconf 76' lang='lat' dir='ltr'><strong>illis</strong></span> 
     </span>
    </p>
   </div>
   <div class='ocr_carea' id='block_1_11' title="bbox 459 1170 3719 1249">
    <p class='ocr_par' dir='ltr' id='par_1_11' title="bbox 459 1170 3719 1249">
     <span class='ocr_line' id='line_1_11' title="bbox 459 1170 3719 1249; baseline 0.004 -27"><span class='ocrx_word' id='word_1_133' title='bbox 459 1170 856 1236; x_wconf 87' lang='lat' dir='ltr'><strong>percensendis</strong></span> <span class='ocrx_word' id='word_1_134' title='bbox 893 1171 1033 1225; x_wconf 87' lang='lat' dir='ltr'><strong>ordo</strong></span> <span class='ocrx_word' id='word_1_135' title='bbox 1074 1184 1348 1237; x_wconf 82' lang='lat' dir='ltr'><strong>servetur,</strong></span> <span class='ocrx_word' id='word_1_136' title='bbox 1390 1191 1421 1230; x_wconf 92' lang='lat' dir='ltr'><strong>a</strong></span> <span class='ocrx_word' id='word_1_137' title='bbox 1455 1177 1627 1232; x_wconf 82' lang='lat' dir='ltr'><strong>sacris</strong></span> <span class='ocrx_word' id='word_1_138' title='bbox 1658 1177 1911 1249; x_wconf 85' lang='lat' dir='ltr'><strong>personis</strong></span> <span class='ocrx_word' id='word_1_139' title='bbox 1943 1177 2161 1233; x_wconf 89' lang='lat' dir='ltr'><strong>initium</strong></span> <span class='ocrx_word' id='word_1_140' title='bbox 2193 1187 2468 1235; x_wconf 79' lang='lat' dir='ltr'><strong>sumatur.</strong></span> <span class='ocrx_word' id='word_1_141' title='bbox 2496 1178 2812 1237; x_wconf 83' lang='lat' dir='ltr'><strong>Occurrunt</strong></span> <span class='ocrx_word' id='word_1_142' title='bbox 2841 1179 3025 1234; x_wconf 82' lang='lat' dir='ltr'><strong>statim</strong></span> <span class='ocrx_word' id='word_1_143' title='bbox 3060 1193 3248 1233; x_wconf 87' lang='lat' dir='ltr'><strong>earum</strong></span> <span class='ocrx_word' id='word_1_144' title='bbox 3284 1180 3603 1233; x_wconf 80' lang='lat' dir='ltr'><strong>electiones.</strong></span> <span class='ocrx_word' id='word_1_145' title='bbox 3635 1180 3719 1234; x_wconf 78' lang='lat' dir='ltr'><strong>Ac</strong></span> 
     </span>
    </p>
   </div>
   <div class='ocr_carea' id='block_1_12' title="bbox 454 1257 3714 1338">
    <p class='ocr_par' dir='ltr' id='par_1_12' title="bbox 454 1257 3714 1338">
     <span class='ocr_line' id='line_1_12' title="bbox 454 1257 3714 1338; baseline 0.003 -29"><span class='ocrx_word' id='word_1_146' title='bbox 454 1257 525 1311; x_wconf 86' lang='lat' dir='ltr'><strong>de</strong></span> <span class='ocrx_word' id='word_1_147' title='bbox 569 1257 800 1312; x_wconf 75' lang='lat' dir='ltr'><strong>Romani</strong></span> <span class='ocrx_word' id='word_1_148' title='bbox 837 1259 1064 1329; x_wconf 83' lang='lat' dir='ltr'><strong>quidem</strong></span> <span class='ocrx_word' id='word_1_149' title='bbox 1101 1258 1411 1327; x_wconf 78' lang='lat' dir='ltr'><strong>Pontiﬁcis,</strong></span> <span class='ocrx_word' id='word_1_150' title='bbox 1446 1264 1538 1333; x_wconf 91' lang='lat' dir='ltr'><strong>qui</strong></span> <span class='ocrx_word' id='word_1_151' title='bbox 1582 1264 1910 1320; x_wconf 87' lang='lat' dir='ltr'><strong>universalis</strong></span> <span class='ocrx_word' id='word_1_152' title='bbox 1944 1264 2203 1323; x_wconf 81' lang='lat' dir='ltr'><strong>Ecclesia:</strong></span> <span class='ocrx_word' id='word_1_153' title='bbox 2247 1277 2413 1338; x_wconf 82' lang='lat' dir='ltr'><strong>caput</strong></span> <span class='ocrx_word' id='word_1_154' title='bbox 2448 1277 2555 1331; x_wconf 84' lang='lat' dir='ltr'><strong>est,</strong></span> <span class='ocrx_word' id='word_1_155' title='bbox 2590 1277 2867 1332; x_wconf 84' lang='lat' dir='ltr'><strong>centrum,</strong></span> <span class='ocrx_word' id='word_1_156' title='bbox 2900 1268 3181 1335; x_wconf 75' lang='lat' dir='ltr'><strong>magister,</strong></span> <span class='ocrx_word' id='word_1_157' title='bbox 3216 1265 3487 1321; x_wconf 84' lang='lat' dir='ltr'><strong>electione</strong></span> <span class='ocrx_word' id='word_1_158' title='bbox 3530 1278 3714 1321; x_wconf 82' lang='lat' dir='ltr'><strong>actum</strong></span> 
     </span>
    </p>
   </div>
   <div class='ocr_carea' id='block_1_13' title="bbox 459 1348 3715 1427">
    <p class='ocr_par' dir='ltr' id='par_1_13' title="bbox 459 1348 3715 1427">
     <span class='ocr_line' id='line_1_13' title="bbox 459 1348 3715 1427; baseline 0.004 -33"><span class='ocrx_word' id='word_1_159' title='bbox 459 1348 584 1401; x_wconf 74' lang='lat' dir='ltr'><strong>Vule</strong></span> <span class='ocrx_word' id='word_1_160' title='bbox 616 1357 731 1402; x_wconf 89' lang='lat' dir='ltr'><strong>toto</strong></span> <span class='ocrx_word' id='word_1_161' title='bbox 763 1352 1008 1405; x_wconf 90' lang='lat' dir='ltr'><strong>secundo</strong></span> <span class='ocrx_word' id='word_1_162' title='bbox 1029 1352 1208 1420; x_wconf 85' lang='lat' dir='ltr'><strong>capite</strong></span> <span class='ocrx_word' id='word_1_163' title='bbox 1236 1371 1251 1409; x_wconf 88' lang='lat'><strong>:</strong></span> <span class='ocrx_word' id='word_1_164' title='bbox 1287 1352 1385 1408; x_wconf 86' lang='lat' dir='ltr'><strong>sed</strong></span> <span class='ocrx_word' id='word_1_165' title='bbox 1420 1352 1701 1427; x_wconf 84' lang='lat' dir='ltr'><strong>fatendum</strong></span> <span class='ocrx_word' id='word_1_166' title='bbox 1733 1362 1820 1409; x_wconf 88' lang='lat' dir='ltr'><strong>est</strong></span> <span class='ocrx_word' id='word_1_167' title='bbox 1850 1356 2019 1424; x_wconf 88' lang='lat' dir='ltr'><strong>(quod</strong></span> <span class='ocrx_word' id='word_1_168' title='bbox 2051 1356 2135 1411; x_wconf 89' lang='lat' dir='ltr'><strong>Cl.</strong></span> <span class='ocrx_word' id='word_1_169' title='bbox 2164 1354 2410 1410; x_wconf 85' lang='lat' dir='ltr'><strong>Ceunius</strong></span> <span class='ocrx_word' id='word_1_170' title='bbox 2443 1356 2656 1426; x_wconf 89' lang='lat' dir='ltr'><strong>primus</strong></span> <span class='ocrx_word' id='word_1_171' title='bbox 2697 1353 3085 1409; x_wconf 80' lang='lat' dir='ltr'><strong>animadvertit</strong></span> <span class='ocrx_word' id='word_1_172' title='bbox 3118 1364 3159 1409; x_wconf 90' lang='lat' dir='ltr'><strong>t.</strong></span> <span class='ocrx_word' id='word_1_173' title='bbox 3193 1354 3235 1407; x_wconf 91' lang='grc'><strong>1.</strong></span> <span class='ocrx_word' id='word_1_174' title='bbox 3269 1353 3405 1408; x_wconf 84' lang='lat' dir='ltr'><strong>Diss.</strong></span> <span class='ocrx_word' id='word_1_175' title='bbox 3440 1355 3715 1425; x_wconf 79' lang='lat' dir='ltr'><strong>posthum.</strong></span> 
     </span>
    </p>
   </div>
   <div class='ocr_carea' id='block_1_14' title="bbox 462 1429 3717 1513">
    <p class='ocr_par' dir='ltr' id='par_1_14' title="bbox 462 1429 3717 1513">
     <span class='ocr_line' id='line_1_14' title="bbox 462 1429 3717 1513; baseline 0.004 -30"><span class='ocrx_word' id='word_1_176' title='bbox 462 1429 603 1487; x_wconf 79' lang='lat' dir='ltr'><strong>Diu.</strong></span> <span class='ocrx_word' id='word_1_177' title='bbox 636 1434 744 1505; x_wconf 87' lang='lat' dir='ltr'><strong>III)</strong></span> <span class='ocrx_word' id='word_1_178' title='bbox 779 1438 950 1494; x_wconf 87' lang='lat' dir='ltr'><strong>multa</strong></span> <span class='ocrx_word' id='word_1_179' title='bbox 985 1439 1088 1509; x_wconf 85' lang='lat' dir='ltr'><strong>boc</strong></span> <span class='ocrx_word' id='word_1_180' title='bbox 1122 1440 1242 1511; x_wconf 84' lang='lat' dir='ltr'><strong>ipso</strong></span> <span class='ocrx_word' id='word_1_181' title='bbox 1272 1442 1451 1509; x_wconf 83' lang='lat' dir='ltr'><strong>capite</strong></span> <span class='ocrx_word' id='word_1_182' title='bbox 1484 1456 1512 1494; x_wconf 91' lang='lat' dir='ltr'><strong>a</strong></span> <span class='ocrx_word' id='word_1_183' title='bbox 1546 1440 1817 1495; x_wconf 84' lang='lat' dir='ltr'><strong>Garncrio</strong></span> <span class='ocrx_word' id='word_1_184' title='bbox 1845 1443 1916 1497; x_wconf 93' lang='lat' dir='ltr'><strong>ob</strong></span> <span class='ocrx_word' id='word_1_185' title='bbox 1947 1442 2337 1507; x_wconf 83' lang='lat' dir='ltr'><strong>inordinatam,</strong></span> <span class='ocrx_word' id='word_1_186' title='bbox 2369 1458 2534 1513; x_wconf 85' lang='lat' dir='ltr'><strong>quam</strong></span> <span class='ocrx_word' id='word_1_187' title='bbox 2567 1442 2658 1496; x_wconf 89' lang='lat' dir='ltr'><strong>ille</strong></span> <span class='ocrx_word' id='word_1_188' title='bbox 2690 1441 2795 1496; x_wconf 84' lang='lat' dir='ltr'><strong>sibi</strong></span> <span class='ocrx_word' id='word_1_189' title='bbox 2832 1457 2897 1497; x_wconf 77' lang='lat' dir='ltr'><strong>ex</strong></span> <span class='ocrx_word' id='word_1_190' title='bbox 2936 1442 3102 1495; x_wconf 88' lang='lat' dir='ltr'><strong>meris</strong></span> <span class='ocrx_word' id='word_1_191' title='bbox 3137 1440 3392 1509; x_wconf 78' lang='lat' dir='ltr'><strong>falsisque</strong></span> <span class='ocrx_word' id='word_1_192' title='bbox 3424 1443 3717 1501; x_wconf 76' lang='lat' dir='ltr'><strong>coniectu-</strong></span> 
     </span>
    </p>
   </div>
   <div class='ocr_carea' id='block_1_15' title="bbox 460 1519 3716 1600">
    <p class='ocr_par' dir='ltr' id='par_1_15' title="bbox 460 1519 3716 1600">
     <span class='ocr_line' id='line_1_15' title="bbox 460 1519 3716 1600; baseline 0.002 -25"><span class='ocrx_word' id='word_1_193' title='bbox 460 1519 539 1575; x_wconf 90' lang='lat' dir='ltr'><strong>ris</strong></span> <span class='ocrx_word' id='word_1_194' title='bbox 584 1519 764 1586; x_wconf 89' lang='lat' dir='ltr'><strong>ﬁnxit,</strong></span> <span class='ocrx_word' id='word_1_195' title='bbox 803 1524 1165 1591; x_wconf 69' lang='lat' dir='ltr'><strong>formularum</strong></span> <span class='ocrx_word' id='word_1_196' title='bbox 1219 1526 1664 1598; x_wconf 78' lang='lat' dir='ltr'><strong>dispositionem,</strong></span> <span class='ocrx_word' id='word_1_197' title='bbox 1695 1544 1759 1584; x_wconf 88' lang='lat' dir='ltr'><strong>ex</strong></span> <span class='ocrx_word' id='word_1_198' title='bbox 1791 1544 1970 1600; x_wconf 88' lang='lat' dir='ltr'><strong>eoque</strong></span> <span class='ocrx_word' id='word_1_199' title='bbox 2002 1546 2032 1585; x_wconf 90' lang='lat' dir='ltr'><strong>a</strong></span> <span class='ocrx_word' id='word_1_200' title='bbox 2064 1530 2381 1585; x_wconf 80' lang='lat' dir='ltr'><strong>Mabillonio</strong></span> <span class='ocrx_word' id='word_1_201' title='bbox 2414 1528 2579 1599; x_wconf 75' lang='lat' dir='ltr'><strong>(Mus.</strong></span> <span class='ocrx_word' id='word_1_202' title='bbox 2628 1528 2760 1583; x_wconf 82' lang='lat' dir='ltr'><strong>Ital.</strong></span> <span class='ocrx_word' id='word_1_203' title='bbox 2808 1540 2850 1584; x_wconf 84' lang='grc' dir='ltr'><strong>ι.</strong></span> <span class='ocrx_word' id='word_1_204' title='bbox 2895 1529 2964 1589; x_wconf 85' lang='grc' dir='ltr'><strong>ΙΙ.</strong></span> <span class='ocrx_word' id='word_1_205' title='bbox 2999 1544 3121 1599; x_wconf 84' lang='lat' dir='ltr'><strong>pag.</strong></span> <span class='ocrx_word' id='word_1_206' title='bbox 3157 1528 3282 1598; x_wconf 68' lang='grc'><strong>112)</strong></span> <span class='ocrx_word' id='word_1_207' title='bbox 3322 1529 3488 1585; x_wconf 75' lang='lat' dir='ltr'><strong>fuisse</strong></span> <span class='ocrx_word' id='word_1_208' title='bbox 3520 1541 3716 1585; x_wconf 82' lang='lat' dir='ltr'><strong>contra</strong></span> 
     </span>
    </p>
   </div>
   <div class='ocr_carea' id='block_1_16' title="bbox 456 1613 3715 1691">
    <p class='ocr_par' dir='ltr' id='par_1_16' title="bbox 456 1613 3715 1691">
     <span class='ocr_line' id='line_1_16' title="bbox 456 1613 3715 1691; baseline 0.002 -28"><span class='ocrx_word' id='word_1_209' title='bbox 456 1625 677 1665; x_wconf 88' lang='lat' dir='ltr'><strong>omnem</strong></span> <span class='ocrx_word' id='word_1_210' title='bbox 720 1613 1011 1668; x_wconf 84' lang='lat' dir='ltr'><strong>veritatem</strong></span> <span class='ocrx_word' id='word_1_211' title='bbox 1055 1618 1361 1686; x_wconf 89' lang='lat' dir='ltr'><strong>proposita.</strong></span> <span class='ocrx_word' id='word_1_212' title='bbox 1393 1615 1652 1671; x_wconf 85' lang='lat' dir='ltr'><strong>Omnium</strong></span> <span class='ocrx_word' id='word_1_213' title='bbox 1688 1617 2095 1687; x_wconf 84' lang='lat' dir='ltr'><strong>antiquissima,</strong></span> <span class='ocrx_word' id='word_1_214' title='bbox 2125 1635 2191 1673; x_wconf 85' lang='lat' dir='ltr'><strong>ac</strong></span> <span class='ocrx_word' id='word_1_215' title='bbox 2225 1619 2481 1691; x_wconf 85' lang='lat' dir='ltr'><strong>pluribus</strong></span> <span class='ocrx_word' id='word_1_216' title='bbox 2511 1618 2726 1672; x_wconf 69' lang='lat' dir='ltr'><strong>saeculis</strong></span> <span class='ocrx_word' id='word_1_217' title='bbox 2761 1627 3023 1687; x_wconf 88' lang='lat' dir='ltr'><strong>usurpata</strong></span> <span class='ocrx_word' id='word_1_218' title='bbox 3058 1618 3287 1673; x_wconf 81' lang='lat' dir='ltr'><strong>formula</strong></span> <span class='ocrx_word' id='word_1_219' title='bbox 3326 1620 3454 1682; x_wconf 88' lang='lat' dir='ltr'><strong>fuit,</strong></span> <span class='ocrx_word' id='word_1_220' title='bbox 3486 1634 3607 1687; x_wconf 72' lang='lat' dir='ltr'><strong>qua:</strong></span> <span class='ocrx_word' id='word_1_221' title='bbox 3646 1619 3715 1671; x_wconf 81' lang='lat' dir='ltr'><strong>ad</strong></span> 
     </span>
    </p>
   </div>
   <div class='ocr_carea' id='block_1_17' title="bbox 456 1701 3715 1779">
    <p class='ocr_par' dir='ltr' id='par_1_17' title="bbox 456 1701 3715 1779">
     <span class='ocr_line' id='line_1_17' title="bbox 456 1701 3715 1779; baseline 0.002 -27"><span class='ocrx_word' id='word_1_222' title='bbox 456 1701 867 1757; x_wconf 81' lang='lat' dir='ltr'><strong>ordinationem</strong></span> <span class='ocrx_word' id='word_1_223' title='bbox 899 1704 1187 1760; x_wconf 87' lang='lat' dir='ltr'><strong>Pontiﬁcis</strong></span> <span class='ocrx_word' id='word_1_224' title='bbox 1226 1715 1459 1776; x_wconf 78' lang='lat' dir='ltr'><strong>spectat.</strong></span> <span class='ocrx_word' id='word_1_225' title='bbox 1491 1705 1713 1761; x_wconf 67' lang='lat' dir='ltr'><strong>Caetera:</strong></span> <span class='ocrx_word' id='word_1_226' title='bbox 1754 1707 2030 1763; x_wconf 81' lang='lat' dir='ltr'><strong>diversam</strong></span> <span class='ocrx_word' id='word_1_227' title='bbox 2070 1722 2169 1779; x_wconf 92' lang='lat' dir='ltr'><strong>pro</strong></span> <span class='ocrx_word' id='word_1_228' title='bbox 2205 1717 2516 1777; x_wconf 88' lang='lat' dir='ltr'><strong>temporum</strong></span> <span class='ocrx_word' id='word_1_229' title='bbox 2564 1705 2883 1760; x_wconf 81' lang='lat' dir='ltr'><strong>diversitate</strong></span> <span class='ocrx_word' id='word_1_230' title='bbox 2922 1706 3270 1775; x_wconf 88' lang='lat' dir='ltr'><strong>disciplinam</strong></span> <span class='ocrx_word' id='word_1_231' title='bbox 3310 1706 3603 1761; x_wconf 79' lang='lat' dir='ltr'><strong>exhibent.</strong></span> <span class='ocrx_word' id='word_1_232' title='bbox 3638 1705 3715 1759; x_wconf 78' lang='lat' dir='ltr'><strong>Et</strong></span> 
     </span>
    </p>
   </div>
   <div class='ocr_carea' id='block_1_18' title="bbox 457 1791 3720 1866">
    <p class='ocr_par' dir='ltr' id='par_1_18' title="bbox 457 1791 3720 1866">
     <span class='ocr_line' id='line_1_18' title="bbox 457 1791 3720 1866; baseline 0.002 -28"><span class='ocrx_word' id='word_1_233' title='bbox 457 1804 568 1856; x_wconf 87' lang='lat' dir='ltr'><strong>quo</strong></span> <span class='ocrx_word' id='word_1_234' title='bbox 612 1798 861 1859; x_wconf 88' lang='lat' dir='ltr'><strong>tempore</strong></span> <span class='ocrx_word' id='word_1_235' title='bbox 898 1791 1255 1848; x_wconf 78' lang='lat' dir='ltr'><strong>Justinianus</strong></span> <span class='ocrx_word' id='word_1_236' title='bbox 1292 1794 1727 1849; x_wconf 88' lang='lat' dir='ltr'><strong>conﬁrmandam</strong></span> <span class='ocrx_word' id='word_1_237' title='bbox 1778 1795 1846 1849; x_wconf 88' lang='lat' dir='ltr'><strong>ab</strong></span> <span class='ocrx_word' id='word_1_238' title='bbox 1896 1795 2322 1866; x_wconf 87' lang='lat' dir='ltr'><strong>imperatoribus</strong></span> <span class='ocrx_word' id='word_1_239' title='bbox 2353 1794 2516 1848; x_wconf 76' lang='lat' dir='ltr'><strong>Rom.</strong></span> <span class='ocrx_word' id='word_1_240' title='bbox 2549 1794 2833 1848; x_wconf 70' lang='lat' dir='ltr'><strong>Pontificis</strong></span> <span class='ocrx_word' id='word_1_241' title='bbox 2875 1792 3200 1849; x_wconf 81' lang='lat' dir='ltr'><strong>electionem</strong></span> <span class='ocrx_word' id='word_1_242' title='bbox 3250 1795 3465 1857; x_wconf 84' lang='lat' dir='ltr'><strong>statuit,</strong></span> <span class='ocrx_word' id='word_1_243' title='bbox 3497 1805 3720 1848; x_wconf 60' lang='lat' dir='ltr'><strong>mortuo</strong></span> 
     </span>
    </p>
   </div>
   <div class='ocr_carea' id='block_1_19' title="bbox 458 1876 3717 1953">
    <p class='ocr_par' dir='ltr' id='par_1_19' title="bbox 458 1876 3717 1953">
     <span class='ocr_line' id='line_1_19' title="bbox 458 1876 3717 1953; baseline 0.003 -23"><span class='ocrx_word' id='word_1_244' title='bbox 458 1876 728 1934; x_wconf 81' lang='lat' dir='ltr'><strong>l’ontiﬁce</strong></span> <span class='ocrx_word' id='word_1_245' title='bbox 764 1879 976 1944; x_wconf 82' lang='lat' dir='ltr'><strong>relatio,</strong></span> <span class='ocrx_word' id='word_1_246' title='bbox 1011 1898 1135 1953; x_wconf 66' lang='lat' dir='ltr'><strong>qua!</strong></span> <span class='ocrx_word' id='word_1_247' title='bbox 1166 1882 1251 1937; x_wconf 89' lang='lat' dir='ltr'><strong>tit.</strong></span> <span class='ocrx_word' id='word_1_248' title='bbox 1286 1881 1319 1937; x_wconf 76' lang='lat'><strong>3</strong></span> <span class='ocrx_word' id='word_1_249' title='bbox 1347 1882 1556 1953; x_wconf 86' lang='lat' dir='ltr'><strong>editur,</strong></span> <span class='ocrx_word' id='word_1_250' title='bbox 1591 1884 1654 1937; x_wconf 85' lang='lat' dir='ltr'><strong>de</strong></span> <span class='ocrx_word' id='word_1_251' title='bbox 1697 1882 1945 1938; x_wconf 80' lang='lat' dir='ltr'><strong>electione</strong></span> <span class='ocrx_word' id='word_1_252' title='bbox 1988 1882 2258 1952; x_wconf 81' lang='lat' dir='ltr'><strong>Pontiﬁcis</strong></span> <span class='ocrx_word' id='word_1_253' title='bbox 2301 1882 2625 1937; x_wconf 85' lang='lat' dir='ltr'><strong>mittebatur</strong></span> <span class='ocrx_word' id='word_1_254' title='bbox 2666 1881 2735 1934; x_wconf 88' lang='lat' dir='ltr'><strong>ad</strong></span> <span class='ocrx_word' id='word_1_255' title='bbox 2774 1882 3065 1950; x_wconf 74' lang='lat' dir='ltr'><strong>principem</strong></span> <span class='ocrx_word' id='word_1_256' title='bbox 3096 1882 3163 1936; x_wconf 83' lang='lat' dir='ltr'><strong>ab</strong></span> <span class='ocrx_word' id='word_1_257' title='bbox 3198 1881 3265 1936; x_wconf 84' lang='lat' dir='ltr'><strong>iis</strong></span> <span class='ocrx_word' id='word_1_258' title='bbox 3296 1882 3390 1951; x_wconf 88' lang='lat' dir='ltr'><strong>qui</strong></span> <span class='ocrx_word' id='word_1_259' title='bbox 3423 1881 3717 1940; x_wconf 87' lang='lat' dir='ltr'><strong>servabant</strong></span> 
     </span>
    </p>
   </div>
   <div class='ocr_carea' id='block_1_20' title="bbox 457 1966 3712 2042">
    <p class='ocr_par' dir='ltr' id='par_1_20' title="bbox 457 1966 3712 2042">
     <span class='ocr_line' id='line_1_20' title="bbox 457 1966 3712 2042; baseline 0 -20"><span class='ocrx_word' id='word_1_260' title='bbox 457 1966 645 2023; x_wconf 71' lang='lat' dir='ltr'><strong>locum</strong></span> <span class='ocrx_word' id='word_1_261' title='bbox 698 1968 848 2024; x_wconf 84' lang='lat' dir='ltr'><strong>sedis</strong></span> <span class='ocrx_word' id='word_1_262' title='bbox 898 1971 1252 2041; x_wconf 65' lang='lat' dir='ltr'><strong>apostolicae;</strong></span> <span class='ocrx_word' id='word_1_263' title='bbox 1297 1982 1459 2026; x_wconf 89' lang='lat' dir='ltr'><strong>erant</strong></span> <span class='ocrx_word' id='word_1_264' title='bbox 1506 1980 1691 2027; x_wconf 89' lang='lat' dir='ltr'><strong>autem</strong></span> <span class='ocrx_word' id='word_1_265' title='bbox 1746 1971 1802 2026; x_wconf 87' lang='lat' dir='ltr'><strong>bi</strong></span> <span class='ocrx_word' id='word_1_266' title='bbox 1850 1972 2318 2042; x_wconf 70' lang='lat' dir='ltr'><strong>archipresbyter,</strong></span> <span class='ocrx_word' id='word_1_267' title='bbox 2352 1968 2803 2033; x_wconf 82' lang='lat' dir='ltr'><strong>archidiaconus,</strong></span> <span class='ocrx_word' id='word_1_268' title='bbox 2848 1977 2902 2023; x_wconf 89' lang='lat' dir='ltr'><strong>et</strong></span> <span class='ocrx_word' id='word_1_269' title='bbox 2949 1968 3299 2037; x_wconf 78' lang='lat' dir='ltr'><strong>primicerius</strong></span> <span class='ocrx_word' id='word_1_270' title='bbox 3352 1969 3712 2023; x_wconf 82' lang='lat' dir='ltr'><strong>notariorum.</strong></span> 
     </span>
    </p>
   </div>
   <div class='ocr_carea' id='block_1_21' title="bbox 456 2053 3713 2128">
    <p class='ocr_par' dir='ltr' id='par_1_21' title="bbox 456 2053 3713 2128">
     <span class='ocr_line' id='line_1_21' title="bbox 456 2053 3713 2128; baseline 0 -19"><span class='ocrx_word' id='word_1_271' title='bbox 456 2053 786 2124; x_wconf 85' lang='lat' dir='ltr'><strong>Conjecerat</strong></span> <span class='ocrx_word' id='word_1_272' title='bbox 826 2055 1156 2124; x_wconf 82' lang='lat' dir='ltr'><strong>Carnerius,</strong></span> <span class='ocrx_word' id='word_1_273' title='bbox 1188 2058 1407 2113; x_wconf 84' lang='lat' dir='ltr'><strong>litteras</strong></span> <span class='ocrx_word' id='word_1_274' title='bbox 1443 2058 1509 2113; x_wconf 88' lang='lat' dir='ltr'><strong>ad</strong></span> <span class='ocrx_word' id='word_1_275' title='bbox 1557 2058 2229 2128; x_wconf 80' lang='lat' dir='ltr'><strong>ConstantinOpolitanum</strong></span> <span class='ocrx_word' id='word_1_276' title='bbox 2276 2056 2673 2126; x_wconf 84' lang='lat' dir='ltr'><strong>patriarcham,</strong></span> <span class='ocrx_word' id='word_1_277' title='bbox 2707 2054 2954 2125; x_wconf 86' lang='lat' dir='ltr'><strong>aliosque</strong></span> <span class='ocrx_word' id='word_1_278' title='bbox 2989 2056 3042 2109; x_wconf 91' lang='lat' dir='ltr'><strong>in</strong></span> <span class='ocrx_word' id='word_1_279' title='bbox 3077 2054 3227 2125; x_wconf 82' lang='lat' dir='ltr'><strong>regia</strong></span> <span class='ocrx_word' id='word_1_280' title='bbox 3273 2054 3412 2109; x_wconf 86' lang='lat' dir='ltr'><strong>urbe</strong></span> <span class='ocrx_word' id='word_1_281' title='bbox 3452 2055 3713 2126; x_wconf 74' lang='lat' dir='ltr'><strong>degentes</strong></span> 
     </span>
    </p>
   </div>
   <div class='ocr_carea' id='block_1_22' title="bbox 456 2143 3716 2216">
    <p class='ocr_par' dir='ltr' id='par_1_22' title="bbox 456 2143 3716 2216">
     <span class='ocr_line' id='line_1_22' title="bbox 456 2143 3716 2216; baseline 0.002 -22"><span class='ocrx_word' id='word_1_282' title='bbox 456 2143 751 2210; x_wconf 84' lang='lat' dir='ltr'><strong>episcopos</strong></span> <span class='ocrx_word' id='word_1_283' title='bbox 790 2144 1023 2212; x_wconf 85' lang='lat' dir='ltr'><strong>scriptas</strong></span> <span class='ocrx_word' id='word_1_284' title='bbox 1070 2143 1243 2213; x_wconf 88' lang='lat' dir='ltr'><strong>fuisse</strong></span> <span class='ocrx_word' id='word_1_285' title='bbox 1277 2162 1309 2199; x_wconf 88' lang='lat' dir='ltr'><strong>a</strong></span> <span class='ocrx_word' id='word_1_286' title='bbox 1341 2145 1580 2216; x_wconf 81' lang='lat' dir='ltr'><strong>paribus,</strong></span> <span class='ocrx_word' id='word_1_287' title='bbox 1612 2153 1674 2200; x_wconf 91' lang='lat' dir='ltr'><strong>ut</strong></span> <span class='ocrx_word' id='word_1_288' title='bbox 1716 2146 1973 2201; x_wconf 84' lang='lat' dir='ltr'><strong>electioni</strong></span> <span class='ocrx_word' id='word_1_289' title='bbox 2025 2146 2169 2215; x_wconf 89' lang='lat' dir='ltr'><strong>apud</strong></span> <span class='ocrx_word' id='word_1_290' title='bbox 2221 2147 2608 2215; x_wconf 83' lang='lat' dir='ltr'><strong>imperatorem</strong></span> <span class='ocrx_word' id='word_1_291' title='bbox 2660 2144 2909 2198; x_wconf 85' lang='lat' dir='ltr'><strong>faverent</strong></span> <span class='ocrx_word' id='word_1_292' title='bbox 2943 2161 2957 2197; x_wconf 96' lang='lat'>:</span> <span class='ocrx_word' id='word_1_293' title='bbox 2990 2160 3097 2198; x_wconf 89' lang='lat' dir='ltr'><strong>non</strong></span> <span class='ocrx_word' id='word_1_294' title='bbox 3146 2146 3308 2209; x_wconf 88' lang='lat' dir='ltr'><strong>male,</strong></span> <span class='ocrx_word' id='word_1_295' title='bbox 3341 2146 3446 2199; x_wconf 89' lang='lat' dir='ltr'><strong>etsi</strong></span> <span class='ocrx_word' id='word_1_296' title='bbox 3478 2143 3716 2200; x_wconf 83' lang='lat' dir='ltr'><strong>Cennius</strong></span> 
     </span>
    </p>
   </div>
   <div class='ocr_carea' id='block_1_23' title="bbox 460 2227 3719 2305">
    <p class='ocr_par' dir='ltr' id='par_1_23' title="bbox 460 2227 3719 2305">
     <span class='ocr_line' id='line_1_23' title="bbox 460 2227 3719 2305; baseline 0.002 -25"><span class='ocrx_word' id='word_1_297' title='bbox 460 2236 732 2298; x_wconf 76' lang='lat' dir='ltr'><strong>repugnat</strong></span> <span class='ocrx_word' id='word_1_298' title='bbox 762 2243 818 2298; x_wconf 90' lang='lat' dir='ltr'><strong>p.</strong></span> <span class='ocrx_word' id='word_1_299' title='bbox 855 2227 981 2284; x_wconf 71' lang='grc'><strong>121.</strong></span> <span class='ocrx_word' id='word_1_300' title='bbox 1034 2228 1171 2284; x_wconf 82' lang='lat' dir='ltr'><strong>Nam</strong></span> <span class='ocrx_word' id='word_1_301' title='bbox 1220 2230 1278 2286; x_wconf 88' lang='lat' dir='ltr'><strong>S.</strong></span> <span class='ocrx_word' id='word_1_302' title='bbox 1319 2231 1619 2301; x_wconf 76' lang='lat' dir='ltr'><strong>Gregorius</strong></span> <span class='ocrx_word' id='word_1_303' title='bbox 1662 2231 1734 2292; x_wconf 83' lang='lat' dir='ltr'><strong>M.</strong></span> <span class='ocrx_word' id='word_1_304' title='bbox 1777 2248 1902 2289; x_wconf 84' lang='lat' dir='ltr'><strong>eum</strong></span> <span class='ocrx_word' id='word_1_305' title='bbox 1953 2234 2266 2305; x_wconf 85' lang='lat' dir='ltr'><strong>patriarcha</strong></span> <span class='ocrx_word' id='word_1_306' title='bbox 2309 2231 2922 2302; x_wconf 85' lang='lat' dir='ltr'><strong>Constantinopolitano</strong></span> <span class='ocrx_word' id='word_1_307' title='bbox 2951 2231 3031 2299; x_wconf 87' lang='lat' dir='ltr'><strong>(L.</strong></span> <span class='ocrx_word' id='word_1_308' title='bbox 3069 2230 3121 2295; x_wconf 83' lang='lat' dir='ltr'><strong>I,</strong></span> <span class='ocrx_word' id='word_1_309' title='bbox 3153 2247 3244 2300; x_wconf 90' lang='lat' dir='ltr'><strong>ep.</strong></span> <span class='ocrx_word' id='word_1_310' title='bbox 3274 2232 3333 2303; x_wconf 73' lang='grc'><strong>4)</strong></span> <span class='ocrx_word' id='word_1_311' title='bbox 3381 2240 3719 2302; x_wconf 85' lang='lat' dir='ltr'><strong>conquestus</strong></span> 
     </span>
    </p>
   </div>
   <div class='ocr_carea' id='block_1_24' title="bbox 461 2313 3717 2389">
    <p class='ocr_par' dir='ltr' id='par_1_24' title="bbox 461 2313 3717 2389">
     <span class='ocr_line' id='line_1_24' title="bbox 461 2313 3717 2389; baseline 0.002 -22"><span class='ocrx_word' id='word_1_312' title='bbox 461 2326 568 2375; x_wconf 84' lang='lat' dir='ltr'><strong>est.</strong></span> <span class='ocrx_word' id='word_1_313' title='bbox 601 2313 749 2384; x_wconf 91' lang='lat' dir='ltr'><strong>quod</strong></span> <span class='ocrx_word' id='word_1_314' title='bbox 792 2315 917 2384; x_wconf 88' lang='lat' dir='ltr'><strong>ejus</strong></span> <span class='ocrx_word' id='word_1_315' title='bbox 960 2315 1286 2373; x_wconf 88' lang='lat' dir='ltr'><strong>electionem</strong></span> <span class='ocrx_word' id='word_1_316' title='bbox 1326 2319 1395 2374; x_wconf 86' lang='lat' dir='ltr'><strong>ab</strong></span> <span class='ocrx_word' id='word_1_317' title='bbox 1427 2318 1560 2389; x_wconf 89' lang='lat' dir='ltr'><strong>imp.</strong></span> <span class='ocrx_word' id='word_1_318' title='bbox 1592 2319 1908 2374; x_wconf 90' lang='lat' dir='ltr'><strong>conﬁrmari</strong></span> <span class='ocrx_word' id='word_1_319' title='bbox 1957 2329 2228 2375; x_wconf 84' lang='lat' dir='ltr'><strong>curasset.</strong></span> <span class='ocrx_word' id='word_1_320' title='bbox 2279 2320 2554 2375; x_wconf 64' lang='lat' dir='ltr'><strong>Praterea</strong></span> <span class='ocrx_word' id='word_1_321' title='bbox 2593 2319 2647 2373; x_wconf 91' lang='lat' dir='ltr'><strong>in</strong></span> <span class='ocrx_word' id='word_1_322' title='bbox 2681 2319 2934 2374; x_wconf 78' lang='lat' dir='ltr'><strong>Romano</strong></span> <span class='ocrx_word' id='word_1_323' title='bbox 2965 2318 3233 2374; x_wconf 83' lang='lat' dir='ltr'><strong>llolstenii</strong></span> <span class='ocrx_word' id='word_1_324' title='bbox 3267 2321 3459 2375; x_wconf 89' lang='lat' dir='ltr'><strong>codice</strong></span> <span class='ocrx_word' id='word_1_325' title='bbox 3496 2335 3650 2374; x_wconf 90' lang='lat' dir='ltr'><strong>num.</strong></span> <span class='ocrx_word' id='word_1_326' title='bbox 3682 2322 3717 2374; x_wconf 83' lang='lat'><strong>8</strong></span> 
     </span>
    </p>
   </div>
   <div class='ocr_carea' id='block_1_25' title="bbox 460 2403 3714 2481">
    <p class='ocr_par' dir='ltr' id='par_1_25' title="bbox 460 2403 3714 2481">
     <span class='ocr_line' id='line_1_25' title="bbox 460 2403 3714 2481; baseline 0.002 -25"><span class='ocrx_word' id='word_1_327' title='bbox 460 2410 646 2457; x_wconf 87' lang='lat' dir='ltr'><strong>exstat</strong></span> <span class='ocrx_word' id='word_1_328' title='bbox 685 2403 995 2459; x_wconf 83' lang='lat' dir='ltr'><strong>litterarum</strong></span> <span class='ocrx_word' id='word_1_329' title='bbox 1029 2420 1093 2459; x_wconf 89' lang='lat' dir='ltr'><strong>ea</strong></span> <span class='ocrx_word' id='word_1_330' title='bbox 1125 2406 1191 2461; x_wconf 92' lang='lat' dir='ltr'><strong>de</strong></span> <span class='ocrx_word' id='word_1_331' title='bbox 1222 2420 1282 2461; x_wconf 89' lang='lat' dir='ltr'><strong>re</strong></span> <span class='ocrx_word' id='word_1_332' title='bbox 1313 2407 1384 2461; x_wconf 85' lang='lat' dir='ltr'><strong>ad</strong></span> <span class='ocrx_word' id='word_1_333' title='bbox 1412 2408 1641 2462; x_wconf 82' lang='lat' dir='ltr'><strong>diuersos</strong></span> <span class='ocrx_word' id='word_1_334' title='bbox 1671 2410 1934 2481; x_wconf 83' lang='lat' dir='ltr'><strong>episcopos</strong></span> <span class='ocrx_word' id='word_1_335' title='bbox 1967 2408 2302 2478; x_wconf 86' lang='lat' dir='ltr'><strong>exemplum,</strong></span> <span class='ocrx_word' id='word_1_336' title='bbox 2331 2406 2476 2476; x_wconf 89' lang='lat' dir='ltr'><strong>quod</strong></span> <span class='ocrx_word' id='word_1_337' title='bbox 2508 2407 2565 2461; x_wconf 91' lang='lat' dir='ltr'><strong>in</strong></span> <span class='ocrx_word' id='word_1_338' title='bbox 2594 2405 2846 2462; x_wconf 89' lang='lat' dir='ltr'><strong>Garnerii</strong></span> <span class='ocrx_word' id='word_1_339' title='bbox 2884 2406 3025 2460; x_wconf 89' lang='lat' dir='ltr'><strong>libro</strong></span> <span class='ocrx_word' id='word_1_340' title='bbox 3055 2405 3438 2470; x_wconf 82' lang='lat' dir='ltr'><strong>desideratur;</strong></span> <span class='ocrx_word' id='word_1_341' title='bbox 3469 2407 3714 2477; x_wconf 87' lang='lat' dir='ltr'><strong>episcopi</strong></span> 
     </span>
    </p>
   </div>
   <div class='ocr_carea' id='block_1_26' title="bbox 462 2490 3719 2569">
    <p class='ocr_par' dir='ltr' id='par_1_26' title="bbox 462 2490 3719 2569">
     <span class='ocr_line' id='line_1_26' title="bbox 462 2490 3719 2569; baseline 0.002 -25"><span class='ocrx_word' id='word_1_342' title='bbox 462 2505 599 2545; x_wconf 70' lang='lat' dir='ltr'><strong>vero</strong></span> <span class='ocrx_word' id='word_1_343' title='bbox 628 2491 709 2569; x_wconf 70' lang='lat' dir='ltr'><strong>illi</strong></span> <span class='ocrx_word' id='word_1_344' title='bbox 738 2490 831 2547; x_wconf 85' lang='lat' dir='ltr'><strong>vix</strong></span> <span class='ocrx_word' id='word_1_345' title='bbox 863 2491 955 2546; x_wconf 88' lang='lat' dir='ltr'><strong>alii</strong></span> <span class='ocrx_word' id='word_1_346' title='bbox 988 2491 1221 2565; x_wconf 88' lang='lat' dir='ltr'><strong>intelligi</strong></span> <span class='ocrx_word' id='word_1_347' title='bbox 1267 2503 1501 2564; x_wconf 85' lang='lat' dir='ltr'><strong>possunt</strong></span> <span class='ocrx_word' id='word_1_348' title='bbox 1545 2512 1711 2565; x_wconf 90' lang='lat' dir='ltr'><strong>quam</strong></span> <span class='ocrx_word' id='word_1_349' title='bbox 1743 2495 2389 2565; x_wconf 89' lang='lat' dir='ltr'><strong>Constantinopolitanus</strong></span> <span class='ocrx_word' id='word_1_350' title='bbox 2417 2493 2755 2564; x_wconf 88' lang='lat' dir='ltr'><strong>patriarcha,</strong></span> <span class='ocrx_word' id='word_1_351' title='bbox 2787 2493 3084 2563; x_wconf 74' lang='lat' dir='ltr'><strong>cacteriqne</strong></span> <span class='ocrx_word' id='word_1_352' title='bbox 3116 2495 3209 2563; x_wconf 90' lang='lat' dir='ltr'><strong>qui</strong></span> <span class='ocrx_word' id='word_1_353' title='bbox 3240 2493 3719 2563; x_wconf 80' lang='lat' dir='ltr'><strong>Constantinopuii</strong></span> 
     </span>
    </p>
   </div>
   <div class='ocr_carea' id='block_1_27' title="bbox 462 2578 3722 2652">
    <p class='ocr_par' dir='ltr' id='par_1_27' title="bbox 462 2578 3722 2652">
     <span class='ocr_line' id='line_1_27' title="bbox 462 2578 3722 2652; baseline 0.001 -19"><span class='ocrx_word' id='word_1_354' title='bbox 462 2580 846 2634; x_wconf 85' lang='lat' dir='ltr'><strong>morabantur.</strong></span> <span class='ocrx_word' id='word_1_355' title='bbox 880 2578 1006 2634; x_wconf 64' lang='lat' dir='ltr'><strong>llaec</strong></span> <span class='ocrx_word' id='word_1_356' title='bbox 1044 2578 1110 2635; x_wconf 88' lang='lat' dir='ltr'><strong>ad</strong></span> <span class='ocrx_word' id='word_1_357' title='bbox 1156 2583 1366 2636; x_wconf 86' lang='lat' dir='ltr'><strong>annum</strong></span> <span class='ocrx_word' id='word_1_358' title='bbox 1413 2583 1519 2637; x_wconf 63' lang='lat'><strong>650</strong></span> <span class='ocrx_word' id='word_1_359' title='bbox 1562 2593 1781 2638; x_wconf 88' lang='lat' dir='ltr'><strong>servata</strong></span> <span class='ocrx_word' id='word_1_360' title='bbox 1814 2595 1967 2647; x_wconf 86' lang='lat' dir='ltr'><strong>sunt,</strong></span> <span class='ocrx_word' id='word_1_361' title='bbox 1997 2599 2108 2651; x_wconf 89' lang='lat' dir='ltr'><strong>quo</strong></span> <span class='ocrx_word' id='word_1_362' title='bbox 2138 2593 2389 2652; x_wconf 85' lang='lat' dir='ltr'><strong>tempore</strong></span> <span class='ocrx_word' id='word_1_363' title='bbox 2419 2590 2530 2636; x_wconf 90' lang='lat' dir='ltr'><strong>tota</strong></span> <span class='ocrx_word' id='word_1_364' title='bbox 2560 2580 2951 2636; x_wconf 68' lang='lat' dir='ltr'><strong>conﬁrmanda:</strong></span> <span class='ocrx_word' id='word_1_365' title='bbox 2976 2580 3270 2650; x_wconf 71' lang='lat' dir='ltr'><strong>pontiﬁcis:</strong></span> <span class='ocrx_word' id='word_1_366' title='bbox 3304 2582 3596 2637; x_wconf 87' lang='lat' dir='ltr'><strong>electionis</strong></span> <span class='ocrx_word' id='word_1_367' title='bbox 3631 2598 3722 2652; x_wconf 88' lang='lat' dir='ltr'><strong>po-</strong></span> 
     </span>
    </p>
   </div>
   <div class='ocr_carea' id='block_1_28' title="bbox 465 2667 3716 2743">
    <p class='ocr_par' dir='ltr' id='par_1_28' title="bbox 465 2667 3716 2743">
     <span class='ocr_line' id='line_1_28' title="bbox 465 2667 3716 2743; baseline -0 -23"><span class='ocrx_word' id='word_1_368' title='bbox 465 2676 637 2743; x_wconf 86' lang='lat' dir='ltr'><strong>testas</strong></span> <span class='ocrx_word' id='word_1_369' title='bbox 662 2667 717 2723; x_wconf 94' lang='lat' dir='ltr'><strong>in</strong></span> <span class='ocrx_word' id='word_1_370' title='bbox 742 2669 1013 2725; x_wconf 87' lang='lat' dir='ltr'><strong>exarchos</strong></span> <span class='ocrx_word' id='word_1_371' title='bbox 1039 2668 1109 2724; x_wconf 87' lang='lat' dir='ltr'><strong>ab</strong></span> <span class='ocrx_word' id='word_1_372' title='bbox 1140 2670 1573 2740; x_wconf 86' lang='lat' dir='ltr'><strong>imperatoribus</strong></span> <span class='ocrx_word' id='word_1_373' title='bbox 1603 2673 1866 2727; x_wconf 89' lang='lat' dir='ltr'><strong>translata</strong></span> <span class='ocrx_word' id='word_1_374' title='bbox 1898 2672 2023 2736; x_wconf 87' lang='lat' dir='ltr'><strong>fuit,</strong></span> <span class='ocrx_word' id='word_1_375' title='bbox 2055 2688 2123 2727; x_wconf 90' lang='lat' dir='ltr'><strong>ne</strong></span> <span class='ocrx_word' id='word_1_376' title='bbox 2156 2671 2401 2726; x_wconf 82' lang='lat' dir='ltr'><strong>Romana</strong></span> <span class='ocrx_word' id='word_1_377' title='bbox 2426 2671 2586 2725; x_wconf 85' lang='lat' dir='ltr'><strong>sedes</strong></span> <span class='ocrx_word' id='word_1_378' title='bbox 2615 2668 2828 2723; x_wconf 89' lang='lat' dir='ltr'><strong>diutius</strong></span> <span class='ocrx_word' id='word_1_379' title='bbox 2853 2678 3106 2733; x_wconf 86' lang='lat' dir='ltr'><strong>vacaret;</strong></span> <span class='ocrx_word' id='word_1_380' title='bbox 3143 2669 3489 2738; x_wconf 88' lang='lat' dir='ltr'><strong>primusque,</strong></span> <span class='ocrx_word' id='word_1_381' title='bbox 3526 2671 3621 2738; x_wconf 90' lang='lat' dir='ltr'><strong>qui</strong></span> <span class='ocrx_word' id='word_1_382' title='bbox 3650 2671 3716 2723; x_wconf 84' lang='lat' dir='ltr'><strong>ab</strong></span> 
     </span>
    </p>
   </div>
   <div class='ocr_carea' id='block_1_29' title="bbox 463 2754 3719 2831">
    <p class='ocr_par' dir='ltr' id='par_1_29' title="bbox 463 2754 3719 2831">
     <span class='ocr_line' id='line_1_29' title="bbox 463 2754 3719 2831; baseline 0 -23"><span class='ocrx_word' id='word_1_383' title='bbox 463 2755 717 2811; x_wconf 88' lang='lat' dir='ltr'><strong>exarchis</strong></span> <span class='ocrx_word' id='word_1_384' title='bbox 743 2758 1104 2814; x_wconf 83' lang='lat' dir='ltr'><strong>conﬁrmatus</strong></span> <span class='ocrx_word' id='word_1_385' title='bbox 1132 2758 1321 2823; x_wconf 88' lang='lat' dir='ltr'><strong>fuerit,</strong></span> <span class='ocrx_word' id='word_1_386' title='bbox 1348 2774 1454 2814; x_wconf 91' lang='lat' dir='ltr'><strong>non</strong></span> <span class='ocrx_word' id='word_1_387' title='bbox 1485 2759 1764 2815; x_wconf 80' lang='lat' dir='ltr'><strong>Honorius</strong></span> <span class='ocrx_word' id='word_1_388' title='bbox 1791 2760 1892 2831; x_wconf 90' lang='lat' dir='ltr'><strong>(uti</strong></span> <span class='ocrx_word' id='word_1_389' title='bbox 1917 2760 2118 2829; x_wconf 85' lang='lat' dir='ltr'><strong>Pagins</strong></span> <span class='ocrx_word' id='word_1_390' title='bbox 2146 2758 2363 2825; x_wconf 83' lang='lat' dir='ltr'><strong>sensit),</strong></span> <span class='ocrx_word' id='word_1_391' title='bbox 2386 2756 2481 2813; x_wconf 87' lang='lat' dir='ltr'><strong>sed</strong></span> <span class='ocrx_word' id='word_1_392' title='bbox 2500 2756 2740 2813; x_wconf 80' lang='lat' dir='ltr'><strong>Joannes</strong></span> <span class='ocrx_word' id='word_1_393' title='bbox 2770 2755 2855 2819; x_wconf 82' lang='grc' dir='ltr'><strong>ιν.</strong></span> <span class='ocrx_word' id='word_1_394' title='bbox 2875 2754 3123 2811; x_wconf 82' lang='lat' dir='ltr'><strong>Severini</strong></span> <span class='ocrx_word' id='word_1_395' title='bbox 3150 2769 3441 2809; x_wconf 85' lang='lat' dir='ltr'><strong>successor</strong></span> <span class='ocrx_word' id='word_1_396' title='bbox 3471 2771 3564 2809; x_wconf 89' lang='lat' dir='ltr'><strong>an.</strong></span> <span class='ocrx_word' id='word_1_397' title='bbox 3595 2756 3719 2819; x_wconf 76' lang='lat' dir='ltr'><strong>ﬁlo,</strong></span> 
     </span>
    </p>
   </div>
   <div class='ocr_carea' id='block_1_30' title="bbox 464 2844 3722 2916">
    <p class='ocr_par' dir='ltr' id='par_1_30' title="bbox 464 2844 3722 2916">
     <span class='ocr_line' id='line_1_30' title="bbox 464 2844 3722 2916; baseline 0.001 -21"><span class='ocrx_word' id='word_1_398' title='bbox 464 2844 931 2911; x_wconf 86' lang='lat' dir='ltr'><strong>quemadmodum</strong></span> <span class='ocrx_word' id='word_1_399' title='bbox 965 2845 1377 2916; x_wconf 80' lang='lat' dir='ltr'><strong>Papebrochius</strong></span> <span class='ocrx_word' id='word_1_400' title='bbox 1414 2848 1770 2908; x_wconf 85' lang='lat' dir='ltr'><strong>existimavit.</strong></span> <span class='ocrx_word' id='word_1_401' title='bbox 1803 2847 2091 2902; x_wconf 87' lang='lat' dir='ltr'><strong>habendus</strong></span> <span class='ocrx_word' id='word_1_402' title='bbox 2133 2857 2238 2901; x_wconf 82' lang='lat' dir='ltr'><strong>cst.</strong></span> <span class='ocrx_word' id='word_1_403' title='bbox 2272 2845 2429 2900; x_wconf 83' lang='lat' dir='ltr'><strong>Tunc</strong></span> <span class='ocrx_word' id='word_1_404' title='bbox 2465 2847 2752 2900; x_wconf 81' lang='lat' dir='ltr'><strong>enimvero</strong></span> <span class='ocrx_word' id='word_1_405' title='bbox 2787 2845 3022 2912; x_wconf 84' lang='lat' dir='ltr'><strong>primum</strong></span> <span class='ocrx_word' id='word_1_406' title='bbox 3060 2844 3291 2897; x_wconf 83' lang='lat' dir='ltr'><strong>nuntius</strong></span> <span class='ocrx_word' id='word_1_407' title='bbox 3329 2844 3395 2897; x_wconf 87' lang='lat' dir='ltr'><strong>ad</strong></span> <span class='ocrx_word' id='word_1_408' title='bbox 3425 2844 3722 2898; x_wconf 85' lang='lat' dir='ltr'><strong>exarcbum</strong></span> 
     </span>
    </p>
   </div>
   <div class='ocr_carea' id='block_1_31' title="bbox 468 2931 3722 3007">
    <p class='ocr_par' dir='ltr' id='par_1_31' title="bbox 468 2931 3722 3007">
     <span class='ocr_line' id='line_1_31' title="bbox 468 2931 3722 3007; baseline 0.001 -23"><span class='ocrx_word' id='word_1_409' title='bbox 468 2933 794 2987; x_wconf 89' lang='lat' dir='ltr'><strong>mittebatur</strong></span> <span class='ocrx_word' id='word_1_410' title='bbox 834 2934 903 2987; x_wconf 89' lang='lat' dir='ltr'><strong>de</strong></span> <span class='ocrx_word' id='word_1_411' title='bbox 946 2934 1182 2989; x_wconf 87' lang='lat' dir='ltr'><strong>transitu</strong></span> <span class='ocrx_word' id='word_1_412' title='bbox 1230 2935 1512 2991; x_wconf 83' lang='lat' dir='ltr'><strong>Pontiﬁcis</strong></span> <span class='ocrx_word' id='word_1_413' title='bbox 1547 2935 1693 3005; x_wconf 89' lang='lat' dir='ltr'><strong>(cap.</strong></span> <span class='ocrx_word' id='word_1_414' title='bbox 1730 2938 1786 2997; x_wconf 75' lang='grc'><strong>2.</strong></span> <span class='ocrx_word' id='word_1_415' title='bbox 1828 2938 1912 2993; x_wconf 90' lang='lat' dir='ltr'><strong>tit.</strong></span> <span class='ocrx_word' id='word_1_416' title='bbox 1951 2936 2025 3003; x_wconf 85' lang='lat' dir='ltr'><strong>l).</strong></span> <span class='ocrx_word' id='word_1_417' title='bbox 2066 2936 2196 2990; x_wconf 85' lang='lat' dir='ltr'><strong>Post</strong></span> <span class='ocrx_word' id='word_1_418' title='bbox 2234 2936 2379 3007; x_wconf 87' lang='lat' dir='ltr'><strong>jusla</strong></span> <span class='ocrx_word' id='word_1_419' title='bbox 2424 2933 2688 2988; x_wconf 86' lang='lat' dir='ltr'><strong>defuncto</strong></span> <span class='ocrx_word' id='word_1_420' title='bbox 2719 2932 2970 2987; x_wconf 84' lang='lat' dir='ltr'><strong>Pontiﬁci</strong></span> <span class='ocrx_word' id='word_1_421' title='bbox 3008 2932 3309 2999; x_wconf 87' lang='lat' dir='ltr'><strong>persoluta.</strong></span> <span class='ocrx_word' id='word_1_422' title='bbox 3343 2931 3722 3002; x_wconf 71' lang='lat' dir='ltr'><strong>indictumque</strong></span> 
     </span>
    </p>
   </div>
   <div class='ocr_carea' id='block_1_32' title="bbox 470 3019 3722 3092">
    <p class='ocr_par' dir='ltr' id='par_1_32' title="bbox 470 3019 3722 3092">
     <span class='ocr_line' id='line_1_32' title="bbox 470 3019 3722 3092; baseline 0 -20"><span class='ocrx_word' id='word_1_423' title='bbox 470 3020 641 3074; x_wconf 89' lang='lat' dir='ltr'><strong>tridui</strong></span> <span class='ocrx_word' id='word_1_424' title='bbox 672 3020 967 3090; x_wconf 84' lang='lat' dir='ltr'><strong>jejunium,</strong></span> <span class='ocrx_word' id='word_1_425' title='bbox 997 3021 1181 3075; x_wconf 90' lang='lat' dir='ltr'><strong>clerus</strong></span> <span class='ocrx_word' id='word_1_426' title='bbox 1224 3037 1350 3076; x_wconf 91' lang='lat' dir='ltr'><strong>cum</strong></span> <span class='ocrx_word' id='word_1_427' title='bbox 1391 3024 1506 3077; x_wconf 87' lang='lat' dir='ltr'><strong>suis</strong></span> <span class='ocrx_word' id='word_1_428' title='bbox 1551 3024 1880 3092; x_wconf 84' lang='lat' dir='ltr'><strong>proceribus</strong></span> <span class='ocrx_word' id='word_1_429' title='bbox 1920 3036 2296 3078; x_wconf 88' lang='lat' dir='ltr'><strong>successorem</strong></span> <span class='ocrx_word' id='word_1_430' title='bbox 2332 3019 2592 3091; x_wconf 88' lang='lat' dir='ltr'><strong>eligebat.</strong></span> <span class='ocrx_word' id='word_1_431' title='bbox 2621 3020 3101 3074; x_wconf 80' lang='lat' dir='ltr'><strong>consentientibus</strong></span> <span class='ocrx_word' id='word_1_432' title='bbox 3132 3019 3499 3088; x_wconf 85' lang='lat' dir='ltr'><strong>optimatibus</strong></span> <span class='ocrx_word' id='word_1_433' title='bbox 3531 3034 3597 3073; x_wconf 86' lang='lat' dir='ltr'><strong>ac</strong></span> <span class='ocrx_word' id='word_1_434' title='bbox 3622 3035 3722 3088; x_wconf 83' lang='lat' dir='ltr'><strong>po-</strong></span> 
     </span>
    </p>
   </div>
   <div class='ocr_carea' id='block_1_33' title="bbox 468 3106 3724 3179">
    <p class='ocr_par' dir='ltr' id='par_1_33' title="bbox 468 3106 3724 3179">
     <span class='ocr_line' id='line_1_33' title="bbox 468 3106 3724 3179; baseline 0 -19"><span class='ocrx_word' id='word_1_435' title='bbox 468 3108 635 3179; x_wconf 86' lang='lat' dir='ltr'><strong>pulo,</strong></span> <span class='ocrx_word' id='word_1_436' title='bbox 671 3116 786 3161; x_wconf 90' lang='lat' dir='ltr'><strong>tum</strong></span> <span class='ocrx_word' id='word_1_437' title='bbox 816 3106 1165 3162; x_wconf 86' lang='lat' dir='ltr'><strong>condebatnr</strong></span> <span class='ocrx_word' id='word_1_438' title='bbox 1195 3108 1486 3163; x_wconf 84' lang='lat' dir='ltr'><strong>electionis</strong></span> <span class='ocrx_word' id='word_1_439' title='bbox 1519 3109 1825 3176; x_wconf 83' lang='lat' dir='ltr'><strong>decretum,</strong></span> <span class='ocrx_word' id='word_1_440' title='bbox 1854 3110 2003 3179; x_wconf 89' lang='lat' dir='ltr'><strong>quod</strong></span> <span class='ocrx_word' id='word_1_441' title='bbox 2049 3110 2213 3165; x_wconf 87' lang='lat' dir='ltr'><strong>iidem</strong></span> <span class='ocrx_word' id='word_1_442' title='bbox 2245 3124 2464 3179; x_wconf 86' lang='lat' dir='ltr'><strong>quoque</strong></span> <span class='ocrx_word' id='word_1_443' title='bbox 2494 3109 2791 3176; x_wconf 87' lang='lat' dir='ltr'><strong>optimates</strong></span> <span class='ocrx_word' id='word_1_444' title='bbox 2820 3116 2875 3161; x_wconf 90' lang='lat' dir='ltr'><strong>et</strong></span> <span class='ocrx_word' id='word_1_445' title='bbox 2906 3106 3112 3162; x_wconf 88' lang='lat' dir='ltr'><strong>milites</strong></span> <span class='ocrx_word' id='word_1_446' title='bbox 3140 3122 3265 3161; x_wconf 89' lang='lat' dir='ltr'><strong>cum</strong></span> <span class='ocrx_word' id='word_1_447' title='bbox 3299 3108 3452 3161; x_wconf 89' lang='lat' dir='ltr'><strong>clero</strong></span> <span class='ocrx_word' id='word_1_448' title='bbox 3482 3107 3724 3163; x_wconf 85' lang='lat' dir='ltr'><strong>subscri-</strong></span> 
     </span>
    </p>
   </div>
   <div class='ocr_carea' id='block_1_34' title="bbox 470 3192 3722 3266">
    <p class='ocr_par' dir='ltr' id='par_1_34' title="bbox 470 3192 3722 3266">
     <span class='ocr_line' id='line_1_34' title="bbox 470 3192 3722 3266; baseline -0.002 -15"><span class='ocrx_word' id='word_1_449' title='bbox 470 3192 675 3251; x_wconf 83' lang='lat' dir='ltr'><strong>bebant</strong></span> <span class='ocrx_word' id='word_1_450' title='bbox 701 3194 813 3265; x_wconf 89' lang='lat' dir='ltr'><strong>(tit.</strong></span> <span class='ocrx_word' id='word_1_451' title='bbox 842 3195 922 3266; x_wconf 74' lang='grc'><strong>2).</strong></span> <span class='ocrx_word' id='word_1_452' title='bbox 958 3193 1034 3250; x_wconf 89' lang='lat' dir='ltr'><strong>De</strong></span> <span class='ocrx_word' id='word_1_453' title='bbox 1059 3195 1333 3251; x_wconf 84' lang='lat' dir='ltr'><strong>electione</strong></span> <span class='ocrx_word' id='word_1_454' title='bbox 1364 3211 1488 3251; x_wconf 89' lang='lat' dir='ltr'><strong>mox</strong></span> <span class='ocrx_word' id='word_1_455' title='bbox 1520 3198 1864 3253; x_wconf 87' lang='lat' dir='ltr'><strong>referebatur</strong></span> <span class='ocrx_word' id='word_1_456' title='bbox 1891 3199 1957 3253; x_wconf 88' lang='lat' dir='ltr'><strong>ad</strong></span> <span class='ocrx_word' id='word_1_457' title='bbox 1988 3199 2289 3254; x_wconf 86' lang='lat' dir='ltr'><strong>exarcbum</strong></span> <span class='ocrx_word' id='word_1_458' title='bbox 2327 3197 2604 3251; x_wconf 71' lang='lat' dir='ltr'><strong>Ravennae</strong></span> <span class='ocrx_word' id='word_1_459' title='bbox 2634 3211 2758 3251; x_wconf 91' lang='lat' dir='ltr'><strong>cum</strong></span> <span class='ocrx_word' id='word_1_460' title='bbox 2790 3194 3071 3265; x_wconf 88' lang='lat' dir='ltr'><strong>precibus.</strong></span> <span class='ocrx_word' id='word_1_461' title='bbox 3106 3203 3166 3249; x_wconf 93' lang='lat' dir='ltr'><strong>ut</strong></span> <span class='ocrx_word' id='word_1_462' title='bbox 3194 3194 3523 3249; x_wconf 88' lang='lat' dir='ltr'><strong>electionem</strong></span> <span class='ocrx_word' id='word_1_463' title='bbox 3570 3193 3722 3264; x_wconf 86' lang='lat' dir='ltr'><strong>priu-</strong></span> 
     </span>
    </p>
   </div>
   <div class='ocr_carea' id='block_1_35' title="bbox 470 3282 3723 3356">
    <p class='ocr_par' dir='ltr' id='par_1_35' title="bbox 470 3282 3723 3356">
     <span class='ocr_line' id='line_1_35' title="bbox 470 3282 3723 3356; baseline -0.002 -17"><span class='ocrx_word' id='word_1_464' title='bbox 470 3283 613 3355; x_wconf 85' lang='lat' dir='ltr'><strong>cipis</strong></span> <span class='ocrx_word' id='word_1_465' title='bbox 638 3284 862 3340; x_wconf 90' lang='lat' dir='ltr'><strong>nomine</strong></span> <span class='ocrx_word' id='word_1_466' title='bbox 891 3284 1245 3340; x_wconf 89' lang='lat' dir='ltr'><strong>conﬁrmaret</strong></span> <span class='ocrx_word' id='word_1_467' title='bbox 1276 3284 1385 3355; x_wconf 90' lang='lat' dir='ltr'><strong>(tit.</strong></span> <span class='ocrx_word' id='word_1_468' title='bbox 1416 3285 1492 3356; x_wconf 74' lang='grc'><strong>4).</strong></span> <span class='ocrx_word' id='word_1_469' title='bbox 1525 3285 1640 3352; x_wconf 86' lang='lat' dir='ltr'><strong>Qua</strong></span> <span class='ocrx_word' id='word_1_470' title='bbox 1673 3288 1837 3342; x_wconf 76' lang='lat' dir='ltr'><strong>etiam</strong></span> <span class='ocrx_word' id='word_1_471' title='bbox 1862 3286 1930 3341; x_wconf 89' lang='lat' dir='ltr'><strong>de</strong></span> <span class='ocrx_word' id='word_1_472' title='bbox 1957 3302 2123 3343; x_wconf 87' lang='lat' dir='ltr'><strong>causa</strong></span> <span class='ocrx_word' id='word_1_473' title='bbox 2152 3284 2498 3341; x_wconf 88' lang='lat' dir='ltr'><strong>scribebatur</strong></span> <span class='ocrx_word' id='word_1_474' title='bbox 2531 3282 2598 3337; x_wconf 88' lang='lat' dir='ltr'><strong>ad</strong></span> <span class='ocrx_word' id='word_1_475' title='bbox 2621 3282 2860 3353; x_wconf 85' lang='lat' dir='ltr'><strong>judices,</strong></span> <span class='ocrx_word' id='word_1_476' title='bbox 2891 3282 3392 3352; x_wconf 87' lang='lat' dir='ltr'><strong>archiepiscopum,</strong></span> <span class='ocrx_word' id='word_1_477' title='bbox 3425 3291 3482 3336; x_wconf 89' lang='lat' dir='ltr'><strong>et</strong></span> <span class='ocrx_word' id='word_1_478' title='bbox 3511 3282 3723 3351; x_wconf 85' lang='lat' dir='ltr'><strong>apocri-</strong></span> 
     </span>
    </p>
   </div>
   <div class='ocr_carea' id='block_1_36' title="bbox 471 3368 3720 3442">
    <p class='ocr_par' dir='ltr' id='par_1_36' title="bbox 471 3368 3720 3442">
     <span class='ocr_line' id='line_1_36' title="bbox 471 3368 3720 3442; baseline -0.002 -15"><span class='ocrx_word' id='word_1_479' title='bbox 471 3370 704 3427; x_wconf 84' lang='lat' dir='ltr'><strong>siarium</strong></span> <span class='ocrx_word' id='word_1_480' title='bbox 739 3370 1034 3431; x_wconf 71' lang='lat' dir='ltr'><strong>Ravennae.</strong></span> <span class='ocrx_word' id='word_1_481' title='bbox 1072 3372 1311 3442; x_wconf 79' lang='lat' dir='ltr'><strong>Accepta</strong></span> <span class='ocrx_word' id='word_1_482' title='bbox 1351 3372 1773 3429; x_wconf 85' lang='lat' dir='ltr'><strong>conﬁrmatione</strong></span> <span class='ocrx_word' id='word_1_483' title='bbox 1815 3373 2027 3430; x_wconf 89' lang='lat' dir='ltr'><strong>electus</strong></span> <span class='ocrx_word' id='word_1_484' title='bbox 2071 3372 2305 3428; x_wconf 88' lang='lat' dir='ltr'><strong>solemni</strong></span> <span class='ocrx_word' id='word_1_485' title='bbox 2349 3371 2459 3425; x_wconf 89' lang='lat' dir='ltr'><strong>ritu</strong></span> <span class='ocrx_word' id='word_1_486' title='bbox 2489 3370 2555 3424; x_wconf 91' lang='lat' dir='ltr'><strong>ad</strong></span> <span class='ocrx_word' id='word_1_487' title='bbox 2590 3370 2998 3425; x_wconf 86' lang='lat' dir='ltr'><strong>confessionem</strong></span> <span class='ocrx_word' id='word_1_488' title='bbox 3044 3368 3103 3424; x_wconf 91' lang='lat' dir='ltr'><strong>S.</strong></span> <span class='ocrx_word' id='word_1_489' title='bbox 3134 3369 3281 3424; x_wconf 86' lang='lat' dir='ltr'><strong>Petri</strong></span> <span class='ocrx_word' id='word_1_490' title='bbox 3323 3368 3720 3433; x_wconf 85' lang='lat' dir='ltr'><strong>deducebatur,</strong></span> 
     </span>
    </p>
   </div>
   <div class='ocr_carea' id='block_1_37' title="bbox 470 3454 3723 3533">
    <p class='ocr_par' dir='ltr' id='par_1_37' title="bbox 470 3454 3723 3533">
     <span class='ocr_line' id='line_1_37' title="bbox 470 3454 3723 3533; baseline -0.002 -17"><span class='ocrx_word' id='word_1_491' title='bbox 470 3461 662 3531; x_wconf 85' lang='lat' dir='ltr'><strong>ibique</strong></span> <span class='ocrx_word' id='word_1_492' title='bbox 686 3459 933 3516; x_wconf 88' lang='lat' dir='ltr'><strong>nondum</strong></span> <span class='ocrx_word' id='word_1_493' title='bbox 961 3459 1252 3516; x_wconf 89' lang='lat' dir='ltr'><strong>ordinatus</strong></span> <span class='ocrx_word' id='word_1_494' title='bbox 1278 3454 1348 3515; x_wconf 81' lang='lat' dir='ltr'><strong>ad</strong></span> <span class='ocrx_word' id='word_1_495' title='bbox 1377 3475 1578 3532; x_wconf 90' lang='lat' dir='ltr'><strong>corpus</strong></span> <span class='ocrx_word' id='word_1_496' title='bbox 1608 3461 1985 3531; x_wconf 90' lang='lat' dir='ltr'><strong>apostolorum</strong></span> <span class='ocrx_word' id='word_1_497' title='bbox 2019 3460 2285 3533; x_wconf 89' lang='lat' dir='ltr'><strong>principis</strong></span> <span class='ocrx_word' id='word_1_498' title='bbox 2314 3458 2679 3530; x_wconf 88' lang='lat' dir='ltr'><strong>proﬁtebatur</strong></span> <span class='ocrx_word' id='word_1_499' title='bbox 2705 3456 2869 3513; x_wconf 87' lang='lat' dir='ltr'><strong>ﬁdem</strong></span> <span class='ocrx_word' id='word_1_500' title='bbox 2895 3458 3006 3527; x_wconf 88' lang='lat' dir='ltr'><strong>(tit.</strong></span> <span class='ocrx_word' id='word_1_501' title='bbox 3038 3457 3130 3529; x_wconf 72' lang='lat'><strong>10)</strong></span> <span class='ocrx_word' id='word_1_502' title='bbox 3157 3476 3171 3511; x_wconf 90' lang='lat'><strong>:</strong></span> <span class='ocrx_word' id='word_1_503' title='bbox 3205 3472 3333 3511; x_wconf 89' lang='lat' dir='ltr'><strong>mox</strong></span> <span class='ocrx_word' id='word_1_504' title='bbox 3361 3458 3723 3513; x_wconf 87' lang='lat' dir='ltr'><strong>ordinabatur</strong></span> 
     </span>
    </p>
   </div>
   <div class='ocr_carea' id='block_1_38' title="bbox 468 3546 3716 3619">
    <p class='ocr_par' dir='ltr' id='par_1_38' title="bbox 468 3546 3716 3619">
     <span class='ocr_line' id='line_1_38' title="bbox 468 3546 3716 3619; baseline -0.002 -14"><span class='ocrx_word' id='word_1_505' title='bbox 468 3549 584 3618; x_wconf 87' lang='lat' dir='ltr'><strong>(tit.</strong></span> <span class='ocrx_word' id='word_1_506' title='bbox 617 3548 696 3617; x_wconf 88' lang='lat'><strong>9),</strong></span> <span class='ocrx_word' id='word_1_507' title='bbox 728 3556 893 3619; x_wconf 84' lang='lat' dir='ltr'><strong>atque</strong></span> <span class='ocrx_word' id='word_1_508' title='bbox 937 3547 1228 3603; x_wconf 87' lang='lat' dir='ltr'><strong>ordinatus</strong></span> <span class='ocrx_word' id='word_1_509' title='bbox 1271 3546 1472 3602; x_wconf 89' lang='lat' dir='ltr'><strong>iterum</strong></span> <span class='ocrx_word' id='word_1_510' title='bbox 1518 3549 1769 3603; x_wconf 86' lang='lat' dir='ltr'><strong>eamdem</strong></span> <span class='ocrx_word' id='word_1_511' title='bbox 1816 3550 1980 3603; x_wconf 89' lang='lat' dir='ltr'><strong>ﬁdem</strong></span> <span class='ocrx_word' id='word_1_512' title='bbox 2013 3549 2325 3618; x_wconf 83' lang='lat' dir='ltr'><strong>exponebat</strong></span> <span class='ocrx_word' id='word_1_513' title='bbox 2364 3548 2475 3615; x_wconf 89' lang='lat' dir='ltr'><strong>(tit.</strong></span> <span class='ocrx_word' id='word_1_514' title='bbox 2509 3546 2634 3616; x_wconf 88' lang='lat' dir='ltr'><strong>l0);</strong></span> <span class='ocrx_word' id='word_1_515' title='bbox 2688 3547 2928 3616; x_wconf 88' lang='lat' dir='ltr'><strong>denique</strong></span> <span class='ocrx_word' id='word_1_516' title='bbox 2967 3546 3037 3601; x_wconf 89' lang='lat' dir='ltr'><strong>de</strong></span> <span class='ocrx_word' id='word_1_517' title='bbox 3099 3547 3207 3601; x_wconf 89' lang='lat' dir='ltr'><strong>ﬁde</strong></span> <span class='ocrx_word' id='word_1_518' title='bbox 3268 3547 3592 3601; x_wconf 88' lang='lat' dir='ltr'><strong>concionem</strong></span> <span class='ocrx_word' id='word_1_519' title='bbox 3660 3546 3716 3601; x_wconf 88' lang='lat' dir='ltr'><strong>in</strong></span> 
     </span>
    </p>
   </div>
   <div class='ocr_carea' id='block_1_39' title="bbox 475 3634 3722 3707">
    <p class='ocr_par' dir='ltr' id='par_1_39' title="bbox 475 3634 3722 3707">
     <span class='ocr_line' id='line_1_39' title="bbox 475 3634 3722 3707; baseline -0.001 -14"><span class='ocrx_word' id='word_1_520' title='bbox 475 3634 625 3693; x_wconf 87' lang='lat' dir='ltr'><strong>Urbe</strong></span> <span class='ocrx_word' id='word_1_521' title='bbox 652 3636 908 3703; x_wconf 84' lang='lat' dir='ltr'><strong>habebat,</strong></span> <span class='ocrx_word' id='word_1_522' title='bbox 935 3645 991 3692; x_wconf 89' lang='lat' dir='ltr'><strong>et</strong></span> <span class='ocrx_word' id='word_1_523' title='bbox 1014 3637 1081 3690; x_wconf 85' lang='lat' dir='ltr'><strong>ad</strong></span> <span class='ocrx_word' id='word_1_524' title='bbox 1111 3636 1429 3692; x_wconf 88' lang='lat' dir='ltr'><strong>universam</strong></span> <span class='ocrx_word' id='word_1_525' title='bbox 1463 3634 1558 3691; x_wconf 86' lang='lat' dir='ltr'><strong>Dei</strong></span> <span class='ocrx_word' id='word_1_526' title='bbox 1585 3636 1888 3691; x_wconf 84' lang='lat' dir='ltr'><strong>Ecclesiam</strong></span> <span class='ocrx_word' id='word_1_527' title='bbox 1918 3637 2171 3693; x_wconf 89' lang='lat' dir='ltr'><strong>mittebat</strong></span> <span class='ocrx_word' id='word_1_528' title='bbox 2198 3638 2345 3707; x_wconf 90' lang='lat' dir='ltr'><strong>(eod.</strong></span> <span class='ocrx_word' id='word_1_529' title='bbox 2374 3637 2462 3691; x_wconf 91' lang='lat' dir='ltr'><strong>tit.</strong></span> <span class='ocrx_word' id='word_1_530' title='bbox 2492 3636 2603 3705; x_wconf 74' lang='lat'><strong>10).</strong></span> <span class='ocrx_word' id='word_1_531' title='bbox 2637 3636 2706 3692; x_wconf 81' lang='lat' dir='ltr'><strong>At</strong></span> <span class='ocrx_word' id='word_1_532' title='bbox 2731 3645 3021 3707; x_wconf 89' lang='lat' dir='ltr'><strong>postquam</strong></span> <span class='ocrx_word' id='word_1_533' title='bbox 3051 3652 3102 3693; x_wconf 89' lang='lat' dir='ltr'><strong>a.</strong></span> <span class='ocrx_word' id='word_1_534' title='bbox 3130 3636 3236 3691; x_wconf 72' lang='lat'><strong>682</strong></span> <span class='ocrx_word' id='word_1_535' title='bbox 3261 3635 3334 3691; x_wconf 91' lang='lat' dir='ltr'><strong>ob</strong></span> <span class='ocrx_word' id='word_1_536' title='bbox 3354 3638 3722 3693; x_wconf 83' lang='lat' dir='ltr'><strong>exarcborum</strong></span> 
     </span>
    </p>
   </div>
   <div class='ocr_carea' id='block_1_40' title="bbox 475 3722 3723 3796">
    <p class='ocr_par' dir='ltr' id='par_1_40' title="bbox 475 3722 3723 3796">
     <span class='ocr_line' id='line_1_40' title="bbox 475 3722 3723 3796; baseline 0.001 -16"><span class='ocrx_word' id='word_1_537' title='bbox 475 3724 824 3794; x_wconf 86' lang='lat' dir='ltr'><strong>tyrannidem</strong></span> <span class='ocrx_word' id='word_1_538' title='bbox 868 3723 1266 3780; x_wconf 89' lang='lat' dir='ltr'><strong>Constantinus</strong></span> <span class='ocrx_word' id='word_1_539' title='bbox 1316 3722 1631 3796; x_wconf 84' lang='lat' dir='ltr'><strong>Pogonatus</strong></span> <span class='ocrx_word' id='word_1_540' title='bbox 1673 3724 1840 3796; x_wconf 87' lang='lat' dir='ltr'><strong>jussit</strong></span> <span class='ocrx_word' id='word_1_541' title='bbox 1885 3724 2168 3781; x_wconf 89' lang='lat' dir='ltr'><strong>decretum</strong></span> <span class='ocrx_word' id='word_1_542' title='bbox 2217 3724 2510 3780; x_wconf 89' lang='lat' dir='ltr'><strong>electionis</strong></span> <span class='ocrx_word' id='word_1_543' title='bbox 2554 3725 2699 3779; x_wconf 90' lang='lat' dir='ltr'><strong>mitti</strong></span> <span class='ocrx_word' id='word_1_544' title='bbox 2744 3725 2811 3779; x_wconf 89' lang='lat' dir='ltr'><strong>ad</strong></span> <span class='ocrx_word' id='word_1_545' title='bbox 2860 3725 3082 3795; x_wconf 78' lang='lat' dir='ltr'><strong>Regiam</strong></span> <span class='ocrx_word' id='word_1_546' title='bbox 3109 3724 3354 3791; x_wconf 46' lang='lat' dir='ltr'><strong>.Urbem.</strong></span> <span class='ocrx_word' id='word_1_547' title='bbox 3397 3726 3723 3782; x_wconf 86' lang='lat' dir='ltr'><strong>obsolevere</strong></span> 
     </span>
    </p>
   </div>
   <div class='ocr_carea' id='block_1_41' title="bbox 476 3811 3717 3883">
    <p class='ocr_par' dir='ltr' id='par_1_41' title="bbox 476 3811 3717 3883">
     <span class='ocr_line' id='line_1_41' title="bbox 476 3811 3717 3883; baseline -0 -14"><span class='ocrx_word' id='word_1_548' title='bbox 476 3813 678 3869; x_wconf 72' lang='lat' dir='ltr'><strong>litterae</strong></span> <span class='ocrx_word' id='word_1_549' title='bbox 703 3812 769 3867; x_wconf 83' lang='lat' dir='ltr'><strong>ad</strong></span> <span class='ocrx_word' id='word_1_550' title='bbox 802 3813 1127 3881; x_wconf 75' lang='lat' dir='ltr'><strong>exercitum,</strong></span> <span class='ocrx_word' id='word_1_551' title='bbox 1159 3822 1502 3883; x_wconf 66' lang='lat' dir='ltr'><strong>canorosque</strong></span> <span class='ocrx_word' id='word_1_552' title='bbox 1536 3813 1913 3878; x_wconf 78' lang='lat' dir='ltr'><strong>Ravennates,</strong></span> <span class='ocrx_word' id='word_1_553' title='bbox 1940 3823 1996 3869; x_wconf 90' lang='lat' dir='ltr'><strong>et</strong></span> <span class='ocrx_word' id='word_1_554' title='bbox 2022 3814 2218 3868; x_wconf 89' lang='lat' dir='ltr'><strong>relatio</strong></span> <span class='ocrx_word' id='word_1_555' title='bbox 2243 3829 2308 3867; x_wconf 82' lang='lat' dir='ltr'><strong>cx</strong></span> <span class='ocrx_word' id='word_1_556' title='bbox 2342 3813 2516 3868; x_wconf 88' lang='lat' dir='ltr'><strong>veteri</strong></span> <span class='ocrx_word' id='word_1_557' title='bbox 2550 3827 2703 3867; x_wconf 89' lang='lat' dir='ltr'><strong>more</strong></span> <span class='ocrx_word' id='word_1_558' title='bbox 2731 3812 2795 3866; x_wconf 88' lang='lat' dir='ltr'><strong>ad</strong></span> <span class='ocrx_word' id='word_1_559' title='bbox 2826 3812 3129 3881; x_wconf 88' lang='lat' dir='ltr'><strong>principem</strong></span> <span class='ocrx_word' id='word_1_560' title='bbox 3164 3811 3307 3866; x_wconf 89' lang='lat' dir='ltr'><strong>mitti</strong></span> <span class='ocrx_word' id='word_1_561' title='bbox 3339 3814 3541 3882; x_wconf 73' lang='lat' dir='ltr'><strong>erepit;</strong></span> <span class='ocrx_word' id='word_1_562' title='bbox 3575 3816 3717 3882; x_wconf 83' lang='lat' dir='ltr'><strong>quod</strong></span> 
     </span>
    </p>
   </div>
   <div class='ocr_carea' id='block_1_42' title="bbox 477 3896 3723 3970">
    <p class='ocr_par' dir='ltr' id='par_1_42' title="bbox 477 3896 3723 3970">
     <span class='ocr_line' id='line_1_42' title="bbox 477 3896 3723 3970; baseline 0.001 -17"><span class='ocrx_word' id='word_1_563' title='bbox 477 3899 533 3953; x_wconf 88' lang='lat' dir='ltr'><strong>in</strong></span> <span class='ocrx_word' id='word_1_564' title='bbox 564 3896 846 3952; x_wconf 86' lang='lat' dir='ltr'><strong>Benedicti</strong></span> <span class='ocrx_word' id='word_1_565' title='bbox 876 3897 920 3951; x_wconf 90' lang='lat' dir='ltr'><strong>ll</strong></span> <span class='ocrx_word' id='word_1_566' title='bbox 952 3900 1224 3954; x_wconf 86' lang='lat' dir='ltr'><strong>electione</strong></span> <span class='ocrx_word' id='word_1_567' title='bbox 1254 3915 1308 3957; x_wconf 86' lang='lat' dir='ltr'><strong>a.</strong></span> <span class='ocrx_word' id='word_1_568' title='bbox 1369 3900 1473 3956; x_wconf 70' lang='grc'><strong>684</strong></span> <span class='ocrx_word' id='word_1_569' title='bbox 1520 3909 1803 3955; x_wconf 86' lang='lat' dir='ltr'><strong>servatum</strong></span> <span class='ocrx_word' id='word_1_570' title='bbox 1844 3900 1966 3955; x_wconf 91' lang='lat' dir='ltr'><strong>fuit.</strong></span> <span class='ocrx_word' id='word_1_571' title='bbox 1998 3900 2201 3956; x_wconf 82' lang='lat' dir='ltr'><strong>Verum</strong></span> <span class='ocrx_word' id='word_1_572' title='bbox 2234 3916 2382 3955; x_wconf 89' lang='lat' dir='ltr'><strong>unus</strong></span> <span class='ocrx_word' id='word_1_573' title='bbox 2412 3901 2501 3955; x_wconf 88' lang='lat' dir='ltr'><strong>hic</strong></span> <span class='ocrx_word' id='word_1_574' title='bbox 2538 3901 2666 3963; x_wconf 90' lang='lat' dir='ltr'><strong>fuit,</strong></span> <span class='ocrx_word' id='word_1_575' title='bbox 2698 3901 2854 3970; x_wconf 89' lang='lat' dir='ltr'><strong>cujus</strong></span> <span class='ocrx_word' id='word_1_576' title='bbox 2882 3899 3081 3955; x_wconf 84' lang='lat' dir='ltr'><strong>electio</strong></span> <span class='ocrx_word' id='word_1_577' title='bbox 3117 3899 3187 3954; x_wconf 90' lang='lat' dir='ltr'><strong>ab</strong></span> <span class='ocrx_word' id='word_1_578' title='bbox 3232 3900 3563 3970; x_wconf 86' lang='lat' dir='ltr'><strong>imperatore</strong></span> <span class='ocrx_word' id='word_1_579' title='bbox 3597 3918 3723 3970; x_wconf 88' lang='lat' dir='ltr'><strong>pro-</strong></span> 
     </span>
    </p>
   </div>
   <div class='ocr_carea' id='block_1_43' title="bbox 477 3980 3722 4058">
    <p class='ocr_par' dir='ltr' id='par_1_43' title="bbox 477 3980 3722 4058">
     <span class='ocr_line' id='line_1_43' title="bbox 477 3980 3722 4058; baseline -0 -15"><span class='ocrx_word' id='word_1_580' title='bbox 477 3985 729 4043; x_wconf 86' lang='lat' dir='ltr'><strong>baretur.</strong></span> <span class='ocrx_word' id='word_1_581' title='bbox 768 3983 905 4040; x_wconf 81' lang='lat' dir='ltr'><strong>Nam</strong></span> <span class='ocrx_word' id='word_1_582' title='bbox 945 3980 1282 4041; x_wconf 76' lang='lat' dir='ltr'><strong>Benedictus</strong></span> <span class='ocrx_word' id='word_1_583' title='bbox 1322 3987 1439 4056; x_wconf 85' lang='lat' dir='ltr'><strong>ipse</strong></span> <span class='ocrx_word' id='word_1_584' title='bbox 1491 3989 1560 4043; x_wconf 88' lang='lat' dir='ltr'><strong>ab</strong></span> <span class='ocrx_word' id='word_1_585' title='bbox 1605 3989 1798 4043; x_wconf 86' lang='lat' dir='ltr'><strong>eodem</strong></span> <span class='ocrx_word' id='word_1_586' title='bbox 1838 3987 2205 4044; x_wconf 88' lang='lat' dir='ltr'><strong>Constantino</strong></span> <span class='ocrx_word' id='word_1_587' title='bbox 2250 3988 2447 4042; x_wconf 71' lang='lat' dir='ltr'><strong>divale:</strong></span> <span class='ocrx_word' id='word_1_588' title='bbox 2480 3988 2747 4056; x_wconf 75' lang='lat' dir='ltr'><strong>jussionrs</strong></span> <span class='ocrx_word' id='word_1_589' title='bbox 2785 3989 3035 4056; x_wconf 80' lang='lat' dir='ltr'><strong>suscepit,</strong></span> <span class='ocrx_word' id='word_1_590' title='bbox 3066 4004 3158 4057; x_wconf 81' lang='lat' dir='ltr'><strong>per</strong></span> <span class='ocrx_word' id='word_1_591' title='bbox 3193 4004 3320 4058; x_wconf 80' lang='lat' dir='ltr'><strong>quas</strong></span> <span class='ocrx_word' id='word_1_592' title='bbox 3350 3991 3629 4046; x_wconf 76' lang='lat' dir='ltr'><strong>concessit.</strong></span> <span class='ocrx_word' id='word_1_593' title='bbox 3669 4003 3722 4042; x_wconf 81' lang='lat' dir='ltr'><strong>tu</strong></span> 
     </span>
    </p>
   </div>
   <div class='ocr_carea' id='block_1_44' title="bbox 476 4073 3721 4147">
    <p class='ocr_par' dir='ltr' id='par_1_44' title="bbox 476 4073 3721 4147">
     <span class='ocr_line' id='line_1_44' title="bbox 476 4073 3721 4147; baseline 0.001 -19"><span class='ocrx_word' id='word_1_594' title='bbox 476 4074 858 4146; x_wconf 27' lang='lat' dir='ltr'><strong>persona,.qui</strong></span> <span class='ocrx_word' id='word_1_595' title='bbox 883 4073 1079 4128; x_wconf 85' lang='lat' dir='ltr'><strong>electus</strong></span> <span class='ocrx_word' id='word_1_596' title='bbox 1112 4074 1275 4145; x_wconf 74' lang='lat' dir='ltr'><strong>fuerit</strong></span> <span class='ocrx_word' id='word_1_597' title='bbox 1300 4079 1370 4127; x_wconf 84' lang='lat' dir='ltr'><strong>ad</strong></span> <span class='ocrx_word' id='word_1_598' title='bbox 1390 4074 1565 4128; x_wconf 83' lang='lat' dir='ltr'><strong>sedem</strong></span> <span class='ocrx_word' id='word_1_599' title='bbox 1597 4076 1965 4145; x_wconf 82' lang='lat' dir='ltr'><strong>apostolicum,</strong></span> <span class='ocrx_word' id='word_1_600' title='bbox 1995 4093 2022 4130; x_wconf 88' lang='lat' dir='ltr'><strong>e</strong></span> <span class='ocrx_word' id='word_1_601' title='bbox 2051 4078 2266 4147; x_wconf 75' lang='lat' dir='ltr'><strong>vestigio</strong></span> <span class='ocrx_word' id='word_1_602' title='bbox 2296 4077 2488 4146; x_wconf 82' lang='lat' dir='ltr'><strong>absque</strong></span> <span class='ocrx_word' id='word_1_603' title='bbox 2517 4076 2766 4130; x_wconf 84' lang='lat' dir='ltr'><strong>tarditate</strong></span> <span class='ocrx_word' id='word_1_604' title='bbox 2794 4078 3087 4130; x_wconf 84' lang='lat' dir='ltr'><strong>ordinetur.</strong></span> <span class='ocrx_word' id='word_1_605' title='bbox 3126 4076 3264 4131; x_wconf 73' lang='lat' dir='ltr'><strong>[line</strong></span> <span class='ocrx_word' id='word_1_606' title='bbox 3290 4084 3475 4130; x_wconf 84' lang='lat' dir='ltr'><strong>autem</strong></span> <span class='ocrx_word' id='word_1_607' title='bbox 3502 4079 3721 4130; x_wconf 62' lang='lat' dir='ltr'><strong>ceteris</strong></span> 
     </span>
    </p>
   </div>
   <div class='ocr_carea' id='block_1_45' title="bbox 478 4161 3721 4233">
    <p class='ocr_par' dir='ltr' id='par_1_45' title="bbox 478 4161 3721 4233">
     <span class='ocr_line' id='line_1_45' title="bbox 478 4161 3721 4233; baseline -0 -15"><span class='ocrx_word' id='word_1_608' title='bbox 478 4163 738 4218; x_wconf 83' lang='lat' dir='ltr'><strong>formulis</strong></span> <span class='ocrx_word' id='word_1_609' title='bbox 765 4161 992 4218; x_wconf 80' lang='lat' dir='ltr'><strong>abolitis</strong></span> <span class='ocrx_word' id='word_1_610' title='bbox 1021 4172 1148 4233; x_wconf 86' lang='lat' dir='ltr'><strong>post</strong></span> <span class='ocrx_word' id='word_1_611' title='bbox 1176 4163 1442 4218; x_wconf 84' lang='lat' dir='ltr'><strong>decretum</strong></span> <span class='ocrx_word' id='word_1_612' title='bbox 1469 4163 1533 4217; x_wconf 86' lang='lat' dir='ltr'><strong>de</strong></span> <span class='ocrx_word' id='word_1_613' title='bbox 1562 4165 1810 4217; x_wconf 80' lang='lat' dir='ltr'><strong>electione</strong></span> <span class='ocrx_word' id='word_1_614' title='bbox 1839 4180 1981 4219; x_wconf 92' lang='lat' dir='ltr'><strong>unus</strong></span> <span class='ocrx_word' id='word_1_615' title='bbox 2008 4164 2380 4220; x_wconf 86' lang='lat' dir='ltr'><strong>ordinationis</strong></span> <span class='ocrx_word' id='word_1_616' title='bbox 2409 4165 2546 4219; x_wconf 81' lang='lat' dir='ltr'><strong>ritus</strong></span> <span class='ocrx_word' id='word_1_617' title='bbox 2576 4163 2814 4217; x_wconf 87' lang='lat' dir='ltr'><strong>obtinuit</strong></span> <span class='ocrx_word' id='word_1_618' title='bbox 2844 4179 2969 4219; x_wconf 88' lang='lat' dir='ltr'><strong>cum</strong></span> <span class='ocrx_word' id='word_1_619' title='bbox 3003 4164 3181 4219; x_wconf 90' lang='lat' dir='ltr'><strong>tribus</strong></span> <span class='ocrx_word' id='word_1_620' title='bbox 3213 4163 3333 4217; x_wconf 86' lang='lat' dir='ltr'><strong>ﬁdei</strong></span> <span class='ocrx_word' id='word_1_621' title='bbox 3364 4163 3721 4233; x_wconf 82' lang='lat' dir='ltr'><strong>professioni-</strong></span> 
     </span>
    </p>
   </div>
   <div class='ocr_carea' id='block_1_46' title="bbox 478 4250 3719 4321">
    <p class='ocr_par' dir='ltr' id='par_1_46' title="bbox 478 4250 3719 4321">
     <span class='ocr_line' id='line_1_46' title="bbox 478 4250 3719 4321; baseline -0.001 -15"><span class='ocrx_word' id='word_1_622' title='bbox 478 4252 607 4316; x_wconf 88' lang='lat' dir='ltr'><strong>bus,</strong></span> <span class='ocrx_word' id='word_1_623' title='bbox 638 4266 778 4320; x_wconf 87' lang='lat' dir='ltr'><strong>quas</strong></span> <span class='ocrx_word' id='word_1_624' title='bbox 817 4265 985 4321; x_wconf 86' lang='lat' dir='ltr'><strong>supra</strong></span> <span class='ocrx_word' id='word_1_625' title='bbox 1033 4250 1419 4309; x_wconf 81' lang='lat' dir='ltr'><strong>indicavimus.</strong></span> <span class='ocrx_word' id='word_1_626' title='bbox 1466 4250 1655 4321; x_wconf 83' lang='lat' dir='ltr'><strong>Neque</strong></span> <span class='ocrx_word' id='word_1_627' title='bbox 1697 4252 2070 4309; x_wconf 88' lang='lat' dir='ltr'><strong>omittendum</strong></span> <span class='ocrx_word' id='word_1_628' title='bbox 2125 4254 2225 4307; x_wconf 89' lang='lat' dir='ltr'><strong>has</strong></span> <span class='ocrx_word' id='word_1_629' title='bbox 2272 4250 2421 4320; x_wconf 89' lang='lat' dir='ltr'><strong>ipsas</strong></span> <span class='ocrx_word' id='word_1_630' title='bbox 2467 4250 2592 4304; x_wconf 87' lang='lat' dir='ltr'><strong>ﬁdei</strong></span> <span class='ocrx_word' id='word_1_631' title='bbox 2624 4252 2998 4320; x_wconf 87' lang='lat' dir='ltr'><strong>professiones</strong></span> <span class='ocrx_word' id='word_1_632' title='bbox 3029 4260 3150 4321; x_wconf 92' lang='lat' dir='ltr'><strong>post</strong></span> <span class='ocrx_word' id='word_1_633' title='bbox 3185 4266 3389 4305; x_wconf 88' lang='lat' dir='ltr'><strong>annum</strong></span> <span class='ocrx_word' id='word_1_634' title='bbox 3421 4251 3525 4305; x_wconf 67' lang='grc'><strong>684</strong></span> <span class='ocrx_word' id='word_1_635' title='bbox 3552 4252 3719 4306; x_wconf 85' lang='lat' dir='ltr'><strong>fuisse</strong></span> 
     </span>
    </p>
   </div>
   <div class='ocr_carea' id='block_1_47' title="bbox 481 4338 3723 4411">
    <p class='ocr_par' dir='ltr' id='par_1_47' title="bbox 481 4338 3723 4411">
     <span class='ocr_line' id='line_1_47' title="bbox 481 4338 3723 4411; baseline -0 -17"><span class='ocrx_word' id='word_1_636' title='bbox 481 4340 722 4411; x_wconf 83' lang='lat' dir='ltr'><strong>primum</strong></span> <span class='ocrx_word' id='word_1_637' title='bbox 752 4347 850 4394; x_wconf 85' lang='lat' dir='ltr'><strong>aut</strong></span> <span class='ocrx_word' id='word_1_638' title='bbox 887 4351 1070 4401; x_wconf 81' lang='lat' dir='ltr'><strong>cusas,</strong></span> <span class='ocrx_word' id='word_1_639' title='bbox 1098 4348 1195 4395; x_wconf 86' lang='lat' dir='ltr'><strong>aut</strong></span> <span class='ocrx_word' id='word_1_640' title='bbox 1221 4338 1416 4395; x_wconf 78' lang='lat' dir='ltr'><strong>saltem</strong></span> <span class='ocrx_word' id='word_1_641' title='bbox 1443 4347 1784 4404; x_wconf 82' lang='lat' dir='ltr'><strong>retractatas,</strong></span> <span class='ocrx_word' id='word_1_642' title='bbox 1814 4356 1939 4395; x_wconf 92' lang='lat' dir='ltr'><strong>cum</strong></span> <span class='ocrx_word' id='word_1_643' title='bbox 1985 4341 2038 4395; x_wconf 91' lang='lat' dir='ltr'><strong>in</strong></span> <span class='ocrx_word' id='word_1_644' title='bbox 2082 4341 2190 4397; x_wconf 89' lang='lat' dir='ltr'><strong>illis</strong></span> <span class='ocrx_word' id='word_1_645' title='bbox 2225 4341 2366 4395; x_wconf 80' lang='lat' dir='ltr'><strong>sexti</strong></span> <span class='ocrx_word' id='word_1_646' title='bbox 2411 4338 2656 4404; x_wconf 83' lang='lat' dir='ltr'><strong>concilii,</strong></span> <span class='ocrx_word' id='word_1_647' title='bbox 2692 4339 2804 4392; x_wconf 88' lang='lat' dir='ltr'><strong>imo</strong></span> <span class='ocrx_word' id='word_1_648' title='bbox 2837 4350 2890 4393; x_wconf 90' lang='lat' dir='ltr'><strong>et</strong></span> <span class='ocrx_word' id='word_1_649' title='bbox 2930 4339 3171 4393; x_wconf 87' lang='lat' dir='ltr'><strong>defuncti</strong></span> <span class='ocrx_word' id='word_1_650' title='bbox 3213 4338 3474 4407; x_wconf 77' lang='lat' dir='ltr'><strong>Pogonati</strong></span> <span class='ocrx_word' id='word_1_651' title='bbox 3510 4342 3723 4394; x_wconf 83' lang='lat' dir='ltr'><strong>mentio</strong></span> 
     </span>
    </p>
   </div>
   <div class='ocr_carea' id='block_1_48' title="bbox 468 4426 3717 4501">
    <p class='ocr_par' dir='ltr' id='par_1_48' title="bbox 468 4426 3717 4501">
     <span class='ocr_line' id='line_1_48' title="bbox 468 4426 3717 4501; baseline 0.001 -19"><span class='ocrx_word' id='word_1_652' title='bbox 468 4428 786 4499; x_wconf 82' lang='lat' dir='ltr'><strong>injiciatur.</strong></span> <span class='ocrx_word' id='word_1_653' title='bbox 813 4426 965 4482; x_wconf 76' lang='lat' dir='ltr'><strong>lianc</strong></span> <span class='ocrx_word' id='word_1_654' title='bbox 987 4440 1169 4483; x_wconf 87' lang='lat' dir='ltr'><strong>autem</strong></span> <span class='ocrx_word' id='word_1_655' title='bbox 1197 4427 1457 4483; x_wconf 79' lang='lat' dir='ltr'><strong>ritualem</strong></span> <span class='ocrx_word' id='word_1_656' title='bbox 1485 4427 1776 4483; x_wconf 87' lang='lat' dir='ltr'><strong>ordinandi</strong></span> <span class='ocrx_word' id='word_1_657' title='bbox 1806 4429 2089 4485; x_wconf 82' lang='lat' dir='ltr'><strong>Pontiﬁcis</strong></span> <span class='ocrx_word' id='word_1_658' title='bbox 2115 4430 2465 4500; x_wconf 88' lang='lat' dir='ltr'><strong>disciplinam</strong></span> <span class='ocrx_word' id='word_1_659' title='bbox 2493 4428 2582 4484; x_wconf 78' lang='lat' dir='ltr'><strong>Vll</strong></span> <span class='ocrx_word' id='word_1_660' title='bbox 2612 4428 2800 4483; x_wconf 90' lang='lat' dir='ltr'><strong>adulto</strong></span> <span class='ocrx_word' id='word_1_661' title='bbox 2827 4431 3048 4493; x_wconf 63' lang='lat' dir='ltr'><strong>saeculo,</strong></span> <span class='ocrx_word' id='word_1_662' title='bbox 3096 4430 3207 4484; x_wconf 90' lang='lat' dir='ltr'><strong>imo</strong></span> <span class='ocrx_word' id='word_1_663' title='bbox 3235 4439 3291 4484; x_wconf 88' lang='lat' dir='ltr'><strong>et</strong></span> <span class='ocrx_word' id='word_1_664' title='bbox 3319 4446 3463 4484; x_wconf 92' lang='lat' dir='ltr'><strong>nono</strong></span> <span class='ocrx_word' id='word_1_665' title='bbox 3486 4431 3717 4501; x_wconf 81' lang='lat' dir='ltr'><strong>viguisse</strong></span> 
     </span>
    </p>
   </div>
   <div class='ocr_carea' id='block_1_49' title="bbox 475 4513 3716 4589">
    <p class='ocr_par' dir='ltr' id='par_1_49' title="bbox 475 4513 3716 4589">
     <span class='ocr_line' id='line_1_49' title="bbox 475 4513 3716 4589; baseline -0 -17"><span class='ocrx_word' id='word_1_666' title='bbox 475 4533 542 4572; x_wconf 80' lang='lat' dir='ltr'><strong>ea</strong></span> <span class='ocrx_word' id='word_1_667' title='bbox 594 4516 814 4581; x_wconf 82' lang='lat' dir='ltr'><strong>docent,</strong></span> <span class='ocrx_word' id='word_1_668' title='bbox 873 4531 997 4587; x_wconf 70' lang='lat' dir='ltr'><strong>qua:</strong></span> <span class='ocrx_word' id='word_1_669' title='bbox 1048 4531 1214 4587; x_wconf 89' lang='lat' dir='ltr'><strong>supra</strong></span> <span class='ocrx_word' id='word_1_670' title='bbox 1251 4515 1380 4585; x_wconf 90' lang='lat' dir='ltr'><strong>(col.</strong></span> <span class='ocrx_word' id='word_1_671' title='bbox 1408 4513 1569 4589; x_wconf 66' lang='lat'><strong>£564)</strong></span> <span class='ocrx_word' id='word_1_672' title='bbox 1603 4515 1671 4574; x_wconf 87' lang='lat' dir='ltr'><strong>de</strong></span> <span class='ocrx_word' id='word_1_673' title='bbox 1696 4517 1977 4575; x_wconf 86' lang='lat' dir='ltr'><strong>Hadriano</strong></span> <span class='ocrx_word' id='word_1_674' title='bbox 2004 4519 2024 4575; x_wconf 87' lang='grc' dir='ltr'>ι</span> <span class='ocrx_word' id='word_1_675' title='bbox 2054 4534 2121 4573; x_wconf 83' lang='lat' dir='ltr'><strong>ex</strong></span> <span class='ocrx_word' id='word_1_676' title='bbox 2167 4517 2442 4572; x_wconf 89' lang='lat' dir='ltr'><strong>monacho</strong></span> <span class='ocrx_word' id='word_1_677' title='bbox 2473 4515 2884 4579; x_wconf 86' lang='lat' dir='ltr'><strong>Nonantulano.</strong></span> <span class='ocrx_word' id='word_1_678' title='bbox 2917 4516 3098 4587; x_wconf 83' lang='lat' dir='ltr'><strong>deque</strong></span> <span class='ocrx_word' id='word_1_679' title='bbox 3125 4517 3392 4588; x_wconf 87' lang='lat' dir='ltr'><strong>Gregorio</strong></span> <span class='ocrx_word' id='word_1_680' title='bbox 3420 4517 3485 4572; x_wconf 75' lang='grc' dir='ltr'><strong><em>Ν</em></strong></span> <span class='ocrx_word' id='word_1_681' title='bbox 3507 4535 3572 4573; x_wconf 87' lang='lat' dir='ltr'><strong>ex</strong></span> <span class='ocrx_word' id='word_1_682' title='bbox 3601 4518 3716 4587; x_wconf 88' lang='lat' dir='ltr'><strong>ipso</strong></span> 
     </span>
    </p>
   </div>
   <div class='ocr_carea' id='block_1_50' title="bbox 472 4603 1406 4663">
    <p class='ocr_par' dir='ltr' id='par_1_50' title="bbox 472 4603 1406 4663">
     <span class='ocr_line' id='line_1_50' title="bbox 472 4603 1406 4663; baseline -0.002 0"><span class='ocrx_word' id='word_1_683' title='bbox 472 4605 731 4663; x_wconf 64' lang='lat' dir='ltr'><strong>caruerii</strong></span> <span class='ocrx_word' id='word_1_684' title='bbox 756 4604 950 4661; x_wconf 88' lang='lat' dir='ltr'><strong>codice</strong></span> <span class='ocrx_word' id='word_1_685' title='bbox 1000 4603 1406 4661; x_wconf 79' lang='lat' dir='ltr'><strong>adnotavimus.</strong></span> 
     </span>
    </p>
   </div>
   <div class='ocr_carea' id='block_1_51' title="bbox 555 4715 3715 4789">
    <p class='ocr_par' dir='ltr' id='par_1_51' title="bbox 555 4715 3715 4789">
     <span class='ocr_line' id='line_1_51' title="bbox 555 4715 3715 4789; baseline -0.001 -18"><span class='ocrx_word' id='word_1_686' title='bbox 555 4717 645 4772; x_wconf 80' lang='grc' dir='ltr'><strong>ιιι.</strong></span> <span class='ocrx_word' id='word_1_687' title='bbox 686 4716 885 4773; x_wconf 87' lang='lat' dir='ltr'><strong>iisdem</strong></span> <span class='ocrx_word' id='word_1_688' title='bbox 922 4715 1161 4782; x_wconf 63' lang='lat' dir='ltr'><strong>neniis,</strong></span> <span class='ocrx_word' id='word_1_689' title='bbox 1189 4716 1283 4772; x_wconf 89' lang='lat' dir='ltr'><strong>ubi</strong></span> <span class='ocrx_word' id='word_1_690' title='bbox 1317 4732 1640 4789; x_wconf 74' lang='lat' dir='ltr'><strong>episcopum</strong></span> <span class='ocrx_word' id='word_1_691' title='bbox 1687 4718 1924 4788; x_wconf 85' lang='lat' dir='ltr'><strong>aliquem</strong></span> <span class='ocrx_word' id='word_1_692' title='bbox 1958 4731 2152 4771; x_wconf 88' lang='lat' dir='ltr'><strong>eorum</strong></span> <span class='ocrx_word' id='word_1_693' title='bbox 2193 4715 2289 4786; x_wconf 92' lang='lat' dir='ltr'><strong>qui</strong></span> <span class='ocrx_word' id='word_1_694' title='bbox 2336 4716 2488 4772; x_wconf 85' lang='lat' dir='ltr'><strong>sedis</strong></span> <span class='ocrx_word' id='word_1_695' title='bbox 2534 4715 2849 4785; x_wconf 78' lang='lat' dir='ltr'><strong>aposmlicae</strong></span> <span class='ocrx_word' id='word_1_696' title='bbox 2887 4715 3225 4770; x_wconf 83' lang='lat' dir='ltr'><strong>ordinationi</strong></span> <span class='ocrx_word' id='word_1_697' title='bbox 3259 4715 3541 4779; x_wconf 84' lang='lat' dir='ltr'><strong>suberant,</strong></span> <span class='ocrx_word' id='word_1_698' title='bbox 3581 4718 3715 4769; x_wconf 84' lang='lat' dir='ltr'><strong>mori</strong></span> 
     </span>
    </p>
   </div>
   <div class='ocr_carea' id='block_1_52' title="bbox 485 4802 3716 4874">
    <p class='ocr_par' dir='ltr' id='par_1_52' title="bbox 485 4802 3716 4874">
     <span class='ocr_line' id='line_1_52' title="bbox 485 4802 3716 4874; baseline 0 -19"><span class='ocrx_word' id='word_1_699' title='bbox 485 4804 855 4874; x_wconf 80' lang='lat' dir='ltr'><strong>contingeret,</strong></span> <span class='ocrx_word' id='word_1_700' title='bbox 884 4804 952 4859; x_wconf 89' lang='lat' dir='ltr'><strong>de</strong></span> <span class='ocrx_word' id='word_1_701' title='bbox 981 4804 1136 4860; x_wconf 89' lang='lat' dir='ltr'><strong>obitu</strong></span> <span class='ocrx_word' id='word_1_702' title='bbox 1168 4804 1353 4861; x_wconf 86' lang='lat' dir='ltr'><strong>statim</strong></span> <span class='ocrx_word' id='word_1_703' title='bbox 1383 4820 1634 4861; x_wconf 89' lang='lat' dir='ltr'><strong>summus</strong></span> <span class='ocrx_word' id='word_1_704' title='bbox 1667 4806 1919 4861; x_wconf 76' lang='lat' dir='ltr'><strong>Pontifex</strong></span> <span class='ocrx_word' id='word_1_705' title='bbox 1962 4804 2295 4859; x_wconf 84' lang='lat' dir='ltr'><strong>monebatur</strong></span> <span class='ocrx_word' id='word_1_706' title='bbox 2341 4807 2459 4858; x_wconf 89' lang='lat' dir='ltr'><strong>sive</strong></span> <span class='ocrx_word' id='word_1_707' title='bbox 2499 4804 2635 4858; x_wconf 89' lang='lat' dir='ltr'><strong>cleri</strong></span> <span class='ocrx_word' id='word_1_708' title='bbox 2681 4813 2736 4857; x_wconf 85' lang='lat' dir='ltr'><strong>et</strong></span> <span class='ocrx_word' id='word_1_709' title='bbox 2775 4803 2952 4873; x_wconf 88' lang='lat' dir='ltr'><strong>plebis</strong></span> <span class='ocrx_word' id='word_1_710' title='bbox 2980 4802 3241 4857; x_wconf 75' lang='lat' dir='ltr'><strong>Ecclesia:</strong></span> <span class='ocrx_word' id='word_1_711' title='bbox 3290 4804 3469 4858; x_wconf 81' lang='lat' dir='ltr'><strong>vidua:</strong></span> <span class='ocrx_word' id='word_1_712' title='bbox 3500 4804 3716 4864; x_wconf 73' lang='lat' dir='ltr'><strong>litteris.</strong></span> 
     </span>
    </p>
   </div>
   <div class='ocr_carea' id='block_1_53' title="bbox 479 4890 3715 4964">
    <p class='ocr_par' dir='ltr' id='par_1_53' title="bbox 479 4890 3715 4964">
     <span class='ocr_line' id='line_1_53' title="bbox 479 4890 3715 4964; baseline 0 -17"><span class='ocrx_word' id='word_1_713' title='bbox 479 4891 602 4947; x_wconf 82' lang='lat' dir='ltr'><strong>sive</strong></span> <span class='ocrx_word' id='word_1_714' title='bbox 634 4907 667 4946; x_wconf 72' lang='grc' dir='ltr'>ι</span> <span class='ocrx_word' id='word_1_715' title='bbox 707 4890 1098 4948; x_wconf 86' lang='lat' dir='ltr'><strong>defensoribus</strong></span> <span class='ocrx_word' id='word_1_716' title='bbox 1137 4894 1455 4962; x_wconf 87' lang='lat' dir='ltr'><strong>patrimonii</strong></span> <span class='ocrx_word' id='word_1_717' title='bbox 1498 4893 1613 4950; x_wconf 89' lang='lat' dir='ltr'><strong>illic</strong></span> <span class='ocrx_word' id='word_1_718' title='bbox 1655 4894 1843 4964; x_wconf 88' lang='lat' dir='ltr'><strong>positi.</strong></span> <span class='ocrx_word' id='word_1_719' title='bbox 1881 4893 2174 4951; x_wconf 87' lang='lat' dir='ltr'><strong>Scribebat</strong></span> <span class='ocrx_word' id='word_1_720' title='bbox 2224 4902 2408 4949; x_wconf 90' lang='lat' dir='ltr'><strong>autem</strong></span> <span class='ocrx_word' id='word_1_721' title='bbox 2454 4892 2709 4949; x_wconf 83' lang='lat' dir='ltr'><strong>Pontifex</strong></span> <span class='ocrx_word' id='word_1_722' title='bbox 2751 4892 2932 4948; x_wconf 89' lang='lat' dir='ltr'><strong>vicino</strong></span> <span class='ocrx_word' id='word_1_723' title='bbox 2973 4894 3260 4963; x_wconf 89' lang='lat' dir='ltr'><strong>episcopo.</strong></span> <span class='ocrx_word' id='word_1_724' title='bbox 3306 4894 3396 4948; x_wconf 88' lang='lat' dir='ltr'><strong>cui</strong></span> <span class='ocrx_word' id='word_1_725' title='bbox 3439 4894 3715 4948; x_wconf 64' lang='lat' dir='ltr'><strong>visitandx</strong></span> 
     </span>
    </p>
   </div>
   <div class='ocr_carea' id='block_1_54' title="bbox 474 4980 3714 5053">
    <p class='ocr_par' dir='ltr' id='par_1_54' title="bbox 474 4980 3714 5053">
     <span class='ocr_line' id='line_1_54' title="bbox 474 4980 3714 5053; baseline -0.001 -19"><span class='ocrx_word' id='word_1_726' title='bbox 474 4980 759 5035; x_wconf 64' lang='lat' dir='ltr'><strong>destituta:</strong></span> <span class='ocrx_word' id='word_1_727' title='bbox 781 4980 1041 5037; x_wconf 79' lang='lat' dir='ltr'><strong>Ecclesia:</strong></span> <span class='ocrx_word' id='word_1_728' title='bbox 1067 4997 1259 5037; x_wconf 87' lang='lat' dir='ltr'><strong>curam</strong></span> <span class='ocrx_word' id='word_1_729' title='bbox 1285 4982 1723 5053; x_wconf 86' lang='lat' dir='ltr'><strong>commendaret,</strong></span> <span class='ocrx_word' id='word_1_730' title='bbox 1754 4981 1932 5036; x_wconf 90' lang='lat' dir='ltr'><strong>donec</strong></span> <span class='ocrx_word' id='word_1_731' title='bbox 1958 4992 2236 5052; x_wconf 89' lang='lat' dir='ltr'><strong>pastorem</strong></span> <span class='ocrx_word' id='word_1_732' title='bbox 2268 4981 2499 5037; x_wconf 80' lang='lat' dir='ltr'><strong>haberet</strong></span> <span class='ocrx_word' id='word_1_733' title='bbox 2528 4980 2674 5052; x_wconf 86' lang='lat' dir='ltr'><strong>(cap.</strong></span> <span class='ocrx_word' id='word_1_734' title='bbox 2698 4982 2753 5046; x_wconf 81' lang='lat'><strong>5,</strong></span> <span class='ocrx_word' id='word_1_735' title='bbox 2784 4981 2868 5035; x_wconf 87' lang='lat' dir='ltr'><strong>tit.</strong></span> <span class='ocrx_word' id='word_1_736' title='bbox 2901 4980 3012 5051; x_wconf 82' lang='lat' dir='ltr'><strong>l5),</strong></span> <span class='ocrx_word' id='word_1_737' title='bbox 3038 4981 3315 5050; x_wconf 87' lang='lat' dir='ltr'><strong>simulque</strong></span> <span class='ocrx_word' id='word_1_738' title='bbox 3341 4981 3511 5043; x_wconf 87' lang='lat' dir='ltr'><strong>clero,</strong></span> <span class='ocrx_word' id='word_1_739' title='bbox 3537 4981 3714 5035; x_wconf 78' lang='lat' dir='ltr'><strong>ordini</strong></span> 
     </span>
    </p>
   </div>
   <div class='ocr_carea' id='block_1_55' title="bbox 478 5067 3714 5143">
    <p class='ocr_par' dir='ltr' id='par_1_55' title="bbox 478 5067 3714 5143">
     <span class='ocr_line' id='line_1_55' title="bbox 478 5067 3714 5143; baseline -0.001 -21"><span class='ocrx_word' id='word_1_740' title='bbox 478 5068 710 5143; x_wconf 41' lang='lat' dir='ltr'><strong>egplebi</strong></span> <span class='ocrx_word' id='word_1_741' title='bbox 748 5068 963 5124; x_wconf 81' lang='lat' dir='ltr'><strong>litteras</strong></span> <span class='ocrx_word' id='word_1_742' title='bbox 996 5070 1182 5131; x_wconf 82' lang='lat' dir='ltr'><strong>dabat.</strong></span> <span class='ocrx_word' id='word_1_743' title='bbox 1212 5071 1417 5141; x_wconf 86' lang='lat' dir='ltr'><strong>quibus</strong></span> <span class='ocrx_word' id='word_1_744' title='bbox 1454 5079 1509 5125; x_wconf 86' lang='lat' dir='ltr'><strong>et</strong></span> <span class='ocrx_word' id='word_1_745' title='bbox 1552 5071 1619 5123; x_wconf 86' lang='lat' dir='ltr'><strong>de</strong></span> <span class='ocrx_word' id='word_1_746' title='bbox 1654 5068 1942 5124; x_wconf 79' lang='lat' dir='ltr'><strong>visitatore</strong></span> <span class='ocrx_word' id='word_1_747' title='bbox 1975 5071 2235 5141; x_wconf 87' lang='lat' dir='ltr'><strong>episcopo</strong></span> <span class='ocrx_word' id='word_1_748' title='bbox 2261 5069 2584 5135; x_wconf 86' lang='lat' dir='ltr'><strong>constituto,</strong></span> <span class='ocrx_word' id='word_1_749' title='bbox 2615 5079 2671 5124; x_wconf 91' lang='lat' dir='ltr'><strong>et</strong></span> <span class='ocrx_word' id='word_1_750' title='bbox 2705 5069 2774 5124; x_wconf 90' lang='lat' dir='ltr'><strong>de</strong></span> <span class='ocrx_word' id='word_1_751' title='bbox 2806 5067 3058 5122; x_wconf 87' lang='lat' dir='ltr'><strong>facienda</strong></span> <span class='ocrx_word' id='word_1_752' title='bbox 3087 5067 3358 5123; x_wconf 88' lang='lat' dir='ltr'><strong>electione</strong></span> <span class='ocrx_word' id='word_1_753' title='bbox 3394 5068 3714 5123; x_wconf 86' lang='lat' dir='ltr'><strong>monebatur</strong></span> 
     </span>
    </p>
   </div>
   <div class='ocr_carea' id='block_1_56' title="bbox 478 5144 3717 5230">
    <p class='ocr_par' dir='ltr' id='par_1_56' title="bbox 478 5144 3717 5230">
     <span class='ocr_line' id='line_1_56' title="bbox 478 5144 3717 5230; baseline 0.001 -22"><span class='ocrx_word' id='word_1_754' title='bbox 478 5144 588 5225; x_wconf 79' lang='lat' dir='ltr'><strong>(tit.</strong></span> <span class='ocrx_word' id='word_1_755' title='bbox 628 5154 740 5225; x_wconf 68' lang='lat'><strong>16).</strong></span> <span class='ocrx_word' id='word_1_756' title='bbox 788 5155 978 5212; x_wconf 79' lang='lat' dir='ltr'><strong>Ficbat</strong></span> <span class='ocrx_word' id='word_1_757' title='bbox 1029 5160 1377 5228; x_wconf 85' lang='lat' dir='ltr'><strong>postmodum</strong></span> <span class='ocrx_word' id='word_1_758' title='bbox 1425 5159 1659 5222; x_wconf 86' lang='lat' dir='ltr'><strong>electio;</strong></span> <span class='ocrx_word' id='word_1_759' title='bbox 1705 5159 2099 5229; x_wconf 85' lang='lat' dir='ltr'><strong>decretumque</strong></span> <span class='ocrx_word' id='word_1_760' title='bbox 2142 5161 2391 5216; x_wconf 91' lang='lat' dir='ltr'><strong>omnium</strong></span> <span class='ocrx_word' id='word_1_761' title='bbox 2417 5160 2821 5230; x_wconf 87' lang='lat' dir='ltr'><strong>subscriptione</strong></span> <span class='ocrx_word' id='word_1_762' title='bbox 2858 5159 3131 5212; x_wconf 88' lang='lat' dir='ltr'><strong>ﬁrmatum</strong></span> <span class='ocrx_word' id='word_1_763' title='bbox 3170 5159 3505 5229; x_wconf 88' lang='lat' dir='ltr'><strong>(accedente</strong></span> <span class='ocrx_word' id='word_1_764' title='bbox 3556 5159 3717 5213; x_wconf 83' lang='lat' dir='ltr'><strong>etiam</strong></span> 
     </span>
    </p>
   </div>
   <div class='ocr_carea' id='block_1_57' title="bbox 475 5246 3717 5317">
    <p class='ocr_par' dir='ltr' id='par_1_57' title="bbox 475 5246 3717 5317">
     <span class='ocr_line' id='line_1_57' title="bbox 475 5246 3717 5317; baseline -0 -20"><span class='ocrx_word' id='word_1_765' title='bbox 475 5248 781 5312; x_wconf 85' lang='lat' dir='ltr'><strong>visitatoris</strong></span> <span class='ocrx_word' id='word_1_766' title='bbox 819 5246 1065 5316; x_wconf 76' lang='lat' dir='ltr'><strong>episcopi</strong></span> <span class='ocrx_word' id='word_1_767' title='bbox 1114 5248 1432 5303; x_wconf 75' lang='lat' dir='ltr'><strong>testimonio</strong></span> <span class='ocrx_word' id='word_1_768' title='bbox 1467 5249 1577 5317; x_wconf 83' lang='lat' dir='ltr'><strong>(tit.</strong></span> <span class='ocrx_word' id='word_1_769' title='bbox 1618 5248 1683 5302; x_wconf 78' lang='grc'>15</span> <span class='ocrx_word' id='word_1_770' title='bbox 1716 5256 1771 5301; x_wconf 91' lang='lat' dir='ltr'><strong>ct</strong></span> <span class='ocrx_word' id='word_1_771' title='bbox 1811 5248 1894 5317; x_wconf 77' lang='grc' dir='ltr'><strong>ιο)</strong></span> <span class='ocrx_word' id='word_1_772' title='bbox 1939 5247 2294 5303; x_wconf 88' lang='lat' dir='ltr'><strong>deferebatur</strong></span> <span class='ocrx_word' id='word_1_773' title='bbox 2336 5247 2403 5302; x_wconf 88' lang='lat' dir='ltr'><strong>ad</strong></span> <span class='ocrx_word' id='word_1_774' title='bbox 2443 5248 2764 5303; x_wconf 81' lang='lat' dir='ltr'><strong>[’ontiﬁccm</strong></span> <span class='ocrx_word' id='word_1_775' title='bbox 2811 5262 2938 5302; x_wconf 90' lang='lat' dir='ltr'><strong>cum</strong></span> <span class='ocrx_word' id='word_1_776' title='bbox 2982 5247 3261 5316; x_wconf 86' lang='lat' dir='ltr'><strong>precibus,</strong></span> <span class='ocrx_word' id='word_1_777' title='bbox 3296 5255 3356 5300; x_wconf 90' lang='lat' dir='ltr'><strong>ut</strong></span> <span class='ocrx_word' id='word_1_778' title='bbox 3395 5246 3717 5300; x_wconf 81' lang='lat' dir='ltr'><strong>electionem</strong></span> 
     </span>
    </p>
   </div>
   <div class='ocr_carea' id='block_1_58' title="bbox 476 5331 3721 5409">
    <p class='ocr_par' dir='ltr' id='par_1_58' title="bbox 476 5331 3721 5409">
     <span class='ocr_line' id='line_1_58' title="bbox 476 5331 3721 5409; baseline -0.002 -18"><span class='ocrx_word' id='word_1_779' title='bbox 476 5335 756 5405; x_wconf 75' lang='lat' dir='ltr'><strong>probaret.</strong></span> <span class='ocrx_word' id='word_1_780' title='bbox 787 5336 1184 5405; x_wconf 77' lang='lat' dir='ltr'><strong>ordinarctque</strong></span> <span class='ocrx_word' id='word_1_781' title='bbox 1216 5350 1381 5405; x_wconf 83' lang='lat' dir='ltr'><strong>quem</strong></span> <span class='ocrx_word' id='word_1_782' title='bbox 1413 5336 1519 5392; x_wconf 84' lang='lat' dir='ltr'><strong>sibi</strong></span> <span class='ocrx_word' id='word_1_783' title='bbox 1550 5335 1891 5409; x_wconf 78' lang='lat' dir='ltr'><strong>delegerant,</strong></span> <span class='ocrx_word' id='word_1_784' title='bbox 1925 5338 2251 5406; x_wconf 78' lang='lat' dir='ltr'><strong>episcopum</strong></span> <span class='ocrx_word' id='word_1_785' title='bbox 2284 5335 2427 5405; x_wconf 84' lang='lat' dir='ltr'><strong>(cap.</strong></span> <span class='ocrx_word' id='word_1_786' title='bbox 2460 5332 2515 5396; x_wconf 79' lang='lat'><strong>5,</strong></span> <span class='ocrx_word' id='word_1_787' title='bbox 2551 5334 2638 5388; x_wconf 90' lang='lat' dir='ltr'><strong>tit.</strong></span> <span class='ocrx_word' id='word_1_788' title='bbox 2677 5334 2747 5404; x_wconf 84' lang='lat' dir='ltr'><strong>t).</strong></span> <span class='ocrx_word' id='word_1_789' title='bbox 2784 5331 3179 5403; x_wconf 81' lang='lat' dir='ltr'><strong>Respondebat</strong></span> <span class='ocrx_word' id='word_1_790' title='bbox 3210 5332 3481 5393; x_wconf 80' lang='lat' dir='ltr'><strong>Pontifex,</strong></span> <span class='ocrx_word' id='word_1_791' title='bbox 3515 5332 3721 5401; x_wconf 76' lang='lat' dir='ltr'><strong>episco—</strong></span> 
     </span>
    </p>
   </div>
   <div class='ocr_carea' id='block_1_59' title="bbox 476 5419 3715 5494">
    <p class='ocr_par' dir='ltr' id='par_1_59' title="bbox 476 5419 3715 5494">
     <span class='ocr_line' id='line_1_59' title="bbox 476 5419 3715 5494; baseline -0.001 -17"><span class='ocrx_word' id='word_1_792' title='bbox 476 5438 743 5492; x_wconf 75' lang='lat' dir='ltr'><strong>pumque,</strong></span> <span class='ocrx_word' id='word_1_793' title='bbox 774 5438 940 5493; x_wconf 85' lang='lat' dir='ltr'><strong>quem</strong></span> <span class='ocrx_word' id='word_1_794' title='bbox 976 5424 1287 5494; x_wconf 83' lang='lat' dir='ltr'><strong>probasset.</strong></span> <span class='ocrx_word' id='word_1_795' title='bbox 1322 5423 1554 5478; x_wconf 81' lang='lat' dir='ltr'><strong>Romam</strong></span> <span class='ocrx_word' id='word_1_796' title='bbox 1587 5424 1655 5478; x_wconf 89' lang='lat' dir='ltr'><strong>ad</strong></span> <span class='ocrx_word' id='word_1_797' title='bbox 1703 5425 2174 5477; x_wconf 82' lang='lat' dir='ltr'><strong>consecrationem</strong></span> <span class='ocrx_word' id='word_1_798' title='bbox 2210 5425 2473 5477; x_wconf 84' lang='lat' dir='ltr'><strong>evocabat</strong></span> <span class='ocrx_word' id='word_1_799' title='bbox 2500 5424 2609 5493; x_wconf 91' lang='lat' dir='ltr'><strong>(tit.</strong></span> <span class='ocrx_word' id='word_1_800' title='bbox 2636 5420 2713 5494; x_wconf 73' lang='grc'><strong>2).</strong></span> <span class='ocrx_word' id='word_1_801' title='bbox 2748 5420 2991 5475; x_wconf 82' lang='lat' dir='ltr'><strong>Electum</strong></span> <span class='ocrx_word' id='word_1_802' title='bbox 3020 5436 3145 5474; x_wconf 86' lang='lat' dir='ltr'><strong>cum</strong></span> <span class='ocrx_word' id='word_1_803' title='bbox 3183 5436 3240 5475; x_wconf 88' lang='lat' dir='ltr'><strong>se</strong></span> <span class='ocrx_word' id='word_1_804' title='bbox 3273 5419 3341 5475; x_wconf 90' lang='lat' dir='ltr'><strong>ad</strong></span> <span class='ocrx_word' id='word_1_805' title='bbox 3368 5420 3715 5489; x_wconf 83' lang='lat' dir='ltr'><strong>apostolicam</strong></span> 
     </span>
    </p>
   </div>
   <div class='ocr_carea' id='block_1_60' title="bbox 475 5509 3717 5581">
    <p class='ocr_par' dir='ltr' id='par_1_60' title="bbox 475 5509 3717 5581">
     <span class='ocr_line' id='line_1_60' title="bbox 475 5509 3717 5581; baseline -0.001 -14"><span class='ocrx_word' id='word_1_806' title='bbox 475 5511 664 5580; x_wconf 68' lang='lat' dir='ltr'><strong>eodem</strong></span> <span class='ocrx_word' id='word_1_807' title='bbox 700 5510 1472 5579; x_wconf 6' lang='lat' dir='ltr'><strong>conferret,(archidiaconus,</strong></span> <span class='ocrx_word' id='word_1_808' title='bbox 1505 5511 1713 5581; x_wconf 86' lang='lat' dir='ltr'><strong>aliique</strong></span> <span class='ocrx_word' id='word_1_809' title='bbox 1753 5509 2006 5566; x_wconf 82' lang='lat' dir='ltr'><strong>honorati</strong></span> <span class='ocrx_word' id='word_1_810' title='bbox 2042 5512 2305 5569; x_wconf 71' lang='lat' dir='ltr'><strong>Ecclesia:</strong></span> <span class='ocrx_word' id='word_1_811' title='bbox 2338 5511 2515 5567; x_wconf 72' lang='lat' dir='ltr'><strong>vidua:</strong></span> <span class='ocrx_word' id='word_1_812' title='bbox 2541 5511 2970 5576; x_wconf 85' lang='lat' dir='ltr'><strong>comitabantur,</strong></span> <span class='ocrx_word' id='word_1_813' title='bbox 3006 5525 3305 5580; x_wconf 83' lang='lat' dir='ltr'><strong>secumque</strong></span> <span class='ocrx_word' id='word_1_814' title='bbox 3344 5510 3481 5564; x_wconf 86' lang='lat' dir='ltr'><strong>alias</strong></span> <span class='ocrx_word' id='word_1_815' title='bbox 3514 5510 3717 5564; x_wconf 49' lang='lat' dir='ltr'><strong>deferes</strong></span> 
     </span>
    </p>
   </div>
   <div class='ocr_carea' id='block_1_61' title="bbox 482 5595 3712 5671">
    <p class='ocr_par' dir='ltr' id='par_1_61' title="bbox 482 5595 3712 5671">
     <span class='ocr_line' id='line_1_61' title="bbox 482 5595 3712 5671; baseline -0.001 -18"><span class='ocrx_word' id='word_1_816' title='bbox 482 5600 617 5655; x_wconf 66' lang='lat' dir='ltr'><strong>bant</strong></span> <span class='ocrx_word' id='word_1_817' title='bbox 638 5599 780 5660; x_wconf 82' lang='lat' dir='ltr'><strong>.cleri</strong></span> <span class='ocrx_word' id='word_1_818' title='bbox 815 5600 1102 5671; x_wconf 77' lang='lat' dir='ltr'><strong>plebisque</strong></span> <span class='ocrx_word' id='word_1_819' title='bbox 1133 5600 1366 5661; x_wconf 80' lang='lat' dir='ltr'><strong>litteras.</strong></span> <span class='ocrx_word' id='word_1_820' title='bbox 1396 5599 1602 5667; x_wconf 87' lang='lat' dir='ltr'><strong>quibus</strong></span> <span class='ocrx_word' id='word_1_821' title='bbox 1645 5598 1945 5671; x_wconf 81' lang='lat' dir='ltr'><strong>instantius</strong></span> <span class='ocrx_word' id='word_1_822' title='bbox 1991 5600 2269 5654; x_wconf 73' lang='lat' dir='ltr'><strong>ordinatio</strong></span> <span class='ocrx_word' id='word_1_823' title='bbox 2317 5598 2619 5668; x_wconf 83' lang='lat' dir='ltr'><strong>urgebatur</strong></span> <span class='ocrx_word' id='word_1_824' title='bbox 2650 5599 2759 5670; x_wconf 86' lang='lat' dir='ltr'><strong>(tit.</strong></span> <span class='ocrx_word' id='word_1_825' title='bbox 2790 5598 2846 5661; x_wconf 77' lang='lat'><strong>3,</strong></span> <span class='ocrx_word' id='word_1_826' title='bbox 2880 5598 2932 5663; x_wconf 79' lang='grc' dir='ltr'><strong>ι,</strong></span> <span class='ocrx_word' id='word_1_827' title='bbox 2965 5596 3019 5662; x_wconf 87' lang='grc'><strong>5,</strong></span> <span class='ocrx_word' id='word_1_828' title='bbox 3053 5596 3107 5663; x_wconf 88' lang='lat'><strong>6,</strong></span> <span class='ocrx_word' id='word_1_829' title='bbox 3143 5599 3196 5662; x_wconf 87' lang='lat'><strong>7,</strong></span> <span class='ocrx_word' id='word_1_830' title='bbox 3228 5598 3304 5667; x_wconf 85' lang='lat'><strong>8).</strong></span> <span class='ocrx_word' id='word_1_831' title='bbox 3348 5595 3565 5653; x_wconf 64' lang='lat' dir='ltr'><strong>Pravio</strong></span> <span class='ocrx_word' id='word_1_832' title='bbox 3592 5611 3712 5651; x_wconf 76' lang='lat' dir='ltr'><strong>ex:-</strong></span> 
     </span>
    </p>
   </div>
   <div class='ocr_carea' id='block_1_62' title="bbox 479 5675 3718 5759">
    <p class='ocr_par' dir='ltr' id='par_1_62' title="bbox 479 5675 3718 5759">
     <span class='ocr_line' id='line_1_62' title="bbox 479 5675 3718 5759; baseline -0.001 -14"><span class='ocrx_word' id='word_1_833' title='bbox 479 5685 630 5745; x_wconf 78' lang='lat' dir='ltr'><strong>mins</strong></span> <span class='ocrx_word' id='word_1_834' title='bbox 662 5684 747 5757; x_wconf 72' lang='lat' dir='ltr'><strong>de</strong></span> <span class='ocrx_word' id='word_1_835' title='bbox 789 5684 894 5744; x_wconf 84' lang='lat' dir='ltr'><strong>ﬁds</strong></span> <span class='ocrx_word' id='word_1_836' title='bbox 940 5696 991 5743; x_wconf 89' lang='lat' dir='ltr'><strong>et</strong></span> <span class='ocrx_word' id='word_1_837' title='bbox 1043 5688 1312 5753; x_wconf 80' lang='lat' dir='ltr'><strong>moribus,</strong></span> <span class='ocrx_word' id='word_1_838' title='bbox 1353 5687 1500 5758; x_wconf 80' lang='lat' dir='ltr'><strong>quod</strong></span> <span class='ocrx_word' id='word_1_839' title='bbox 1551 5686 1796 5741; x_wconf 78' lang='lat' dir='ltr'><strong>disrussio</strong></span> <span class='ocrx_word' id='word_1_840' title='bbox 1831 5675 2138 5758; x_wconf 58' lang='lat' dir='ltr'><strong>appellatur</strong></span> <span class='ocrx_word' id='word_1_841' title='bbox 2172 5688 2280 5759; x_wconf 83' lang='lat' dir='ltr'><strong>(tit.</strong></span> <span class='ocrx_word' id='word_1_842' title='bbox 2317 5686 2373 5754; x_wconf 84' lang='lat'><strong>6,</strong></span> <span class='ocrx_word' id='word_1_843' title='bbox 2405 5685 2457 5758; x_wconf 83' lang='lat'><strong>7,</strong></span> <span class='ocrx_word' id='word_1_844' title='bbox 2489 5688 2563 5759; x_wconf 87' lang='lat'><strong>8),</strong></span> <span class='ocrx_word' id='word_1_845' title='bbox 2600 5686 2969 5759; x_wconf 76' lang='lat' dir='ltr'><strong>peragebatur</strong></span> <span class='ocrx_word' id='word_1_846' title='bbox 3012 5684 3245 5742; x_wconf 83' lang='lat' dir='ltr'><strong>solemni</strong></span> <span class='ocrx_word' id='word_1_847' title='bbox 3290 5684 3403 5744; x_wconf 88' lang='lat' dir='ltr'><strong>ritu</strong></span> <span class='ocrx_word' id='word_1_848' title='bbox 3452 5683 3718 5744; x_wconf 67' lang='lat' dir='ltr'><strong>ordinatio</strong></span> 
     </span>
    </p>
   </div>
  </div>
