4000 6178
304 230 438 288 HM
1352 232 1439 289 DE
1479 233 1682 288 LIBIlO
1728 228 1985 291 DIURNU
2028 232 2507 291 DISSERTATIO.
3421 230 3565 290 HO!

307 350 514 403 Itaunc.
549 348 609 402 In
638 344 988 402 ordinatione
1020 360 1152 400 vero
1182 346 1474 418 episcopus
1508 346 1905 417 professionem
1940 346 2067 403 tidel
2095 345 2162 402 ad
2195 362 2399 417 corpus
2428 346 2605 403 sancti
2640 344 2788 402 Petri
2821 345 3107 402 emittebat
3136 344 3246 417 (tit.
3278 342 3357 417 9);
3400 345 3569 403 dabat

306 440 473 496 etiam
506 436 844 500 cautionem.
872 449 979 504 qua
1013 434 1359 502 disciplinam
1390 436 1826 491 ecclesiasticam
1857 436 2285 491 observaturum
2313 451 2371 491 se
2401 437 2767 508 pollicebatur
2793 435 2905 507 (tit.
2933 436 3046 503 10);
3075 434 3313 490 addebat
3340 452 3564 506 quoque

308 525 618 580 indiculum
652 525 719 580 de
750 524 1067 581 obedientia
1096 539 1226 594 erga
1256 538 1533 578 summum
1565 524 1909 591 Pontificem,
1939 532 1996 580 et
2031 523 2294 579 fidelitate
2326 538 2453 596 erga
2488 525 2794 596 principem
2826 524 3095 580 servanda
3133 522 3241 594 (tit.
3280 524 3386 587 ll).
3434 525 3565 579 Post

305 614 716 668 ordinationem
767 614 1132 684 accipiebat:
1166 614 1431 669 Pontifice
1480 613 1545 669 ad
1597 614 1831 669 clericos
1865 622 1919 669 et
1956 612 2173 683 plebem
2214 612 2454 668 civitatis
2498 627 2613 667 suae
2653 612 2885 672 litteras.
2922 612 3126 681 quibus
3166 609 3563 675 metiebantur.

307 702 439 769 quid
481 704 779 771 episcopus
808 711 862 757 et
904 702 960 756 in
998 701 1271 757 mandatis
1304 702 1591 757 habuisset
1624 713 1681 758 et
1722 702 2148 773 spopondisset;
2188 701 2434 771 itemque
2464 715 2572 771 qua
2604 701 2832 756 deberet
2862 698 3216 755 observantia
3246 715 3275 753 a
3308 699 3425 754 suis
3459 702 3568 755 coli

310 792 420 857 (tit.
460 791 573 853 l2).
607 790 851 844 Tandem
898 805 1022 845 cum
1067 790 1465 852 dimitteretur,
1516 791 1806 845 formatam
1847 791 1960 861 (tit.
2000 790 2083 855 13)
2116 789 2185 844 ab
2228 789 2622 844 arcbidiacono
2652 790 2913 847 Romana:
2944 785 3203 843 Ecclesia:
3237 788 3567 858 accipiebat,

310 887 370 930 ut
397 885 701 942 constaret.
734 894 764 932 a
797 893 908 947 quo
942 876 1084 935 facta
1113 890 1262 934 esset
1294 878 1591 941 ordinatio.
1626 895 1735 949 quo
1764 877 1876 943 die.
1909 892 2122 945 mense,
2151 885 2261 934 etc.
2300 878 2424 933 Haec
2455 879 2784 948 plerutnque
2816 874 3036 931 fio-bant.
3068 874 3349 931 Interdum
3383 886 3564 929 tamen

277 966 666 1035 contingebat
703 976 763 1021 ut
799 968 1029 1021 alterius
1067 966 1312 1021 civitatis
1351 968 1647 1037 episcopus
1687 966 1755 1022 ad
1799 966 2101 1021 Ecclesiam
2132 975 2365 1037 pastore
2413 965 2734 1022 destitutam
2778 980 2808 1020 a
2839 964 3111 1021 Pontilice
3143 963 3460 1018 mitteretur
3486 963 3567 1018 illi

314 1055 741 1110 incardinandus
771 1056 915 1126 (cap.
947 1056 1002 1123 3,
1037 1055 1123 1111 tit.
1160 1055 1271 1115 14).

386 1161 477 1217 IV.
516 1163 723 1219 Eadem
760 1165 877 1220 fere
913 1173 1033 1220 crat
1062 1164 1353 1235 disciplina
1390 1164 1444 1219 in
1478 1165 1980 1234 metropolitarum.
2013 1167 2108 1236 qui
2145 1166 2378 1223 Romani
2412 1166 2694 1222 Pontificis
2722 1148 3059 1222 ordinationi
3093 1164 3319 1221 obnoxii
3357 1170 3567 1229 essent,

312 1252 623 1321 cuiusmodi
675 1253 1024 1308 Ravennates
1070 1254 1497 1323 archiepiscopi.
1528 1252 1930 1320 electionibus;
1972 1254 2080 1309 nisi
2124 1257 2268 1325 quod
2316 1256 2391 1319 bi.
2439 1256 2628 1311 Roma:
2658 1271 2781 1310 cum
2818 1261 3303 1316 consecrarentur.
3341 1252 3567 1322 pallium

312 1340 680 1407 accipiebant.
730 1338 869 1395 Aliis
911 1340 1345 1410 archiepiscopis
1388 1339 1749 1403 mittebatur;
1784 1342 1928 1408 quod
1978 1353 2033 1397 et
2080 1359 2207 1399 cum
2255 1346 2539 1399 nonnullis
2583 1344 2863 1415 episcopis
2904 1343 3211 1401 factitatum
3248 1341 3372 1397 fuit.
3411 1339 3570 1394 Tunc

310 1434 495 1480 autem
529 1426 598 1480 ad
624 1441 722 1481 eos
749 1427 940 1483 litterze
969 1428 1357 1483 scribebantur
1387 1443 1453 1481 ex
1483 1426 1735 1481 formulis
1761 1442 1899 1497 quas
1934 1428 2100 1487 habet
2127 1430 2294 1486 Liber
2326 1433 2591 1497 Diurnus,
2630 1446 2752 1501 cap.
2781 1432 2837 1495 4,
2873 1431 2957 1485 tit.
2989 1431 3010 1481 l
3051 1444 3174 1500 sqq.

387 1533 452 1590 ν.
490 1534 645 1602 Quod
673 1537 739 1591 ad
775 1548 999 1595 ceteras
1055 1540 1251 1594 attinet
1301 1538 1701 1600 ordinationes.
1743 1540 1796 1595 id
1824 1554 1951 1596 cum
1980 1544 2173 1610 primis
2221 1541 2539 1608 cavebatur,
2579 1521 2648 1597 ne
2692 1541 2896 1596 illicitae
2941 1548 3158 1605 essent;
3184 1553 3252 1593 ne
3276 1536 3573 1609 episcopus

314 1624 571 1693 bigamos,
606 1636 698 1679 aut
734 1628 826 1696 qui
865 1628 1121 1698 virginem
1160 1644 1263 1681 non
1306 1638 1474 1681 essent
1514 1627 1694 1680 sortiti
1736 1644 1992 1692 uxorem,
2028 1645 2192 1699 neque
2232 1628 2587 1693 illitteratum,
2630 1627 2712 1683 vel
2757 1629 2810 1681 in
2864 1627 3097 1696 qualibet
3148 1627 3383 1695 corporis
3422 1633 3572 1702 parte

313 1712 579 1779 uitiatum,
609 1725 701 1767 aut
733 1717 1156 1786 expanitentem.
1193 1716 1271 1771 vel
1311 1718 1474 1770 curia:
1522 1724 1615 1769 aut
1662 1716 1871 1769 cuilibet
1919 1717 2205 1770 conditioni
2243 1716 2547 1781 obnoxium,
2584 1725 2947 1787 notatumque,
2980 1725 3071 1769 aut
3100 1714 3258 1781 Afros
3288 1712 3357 1766 ad
3391 1727 3571 1765 sacros

313 1802 523 1855 ordines
555 1804 878 1872 permitteret
917 1805 1162 1858 accedere
1198 1808 1343 1874 (cap.
1380 1805 1433 1868 3,
1472 1804 1556 1858 tit.
1598 1804 1710 1858 1‘2).
1744 1804 1951 1859 Deinde
1987 1804 2208 1858 nonnisi
2249 1805 2587 1875 praescriptis
2624 1805 2967 1874 temporibus
3014 1803 3131 1858 fieri
3183 1803 3305 1857 illas
3342 1802 3566 1863 licebat,

316 1904 511 1960 nempe
558 1892 766 1945 nonnisi
817 1892 995 1961 primi.
1030 1894 1227 1963 quarti.
1262 1893 1491 1961 septimi.
1528 1903 1576 1944 et
1608 1894 1793 1947 decimi
1830 1894 2020 1946 mensis
2049 1893 2294 1963 jejnniis,
2329 1902 2378 1947 et
2411 1893 2463 1946 in
2495 1894 2732 1964 ingressu
2766 1889 3241 1962 quadragesimali.
3274 1898 3430 1957 atque
3461 1902 3569 1947 me-

312 1977 479 2030 diana
512 1978 720 2049 (ibid.),
757 1979 921 2048 idque
951 1997 1160 2048 vespere
1191 1980 1412 2035 Sabbati
1446 1981 1605 2047 (ibid.
1638 1990 1693 2034 et
1724 1998 1847 2052 cap.
1877 1982 1931 2046 5,
1980 1982 2065 2040 tit.
2104 1985 2172 2052 l).
2205 1981 2397 2038 Omnis
2436 1994 2620 2037 autem
2656 1982 2905 2035 simonia:
2938 1981 3090 2034 labes
3120 1976 3189 2031 ab
3219 1977 3304 2030 bis
3335 1974 3575 2029 arcenda

314 2075 435 2119 erat
482 2065 625 2135 (cap.
670 2066 722 2128 3,
764 2067 850 2121 tit.
890 2069 977 2130 l0,
1009 2076 1064 2123 et
1092 2084 1210 2137 cap.
1242 2070 1297 2131 4,
1342 2069 1425 2123 tit.
1461 2070 1539 2138 2).
1592 2068 1837 2123 Tandem
1878 2071 1973 2137 qui
2012 2071 2343 2142 presbyteri,
2386 2080 2479 2124 aut
2526 2069 2743 2124 αἰθουηί
2794 2067 3218 2128 ordinabuntur,
3260 2063 3427 2119 alicui
3473 2077 3571 2115 seu

318 2154 581 2215 basilicae,
616 2169 713 2209 seu
746 2156 931 2220 titulo,
970 2172 1067 2211 seu
1105 2156 1374 2211 diacouia:
1406 2157 1742 2211 incardinari
1775 2157 2068 2219 debebant,
2100 2158 2244 2212 unde
2271 2159 2569 2212 cardinales
2596 2154 2948 2211 dicebautur.
2979 2153 3117 2208 Iiinc
3143 2167 3270 2209 cum
3304 2151 3358 2206 in
3389 2145 3574 2203 orato-

318 2242 416 2296 riis
463 2243 599 2296 nulli
651 2245 954 2315 presbyteri
1010 2248 1483 2300 constituerentur
1525 2246 1855 2312 cardinales,
1893 2247 1962 2300 ab
2002 2246 2263 2316 episcopo
2304 2245 2668 2315 postulandus
2713 2253 2836 2299 erat
2864 2241 3174 2313 presbyter,
3210 2240 3303 2308 qui
3352 2230 3573 2294 sacrum

319 2329 525 2384 faceret
557 2330 700 2400 (cap.
736 2330 789 2393 5.
827 2332 913 2385 tit.
945 2331 1026 2402 ιι).

388 2434 473 2491 Vl.
520 2436 719 2501 Pauca.
757 2453 879 2506 quae
909 2438 977 2491 ad
1024 2437 1454 2492 ecclesiasticum
1504 2439 1748 2509 regimen
1791 2439 2093 2509 pertinent.
2130 2454 2277 2495 nunc
2308 2441 2616 2494 videamus.
2650 2438 2872 2495 Nullum
2908 2439 3002 2493 uili
3032 2428 3293 2509 episeopo
3323 2438 3414 2505 jus
3455 2445 3577 2491 erat

318 2523 371 2576 In
420 2524 654 2580 alterius
693 2526 935 2594 CpiSCOpi
984 2528 1288 2596 parochiam
1315 2535 1461 2597 (cap.
1492 2530 1545 2595 ὅ,
1577 2530 1661 2582 tit.
1690 2529 1769 2596 9).
1801 2516 2045 2599 Intelligo
2080 2530 2187 2584 nisi
2226 2530 2479 2586 fortassis
2538 2529 2675 2584 duas
2713 2530 2856 2583 uniri
2887 2527 3163 2583 Ecclesias
3225 2522 3574 2593 contingeret

322 2614 464 2680 (cap.
496 2613 646 2678 eod.,
680 2612 767 2667 tit.
800 2614 909 2682 l7).
940 2613 996 2667 In
1026 2630 1124 2667 sua
1151 2625 1333 2669 autem
1364 2615 1601 2684 quisque
1625 2616 1870 2670 Ecclesia
1900 2619 2146 2674 residere
2170 2618 2490 2689 jubebatur.
2520 2618 2701 2684 Quare
2733 2617 2788 2671 in
2820 2619 3063 2670 cautione
3097 2614 3239 2683 (cap.
3272 2614 3327 2677 3.
3359 2613 3443 2668 tit.
3481 2612 3573 2681 I0)

321 2701 714 2768 promittebant
745 2702 1013 2771 episc0pi,
1043 2719 1097 2756 se
1127 2704 1241 2756 sine
1268 2705 1407 2757 sedis
1433 2704 1740 2773 apostolica:
1763 2706 2003 2774 iussione
2033 2709 2101 2761 ad
2132 2709 2440 2762 comitatum
2485 2706 2790 2760 nullatenus
2821 2706 3145 2777 profecturos
3188 2716 3318 2765 esse.
3352 2717 3444 2754 nec
3479 2717 3577 2769 per

318 2789 554 2843 diversas
598 2790 891 2859 provincias
932 2802 1025 2843 aut
1068 2792 1302 2844 civitates
1331 2792 1689 2855 discursuros,
1722 2805 1978 2864 quatenus
2023 2796 2313 2852 Ecclesium
2342 2815 2496 2851 suam
2529 2798 2833 2852 viderentur
2861 2797 2975 2849 sine
3002 2794 3154 2866 gravi
3184 2778 3454 2847 occasione
3482 2792 3573 2845 de-

316 2892 511 2932 serere.
541 2877 738 2933 Gravis
765 2888 971 2938 autem.
1005 2892 1069 2931 ac
1105 2877 1220 2931 fere
1253 2880 1563 2933 necessaria
1605 2882 1823 2935 occasio
1852 2894 1971 2937 erat
2002 2880 2305 2939 Romanum
2339 2886 2446 2940 iter
2472 2886 2556 2940 vel
2590 2886 2657 2939 ad
2688 2884 2876 2939 Natale
2905 2883 3083 2952 Papae.
3119 2883 3186 2937 ad
3219 2874 3572 2951 quodetiam

317 2967 693 3022 invitabantur
725 2969 867 3035 (cap.
901 2968 953 3031 3,
984 2969 1071 3021 tit.
1103 2967 1214 3036 18),
1248 2968 1333 3022 vel
1369 2968 1436 3021 ad
1473 2966 1662 3024 Natale
1694 2971 2070 3040 apostolorum
2119 2973 2264 3028 Petri
2311 2983 2367 3029 et
2398 2974 2552 3029 Pauli
2592 2973 2983 3028 celebrandum
3025 2975 3171 3040 (cap.
3201 2970 3354 3034 eod.,
3388 2969 3472 3023 tit.
3504 2969 3576 3022 i0

314 3064 373 3109 et
414 3056 531 3116 21).
563 3056 645 3108 Ab
672 3054 1031 3110 ecclesiastici
1074 3056 1358 3125 regiminis
1404 3056 1579 3111 forma
1623 3058 1961 3128 sejungenda
2001 3078 2109 3117 non
2144 3073 2274 3117 sunt
2305 3062 2614 3133 privilegia,
2641 3061 2847 3131 quibus
2882 3060 3117 3115 Romani
3154 3059 3443 3113 Pontiﬁces
3467 3054 3575 3111 Ec-

317 3142 505 3199 cIcsiis
538 3157 637 3196 sua
667 3142 908 3209 ipsarum
941 3142 1066 3211 jura
1112 3158 1175 3196 ac
1223 3145 1363 3198 bona
1411 3144 1818 3203 confirmabant
1858 3152 2004 3218 (cap.
2032 3150 2088 3211 ι,
2122 3151 2209 3204 tit.
2237 3150 2294 3211 ι,
2327 3159 2384 3203 et
2411 3165 2533 3219 cap.
2572 3150 2628 3215 7,
2667 3149 2754 3205 tit.
2789 3148 2869 3215 9).
2916 3148 3087 3200 Multo
3118 3148 3288 3215 magis
3322 3145 3389 3199 ad
3426 3145 3573 3198 illam

316 3240 568 3301 spectant
598 3245 773 3301 pinnae
804 3244 927 3299 quae
961 3231 1015 3283 in
1044 3228 1370 3285 criminosos
1401 3230 1818 3302 inlligebantur,
1860 3245 1922 3289 ut
1957 3237 2349 3302 anatliematis,
2380 3237 2494 3292 sive
2532 3235 2587 3290 in
2617 3235 2908 3290 haereticos
2933 3240 3080 3303 (cap.
3111 3233 3162 3297 Ξ,
3198 3234 3282 3286 tit.
3319 3232 3425 3300 IO).
3457 3228 3575 3285 sive

319 3319 373 3373 in
402 3320 812 3389 pouliliciorum
847 3318 1210 3385 diplomatum
1241 3320 1538 3376 violatores
1570 3323 1714 3391 (cap.
1750 3323 1803 3387 7,
1824 3324 1912 3378 tit.
1936 3323 1974 3377 2
2010 3328 2215 3396 seqq.),
2246 3333 2342 3380 aut
2378 3323 2760 3395 suspensionis
2792 3324 2871 3392 (et
2898 3320 3123 3390 quidem
3161 3321 3279 3390 ipso
3314 3320 3460 3374 facto
3488 3319 3574 3373 in-

317 3408 620 3476 currcudm)
652 3425 684 3461 a
720 3410 1002 3462 missarum
1031 3409 1299 3462 solemniis
1332 3410 1478 3480 (cap.
1506 3410 1561 3471 3,
1596 3412 1681 3465 tit.
1717 3410 1835 3483 22).

391 3519 504 3575 VII.
540 3520 694 3574 Adde
728 3519 832 3583 bis,
864 3534 986 3589 qua:
1013 3518 1082 3573 de
1113 3519 1275 3573 bonis
1301 3520 1696 3578 ecclesiasticis
1728 3524 1781 3578 in
1811 3522 1956 3578 libro
1982 3534 2172 3577 nostro
2197 3523 2645 3595 prtestituuntur.
2674 3521 2754 3578 Ac
2784 3521 3020 3591 primum
3048 3521 3248 3577 summi
3279 3517 3577 3582 Pontiﬁces

319 3611 374 3664 iu
404 3608 647 3663 indiculo
674 3610 819 3677 (cap.
847 3609 903 3672 3,
931 3608 1016 3664 lit.
1046 3608 1135 3678 10)
1161 3610 1511 3664 indiminutas
1544 3627 1624 3665 res
1653 3612 1908 3666 Ecclesia
1931 3622 2350 3674 conservaturos.
2380 3621 2429 3665 et
2457 3621 2509 3664 ut
2543 3611 2878 3665 indiminulte
2906 3611 3320 3672 custodirentur,
3358 3624 3573 3677 operam

317 3700 537 3751 daturos
563 3711 617 3750 se
644 3696 1052 3765 pollicebantar.
1084 3696 1327 3766 ldipsum
1361 3698 1647 3768 aliquanto
1678 3700 1849 3754 latius
1880 3701 2221 3770 spondebant
2256 3701 2310 3753 in
2348 3714 2446 3754 sua
2478 3698 2733 3753 cautione
2765 3699 3011 3768 episcopi
3054 3698 3197 3768 (cap.
3232 3698 3287 3757 3.
3320 3696 3405 3751 tit.
3448 3696 3569 3767 l0);

317 3786 429 3839 imo
472 3785 526 3839 in
571 3783 815 3852 synodali
846 3784 992 3853 quod
1026 3785 1334 3855 accipiebat
1379 3788 1673 3858 episcopus
1707 3790 1857 3860 (eod.
1878 3803 2001 3857 cap.
2032 3787 2085 3849 3.
2116 3787 2203 3840 tit.
2240 3786 2351 3854 l2),
2393 3786 2651 3840 monebat
2685 3784 2845 3840 Rom.
2880 3784 3127 3839 Pontilex
3159 3786 3389 3846 clerum.
3422 3784 3575 3836 ordi-

316 3889 440 3929 nem
469 3881 525 3927 et
557 3872 772 3942 plebem
800 3872 1062 3939 civitatis,
1093 3889 1152 3928 se
1180 3875 1443 3947 episcopo
1470 3877 1524 3931 in
1555 3878 1829 3933 mandatis
1857 3878 2003 3933 inter
2033 3888 2229 3933 caetera
2262 3876 2506 3937 dedisse.
2539 3874 2840 3929 ministeria
2874 3882 3031 3943 atque
3068 3882 3437 3927 ornamentum
3473 3871 3575 3925 Ec—

314 3962 507 4022 :lesia’.
538 3960 621 4015 uel
663 3962 919 4031 quidquid
962 3972 1036 4015 est
1063 3962 1116 4014 in
1149 3966 1472 4031 patrimonio
1515 3967 1773 4036 ejusdem,
1807 3984 1911 4022 non
1944 3967 2185 4022 minuere
2212 3966 2449 4029 studeat,
2478 3966 2569 4018 sed
2612 3978 2827 4035 augere.
2864 3963 3227 4033 Augebantur
3257 3972 3439 4016 autem
3471 3961 3577 4015 Ec-

314 4050 493 4105 clesia:
518 4050 662 4103 bona
687 4050 754 4102 iis
775 4050 943 4103 etiam
968 4065 1089 4119 quae
1115 4052 1377 4121 episcopo
1401 4068 1510 4106 non
1536 4056 1912 4118 successione,
1931 4054 2029 4111 sed
2049 4055 2229 4125 legato
2254 4055 2643 4118 obvenissent;
2674 4066 2736 4107 ea
2765 4055 2911 4105 enim
2939 4066 3048 4105 non
3077 4050 3305 4119 privatae
3328 4050 3576 4119 episcopi

315 4154 586 4206 personae,
616 4140 711 4191 sed
742 4137 999 4192 Ecclesia:
1024 4138 1214 4206 capiti.
1250 4148 1419 4210 atque
1448 4142 1586 4196 adeo
1620 4143 1723 4212 ipsi
1759 4143 2021 4199 Ecclesia:
2048 4143 2170 4197 dari
2202 4144 2573 4198 censebantur
2609 4143 2750 4209 (cap.
2784 4139 2839 4203 3,
2874 4139 2960 4193 tit.
2992 4138 3103 4208 10).
3147 4138 3204 4193 1η
3239 4139 3577 4192 ecclesiasti-

313 4242 503 4282 corum
538 4241 706 4296 porro
742 4226 1011 4279 bonorum
1057 4224 1454 4283 distributione
1495 4239 1726 4300 quatuor
1768 4233 2062 4302 episcopus
2112 4233 2288 4301 facere
2324 4231 2613 4285 tenebatur
2657 4230 2947 4299 portiones,
2979 4242 3213 4297 quarum
3260 4242 3421 4280 uuam
3465 4226 3575 4281 sibi

278 4350 281 4355 ι
316 4316 432 4384 ipse
461 4315 747 4379 retineret,
778 4313 1004 4367 alteram
1037 4309 1241 4364 clericis
1274 4314 1631 4382 distribueret.
1663 4321 1879 4374 tertiam
1908 4318 2229 4390 pauperibus
2260 4327 2312 4372 et
2344 4318 2663 4389 peregrinis,
2689 4314 3331 4385 quartam'ecclesiasticis
3361 4313 3579 4382 fabricis

318 4422 608 4467 reservaret
641 4412 782 4483 (cap.
818 4413 874 4475 3.
909 4413 996 4468 tit.
1029 4414 1096 4468 ιο
1123 4420 1178 4465 et
1210 4414 1322 4483 12).

387 4524 527 4580 VIII.
572 4525 759 4580 Potior
793 4533 976 4578 tamen
1024 4525 1309 4580 servandae
1355 4526 1677 4582 orthodoxae
1720 4527 1845 4582 lidei
1882 4542 2015 4582 cura
2060 4526 2185 4581 fuit.
2228 4526 2307 4581 Ad
2346 4526 2487 4580 hanc
2525 4526 2826 4581 referendae
2856 4530 2986 4579 sunt
3018 4519 3387 4594 professiones
3421 4518 3575 4581 lidci.

320 4627 433 4671 tum
461 4630 597 4684 quas
626 4627 875 4666 sununus
903 4612 1153 4666 Pontifex
1179 4624 1307 4670 ante
1336 4625 1392 4670 et
1418 4625 1541 4684 post
1568 4617 1971 4671 ordinationem
2004 4614 2149 4686 (cap.
2180 4614 2237 4679 2,
2270 4616 2356 4668 tit.
2392 4614 2504 4685 10),
2529 4614 2773 4684 itemque
2802 4610 3109 4681 inaugurati
3140 4608 3385 4678 episcopi
3414 4607 3579 4663 emit-

318 4705 509 4757 tebant
535 4708 676 4769 (cap.
708 4701 763 4762 5.
798 4701 883 4754 tit.
912 4702 992 4770 9),
1023 4712 1137 4755 tum
1166 4718 1306 4770 quas
1335 4704 1581 4774 episcopi
1613 4704 1838 4774 pallium
1868 4716 2122 4774 petentes
2149 4703 2378 4758 Romam
2413 4704 2634 4757 mittere
2663 4701 2940 4756 debebant
2971 4700 3114 4768 (cap.
3142 4698 3196 4762 ι,
3230 4696 3313 4749 tit.
3353 4698 3372 4749 ι
3405 4705 3463 4750 et
3489 4694 3573 4760 2).

321 4794 457 4848 νίίιε
481 4802 687 4853 autem.
717 4800 921 4858 quanta
950 4798 1096 4844 esset
1126 4790 1441 4860 hujusmodi
1474 4793 1882 4862 professionum
1911 4793 2196 4863 obligatio.
2225 4792 2361 4847 Nam
2394 4792 2624 4845 Romani
2660 4789 2942 4846 Pontiﬁcis
2969 4787 3342 4858 professiones
3369 4786 3422 4838 in
3456 4787 3573 4853 ipsa

320 4883 463 4935 beati
515 4880 658 4932 Petri
696 4878 1044 4933 confessione
1092 4878 1549 4947 deponebantur;
1590 4883 1979 4951 episc0porum
2016 4886 2146 4935 vero
2188 4893 2314 4934 cum
2358 4880 2427 4933 ab
2471 4878 2606 4949 ipsis
2642 4878 2939 4948 episcopis.
2975 4885 3088 4929 tum
3124 4890 3151 4927 a
3194 4874 3577 4928 sacerdotibus

320 4985 543 5022 suarum
589 4967 958 5020 Ecclesiarum
988 4964 1317 5036 subscripta:
1344 4970 1536 5022 scrinio
1582 4978 1779 5023 sancte
1823 4968 2127 5039 apostolica
2168 4970 2304 5023 sedis
2338 4967 2626 5022 servandae
2658 4965 3038 5020 tradebantur.
3082 4964 3219 5019 Illud
3254 4978 3475 5033 quoque
3515 4962 3572 5014 in

322 5056 693 5110 Romanorum
742 5052 1073 5108 Pontificum
1121 5057 1555 5124 professionibus
1597 5057 1925 5125 notandum,
1955 5073 2064 5112 non
2112 5058 2399 5112 haereticos
2436 5066 2671 5120 tantum,
2702 5068 3007 5124 eorumque
3038 5069 3200 5124 prava
3229 5054 3480 5121 dogmata
3513 5049 3570 5102 iu

324 5145 432 5197 illis
460 5142 733 5206 damnati,
767 5142 863 5195 sed
897 5143 1259 5197 etiam'libros
1285 5146 1352 5198 ab
1378 5145 1737 5200 cecumenicis
1763 5146 2013 5200 conciliis
2043 5146 2303 5215 rejectos,
2338 5156 2397 5200 ut
2428 5144 2732 5215 epistolam.
2758 5160 2875 5214 qua
2905 5141 3012 5199 Iba
3039 5143 3235 5197 dicitur
3275 5140 3345 5193 ad
3374 5139 3568 5193 Marini

326 5231 565 5299 Persam.
596 5240 644 5282 et
674 5232 868 5299 scripta
901 5228 1199 5284 Tlieodoriti
1223 5233 1471 5287 adversus
1502 5234 1857 5287 beatissimum
1890 5231 2177 5304 Cyrillum,
2206 5234 2449 5303 itemque
2470 5234 2714 5300 Macarii,
2744 5242 2801 5288 et
2822 5241 3159 5290 sectatorum
3189 5230 3369 5283 omnia
3400 5228 3574 5280 Iners-

319 5322 420 5373 tica
450 5320 671 5389 scripta.

390 5432 481 5488 IX.
522 5433 599 5486 Ad
634 5432 842 5487 cultum
873 5447 1091 5487 sacrum
1126 5436 1570 5504 progrediamur.
1617 5438 1795 5494 Sacrm
1823 5441 1970 5496 :cdcs
2004 5442 2059 5495 in
2088 5457 2157 5496 eo
2200 5442 2505 5513 principem
2544 5442 2728 5499 locum
2760 5440 2984 5503 habent,
3019 5452 3139 5507 qua:
3177 5435 3297 5489 sive
3328 5432 3573 5489 basilicae

317 5533 521 5587 essent,
546 5523 663 5576 sive
689 5522 855 5583 tituli.
887 5523 1008 5577 sive
1040 5525 1381 5592 baptisteria.
1415 5528 1532 5582 sive
1565 5528 1789 5583 demum
1824 5530 2089 5588 oratoria.
2120 5530 2304 5585 habita
2338 5545 2369 5585 a
2399 5531 2646 5585 Romano
2677 5528 2967 5591 Pontifice,
2991 5540 3115 5595 qua:
3145 5522 3378 5594 petenda
3420 5529 3569 5581 erat.

315 5611 576 5669 facultate
606 5610 765 5665 statis
795 5611 997 5663 ritibus
1022 5612 1372 5677 dicabantur.
1406 5616 1488 5668 vel
1518 5616 1587 5669 ab
1612 5617 1876 5687 cpiscOpo
1902 5618 2011 5673 loci
2035 5617 2152 5688 (qui
2184 5618 2535 5672 communior
2568 5630 2686 5671 mos
2710 5613 2874 5684 erat),
2905 5613 2989 5668 vel
3020 5611 3191 5666 etiam
3220 5610 3566 5671 solemniter.

321 5699 615 5756 convocatis
651 5699 771 5751 aliis
819 5697 1079 5766 fratribus
1118 5708 1164 5752 et
1207 5703 1521 5773 coepiscopis
1557 5704 1914 5760 vicinantibus
1948 5705 2177 5777 (cap.3,
2203 5704 2291 5762 tit.
2319 5705 2429 5774 i9).
2466 5702 2544 5760 ΕΙ
2570 5712 2751 5761 tamen
2786 5700 3033 5761 conditio
3062 5713 3287 5770 semper
3313 5700 3563 5768 postula-
