4000 6178
450 149 584 229 rios
1423 151 1532 207 Fit.
1582 151 1738 205 A.\T.
1782 151 2030 205 mecm

2131 151 2152 204 Ξ
2195 159 2715 228 DlSSERTATlO.
3555 164 3711 218 “04

444 276 627 336 batur,
657 283 717 328 ut
745 275 948 332 fundus
974 277 1176 348 aliquis
1212 276 1453 347 legitima
1487 279 1784 332 donatione
1814 287 2079 352 exstaret,
2106 293 2170 331 ex
2201 293 2311 346 quo
2343 295 2462 348 qua:
2493 282 2888 338 ad.luminaria
2923 284 3323 354 Concinnanda,
3355 289 3718 360 alendosque

442 362 704 419 custodes
755 365 1065 419 necessaria
1116 374 1324 427 essent,
1366 365 1664 434 quotannis
1718 366 2148 420 desumerentur
2184 368 2327 436 (cap.
2365 369 2418 432 5,
2460 371 2544 424 tit.
2583 372 2638 432 5,
2678 373 2730 434 1,
2771 373 2856 436 15,
2895 372 3002 442 19);
3039 390 3144 429 nec
3183 377 3353 431 ullum
3385 378 3455 432 ibi
3489 397 3718 449 corpus

444 461 593 505 esset
620 451 906 505 humatum
938 452 1115 519 (ibid.,
1145 455 1230 506 tit.
1262 454 1296 507 4
1327 464 1383 507 et
1419 455 1527 524 19).
1566 453 1947 522 Reliquiarum
1980 463 2166 507 autem
2209 456 2260 507 in
2297 457 2567 525 ejusmodi
2613 459 2749 512 locis
2777 461 3246 522 collocandarum.
3271 479 3397 532 quze
3424 449 3742 539 sanctua—l

467 539 554 602 'ia,
595 537 998 605 benedictiones,
1035 538 1280 608 beneﬁcia
1320 550 1638 595 sanctorum
1686 541 2127 609 appellabantur,
2164 541 2252 592 tibi
2293 541 2359 593 ad
2411 543 2497 594 illa
2539 547 2911 599 consecranda
2951 549 3243 617 cpiscopus
3276 552 3714 620 aggrederetur,

448 625 722 692 praecipua
770 641 902 680 cura
943 642 1062 682 esse
1097 627 1290 682 debuit
1323 629 1500 695 (ibid.,
1539 630 1624 684 tit.
1659 630 1712 695 5,
1759 631 1812 692 6,
1861 629 1911 690 7,
1939 630 1992 689 8,
2029 628 2082 690 7,
2130 632 2183 691 8,
2230 632 2283 693 9,
2319 632 2428 697 10).
2468 631 2620 697 Quod
2658 635 2702 687 si
2741 650 2891 688 sacra
2928 639 3196 706 quzepiam
3226 639 3374 692 aedes
3407 640 3622 694 fuisset
3649 644 3718 694 ab

451 713 728 768 hareticis
775 714 1002 782 polluta,
1037 715 1334 771 Catholica:
1374 716 1637 770 Ecclesiae
1672 717 2017 771 caeremoniis
2064 719 2525 773 reconciliabatur
2561 720 2734 789 (ibid.,
2775 721 2858 776 tit.
2896 723 3008 792 17).
3047 725 3256 777 Altaria
3296 742 3520 795 quoque
3573 743 3733 798 con-1

450 804 814 855 secrahantur
847 802 1017 870 (ibid.,
1056 804 1141 857 lit.
1179 803 1291 872 18).
1326 805 1514 872 Neque
1553 815 1733 859 tamen
1779 806 2161 859 tantummodo
2194 807 2313 859 loca
2355 823 2510 860 sacra
2552 808 2662 861 huc
2695 810 2995 876 pertinent.
3030 812 3126 864 sed
3176 812 3282 881 ipsi
3326 830 3555 883 quoque
3595 815 3718 868 dies

452 888 538 942 vel
589 888 737 955 festi,
788 899 847 942 ut
893 889 1105 944 Natalis
1153 891 1530 961 apostolorum
1571 892 1717 964 (cap.
1755 893 1810 958 3,
1859 894 1943 948 tit.
1984 893 2050 948 10
2103 903 2158 948 et
2207 893 2324 964 21),
2365 896 2448 949 vel
2491 898 2873 952 ecclesiastico
2917 899 3126 969 jejunio
3171 904 3473 956 consecrati
3531 903 3715 971 (ibim,

452 975 539 1032 tit.
581 976 690 1048 12).

523 1093 594 1148 Χ.
630 1096 700 1150 At
731 1111 983 1165 quzenam
1021 1097 1078 1150 in
1114 1097 1286 1152 sacris
1317 1097 1426 1152 illis
1457 1097 1696 1160 aedibus,
1729 1097 2038 1165 diebusque
2068 1096 2137 1150 ab
2167 1095 2409 1150 Ecclesia
2445 1097 2552 1151 Deo
2584 1097 2942 1167 singulariter
2973 1100 3168 1156 dicatis
3201 1103 3620 1172 peragebantur
3649 1103 3715 1156 ad

442 1180 668 1239 cultum
702 1185 806 1253 ipsi
841 1185 951 1237 Deo
986 1185 1220 1254 ejusque
1256 1185 1462 1240 sanctis
1503 1187 1913 1254 praestandum?
1944 1185 2155 1255 Vigiliae
2196 1184 2559 1243 habebantur.
2593 1186 2956 1255 divinumque
3002 1187 3241 1257 ofﬁciutn
3290 1190 3721 1258 persolvebatur

457 1287 671 1328 summa
703 1277 903 1341 pietate
936 1273 1082 1343 (cap.
1118 1275 1172 1338 '5,
1204 1277 1287 1328 tit.
1326 1273 1435 1338 10);
1471 1288 1571 1326 nec
1601 1285 1798 1326 cantus
1827 1273 2036 1336 deerat,
2067 1274 2154 1326 cui
2191 1272 2326 1325 ordo
2354 1284 2638 1326 cantorum
2672 1273 2981 1329 destinatus
3010 1261 3188 1330 fuerat
3218 1279 3362 1345 (cap.
3394 1279 3444 1340 7,
3477 1277 3572 1330 tit.
3603 1277 3714 1344 ‘20).

460 1361 637 1415 Missae
667 1362 901 1428 publicae
937 1361 989 1413 in
1029 1360 1272 1415 basilicis
1303 1361 1538 1429 aliisque
1571 1359 1806 1426 publicis
1843 1358 2056 1413 aedibus
2087 1361 2198 1415 Deo
2231 1361 2568 1414 consecratis
2598 1361 3057 1427 celebrabantur;
3093 1379 3203 1416 non
3251 1365 3383 1417 item
3428 1364 3484 1418 in
3529 1376 3721 1418 orato-

458 1449 576 1514 riis,
611 1463 734 1517 quae
768 1458 1082 1517 propterea,
1118 1458 1180 1502 ut
1213 1464 1367 1501 num.
1403 1446 1435 1499 5
1464 1447 1767 1509 innuimus,
1807 1448 2185 1517 presbyterum
2225 1463 2333 1501 non
2374 1447 2648 1501 habebant
2683 1449 3057 1514 cardinalem;
3093 1451 3146 1505 in
3183 1450 3268 1504 bis
3300 1453 3446 1505 enim
3485 1453 3720 1520 privatis

460 1545 674 1590 tantum
709 1536 892 1590 missis
922 1537 1078 1590 locus
1111 1544 1252 1599 erat,
1285 1535 1490 1606 quibus
1520 1536 1605 1590 vel
1639 1535 1708 1590 ab
1748 1538 2010 1605 episcopo
2044 1541 2330 1605 presbyter
2359 1536 2797 1590 consritucbatur
2832 1536 2973 1607 (cap.
3008 1537 3062 1602 5,
3101 1539 3185 1591 tit.
3219 1539 3297 1607 1),
3333 1540 3415 1592 vel
3450 1540 3498 1593 si
3538 1550 3721 1593 orato-

460 1625 605 1676 rium
654 1623 706 1695 in
761 1626 1100 1680 monasterio
1150 1635 1492 1680 exstructum
1539 1633 1710 1689 esset,
1749 1623 2060 1693 presbyteri
2110 1623 2359 1677 ecclesiae
2402 1623 2455 1676 in
2494 1624 2687 1676 eodem
2727 1624 2986 1679 emnobio
3030 1623 3404 1680 deservientes
3449 1626 3723 1695 praeﬁcie-

462 1694 670 1765 bantur
695 1711 869 1780 (ibid,
908 1713 994 1765 tit.
1022 1711 1055 1766 9
1084 1723 1141 1766 et
1171 1713 1283 1780 10).
1317 1713 1548 1767 Litania:
1574 1729 1670 1782 per
1699 1712 1944 1765 triduum
1973 1722 2101 1764 ante
2133 1710 2274 1763 diem
2307 1709 2602 1764 Dominica:
2633 1713 2972 1764 assensionis
3003 1712 3206 1766 ﬁebant
3229 1714 3370 1783 (cap.
3399 1694 3460 1771 '5.
3489 1714 3588 1767 tit.
3618 1714 3716 1776 l2),

463 1797 578 1852 imo
606 1799 807 1854 alicubi
841 1799 924 1854 bis
951 1800 1008 1853 in
1045 1815 1235 1855 mense
1268 1798 1443 1867 (ibid.,
1478 1801 1562 1854 tit.
1599 1799 1710 1863 10,.
1742 1797 1908 1868 Kyrie
1936 1799 2135 1852 eleison
2179 1815 2277 1867 pro
2308 1798 2464 1852 Rom.
2497 1798 2761 1852 Pontiﬁce
2791 1800 3040 1868 quotidie
3084 1801 3398 1854 iterandum
3421 1800 3722 1854 diaconitis

462 1901 520 1947 et
545 1895 884 1963 pauperibus
908 1894 1218 1966 injungitur
1247 1895 1390 1964 (cap.
1421 1895 1472 1958 7,
1501 1895 1588 1949 tit.
1623 1895 1733 1965 18).
1764 1894 1838 1947 Ex
1871 1894 2030 1947 tertia
2059 1893 2220 1946 Rom.
2248 1892 2406 1946 Pont.
2439 1893 2780 1962 professione
2814 1892 2947 1946 illud
2980 1909 3200 1962 quoque
3227 1893 3526 1955 discimus,
3551 1896 3717 1948 veteri

464 1997 583 2033 :evo
623 1983 676 2036 in
715 1983 1016 2036 solemnem
1058 1984 1358 2054 gratiarum
1391 1985 1668 2038 actionem
1703 1998 1812 2037 non
1849 1983 2114 2052 hymnum
2150 1983 2245 2051 qui
2282 1982 2486 2036 dicitur
2520 1981 2800 2035 Ambrosii
2831 1990 2890 2035 et
2919 1983 3238 2052 Augustini,
3275 1981 3371 2036 sed
3407 1983 3716 2052 angelicum

467 2074 654 2128 Roma:
688 2076 1042 2130 decantatum
1079 2075 1274 2132 fuisse.

538 2188 632 2243 X1.
669 2188 901 2242 Maxima
935 2205 1156 2260 quoque
1187 2206 1321 2246 cura
1353 2192 1686 2262 pauperibus
1725 2192 2188 2249 subveniebatur.
2231 2191 2390 2247 Mitto
2419 2207 2543 2261 quae
2573 2192 2738 2260 paulo
2771 2201 2930 2247 antea
2970 2194 3038 2246 de
3072 2192 3346 2247 bonorum
3382 2193 3719 2247 ecclesiastio

469 2291 664 2330 corum
692 2276 1086 2332 distributione
1117 2277 1338 2333 decreta
1367 2280 1630 2333 vidimus.
1656 2279 2039 2343 Xenodochia,
2073 2281 2128 2334 in
2154 2281 2357 2350 quibus
2391 2279 2550 2349 aegris
2579 2287 2634 2333 et
2666 2280 2858 2348 egenis
2888 2279 3190 2348 singularia
3224 2280 3524 2334 charitatis
3552 2277 3716 2332 ollicia

468 2365 873 2436 praeberentur,
906 2366 1205 2421 constituta
1241 2378 1368 2421 sunt
1402 2369 1547 2436 (cap.
1579 2367 1632 2432 8,
1667 2371 1752 2422 tit.
1803 2369 1868 2422 14
1891 2382 1948 2422 et
1980 2368 2092 2438 l5);
2130 2368 2344 2422 caeteris
2383 2367 2724 2437 pauperibus
2761 2366 3033 2420 diaconiae
3061 2377 3266 2436 paratae
3297 2379 3464 2421 erant
3492 2367 3716 2420 subsidii

470 2470 638 2511 causa
673 2456 818 2526 (cap.
851 2457 906 2520 7,
941 2457 1025 2510 tit.
1059 2457 1173 2526 18).
1205 2454 1316 2511 Nec
1344 2458 1530 2512 minus
1567 2459 1902 2527 pauperibus
1929 2457 2184 2512 levamen
2223 2472 2251 2508 a
2291 2454 2577 2510 monachis
2613 2454 3091 2523 suppeditabatur.
3134 2454 3315 2520 Quare
3340 2457 3549 2510 factum
3573 2455 3715 2509 vide-

475 2567 618 2614 mus,
654 2563 714 2605 ut
754 2551 984 2606 Romani
1017 2553 1315 2608 Pontiﬁces
1364 2555 1702 2608 monasteria
1744 2551 2106 2622 amplissimis
2139 2550 2442 2620 privilegiis
2474 2549 2734 2605 donarint
2766 2551 2909 2618 (cap.
2945 2549 2995 2615 7,
3030 2552 3112 2605 tit.
3145 2551 3198 2616 6,
3235 2551 3321 2614 10,
3355 2549 3454 2615 2⁵5,
3488 2549 3586 2617 21,
3613 2549 3716 2615 23],

474 2652 640 2708 atque
679 2638 778 2692 uni
817 2641 1133 2708 apostolica:
1171 2641 1288 2695 sedi
1325 2642 1565 2695 obnoxia
1600 2642 1882 2696 voluerint
1929 2640 2104 2710 (ibid.,
2135 2639 2222 2692 tit.
2259 2638 2282 2692 1
2317 2647 2372 2692 et
2403 2637 2514 2704 15);
2557 2636 2836 2692 interdum
2867 2638 3035 2692 etiam
3068 2639 3428 2704 monasteria,
3465 2653 3586 2707 quae
3614 2639 3717 2692 ino-

475 2727 567 2798 pia
598 2727 1016 2796 premebantur,
1048 2728 1346 2782 ditioribus
1378 2729 1624 2782 unierint
1661 2730 1835 2798 (ibid.,
1871 2727 1958 2782 tit.
1992 2727 2071 2796 5).

551 2837 668 2894 ΧΠ.
707 2838 997 2894 Postremo
1026 2839 1096 2894 de
1131 2841 1498 2896 sacramentis
1531 2840 1852 2895 dicendum.
1894 2839 1952 2894 In
1995 2838 2164 2893 Libro
2205 2839 2416 2893 Diurno
2459 2839 2598 2893 nihil
2640 2838 2754 2893 fere
2784 2839 2892 2893 nisi
2923 2837 2994 2893 de
3024 2839 3296 2906 baptismo
3336 2838 3549 2907 agitur,
3577 2836 3716 2904 cujus

479 2925 902 2979 administrandi
945 2936 1190 2996 tempora
1223 2929 1506 2983 Paschalis
1555 2937 1613 2984 et
1655 2929 2012 2984 Pentecostes
2046 2925 2364 2981 celebritate
2410 2925 2816 2980 deﬁniebantur
2855 2925 3000 2994 (cap.
3031 2927 3086 2987 5,
3121 2925 3204 2979 tit.
3244 2925 3354 2992 12).
3403 2922 3718 2993 Baptisteria

481 3011 551 3065 ad
577 3025 793 3064 sacrum
827 3012 1106 3066 lavacrum
1139 3015 1442 3082 (nunquam
1477 3025 1657 3068 tamen
1693 3015 1746 3068 in
1794 3014 2056 3068 oratoriis
2094 3032 2217 3087 cap.
2251 3018 2302 3079 5,
2339 3018 2424 3070 tit.
2453 3018 2506 3085 4)
2538 3023 2859 3070 constructa
2890 3015 3288 3069 dedicabantur
3316 3015 3494 3079 (ibid.,
3526 3013 3609 3067 tit.
3642 3012 3716 3072 22.

482 3105 554 3159 25
579 3114 635 3158 et
660 3104 774 3174 24).
807 3103 1045 3159 Cautum
1095 3118 1227 3158 vero
1276 3104 1513 3158 maxime
1552 3102 1680 3165 fuit.
1715 3119 1785 3158 ne
1827 3106 2292 3174 quemadmodum
2334 3118 2432 3172 pro
2471 3104 2766 3172 baptismo,
2799 3102 2874 3156 ita
2910 3116 2980 3155 ne
3015 3116 3115 3168 pro
3143 3100 3586 3156 confirmationis
3611 3102 3720 3167 qui-

484 3192 610 3248 dem
654 3201 1007 3247 sacramento
1065 3190 1283 3260 aliquod
1331 3193 1610 3261 prwmium
1646 3193 1700 3245 in
1723 3193 1954 3261 qualibet
1991 3209 2046 3247 re
2081 3191 2164 3246 vel
2202 3193 2372 3259 specie
2400 3205 2496 3259 pro
2526 3205 2836 3259 quacunque
2864 3204 3086 3257 persona
3119 3187 3413 3258 cpiscopus
3450 3186 3560 3254 (hic
3588 3185 3716 3238 enim

486 3297 600 3335 non
629 3279 1068 3336 conﬁrmationis
1097 3281 1260 3333 modo
1300 3281 1674 3346 necessarius,
1704 3281 1798 3335 sed
1833 3282 1996 3334 etiam
2030 3277 2288 3349 baptismi
2320 3277 2565 3345 antiquis
2595 3274 2940 3345 temporibus
2978 3274 3297 3327 ordinarius
3332 3273 3581 3326 minister
3608 3270 3717 3333 fuit)

485 3369 816 3440 postularet,
851 3377 946 3421 aut
979 3368 1278 3438 acciperet.
1311 3368 1464 3423 Vide.
1477 3369 1588 3438 jam
1622 3378 1758 3439 quot
1787 3380 1842 3424 et
1872 3377 2076 3438 quanta
2106 3382 2248 3421 unus
2275 3365 2368 3420 hic
2399 3363 2565 3418 Liber
2592 3363 2659 3418 ad
2690 3362 3122 3418 ecclesiasticam
3153 3362 3538 3416 illustrandam
3573 3358 3719 3412 disci-

486 3458 691 3527 plinain
725 3458 1000 3523 conferat.

559 3568 704 3625 XIII.
745 3567 871 3624 Haec
910 3571 1197 3626 enimvero
1239 3587 1365 3626 cum
1418 3571 1942 3633 auimadvertcrem,
1981 3570 2234 3641 parandae
2282 3585 2440 3625 novat
2482 3569 2648 3640 hujus
2699 3566 2828 3622 libri
2856 3565 3120 3622 editionis
3159 3564 3459 3619 consilium
3500 3559 3714 3629 suscepi.

492 3656 611 3711 Duo
637 3667 819 3711 autem
851 3657 985 3713 mihi
1015 3675 1143 3716 cum
1188 3661 1388 3730 primis
1423 3660 1478 3714 in
1513 3677 1576 3715 ea
1607 3662 1817 3731 sumpsi
1853 3662 2125 3716 iacienda.
2155 3659 2401 3713 Primum
2447 3655 2572 3720 fuit,
2607 3663 2669 3709 ut
2693 3655 2926 3709 Romani
2967 3653 3174 3709 codicis
3199 3652 3268 3705 ab
3298 3651 3578 3706 Holstenio
3601 3647 3714 3702 editi

492 3744 677 3798 varias
707 3745 972 3800 lectiones
1001 3746 1348 3801 Garneriano
1375 3748 1631 3816 exemplo
1662 3749 2020 3802 ascriberem.
2052 3749 2325 3812 Alterum,
2353 3755 2412 3800 ut
2441 3745 2602 3800 novis
2632 3743 3090 3799 adnotationibus
3120 3740 3388 3798 nonnulla
3417 3740 3593 3809 operis
3616 3735 3714 3788 loca

494 3833 869 3897 illustrarem,
909 3834 1224 3904 liberasque
1272 3837 1537 3907 quasdam
1585 3837 1839 3892 Garnerii
1891 3847 2050 3892 notas
2101 3836 2465 3906 castigarem;
2515 3833 2801 3890 fatendum
2851 3833 2998 3888 enim
3047 3841 3132 3887 est
3197 3831 3400 3892 virum,
3442 3822 3714 3891 ceteroqui

493 3919 901 3984 doctissimum,
935 3921 1042 3974 etsi
1089 3922 1144 3974 in
1193 3925 1382 3978 multis
1408 3926 1726 3994 apostolica:
1758 3925 1908 3980 sedis
1935 3940 2158 3980 causam
2188 3935 2416 3979 strenue
2443 3922 2579 3994 egit,
2610 3922 3013 3992 przeconceptis
3043 3929 3225 3974 tamen
3253 3915 3580 3986 quibusdam
3612 3909 3715 3979 opi-

498 4007 760 4064 nionibus
807 4009 971 4063 nimis
1007 4009 1335 4076 indulsisse;
1364 4012 1624 4081 quodque
1653 4013 1874 4082 gravius
1902 4022 2010 4078 est,
2039 4029 2140 4068 sua
2175 4013 2587 4068 existimatione
2615 4011 2824 4070 etl'ecit,
2857 4019 2920 4064 ut
2950 4009 3033 4064 hae
3065 4008 3274 4062 radices
3318 4011 3549 4074 agerent
3573 4009 3716 4065 atque

499 4105 966 4166 propagarentur,
992 4111 1102 4151 non
1133 4098 1334 4167 exiguo
1361 4099 1754 4154 ecclesiastica:
1782 4101 2086 4169 praesertim
2117 4103 2172 4156 in
2205 4101 2377 4156 sacris
2407 4099 2780 4156 electionibus
2811 4097 3100 4160 libertatis,
3131 4095 3412 4163 illiusque,
3442 4106 3547 4160 qua
3573 4086 3718 4157 pollet

497 4184 692 4240 eadem
723 4184 971 4240 Romana
1006 4186 1186 4252 sedes,
1231 4188 1582 4243 auctoritatis
1616 4187 1969 4244 detrimento.
2017 4188 2198 4259 Atque
2243 4189 2360 4242 haec
2393 4187 2614 4257 quidem
2645 4185 2816 4239 editio
2850 4185 2907 4238 in
2939 4192 3193 4251 promptu
3221 4189 3325 4235 est.
3355 4177 3526 4232 Justis
3557 4184 3714 4228 tanien

499 4271 570 4326 de
601 4270 786 4327 causis
827 4289 976 4328 nunc
1017 4276 1092 4329 ab
1133 4290 1198 4330 ea
1240 4276 1740 4345 supersedendum.
1768 4276 2142 4343 Quamobrem
2175 4293 2242 4331 ex
2289 4276 2380 4330 illa
2426 4274 2808 4328 Prmiationem
2840 4271 3174 4343 generalem.
3199 4284 3324 4339 quae
3351 4264 3602 4322 historica
3624 4267 3714 4322 est,

502 4361 920 4418 Dissertationis
946 4365 1170 4419 nomine
1201 4364 1523 4436 inscriptam
1555 4365 1761 4434 placuit
1790 4367 2001 4420 interea
2031 4379 2354 4435 excerpere,
2387 4362 2517 4417 dum
2551 4377 2692 4432 opus
2723 4362 2902 4431 ipsum
2935 4360 3098 4413 liceat
3126 4358 3384 4427 evulgare
3419 4353 3515 4425 (l).

565 4543 636 4606 (l)
671 4545 830 4606 Quod,
861 4557 1037 4610 magno
1060 4547 1375 4607 antiquitatis
1394 4559 1546 4597 sacrm
1564 4546 1759 4605 damno,
1789 4559 1885 4594 non
1914 4545 2164 4608 praestitit.

1535 4965 1737 5024 FiNIS
1777 4963 1972 5025 TOMI
2029 4963 2438 5024 CENTESIMI
2480 4962 2760 5034 QUINTI.

463 5623 504 5715 ς’
1398 5585 1634 5663 till}

2465 5601 2702 5654 Parisiis.
2735 5627 2801 5647 μ
2836 5598 2910 5652 Ex
2944 5569 3108 5665 Tvpis
3139 5593 3281 5649 J.-P.
3314 5588 3532 5649 ams.
