4192 6424
154 310 217 376 ἦ
606 384 2541 400 _-————_——‘\——n———-“m—o——-———‘—_
2559 383 2801 391 *φ
3244 384 3251 389 ⁸

165 389 2315 461 Μ.
3280 380 3360 431 Β

190 638 206 699 χ
1394 610 1564 657 ANNO
1607 610 1829 655 DOHINI
1874 610 2125 653 DCCCXC.

690 832 1849 1053 NICETAS
1986 831 2827 1041 DAVID

1251 1236 2269 1401 PAPHLAGO

570 1724 1079 1817 NOTITIA
1183 1721 1831 1812 HISTORICA
1932 1721 2079 1807 ΕΤ
2185 1715 2943 1804 LITTEBARIA.

689 1944 814 2007 (Leo
844 1946 1102 2002 Aturrcs,
1132 1936 1349 1990 Diatriba
1370 1940 1434 1989 de
1456 1936 1657 1997 Nicetis,
1685 1950 1763 1999 ap.
1790 1936 1900 1985 Mai.
1933 1930 2159 1984 Biblialh.
2184 1946 2310 1994 non,
2340 1933 2425 1994 Vl,
2450 1939 2573 1995 part.
2600 1946 2652 1989 ιι,
2680 1946 2725 1994 p.
2754 1933 2823 1988 5.)

211 2286 347 2339 lnter
371 2282 525 2338 varia
550 2277 875 2352 cognomina
920 2284 979 2331 et
997 2275 1327 2347 dignitatum
1375 2272 1565 2327 titulos
1590 2286 1759 2326 unum
1796 2271 2040 2328 Nicetam
2066 2270 2372 2325 latitantem
2392 2309 2410 2333 ,
2446 2270 2543 2325 sed
2572 2278 2793 2340 propter
2819 2267 3009 2324 eadem
3045 2266 3391 2323 incommode

157 2379 204 2432 in
239 2379 415 2448 plures
435 2372 735 2441 variosque
756 2378 920 2437 atque
943 2365 1261 2422 immaniter
1285 2363 1545 2427 divisum,
1580 2363 1626 2417 si
1658 2360 1776 2417 ﬁeri
1812 2370 2015 2432 potest,
2037 2362 2156 2417 suis
2178 2362 2430 2431 partibus
2464 2362 2739 2431 integrum
2782 2360 2836 2414 in
2876 2360 3118 2415 medium
3144 2359 3388 2414 adduca-

160 2487 287 2526 mus.
329 2469 458 2523 Fuit
511 2468 558 2521 is
603 2462 940 2535 Byzantinus
968 2468 1026 2514 et
1078 2458 1354 2528 Paphlago
1413 2456 1618 2512 dictus.
1678 2456 1918 2511 Joannes
1973 2455 2209 2525 Scylitza
2257 2455 2314 2508 in
2381 2456 2650 2525 prooemio
2694 2470 2806 2510 sua:
2847 2454 3138 2509 historiae:
3204 2453 3262 2507 '0
3288 2456 3396 2521 γάρ

171 2562 503 2630 λαφνοπάτης
528 2556 822 2626 Θεόδωρος,
858 2551 1101 2623 Νικήτας
1127 2550 1156 2602 ὁ
1183 2546 1512 2617 Παφλαγὼν,
1550 2547 1744 2617 Ἰωσὴφ
1783 2544 2050 2609 Γενέσιος,
2082 2545 2178 2600 καὶ
2209 2546 2464 2616 Μανουὴλ
2504 2548 2553 2599 oi
2602 2546 2907 2611 Βυζάντιοι,
2936 2547 3250 2616 Νικηφορος
3276 2544 3396 2597 διά-

164 2669 292 2718 κοιος
313 2650 484 2723 Φρὺξ,
529 2648 625 2702 καὶ
648 2648 718 2699 τὰ
743 2645 891 2713 ἑξῆς.
922 2642 1165 2713 Namque
1192 2640 1488 2695 Theodorus
1511 2639 1819 2709 Daphnopai

1743 2646 1909 2708 pales,
1936 2636 2149 2691 Nicetas
2172 2636 2473 2707 Paphlago,
2513 2637 2770 2709 Iosephus
2805 2638 3077 2703 Genesius,
3107 2647 3157 2692 et
3183 2633 3398 2691 Mauucl

165 2745 451 2814 Byzantini,
491 2741 814 2809 Nicephorus
850 2736 1100 2789 diaconus
1154 2731 1357 2803 Phryx,
1404 2742 1513 2786 etc.
1567 2731 1645 2784 Ex
1671 2729 1908 2801 Scylit'za
1964 2743 2066 2783 sua
2112 2729 2297 2783 hausit
2336 2727 2643 2785 Cedrenus.
2702 2730 2992 2786 Consentit
3035 2731 3193 2786 hisce
3235 2729 3389 2785 Nico.-

161 2837 344 2907 phoms
370 2835 633 2891 Callistus
666 2829 801 2885 Hist.
828 2826 958 2880 sccl.
984 2825 1086 2880 lib.
1130 2840 1239 2889 xxv,
1288 2823 1379 2877 28.
1409 2822 1515 2877 Sed
1576 2822 1873 2893 Paphlago,
1898 2837 2272 2893 cognomenne
2320 2822 2506 2886 fuerit,
2540 2839 2609 2879 an
2662 2824 3014 2894 episcopatus
3043 2826 3402 2895 titulus,quis

160 2926 364 2979 extricat
404 2926 427 2979 ?
466 2924 635 2980 Plane
674 2922 729 2976 in
775 2917 963 2973 multis
1023 2915 1411 2985 manuscriptis
1484 2915 1684 2984 legitur
1757 2914 1815 2967 Νι

1757 2914 2004 2985 Νικήτας
2054 2912 2452 2983 Παφλαγονίας,
2498 2914 2710 2969 Nicetas
2772 2916 3170 2988 Paphlagonia,
3226 2927 3289 2973 ut
3344 2920 3399 2973 in

167 3019 338 3075 codice
363 3020 631 3074 Vaticano
659 3013 816 3076 1246,
862 3022 919 3067 et
942 3021 1067 3066 ante
1106 3009 1282 3064 Vitam
1326 3008 1518 3080 lgnatii
1552 3009 1896 3078 patriarchae.
1954 3009 2021 3063 Et
2056 3008 2237 3079 potuit
2267 3024 2487 3079 quoque
2512 3026 2635 3066 esse
2661 3026 2728 3065 ex
2760 3010 3148 3081 Paphlagonia,
3176 3011 3270 3066 sed
3296 3013 3401 3083 By-

160 3113 357 3165 zantina
400 3112 623 3167 civitate
652 3107 920 3161 donatus:
979 3118 1158 3173 neque
1208 3100 1263 3157 id
1301 3101 1629 3172 probatione
1662 3112 1785 3172 eget
1814 3119 1828 3155 :
1880 3110 2009 3155 sunt
2055 3100 2201 3155 enim
2234 3115 2427 3155 omnes
2457 3102 2704 3156 omnium
2731 3103 3064 3173 scriptorum
3099 3104 3301 3159 chartae
3333 3105 3401 3159 de

158 3202 333 3258 alienis
363 3203 419 3258 in
454 3202 611 3258 cives
640 3198 895 3270 proprios
919 3198 1107 3252 ascitis
1137 3212 1167 3250 a
1192 3195 1513 3251 civitatibus
1552 3195 1745 3264 plenae.
1788 3193 1857 3248 Et
1885 3194 2232 3263 episcopatus
2265 3194 2651 3266 Paphlagonia:
2679 3197 2867 3251 nullus
2892 3204 3141 3267 apparet.
3196 3197 3322 3252 Fuit
3355 3196 3403 3251 is

157 3310 359 3364 quoque
397 3292 741 3348 binominis:
800 3303 1037 3358 namque
1090 3297 1146 3341 et
1196 3286 1420 3341 Davidis
1463 3285 1812 3354 appellationi

1741 3300 1832 3339 me
1871 3285 2190 3355 insignitur.
2243 3285 2383 3340 Hinc
2442 3288 2645 3357 saepius
2688 3288 2905 3358 Νικήτα
2947 3290 3040 3343 τοῦ
3083 3291 3181 3345 καὶ
3212 3289 3396 3353 Δαυϊδ,

158 3387 337 3443 Niceti:
356 3388 450 3459 qui
482 3396 535 3440 et
568 3384 739 3439 David
768 3400 787 3449 ;
832 3392 891 3438 et
919 3382 1171 3437 absolute
1198 3396 1227 3435 a
1264 3379 1548 3434 nonnullis
1568 3378 1781 3432 Nicetas
1813 3377 1979 3433 David
2008 3380 2336 3449 appellatur.
2392 3380 2461 3435 Et
2484 3381 2705 3435 videant
2729 3382 2823 3453 qui
2851 3382 3021 3437 David
3060 3384 3164 3439 hoc
3199 3402 3403 3455 cogno-

162 3491 392 3535 mentum
446 3478 623 3533 l’uisse
676 3476 922 3541 tradunt,
957 3489 1068 3544 quo
1117 3488 1176 3528 se
1214 3472 1441 3527 lulciant
1466 3471 1843 3526 fundamento.
1898 3471 1958 3526 ln
1982 3472 2259 3542 aliquibus
2301 3474 2587 3529 codicibus
2606 3475 2919 3530 adnectitur
2940 3477 3062 3531 loco
3108 3477 3324 3535 Doridis
3351 3492 3402 3535 et

155 3571 533 3642 Paphlagonis,
582 3568 893 3639 Δαδύόρων,
938 3563 1332 3636 Dadybrorum,
1357 3564 1450 3633 qui
1472 3570 1592 3618 erat
1618 3562 1810 3632 episcoi

1747 3572 1966 3632 copatus
2009 3564 2112 3618 sub
2138 3562 2438 3635 Gangrensi
2469 3565 2872 3636 Paphlagonia.
2932 3568 3070 3623 Hinc
3093 3586 3263 3641 arguo
3293 3589 3402 3628 non

160 3664 286 3718 male
311 3663 732 3734 Dadybrensem
759 3659 1101 3729 episcOpum,
1149 3656 1360 3711 dictum
1403 3655 1571 3709 etiam
1594 3654 2021 3725 Paphlagonem,
2052 3656 2148 3725 qui
2182 3672 2380 3727 nempe
2406 3658 2713 3728 possideret
2770 3658 2825 3714 in
2873 3660 3239 3733 Paphlagonia
3293 3667 3407 3736 epi-

158 3767 448 3826 scopatum.
508 3754 649 3810 Huic
676 3752 897 3808 additur
926 3765 1148 3822 quoque
1201 3764 1407 3803 nomen
1436 3746 1748 3819 philosophi,
1800 3749 1813 3801 l

1800 3749 2016 3821 Νικήτα
2057 3749 2153 3803 τοῦ
2184 3750 2277 3803 καὶ
2302 3750 2466 3805 Δαυῒδ
2494 3752 2589 3804 τοῦ
2624 3753 2935 3822 φιλοσόφου.
2982 3755 3201 3822 Νἱεειω,
3239 3762 3328 3829 qui
3354 3770 3404 3813 et

162 3850 335 3916 David,
377 3848 704 3921 philosophi,
752 3855 814 3901 ut
844 3836 1240 3901 clare-videtur
1267 3843 1323 3897 in
1372 3842 1661 3897 codicibus
1697 3843 2089 3914 manuscriptis
2112 3845 2391 3901 Vaticanis
2443 3848 2568 3909 3M,
2622 3848 2726 3902 365
2765 3857 2822 3903 et
2863 3849 2989 3905 679.
3049 3849 3115 3906 Et
3156 3853 3209 3906 in
3257 3856 3403 3919 aliis,

160 3946 296 3999 nullo
324 3947 435 4001 alio
454 3944 672 4008 addito,
713 3943 930 4013 Νικήτα
958 3940 1055 3995 τοῦ
1098 3940 1417 4009 φιλοσόφου,
1469 3939 1669 3994 Niceta:
1700 3938 1815 4009 phil

1747 3938 2015 4011 hilomphi,
2043 3956 2154 3995 non
2221 3942 2369 4011 quod
2406 3951 2617 3997 tantum
2655 3944 2963 3999 institutum
3007 3949 3402 4005 monachorum

168 4038 449 4104 p'ol’essus,
498 4037 599 4092 sed
628 4036 775 4107 quod
826 4036 972 4090 inter
1002 4033 1107 4088 alia
1133 4033 1481 4102 potissimum
1512 4032 1618 4087 sibi
1642 4033 2007 4104 philosophia:
2057 4048 2261 4089 munus
2293 4033 2615 4100 ascriberet,
2667 4036 2859 4105 quales
2899 4038 3150 4108 plerique
3193 4055 3261 4094 eo
3288 4057 3406 4095 aevo

171 4126 325 4194 luere,
352 4142 410 4185 et
432 4129 651 4199 primus
681 4128 825 4182 inter
855 4142 953 4180 eos
973 4125 1184 4178 ὑπάτου
1206 4124 1316 4178 τῶν
1340 4123 1645 4193 φιλοσόφων
1671 4125 1826 4180 titulo

1751 4125 1833 4179 ilo
1860 4126 2342 4181 cohonestabatur.
2405 4126 2584 4191 Quare
2624 4127 2713 4181 hic
2751 4127 3183 4195 fueritNicetas,
3221 4135 3315 4202 qui
3348 4146 3406 4189 et

170 4216 267 4270 alio
291 4222 522 4275 nomine
576 4219 748 4274 David
787 4218 1125 4284 vocabatur,
1185 4218 1554 4290 Byzantinus,
1606 4217 1872 4289 dignitate
1922 4220 2319 4290 philosophus,
2367 4221 2744 4290 Dadybrorum
2798 4223 2853 4276 in
2882 4222 3250 4295 Paphlagonia
3303 4228 3407 4281 sub

170 4312 458 4383 ϐοηθηηεὶ
486 4316 787 4385 episcopus
817 4333 831 4369 :
879 4323 937 4370 et
965 4316 1173 4381 omnia,
1214 4330 1337 4385 quae
1358 4314 1464 4370 sub
1494 4313 1701 4369 Nicctm
1721 4316 1943 4371 nomine
1967 4314 2204 4371 diversis
2224 4315 2372 4369 hisce
2408 4317 2581 4371 titulis
2605 4318 2673 4371 ad
2706 4318 2886 4372 varios
2911 4318 3246 4385 referuntur,
3278 4321 3407 4378 huic

171 4408 259 4464 soli
280 4410 637 4467 vindicantur
678 4411 781 4482 (a).

231 4498 437 4555 Floruit
470 4503 626 4557 circa
653 4501 857 4557 Leonis
881 4511 938 4556 et
961 4501 1305 4556 Constantini
1340 4509 1607 4569 tempora,
1647 4508 1706 4555 ut
1729 4501 2003 4570 colligitur
2033 4516 2098 4553 ex
2148 4500 2418 4568 prommio
2454 4500 2587 4553 Vita:
2614 4502 2785 4554 sancti
2820 4500 3012 4568 lgnatii
3053 4505 3405 4572 patriarchw,

171 4606 318 4658 quam
362 4594 456 4649 ille
487 4610 671 4664 neque
728 4594 947 4649 indocte
986 4609 1165 4664 neque
1213 4592 1551 4663 ineleganter
1597 4592 1826 4646 concinn

1752 4593 1992 4647 :nnavit:
2033 4595 2092 4646 Εἰ
2127 4594 2181 4646 δὲ
2224 4595 2317 4646 καὶ
2359 4592 2495 4662 πρὸς
2535 4594 2643 4655 τοῖς
2685 4594 2970 4661 ἐσχάτοις,
3026 4597 3263 4658 καὶτοῖς
3290 4599 3407 4650 καθ’

170 4683 303 4753 alii;
324 4687 544 4752 τούτοις
566 4684 879 4757 ἐγγίζοντες
921 4689 1138 4757 τύχοιεν
1162 4690 1395 4759 καιροῖς,
1438 4685 1621 4756 πολλῷ
1676 4688 1877 4756 μᾶλλον
1912 4687 2529 4758 ἀξιομνημονευτότατοι
2570 4686 2635 4739 ἂν
2666 4681 2777 4740 εἷεν
2834 4688 3108 4753 ἁπάντων,
3145 4694 3239 4742 καὶ
3294 4690 3412 4754 ἀξι-

170 4779 450 4845 επαίνετοι,
478 4781 561 4844 ὡς
600 4781 733 4834 πολὺ
763 4781 926 4833 πλέον
962 4781 1271 4850 ὀἰκοδομεῖν
1305 4786 1369 4851 τῃ
1409 4780 1671 4850 ὲγγύτητι
1693 4780 1983 4849 δυνάμενοι
2017 4781 2113 4850 τὴν
2153 4779 2482 4849 Ἐκκλησίαν
2509 4795 2522 4808 ’
2550 4779 2609 4832 τὸ
2647 4781 2753 4851 γὰρ
2779 4783 3001 4851 ἀρχαῖον
3028 4783 3121 4835 καὶ
3148 4783 3408 4852 πάμπολυ

170 4870 293 4923 κατά
322 4873 520 4943 χρόνον
556 4872 803 4937 διεστὼς,
838 4873 888 4925 εί
914 4873 1008 4926 καὶ
1035 4872 1352 4927 πιστεύεται
1384 4876 1450 4944 τῇ
1486 4873 1800 4943 ἀξιοπιστίᾳ
1831 4877 1929 4943 τῆς
1964 4874 2209 4944 Γραφῆς,
2245 4872 2381 4927 ἀλλά
2406 4875 2498 4925 καὶ
2540 4874 2733 4927 θᾶττον
2755 4874 2821 4927 ἂν
2875 4877 2987 4935 τοῖς
3028 4876 3241 4938 πολλοῖς
3274 4878 3411 4946 πρὸς

171 4960 253 5031 τὴν
286 4966 526 5034 μίμησιν
574 4964 1029 5031 ἀπογινώσκωτο,
1080 4962 1451 5033 λογιζομένοις
1493 4962 1569 5025 ὡς
1597 4963 1865 5032 κρεῖττον,
1917 4964 1950 5033 ἢ
1983 4964 2120 5017 κατά
2156 4966 2254 5032 τὴν
2296 4962 2595 5032 παροῦσαν,
2635 4965 2742 5013 τῶν
2774 4963 3165 5035 πρεσϐυτέρων
3184 4967 3410 5017 ἐκείνων

172 5050 473 5123 δυναμένων
500 5053 807 5125 κατορθοῦν
832 5056 1027 5124 γενεάν
1060 5071 1075 5087 ⁸
1105 5054 1205 5107 ὅσα
1230 5054 1276 5107 δ’
1305 5052 1371 5106 ἂν
1394 5056 1507 5115 τοῖς
1539 5051 1661 5105 καθ’
1689 5053 1836 5123 ἡμᾶς
1870 5053 2267 5123 κατορθοῦσθαι
2305 5053 2609 5104 πιστεύοιτο
2653 5055 2885 5122 καιροῖς,
2935 5054 3132 5121 μᾶλλον
3157 5054 3222 5107 ἂν
3254 5051 3411 5123 οἶμαι

172 5146 323 5198 ταῦτα
348 5145 720 5218 παρακνίζειν
744 5147 872 5210 τοὺς
896 5145 1339 5217 εὐσεϐεστέρους,
1369 5148 1463 5198 καὶ
1491 5147 1625 5211 πρὸς
1641 5144 1733 5197 τὸν
1768 5144 1880 5198 ἴσον
1906 5146 2003 5216 τῆς
2027 5147 2227 5217 ἀρετῆς
2255 5145 2573 5215 διερεθίζειν
2598 5146 2778 5214 ζῆλον*
2800 5147 2887 5199 διὰ
2912 5146 3083 5199 ταῦτά
3112 5165 3201 5217 μοι
3226 5146 3413 5201 τοῦτον

175 5241 524 5313 ἐνστήσασθαι
557 5242 656 5298 νῦν
680 5241 772 5315 ςτῷ
802 5240 947 5311 λόγῳ
968 5240 1060 5294 τὸν
1091 5239 1279 5309 ἀγῶνα
1307 5256 1323 5271 ο
1348 5238 1440 5292 καί
1484 5256 1573 5309 μοι
1600 5237 1827 5307 σφοδρὸς
1868 5238 2034 5301 πόθος
2076 5240 2435 5309 κατακάρδιο;
2464 5238 2736 5308 ἀληθινοῖς
2779 5239 3081 5309 διηγήμασι
3108 5240 3202 5291 καὶ
3237 5240 3414 5308 πάσης

177 5338 481 5409 προλήψεως
510 5336 961 5408 ἀπηλλαγμένοις
994 5332 1254 5403 ψεύδους,
1289 5332 1381 5384 τὸν
1422 5331 1596 5400 μέγαν
1626 5330 1910 5399 ἱεράρχην,
1947 5331 2041 5382 καὶ
2087 5330 2317 5398 ποιμένα
2346 5329 2444 5399 τῆς
2469 5330 2732 5400 βασιλίδος
2780 5329 3038 5396 Ὶγνάτιον
3073 5330 3177 5383 ὑπό
3207 5348 3269 5397 γε
3294 5333 3414 5401 Θεῴ

181 5431 431 5501 πνεύματι
456 5434 566 5502 τῆς
595 5430 854 5503 ἀληθείας
888 5428 1166 5498 ὑφηγητῇ,
1193 5425 1288 5479 καί⁵
1317 5424 1647 5493 συλλήπτορι
1674 5424 1787 5485 τοῖς
1810 5422 2086 5489 ἀγνοοῦσι,
2114 5423 2294 5485 ὁποῖός
2322 5440 2405 5486 τις
2433 5418 2521 5495 ἦν,
2559 5424 2621 5475 ἐκ
2662 5426 2761 5494 τῆς
2788 5421 2913 5475 κατ’
2938 5425 3099 5477 αὐτὸν
3141 5424 3415 5479 πολιτείας

246 5609 317 5676 (ai
365 5611 654 5665 Hactenus
680 5609 933 5663 notitiam
959 5608 1028 5663 de
1050 5610 1157 5662 hoc
1181 5606 1373 5662 Niceta
1397 5620 1498 5658 nos
1517 5620 1583 5658 ex
1614 5603 1813 5659 Allatio
1837 5603 2187 5676 eclidcramus
2214 5601 2269 5676 in
2289 5599 2483 5676 script;
2516 5609 2610 5654 ret.
2645 5605 2684 5651 t.
2712 5596 2804 5664 lX,
2835 5597 2985 5667 prmi.
3015 5616 3069 5669 ν.
3104 5614 3223 5663 xix;
3252 5607 3415 5664 quem

188 5672 347 5736 tamen
373 5683 661 5736 diversum
689 5697 812 5735 esse
842 5698 871 5734 a
901 5679 1089 5733 Niccta
1115 5679 1405 5734 Serrorum
1431 5675 1711 5746 episcopo,
1741 5677 1876 5729 infra
1904 5674 2198 5729 constabit.
2247 5672 2309 5725 Α.
2336 5672 2404 5725 .\l.

444 5778 729 5837 Parnon.
783 5777 901 5833 lin.
938 5772 1061 5831 CV.
2956 5756 2977 5816 l
