4192 6424
739 376 801 442 11
1976 380 2292 442 NICETAS
2325 382 2742 445 PAPHLAGO.
3904 376 3977 444 12

736 489 1016 553 ἀποδεῖξαι
1046 506 1060 521 ⁸
1100 490 1379 559 Ἰγνάτιον,
1409 490 1575 561 φημὶ,
1600 489 1787 543 τοῦτον
1812 490 1904 544 τὸν
1954 491 2183 563 ὕστερον
2216 493 2315 561 μὲν
2341 494 2421 563 τῷ
2453 495 2629 565 χρόνῳ
2662 495 2756 548 καὶ
2778 493 2884 564 πρὸ
2909 493 3008 565 τῆς
3040 494 3163 549 καθ’
3188 497 3335 568 ἡμᾶς
3362 494 3563 566 ταύτης
3594 492 3978 564 ἀναοειχθὲντα

738 588 957 656 γενεᾶς,
984 588 1194 650 οὐδενὸς
1219 588 1275 639 δὲ
1302 588 1411 640 τῶν
1446 589 1552 658 πρὸ
1582 590 1745 642 αὐτοῦ
1780 590 1979 659 τιμίων
2015 592 2285 664 ἱεραρχῶν
2328 591 2429 661 τὴν
2454 593 2638 646 πίστιν
2663 594 2758 650 καὶ
2788 594 2886 665 τὴν
2916 594 3205 663 όμολογίαν
3229 597 3657 667 ἀπολειπόμενον
3684 610 3698 623 ·
3746 591 3897 657 Quod
3929 593 3980 645 si

740 688 917 733 autem
952 681 1152 734 eosdem
1183 682 1252 735 ad
1298 690 1589 735 extremam
1613 693 1660 734 et
1695 692 1934 736 nostram
1982 694 2191 738 aetatem
2249 685 2463 754 propius
2508 684 2754 739 accedere
2774 687 3065 756 contingat,
3114 696 3226 743 tum
3260 704 3380 742 vero
3414 688 3581 743 multo
3609 688 3839 741 maxime
3865 700 3980 756 pra:

738 776 936 826 cunctis
985 776 1335 836 memorandi.
1393 776 1637 845 omnique
1680 777 1836 830 laude
1882 778 2208 847 prwdicandi
2255 787 2399 843 sunt,
2423 786 2479 832 ut
2502 780 2592 849 qui
2630 789 2844 850 prapter
2906 789 3201 850 temporum
3248 782 3571 835 vicinitatem
3611 779 3978 848 multomagis

741 864 989 921 Ecclesia!
1020 870 1262 937 prodesse
1287 872 1505 940 possint.
1556 870 1707 936 Quod
1742 874 1879 926 enim
1914 881 2267 942 pervetustum
2295 882 2392 939 est,
2437 873 2706 944 longisque
2743 884 3034 943 temporum
3064 874 3361 929 intervallis
3384 881 3661 937 remotum,
3697 874 3791 926 etsi
3818 870 3981 938 ﬁdem

739 969 949 1029 prapter
979 962 1251 1014 scribentis
1293 965 1661 1018 auctoritatem
1692 973 1979 1028 mereatur,
2012 963 2323 1033 desperatur
2351 974 2531 1019 tamen
2578 984 2611 1020 a
2653 964 2914 1036 plerisque
2961 967 3194 1019 studium
3236 964 3503 1028 imitandi,
3544 972 3603 1016 ut
3657 964 3750 1033 qui
3794 971 3981 1031 putent

740 1051 845 1104 illis
882 1054 1151 1123 majorum
1185 1066 1486 1110 nostrorum
1516 1058 1719 1111 strculis
1744 1058 1910 1111 multo
1949 1060 2238 1128 promptius
2256 1060 2433 1128 fuisse,
2457 1078 2619 1130 quam
2668 1060 2862 1115 nostris
2901 1078 3017 1115 cum
3044 1063 3232 1115 virtute
3267 1060 3455 1113 vivere.
3490 1056 3620 1122 Quae
3649 1074 3769 1111 vero
3794 1066 3983 1110 nostra

740 1149 996 1200 memoria
1031 1158 1165 1200 recte
1198 1148 1341 1216 facta
1380 1152 1699 1216 creduntur,
1740 1152 1835 1205 illa
1875 1152 2040 1206 multo
2068 1155 2267 1216 acrius.
2298 1156 2505 1225 opinor,
2545 1158 2751 1227 piorum
2778 1166 2973 1210 mentes
2999 1155 3067 1209 ad
3088 1156 3293 1210 virtutis
3327 1154 3479 1207 decus
3504 1152 3862 1207 cumulandum
3888 1150 3977 1203 in-

741 1242 1039 1306 ﬂammant.
1095 1239 1426 1310 Quapropter
1454 1244 1635 1313 ingens
1669 1259 1751 1297 me
1774 1243 2090 1297 desiderium
2123 1247 2290 1299 animi
2328 1246 2538 1316 impulit
2568 1249 2639 1303 ad
2678 1266 2895 1303 causam
2933 1250 3069 1301 hanc
3097 1250 3202 1314 sive
3242 1258 3507 1301 certamen
3544 1249 3781 1300 oratione
3805 1262 3985 1315 perse—

741 1333 1021 1403 quendum,
1054 1332 1286 1404 duceque
1328 1343 1376 1387 et
1418 1336 1661 1406 adjutore
1706 1335 1813 1389 Deo
1838 1338 2028 1407 spiritu
2057 1339 2315 1402 veritatis,
2338 1341 2715 1395 ostendendum
2742 1343 3106 1401 nescientibus.
3144 1346 3232 1413 qui
3253 1345 3333 1397 vir
3359 1343 3602 1413 Ignatius
3624 1342 3897 1412 qualisque
3928 1349 3985 1392 et

741 1434 969 1495 quantus
1003 1425 1085 1478 hic
1139 1426 1378 1486 antistes,
1425 1435 1473 1478 et
1520 1428 1675 1497 regia:
1708 1437 1891 1498 pastor
1921 1430 2085 1493 urbis,
2109 1432 2191 1496 {in
2223 1434 2343 1485 vita'
2366 1448 2476 1486 sure
2517 1434 2725 1485 ratione
2768 1434 2941 1502 fuerit.
2974 1433 3261 1504 Ignatium,
3295 1434 3517 1500 inquam
3547 1448 3688 1495 eum,
3731 1431 3819 1500 qui
3870 1444 3989 1483 (evo

739 1519 948 1588 quidem
976 1521 1231 1587 posterior
1293 1528 1341 1571 et
1370 1530 1492 1572 ante
1519 1521 1653 1573 hanc
1695 1530 1930 1577 nostram
1966 1527 2353 1592 generationem
2386 1529 2589 1598 ﬂoruit,
2629 1528 2889 1595 prioribus
2930 1537 3108 1580 tamen
3131 1527 3237 1582 illis
3292 1527 3605 1580 venerandis
3652 1522 3985 1595 pontiﬁcibus

740 1612 872 1665 nihil
897 1611 978 1664 vel
1005 1612 1212 1680 deiide,
1242 1610 1321 1664 vel
1344 1613 1666 1681 confessione
1697 1618 1965 1670 concessit.
2026 1618 2167 1684 Quid
2196 1620 2267 1673 sit
2320 1620 2503 1687 γενεά,
2552 1620 2635 1674 vel
2670 1629 2823 1685 tetas,
2873 1629 3164 1689 antequam
3218 1621 3421 1675 vixisse
3481 1620 3659 1673 fertur
3714 1616 3981 1687 Ignatius,

740 1702 940 1757 docent
960 1703 1313 1758 laudatissimi
1333 1705 1537 1774 quique
1565 1706 1929 1776 grammatici.
1964 1706 2142 1773 Quare
2171 1710 2305 1764 nulli
2325 1709 2554 1764 dubium
2590 1711 2783 1779 fuerit,
2814 1712 3047 1781 subjam
3081 1710 3247 1767 dictis
3275 1712 3703 1781 imperatoribus
3726 1709 3977 1764 Nicetam

744 1795 890 1849 hunc
921 1796 1193 1851 ﬂoruisse.

812 1888 1040 1958 Scripsit
1064 1889 1375 1955 Historiam,
1409 1901 1469 1947 ut
1492 1890 1725 1963 Scylitza
1770 1900 1933 1962 atque
1970 1890 2254 1948 Cedrenus
2281 1892 2538 1960 tradunt,
2561 1902 2617 1948 et
2650 1893 2992 1963 Nicephorus
3019 1892 3275 1950 Callistus
3301 1892 3425 1948 loco
3454 1892 3624 1954 dicto,
3647 1889 3792 1961 quod
3822 1888 3987 1945 divus

740 1979 976 2051 Cyrillus
1004 1997 1101 2051 per
1134 1983 1399 2036 visionem
1430 1983 1673 2039 divinam
1700 1999 1899 2039 nomen
1920 1984 2147 2041 Joannis
2166 1986 2491 2055 susceperit,
2516 1995 2956 2055 conceptumque
2985 1996 3144 2040 antea
3193 1985 3379 2040 odium
3424 1984 3479 2038 in
3507 1982 3984 2053 Chrysostomum,

740 2073 836 2127 Dei
859 2073 1155 2131 Genitricis
1184 2078 1406 2133 hortatu
1447 2079 1765 2149 deposuerit
1799 2097 1813 2134 :
1858 2081 1947 2133 ’Ev
1970 2082 2277 2153 ἀποκρύφῳ
2336 2083 2395 2135 ῑσ

2336 2081 2545 2153 ἱστορίᾳ.
2594 2080 2769 2152 εὑρὼν
2822 2082 3037 2151 Νικήτα
3091 2081 3383 2151 φιλοσόφου
3406 2080 3501 2133 τοῦ
3544 2081 3639 2133 καὶ
3668 2077 3852 2139 Δαυῖδ,
3881 2076 3978 2129 καὶ

740 2168 937 2232 ἄλλων,
976 2170 1067 2222 καὶ
1099 2171 1260 2234 αὐτὸς
1328 2172 1437 2224 δεῖν
1462 2171 1637 2238 ἔγνων
1664 2174 1721 2225 ὲν
1753 2175 1818 2241 τῇ
1863 2173 2114 2245 παρούσῃ
2142 2174 2353 2245 ἱστορίᾳ.
2386 2175 2625 2241 ἐντάξαι,
2660 2172 2734 2235 ὡς
2765 2172 2831 2227 ἂν
2862 2176 2938 2244 μή
2974 2190 3080 2225 τινι
3122 2172 3485 2242 ἀμφιδάλλειν
3521 2172 3753 2241 γένοιτο,
3787 2172 3905 2232 πῶς
3932 2170 3984 2221 οἱ

740 2267 986 2320 τοσοῦτοι
1019 2270 1300 2337 φωστῆρες
1332 2267 1399 2320 δι’
1434 2268 1634 2339 ἔχθρας
1662 2267 1910 2339 ἀλλήλοις
1947 2270 2115 2333 ἰόντες
2138 2268 2445 2342 ἁγιωσύνης
2470 2273 2561 2323 καὶ
2590 2272 2756 2340 ἄμφω
2784 2271 2863 2332 εἰς
2891 2270 3058 2337 ἄκρον
3083 2264 3235 2342 ἧκον,
3281 2269 3378 2321 καὶ
3409 2268 3509 2338 τῆς
3544 2266 3871 2337 Ἐκκλησίας
3893 2264 3986 2317 θε-

747 2360 919 2426 μέλιοι
942 2362 1333 2429 ἐχρημάτισαν,
1368 2362 1628 2431 μηδαμῶς
1653 2362 1717 2413 τὸ
1748 2364 1847 2430 τῆς
1884 2359 2083 2431 ἔχθρας
2120 2363 2259 2431 μέγα
2295 2364 2396 2434 τὴν
2451 2361 2761 2433 κρατοῦσαν
2811 2361 2970 2425 δόξαν
3007 2358 3347 2430 λυμήνασθαι
3379 2359 3699 2429 δυνηθείσης
3723 2375 3739 2390 ο
3778 2358 3843 2413 In
3891 2373 3980 2411 ar-

743 2467 878 2505 cana
899 2451 1094 2505 Nicette
1130 2449 1440 2520 philosophi,
1475 2452 1565 2520 qui
1586 2459 1634 2503 et
1663 2450 1829 2504 David
1850 2451 2017 2504 dictus
2042 2459 2136 2513 est,
2168 2453 2386 2506 historia
2406 2495 2419 2515 ,
2454 2464 2501 2506 et
2547 2453 2687 2523 apud
2726 2452 2860 2505 alios
2889 2453 3014 2505 item
3048 2468 3168 2504 cum
3196 2452 3507 2514 invenerim,
3548 2451 3694 2519 operi
3726 2449 3847 2502 huic
3868 2456 3976 2501 meo

743 2550 1079 2603 inserendum
1110 2564 1220 2602 esse
1244 2564 1445 2618 quoque
1491 2548 1638 2612 duxi,
1690 2564 1755 2601 ne
1803 2550 1888 2600 cui
1943 2548 2184 2617 ambigue
2234 2550 2291 2601 in
2326 2557 2551 2601 mentem
2595 2548 2769 2601 veniat
2836 2548 3094 2618 quomodo
3128 2554 3280 2601 tanta
3313 2547 3626 2611 luminaria,
3675 2544 3977 2600 inimicius

745 2661 956 2705 mutuas
990 2652 1304 2713 exercentia,
1336 2648 1487 2702 ambo
1506 2650 1574 2701 ad
1605 2663 1866 2702 summam
1890 2648 2223 2700 sanctitatem
2256 2648 2607 2715 pervenerint,
2635 2655 2684 2699 et
2698 2644 2946 2699 Ecclesia
2967 2643 3315 2714 fundamenta
3344 2642 3660 2707 exstiterint,
3690 2638 3977 2695 inimicitiis

746 2745 1050 2814 hujnsmodi
1080 2743 1287 2797 nullum
1319 2734 1536 2795 illorum
1564 2740 1750 2811 gloria:
1776 2743 2146 2796 detrimentum
2174 2743 2525 2813 aﬂ‘erentibus.

820 2838 990 2892 Vitam
1020 2838 1192 2890 sancti
1215 2836 1434 2906 Ignalii,
1469 2834 1751 2888 Michaelis
1788 2834 1976 2889 Trauli
2027 2836 2225 2905 (Balbi)
2262 2836 2614 2905 imperatoris
2665 2834 3260 2904 Constantinopolitani
3299 2835 3360 2889 F.
3397 2842 3453 2890 et
3493 2834 3811 2904 patriarchae
3836 2828 3988 2885 Con-

748 2933 1243 3004 stantinOpolitani,
1273 2945 1383 3000 quo
1430 2938 1623 2984 exacto
1652 2929 1886 2984 Photius
1928 2944 1995 2984 ex
2024 2940 2281 2985 senatore
2318 2938 2375 2986 et
2417 2931 2557 2985 laico
2581 2930 2759 2985 factus
2810 2941 2894 2986 est
2923 2932 3252 3001 patriarcha.
3320 2930 3450 2985 Eam
3495 2933 3549 2984 in
3585 2930 3834 2984 Latinum
3864 2940 3895 2977 a
3926 2938 3989 2979 se

750 3047 968 3112 versam
988 3030 1162 3085 edidit
1198 3027 1383 3084 Graece
1405 3035 1460 3080 et
1515 3026 1684 3080 latine
1714 3026 1999 3082 Matthazus
2044 3028 2296 3083 Raderus
2342 3038 2467 3083 ante
2499 3027 2796 3082 concilium
2827 3036 3080 3081 octavum
3129 3026 3403 3096 generale,
3464 3023 3602 3084 in-l.
3648 3016 3985 3090 lngolstadii.

752 3123 1109 3179 Postmodum
1141 3122 1197 3175 in
1236 3136 1375 3175 nova
1408 3117 1780 3174 Conciliorum
1811 3121 2154 3191 generalium
2197 3130 2253 3176 et
2285 3123 2696 3192 particularium
2728 3121 2972 3175 editione
3002 3120 3211 3181 Roma,
3260 3118 3519 3182 Colonize,
3548 3125 3603 3171 et
3630 3112 3850 3170 Parisiis
3884 3127 3995 3182 pu-

753 3218 954 3273 blicata
985 3224 1089 3270 est.
1150 3215 1281 3269 Eam
1312 3228 1531 3283 quoque
1554 3228 1585 3267 e
1618 3212 1809 3267 Graeco
1840 3214 2070 3268 vertisse
2100 3214 2422 3269 Federicum
2472 3215 2695 3269 Metium
2726 3214 2920 3269 scribit
2953 3212 3285 3269 Possevinus
3332 3212 3388 3266 in
3415 3211 3715 3280 Apparatu.
3769 3205 3999 3275 Legitur

753 3310 919 3366 etiam
968 3322 1113 3362 nunc
1143 3305 1517 3374 manuscripta
1571 3302 1626 3357 in
1654 3302 1989 3359 bibliotheca
2019 3305 2283 3361 Vaticana
2316 3308 2440 3362 cod.
2474 3306 2633 3371 1452,
2659 3304 2874 3376 collegii
2917 3302 3255 3368 Graecorum,
3300 3302 3447 3372 regia
3474 3294 3998 3360 Sancti-Laurentii,

755 3410 813 3454 et
835 3399 990 3453 alibi.

828 3493 1107 3550 Orationes
1152 3494 1331 3547 varias
1362 3494 1417 3546 in
1444 3492 1628 3546 laudes
1650 3497 1975 3554 sanctorum,
2028 3488 2175 3555 Quas
2207 3489 2321 3559 ipse
2345 3489 2451 3561 legi
2485 3499 2615 3544 sunt
2651 3508 2665 3543 :

828 3590 886 3642 1.
921 3589 979 3642 lu
1012 3598 1254 3639 sanetum
1272 3587 1530 3640 Joannem
1560 3582 1950 3653 evangelistam.
1986 3585 2076 3638 P.:
2114 3583 2174 3635 '0
2202 3583 2293 3635 τὸν
2329 3583 2483 3651 μέγαε

2344 3583 2501 3649 ιέγαν
2534 3582 2635 3651 τῆς
2673 3580 2902 3654 βροντῆς
2927 3583 3082 3652 γόνον
3110 3580 3554 3655 προτρεπόμενος
3584 3578 3848 3633 ἐπαινεῖν.
3880 3573 3999 3630 Sub

755 3678 950 3733 Nicena
972 3678 1191 3730 rhetoris
1217 3684 1263 3729 et
1295 3674 1465 3728 sancti
1488 3673 1585 3725 viri
1612 3673 1776 3726 titulo
1816 3683 2071 3728 servatur
2094 3674 2147 3727 in
2186 3673 2519 3729 bibliotheca
2542 3675 2863 3729 Barberina.

827 3776 882 3829 ‘2.
938 3774 998 3826 In
1040 3781 1246 3824 sanctos
1312 3778 1571 3839 martyres
1633 3767 1885 3839 Cerycum
1947 3769 2063 3839 (sic)
2119 3777 2169 3822 et
2215 3768 2482 3824 Julittam.

2341 3777 2487 3823 rtam.
2538 3771 2635 3826 P.:
2672 3769 2883 3841 Ὥσπερ
2934 3771 3035 3823 οὐκ
3080 3769 3197 3823 εστι
3256 3768 3615 3839 συνεχόμενον
3656 3765 3735 3836 τῷ
3807 3762 3996 3834 Κυρίυ

770 3866 1036 3918 Ἰουόαῗον.

824 3960 879 4012 5.
922 3959 985 4012 1η
1015 3968 1254 4012 sanetum
1288 3956 1766 4011 Pantaleemonem.
1829 3954 1925 4009 P.:
1967 3954 2291 4026 Θαυμαστὸς
2317 3956 2346 4007 6
2376 3954 2476 4008 Θεὸ

1994 3954 2291 4026 θαυμαστὸς
2317 3956 2346 4007 6
2376 3954 2507 4018 Θεὸς
2545 3956 2603 4007 ὲν
2629 3957 2740 4016 τοῖς
2768 3954 2938 4021 ἁγίοις
2966 3952 3158 4017 αὐτοῦ,
3194 3971 3357 4022 φησιν
3386 3964 3414 4004 ο
3455 3952 3649 4021 μέγας.

827 4054 879 4106 ἁ.
942 4053 1005 4106 In
1039 4064 1282 4105 sanctum
1332 4049 1780 4103 Bartholomwum
1844 4047 2167 4114 apostolum.
2228 4047 2334 4101 P.:
2393 4046 2482 4116 Θει

2393 4046 2605 4116 Θερμὸς
2660 4048 2687 4097 ὁ
2743 4044 2926 4107 πόθος,
2977 4042 3090 4097 ἀλλ’
3157 4041 3465 4115 ἁδρανὴςξό
3534 4042 3701 4108 νοῦς,
3767 4040 3892 4107 ζέων
3944 4029 3994 4086 δ’

758 4151 916 4221 ἔρως.

831 4246 883 4300 5.
919 4244 979 4298 In
1006 4253 1249 4295 sanetum
1286 4240 1515 4294 Marcum
1552 4237 1951 4308 evangelistam.
1983 4238 2043 4291 Ρ.
2074 4255 2088 4291 :
2145 4237 2356 4305 Ὠσπερ
2385 4234 2482 4303 οὐχ

2074 4255 2088 4291 :
2145 4237 2356 4305 Ὠσπερ
2385 4234 2482 4303 οὐχ
2507 4235 2689 4303 ὅμοιαι
2714 4233 2824 4287 τῶν
2853 4234 3120 4304 σωμάτων
3148 4233 3364 4287 πάντων
3394 4233 3451 4285 αἱ
3480 4229 3706 4303 μορφαί.

828 4338 880 4391 6.
914 4334 981 4389 In
1027 4344 1268 4387 sanctum
1317 4331 1574 4383 Jacobum
1624 4329 1861 4383 Zebedwi
1931 4327 2123 4396 ﬁlium.
2188 4332 2290 4381 P.:
2351 4326 2483 4396 [1pm

2351 4326 2549 4398 Πρώην
2605 4327 2705 4397 μὲν
2758 4327 2904 4396 ἡμᾶς
2949 4327 2983 4396 ή
3044 4325 3194 4390 ζῶσα
3248 4326 3347 4397 τῆς
3410 4324 3669 4395 ἀληθινῆς
3718 4318 4002 4387 θεολογίας

762 4448 937 4500 nm-

832 4526 884 4577 7.
939 4522 999 4576 in
1054 4521 1269 4575 Petrum
1333 4528 1382 4572 et
1437 4515 1667 4571 Paulum
1741 4517 2102 4587 apostolorum
2173 4517 2449 4589 principes.

2351 4532 2449 4585 pes.
2512 4513 2625 4569 l’.:
2681 4514 2777 4577 Ti;
2838 4514 2866 4565 6
2922 4512 3151 4583 τερπνὸς
3216 4505 3370 4566 οὗτος
3424 4505 3596 4580 ﬁxos;
3644 4505 3727 4569 τίς
3792 4508 3820 4559 6
3895 4502 4006 4555 τῶν

758 4615 1265 4689 ἔορταζόντωνατλ.

830 4714 883 4767 8.
923 4712 985 4765 In
1026 4718 1234 4764 sanctos
1257 4707 1528 4764 duodecim
1558 4707 1845 4780 apostolos.
1893 4702 1954 4758 P.
1982 4722 1996 4759 :
2025 4703 2091 4757 Τί
2117 4703 2256 4774 καλὴ
2285 4703 2385 4770 τῆς
2424 4703 2481 4756 Ἐ

2359 4721 2385 4766 ς
2424 4700 2749 4773 Ἐκκλησίας
2782 4703 2815 4771 ἡ
2850 4700 3033 4767 τάξιςῐ
3065 4699 3118 4753 τί
3144 4697 3351 4769 τερπνὴ
3374 4696 3483 4750 τῶν
3514 4696 3601 4750 ἐπ’
3648 4694 3851 4764 αὐτῆς,
3884 4690 4008 4749 κτλ.

759 4807 853 4861 liae
886 4819 1077 4859 omnes
1099 4804 1200 4857 sub
1233 4804 1423 4857 eodem
1458 4804 1702 4859 rhetoris
1735 4800 1894 4855 titulo
1928 4799 2185 4869 leguntur
2214 4796 2270 4850 in
2294 4795 2614 4850 Barberina.

827 4899 881 4953 9.
942 4898 1018 4949 De
1040 4899 1343 4957 certamine,
1377 4907 1425 4950 et
1448 4897 1766 4957 inventione,
1797 4901 1847 4946 et
1878 4890 2228 4944 translatione
2257 4888 2599 4957 reliquiarum
2629 4888 2800 4940 sancti
2826 4884 3232 4957 protomartyris
3261 4891 3310 4936 et
3336 4879 3699 4934 archidiaconi
3732 4876 4012 4947 Stephani.

760 4991 821 5044 Ρ.
860 5006 872 5041 :
918 4989 975 5041 Ὀ
1017 4988 1219 5057 Κύριος
1251 4989 1406 5057 ἡμῶν
1446 4987 1650 5059 Ἰησοῦς
1694 4984 1929 5057 Χριστὸς
1973 4986 2002 5036 6
2034 4981 2224 5052 Σωτὴρ
2264 4982 2485 5034 πάντων
2517 4979 2625 5031 τῶν
2672 4978 3003 5041 ἐλπιζόντων
3038 4976 3124 5029 ἐπ’
3169 4975 3349 5028 αὐτόν.
3396 4972 3734 5027 ὃυὺηοοόοω
3762 4968 3925 5023 titulo
3954 4967 4014 5021 in

760 5083 1079 5147 Barherina,
1117 5094 1173 5137 et
1219 5083 1321 5136 sub
1375 5083 1574 5137 Nicetes
1621 5079 1933 5151 philosophi
1979 5078 2036 5131 in
2060 5075 2340 5131 Vaticanis
2388 5073 2675 5129 codicibus
2717 5072 2818 5127 G79
2840 5081 2895 5126 et.
2922 5070 3047 5126 819.
3099 5068 3432 5123 Possevinus
3465 5066 3519 5119 in
3549 5066 3829 5135 Apparatu
3854 5070 4014 5131 putat

760 5167 963 5223 Nicetae
993 5170 1273 5239 Byzantini
1304 5186 1446 5232 esse.
1474 5172 1566 5242 qui
1598 5172 1651 5225 in
1679 5171 1938 5227 Vaticana
1960 5168 2294 5223 bibliotheca
2316 5165 2419 5219 sub
2452 5165 2677 5221 nomine
2711 5164 2913 5219 Niceten
2939 5163 3251 5234 philosophi
3274 5170 3586 5216 asservatur
3611 5157 3798 5211 Graece
3821 5167 4020 5207 manu-

760 5266 1000 5333 scriptus
1036 5282 1234 5331 sermo,
1281 5268 1343 5319 de
1383 5269 1668 5339 martyrio,
1717 5268 2031 5329 inventione,
2059 5274 2110 5319 et
2131 5264 2480 5317 translatione
2512 5261 2930 5316 venerandarum
2976 5254 3326 5328 reliquiarum
3387 5251 3797 5325 protomartyris
3846 5244 4019 5301 sancti

763 5358 1041 5426 Stephani.
1080 5358 1184 5411 Alii
1213 5359 1432 5414 codices
1457 5360 1709 5413 tribuunt
1734 5359 1980 5413 Michaeli
2018 5358 2220 5423 Psello,
2253 5364 2557 5424 notantque
2585 5370 2654 5408 ex
2682 5354 2983 5423 improviso
3011 5351 3241 5406 dictum.

836 5452 919 5503 lO.
954 5450 1068 5504 Sub
1107 5450 1309 5505 Niceue
1344 5449 1730 5523 Paphlagonize
1760 5452 1993 5505 habetur
2023 5450 2285 5505 Laudatio
2328 5449 2385 5502 in
2410 5458 2654 5500 sanctum
2686 5457 2975 5518 martyrem
3016 5446 3363 5501 Theodorum.
3410 5444 3472 5499 Ρ.
3506 5460 3520 5498 :
3573 5442 3637 5496 Ti
3662 5437 3892 5510 λαμπρὰ
3925 5435 4021 5488 καὶ

762 5543 989 5613 διαυγὴς
1014 5546 1046 5612 ἠ
1079 5541 1177 5610 τῆς
1205 5543 1416 5612 ἡμέρας
1440 5542 1599 5613 χάρις
1632 5545 1646 5597 l
1682 5542 1737 5597 In
1764 5543 2048 5611 Vaticana,
2104 5541 2227 5596 cod.
2264 5540 2417 5595 1266.

2370 5540 2420 5595 6.
2466 5540 2527 5593 ln
2557 5538 2856 5594 Barberina
2904 5538 3262 5610 expressius:
3312 5538 3528 5608 Νικήτα
3580 5536 3879 5589 ἐπισκόπου
3908 5532 4025 5585 Πα-

764 5638 1079 5708 φλαγονίας,
1140 5638 1333 5693 Νἱεειιε
1357 5639 1587 5710 episcopi
1636 5638 2037 5707 Paphlagonia'.
2072 5638 2208 5695 Cod.
2229 5637 2355 5691 (ΞΠ.

836 5735 921 5787 Η.
957 5733 1079 5788 Chii
1110 5734 1278 5789 etiam
1301 5734 1564 5804 legeram:
1626 5735 1842 5805 Νικήτα
1872 5736 2102 5805 ῥήτορος
2138 5733 2233 5787 τοῦ
2259 5734 2491 5803 Παφλαγ

2369 5733 2616 5803 ρλαγόνος
2647 5732 2922 5803 ἐγκώμιον
2946 5732 3024 5795 εἰς
3055 5732 3149 5783 τδν
3182 5729 3357 5800 μέγαν
3394 5726 3663 5779 Νιιιόλαον
3698 5722 3792 5776 τὸν
3833 5720 4024 5789 Μυρσ-

764 5825 966 5898 6λύτην
1005 5828 1096 5879 καὶ
1157 5827 1571 5898 θαυματουργὸν
1614 5828 2046 5899 ἀρχιεπίσκοπον
2093 5828 2297 5900 Μύρων
2322 5828 2419 5899 τῆς

2369 5829 2421 5899 ἧς
2462 5828 2715 5891 Λυκίαςτ
2752 5827 2948 5882 Nicetis
2999 5824 3223 5878 rhetoris
3252 5820 3612 5891 Paphlagonis
3662 5815 3903 5871 laudatio
3960 5812 4024 5884 ἐκ
