4192 6424
205 378 272 442 l3
1469 385 1474 392 ’
1690 386 2018 449 ΝΟΤΙἹἹΛ.
3399 394 3463 453 14

200 500 450 542 sanctam
497 487 780 543 Nicolaum
817 490 1191 565 Myroblgtam,
1241 504 1290 547 et
1348 496 1719 549 mir-nudorum
1751 499 2048 567 eﬂectorem
2087 501 2535 571 archiepiscopum
2582 499 2850 571 Myrorum
2885 502 3077 571 Lycior.
3133 502 3219 557 P;
3280 501 3339 556 '0
3369 503 3467 573 μὲν

202 578 496 649 θεοπατωρ
517 580 681 633 Δαυῒδ
702 582 763 635 τὸ
794 582 1043 647 ἀειθαλὲς
1070 588 1165 641 καὶ
1204 587 1525 658 μετάρσιον.

275 671 369 725 19..
426 671 691 727 Laudatio
719 676 774 727 in
803 686 1012 729 sanctos
1038 694 1335 750 anargyros
1372 678 1624 735 Cosmam
1654 691 1701 735 et
1752 682 1930 736 Domit

1809 684 2104 736 amianum.
2135 684 2197 738 P.
2231 702 2245 738 :
2288 687 2376 749 Ὠς
2410 685 2669 754 ἀγαπητὰ
2693 686 2763 739 τὰ
2786 685 3121 755 σκηνώματά
3147 703 3263 752 σου,
3296 687 3464 758 Κύριε

198 765 309 819 τῶν
330 765 618 836 δυνάμεων
654 770 668 822 l
703 766 818 823 Sub
855 768 1058 823 Nicetm
1094 770 1409 841 philosophi
1474 772 1698 827 nomine
1728 773 1783 828 in
1806 774 2065 830 Vaticana
2096 774 2220 829 cod.
2248 775 2368 829 808.
2428 775 2739 845 Eademque
2764 776 2999 831 habetur
3041 777 3095 829 in
3122 792 3245 831 meo
3274 792 3469 830 manu-

198 862 436 931 scripto,
494 865 648 919 nullo
676 863 896 935 praefixo
937 866 1182 922 auctoris
1230 868 1477 923 nomine.
1528 869 1661 924 Eam
1684 885 1808 925 cum
1840 870 2122 925 nonnullis
2164 870 2289 926 aliis
2319 871 2666 926 Monachium
2729 870 2851 924 misi
2881 870 3202 925 doctissimo
3250 870 3461 923 Simoni

198 955 622 1027 “'agnereckio,
647 957 744 1026 qui
770 973 917 1013 nunc
958 959 1026 1012 de
1051 960 1413 1015 sanctissimis
1431 961 1521 1016 his
1544 963 1838 1034 Anargyris
1859 964 2375 1018 commentationem
2404 964 2721 1027 meditatur,
2750 977 2912 1031 quam
2929 964 3038 1032 jam
3074 963 3213 1017 bene
3239 964 3466 1017 inchoa-

204 1058 316 1103 tam
365 1050 563 1105 melius
589 1049 865 1107 conﬁciet.
904 1051 1045 1119 Quid
1078 1054 1227 1107 enim
1257 1064 1362 1119 est,
1414 1055 1565 1118 quod
1594 1057 1684 1111 ille
1705 1058 1948 1113 calamus
1982 1059 2317 1129 amplissime
2350 1074 2460 1113 non
2496 1057 2828 1127 perfecerit?

270 1140 510 1211 Scripsit
539 1153 802 1212 praeterea
825 1146 1199 1212 expositionem
1222 1147 1277 1201 in
1304 1149 1488 1217 aliqua
1520 1150 1765 1205 carmina
1800 1150 2050 1222 Gregorii
2072 1151 2423 1206 Nazianzeni.

274 1236 327 1288 l.
380 1236 442 1290 In
473 1236 825 1306 sepulcralia,
862 1254 985 1307 qua:
1017 1240 1109 1294 ille
1144 1240 1198 1295 in
1233 1241 1558 1297 defunctum
1602 1242 1863 1299 Basiliam
1906 1246 2237 1315 composuit.
2290 1246 2666 1301 Conservatnr
2718 1247 2773 1301 in
2814 1247 3149 1303 bibliotheca
3194 1245 3454 1299 Vaticana

198 1328 327 1385 eod.
358 1331 466 1386 496
496 1340 552 1387 et
578 1330 706 1394 949,
735 1330 840 1384 sub
859 1332 1083 1387 nomine
1117 1332 1332 1405 Νικήτα
1362 1335 1655 1402 φιλοσόφου
1682 1337 1775 1389 τοῦ
1806 1339 1847 1390 Π

1530 1335 1655 1402 όφου
1682 1337 1775 1389 τοῦ
1806 1339 2177 1407 Παφλαγόνος,
2219 1340 2417 1394 Nicette
2448 1339 2743 1408 philosophi
2793 1339 3185 1410 Paphlagonis:

270 1424 329 1478 ἳ.
364 1425 424 1480 In
452 1438 680 1497 gnomas
712 1438 811 1479 seu
840 1426 1143 1483 sententias
1189 1423 1458 1495 ejusdem,
1487 1442 1624 1496 quas
1672 1427 1762 1481 ille
1810 1444 1925 1484 acrt

1810 1429 2181 1485 acrostichide
2217 1430 2308 1485 illa
2342 1432 2660 1501 complexus
2706 1439 2811 1486 est.
2882 1434 3099 1503 Γνῶμαι
3160 1432 3199 1483 Γ
3203 1430 3458 1501 ρηγορίου

197 1516 441 1587 δίστιχος
487 1518 703 1587 εὐεπίη,
748 1516 941 1569 ἐσθλὸν
984 1516 1209 1587 ἄθυρμα
1231 1518 1393 1581 νέοις,
1430 1528 1539 1572 etc.
1597 1518 1714 1573 Sub
1753 1533 1852 1572 non

1809 1519 1977 1574 )mine
2020 1521 2234 1591 Νικήτα
2276 1522 2370 1575 τοῦ
2422 1522 2517 1575 καὶ
2548 1521 2710 1575 Δαυῖὃ
2739 1520 2837 1573 τοῦ
2897 1522 3210 1592 φιλοσόφου,
3247 1521 3464 1575 Nicone.

197 1618 287 1683 qui
317 1627 369 1669 et
392 1616 584 1679 David,
612 1615 924 1685 philosophi.
974 1613 1111 1669 God.
1161 1614 1266 1669 3H
1294 1625 1350 1669 et
1382 1614 1507 1668 365.
1561 1615 1629 1669 Et
1675 1614 1729 1668 in
1780 1614 2101 1686 Augustana
2149 1617 2295 1671 inter
2327 1618 2661 1689 theologicos
2698 1617 2822 1672 cod.
2859 1618 2945 1670 Η.
3004 1618 3062 1671 In
3092 1616 3463 1684 Altempsiana

197 1708 305 1764 sub
342 1709 569 1763 nomine
598 1706 813 1779 Νικήτα
844 1707 1134 1777 φιλοσόφου
1174 1708 1474 1760 ἐπισκόπου
1526 1707 1835 1777 Δαδύὸρων,

1793 1726 1835 1771 ν,
1896 1705 2093 1764 Niceta:
2131 1709 2427 1781 philosOphi
2458 1710 2823 1781 Dadybrornm
2853 1710 3101 1778 episc0pi.
3147 1708 3214 1761 Et
3242 1708 3448 1775 absque

196 1800 450 1871 episcopi
473 1801 717 1856 dictione
742 1800 885 1856 inter
916 1801 1224 1855 rhetoricos
1249 1800 1585 1868 Augustanze
1615 1800 1739 1855 cod.
1770 1802 1856 1856 ΓΙ.
1908 1802 2041 1868 Qua:
2072 1803 2319 1857 Venetiis
2350 1804 2496 1857 edita
2524 1811 2653 1857 sunt
2680 1804 2733 1857 in
2756 1804 2809 1866 4,
2839 1817 2985 1856 anno
3026 1799 3184 1854 1565.
3252 1800 3461 1868 Ἑρμη-

196 1895 320 1947 νεία
351 1894 433 1957 εὶς
457 1894 527 1947 τὰ
549 1894 882 1965 τετράστιχα
914 1892 1009 1945 τοῦ
1041 1892 1277 1963 μεγάλου
1307 1892 1525 1963 Πατρός
1556 1873 1858 1965 Ϋρηγορίου
1889 1895 1983 1948 τοῦ
2038 1895 2413 1965 Ναζιανζηνοῦ
2443 1897 2522 1957 είς
2546 1894 2615 1948 τὰ
2643 1896 2951 1965 μονόστιχα,
2978 1896 3056 1956 εἰς
3079 1895 3148 1946 τὰ
3186 1891 3461 1960 ἐπιγράμ-
3560 1956 3565 1961 ι

198 2010 356 2062 ματα
373 1991 444 2044 τὰ
470 1992 549 2053 εἰς
573 1992 666 2045 τὸν
689 1991 863 2062 μέγαν
889 1989 1166 2045 Βασίλειον
1189 1991 1561 2061 παράφρασις.
1584 1990 1852 2047 Vindican

1807 2002 1949 2047 mtur
1980 1991 2202 2054 Nieetaa,
2237 1993 2330 2061 qui
2362 2002 2417 2047 et
2444 1991 2611 2047 David
2631 2033 2645 2053 ,
2669 1990 2831 2045 editae
2856 2005 3074 2060 quoque
3102 1992 3462 2060 paraphrases

196 2087 513 2142 carminum
534 2085 783 2157 Gregorii
804 2084 1132 2141 Nazianzeni
1158 2084 1228 2140 de
1256 2084 1567 2154 principiis,
1616 2101 1684 2141 ex
1707 2085 2043 2141 bibliotheca
2085 2086 2400 2155 reipublicae
2433 2085 2783 2155 Augustanae,
2816 2084 3067 2155 Lugduni
3130 2085 3458 2139 Batavorum

193 2176 256 2233 in
287 2177 511 2234 ofﬁcina
543 2179 885 2234 Plantiniana
910 2193 1055 2233 anno
1080 2177 1239 2240 1591,
1265 2177 1320 2231 in
1350 2177 1405 2241 8,
1434 2192 1597 2248 quam
1643 2178 1809 2232 etiam
1840 2178 2144 2232 arbitratur
2198 2177 2364 2232 David
2414 2176 2760 2231 Hmschelius
2788 2192 2908 2231 esse
2954 2176 3181 2231 Nicone.
3239 2178 3462 2232 Verum-

194 2290 387 2330 tamen
415 2289 542 2329 cum
576 2274 692 2343 ipse.
716 2288 829 2328 rem
854 2270 1092 2343 penitius
1109 2270 1505 2332 examinarem,
1547 2269 1727 2339 reperi
1749 2269 2109 2339 paraphrases
2143 2268 2260 2331 has,
2285 2271 2400 2323 sive
2428 2269 2819 2339 expositiones.
2869 2268 3047 2322 editas
3078 2278 3193 2322 tum
3216 2268 3463 2323 Venetiis

195 2383 318 2425 tum
367 2368 622 2437 Lugduni
681 2368 1032 2429 Batavorum,
1090 2366 1243 2419 nullo
1323 2365 1490 2419 modo
1538 2365 1744 2421 Nicone
1828 2344 1979 2429 esse;
2034 2366 2201 2435 idque
2249 2380 2314 2417 ex
2364 2365 2550 2419 codice
2635 2365 2768 2419 satis
2830 2364 3057 2434 antiquo
3111 2363 3463 2420 bibliotheca:

202 2461 267 2515 S.
290 2460 526 2515 Andreae
547 2460 837 2520 Vallensis.
869 2459 1159 2515 codicibus
1186 2458 1481 2523 Vaticanis,
1512 2456 1839 2521 Lutetianis,
1872 2470 1928 2513 et
1954 2460 2097 2514 aliis.
2136 2460 2203 2513 Et
2234 2469 2292 2511 ut
2320 2474 2504 2512 veram
2536 2457 2591 2511 in
2617 2458 2862 2512 carmina
2882 2457 3221 2512 Nazianzeni.
3243 2455 3460 2526 exposi-

197 2555 412 2609 tionem
444 2554 647 2608 Niceue
678 2552 903 2613 habeas.
930 2568 1041 2607 non
1070 2551 1339 2623 gravabor
1373 2566 1441 2605 ex
1472 2550 1667 2605 eodem
1702 2551 2123 2608 Santandreano
2156 2551 2347 2607 codice
2379 2552 2568 2606 titulos
2605 2551 2934 2616 carminum,
2968 2560 3024 2605 et
3047 2549 3462 2621 paraphraseon,

194 2644 497 2715 principia,
526 2654 587 2698 ut
628 2639 704 2697 ibi
756 2652 907 2709 sunt,
936 2642 1208 2712 digerere.

266 2762 381 2818 Τοῦ
409 2762 703 2831 φιλοσόφου
737 2761 904 2830 κυροῦ
938 2761 1156 2829 Νικήτα
1179 2761 1481 2815 ἐπισκόπου
1509 2761 1799 2833 Δαδύόρων
1830 2761 2090 2832 ἐξήγησις
2122 2763 2231 2815 τῶν
2285 2760 2433 2814 ἐπῶν
2468 2761 2562 2814 τοῦ
2588 2759 2821 2831 μεγάλου
2858 2759 3162 2831 Γρηγορίου
3195 2758 3290 2812 τοῦ
3336 2758 3458 2811 Θεο-

197 2856 360 2923 λόγου
389 2862 491 2927 (ιι).
551 2856 859 2927 Philosophi
897 2856 1099 2910 domini
1130 2854 1332 2910 Niceten
1379 2854 1751 2926 Dadybrorum
1800 2857 2027 2925 episcopi
2057 2857 2312 2922 expositio
2344 2856 2642 2911 carminum
2680 2856 2860 2925 magni
2912 2854 3153 2923 Gregorii
3185 2851 3451 2921 Theologi.

194 2948 464 3005 Prommii
507 2948 883 3019 principium:
928 2950 992 3001 Οί
1056 2949 1154 3019 μὶν
1206 2949 1337 3019 παρ’
1374 2946 1599 3015 Ἕλλησι
1655 2944 1849 3015 φιλοσοΙ

1801 2946 2086 3016 τοφὼτατοι
2134 2942 2274 3001 εἶναι
2329 2948 2601 3013 δόξαντες.
2656 2948 2901 3003 Alterius
2929 2945 3185 3017 prommii
3226 2945 3287 3000 Ρ.
3326 2963 3340 2998 :
3392 2945 3456 2995 υἱ

192 3046 298 3114 τῆς
332 3044 604 3113 κοσμικῆς
629 3043 818 3111 σοφίας
850 3045 949 3112 τὴν
974 3043 1283 3114 ἀκροτάτην
1309 3043 1653 3097 καταλαῦεἰν.

271 3139 410 3207 Περὶ
461 3136 648 3208 ἀρχῶν
705 3135 863 3204 λόγος
895 3134 964 3189 α’.
1046 3134 1124 3191 De
1182 3137 1453 3206 principiis
1501 3137 1675 3189 oratio
1724 3136 1917 3204 prima.

1798 3136 1917 3189 ima.
1970 3135 2071 3189 P.:
2126 3129 2257 3189 Οἶδα
2307 3135 2428 3204 μὲν,
2486 3136 2650 3205 φησὶν
2699 3139 2732 3205 ἡ
2782 3134 3078 3205 θεόληπτος
3136 3132 3230 3186 τοῦ
3295 3131 3453 3199 λόγου

189 3232 351 3302 φωνή
361 3271 377 3285 .

270 3324 410 3392 Περὶ
457 3322 590 3375 Υίοῦ
630 3320 789 3391 λόγος
846 3319 912 3391 β’.
961 3321 1037 3375 De
1093 3319 1236 3375 Filio
1277 3324 1453 3375 oratio
1500 3322 1750 3376 secunda.
1792 3324 1853 3377 P.
1893 3342 1906 3376 :

1792 3324 1906 3377 P.:
1966 3322 2290 3393 Ἐκθέμενος
2323 3323 2455 3392 περὶ
2514 3321 2721 3391 ἀρχῶν,
2773 3321 2805 3391 ἢ
2854 3320 3026 3392 ἀρχῆς,
3064 3338 3078 3351 ·
3138 3318 3335 3373 ταυτὸν
3391 3317 3447 3370 δὲ

192 3417 401 3469 εἰπεῖν.

269 3510 409 3573 Περὶ
433 3507 528 3560 τοῦ
560 3506 717 3574 ἁγίου
752 3504 1070 3576 Πνεύματος
1095 3505 1253 3570 λόγος
1279 3505 1327 3574 γ’
1336 3544 1349 3558 .
1376 3503 1451 3559 De
1480 3504 1686 3575 Spiritu
1712 3514 1896 3559 saneto

1799 3514 1896 3559 toto
1926 3507 2097 3559 oratio
2130 3506 2311 3559 tertia.
2336 3503 2397 3565 Ρ.
2424 3522 2437 3557 ;
2464 3502 2804 3574 Θεολογησας
2826 3505 2855 3555 ό
2879 3503 3303 3575 θεοληπτότατος
3328 3502 3454 3573 περὶ

190 3603 418 3676 Πατρος
435 3605 532 3657 καὶ
563 3604 717 3659 Υίοῦ.

266 3700 404 3771 Περὶ
431 3698 638 3767 κόσμου
664 3698 822 3765 λόγος
854 3696 917 3751 δ’.
976 3696 1052 3751 De
1079 3698 1272 3751 mundo
1291 3697 1462 3749 oratio
1498 3706 1713 3766 quarta.
1766 3696 1851 3750 P.:
1889 3690 1921 3748 Ἱ

1350 3697 1462 3749 ἀιέο
1498 3706 1713 3766 quarta.
1766 3696 1851 3750 P.:
1889 3690 2111 3757 Ἱκανῶς
2140 3696 2229 3747 διὰ
2255 3697 2363 3747 τῶν
2399 3694 2799 3764 προειληφότων
2840 3693 3005 3748 ὲπὼν.

264 3793 403 3863 Περὶ
470 3794 730 3863 Προνοίας
763 3793 917 3861 λόγος
952 3798 1010 3847 ε’.
1039 3792 1115 3846 De
1138 3792 1474 3847 Providentia
1502 3795 1673 3845 oratio
1701 3795 1905 3861 quinta.

1794 3804 1905 3847 uta.
1963 3792 2021 3845 P.
2056 3811 2068 3844 :
2110 3793 2479 3861 Φιλοσοφήσας
2508 3792 2635 3861 περὶ
2658 3791 2765 3842 τῶν
2812 3790 2906 3844 δύο
2937 3789 3179 3859 κόσμων,
3207 3787 3448 3858 πρώτου,

186 3903 363 3956 φημι-

263 3982 407 4050 Περὶ
430 3980 634 4052 νοερῶν
662 3980 862 4036 οὐσιῶν
888 3981 1042 4050 λόγος
1067 3977 1142 4046 ς’.
1162 3980 1239 4051 De
1260 3980 1701 4035 intellectualibus
1722 3982 1918 4035 substat

1791 3982 2029 4035 bstantiis
2048 3983 2219 4036 oratio
2240 3990 2411 4034 sexta.
2442 3979 2482 4035 P
2505 3994 2520 4031 :
2551 3977 2847 4048 Διειληφὼς
2872 3977 2999 4048 περὶ
3019 3976 3200 4030 διττοῦ
3223 3976 3446 4046 κόσμου,

187 4075 393 4145 νοητοῦ
425 4076 570 4143 λέγω
592 4076 686 4128 καὶ
717 4070 999 4145 αἰσθητοῦ.

260 4167 407 4238 Περὶ⁵
434 4168 614 4238 ψυχῆς
643 4166 799 4236 λόγος
824 4171 857 4231 ζ
874 4208 889 4223 .
924 4167 999 4221 De
1023 4167 1206 4221 anima
1231 4168 1403 4220 oratio
1430 4168 1677 4237 septima.
1726 4166 1788 4221 P.
1817 4185 1831 4221 :
1902 4167 1915 4184 '

1817 4185 1831 4221 :
1902 4167 2214 4237 Ἐπομένως
2268 4168 2408 4236 μετὰ
2445 4167 2543 4236 τὴν
2592 4166 2702 4220 τῶν
2748 4165 3015 4236 οὐρανίων
3049 4166 3144 4217 καὶ
3194 4164 3446 4232 λογικῶν.

258 4260 404 4327 Περὶ
428 4258 723 4329 διαθηκῶν,
753 4260 848 4312 καὶ
870 4259 1189 4327 ἐπιφανείας
1216 4259 1452 4331 Χριστοῦ
1476 4260 1632 4327 λόγος
1661 4257 1733 4329 η’.
1783 4260 1860 4313 De
1894 4269 1912 4313 t

1789 4260 1860 4313 De
1894 4263 2241 4325 testamentis,
2279 4270 2329 4315 et
2388 4261 2722 4331 apparitione
2750 4258 2965 4326 Christi,
3026 4260 3197 4313 oratio
3240 4265 3444 4311 octava.

192 4351 259 4406 P.
291 4368 309 4404 :
367 4349 698 4413 Σῦντελέσας
730 4352 858 4415 τοὺς
888 4351 1256 4421 δογματικοὺς
1286 4351 1477 4420 λόγους
1500 4353 1662 4406 ἑπτά.

267 4442 407 4511 Περὶ
430 4440 635 4511 ἀρετῆς
681 4439 1032 4511 ἀνθρωπίνης
1086 4440 1246 4509 λόγος
1280 4440 1347 4493 θ’.
1412 4440 1488 4494 De
1544 4444 1739 4496 virtute
1789 4443 1922 4496 Itum!

1792 4443 2024 4498 humana
2052 4442 2223 4497 oratio
2275 4460 2433 4496 nona.
2478 4443 2539 4496 P.
2574 4461 2587 4495 :
2652 4440 3128 4510 Θεολογικώτατον
3171 4441 3265 4493 καὶ
3296 4438 3447 4510 φιλο-

190 4530 524 4597 σοφώτατον.

271 4626 408 4694 Περὶ
446 4627 660 4695 φύσεως
708 4627 1059 4702 ἀνθρωπίνης
1091 4630 1247 4698 λόγος
1278 4636 1329 4684 ι’.
1376 4629 1451 4685 De
1502 4640 1703 4686 natura
1761 4634 1918 4687 humo

1798 4649 1993 4687 amona
2032 4634 2204 4686 oratio
2266 4633 2490 4686 decima.
2550 4632 2608 4685 P.
2644 4648 2658 4684 :
2719 4628 3088 4701 Φιλοσοφήσας
3123 4630 3152 4681 ό
3177 4627 3446 4695 0:030:90)-

186 4733 356 4781 τατος
389 4721 520 4789 περὶ
544 4724 641 4791 τῆς
664 4721 1014 4793 ἀνθρωπίνης
1044 4725 1266 4797 ἀρετῆς.

269 4809 407 4880 Περὶ
432 4812 709 4876 εὐτελείας
734 4813 830 4866 τοῦ
864 4816 1021 4879 ἐκτὸς
1045 4816 1360 4887 ἀνθρώπου,
1392 4819 1486 4871 καὶ
1517 4819 1612 4888 τῆς
1641 4820 1752 4872 τῶν
1773 4820 1924 4888 παρό·

1788 4820 2057 4888 ταρόντων
2087 4819 2449 4887 ματαιότητος
2480 4817 2634 4883 λόγος
2665 4821 2751 4867 ια’.
2800 4814 2877 4869 De
2914 4815 3300 4883 contemptione
3350 4829 3443 4866 cx-

186 4901 400 4955 terioris
416 4902 665 4965 hominis,
686 4914 733 4959 et
773 4922 952 4961 rerum
975 4910 1317 4977 prementium
1337 4913 1572 4965 vanitate
1604 4914 1773 4965 oratio
1810 4929 1841 4964 ιι

1506 4922 1572 4965 tte
1604 4914 1773 4965 oratio
1810 4911 2106 4965 undecima.
2133 4910 2191 4964 P.
2225 4928 2239 4963 :
2266 4909 2399 4979 Περὶ
2425 4912 2524 4981 τῆς
2556 4909 2901 4980 ἀνθρωπίνης
2927 4908 3161 4977 φύσεως.

262 4996 405 5066 Περὶ
436 4996 548 5051 τῶν
581 5000 907 5068 φθασάντων
933 5004 1280 5073 μακαρισμοὶ
1308 5006 1399 5057 καὶ
1421 5007 1537 5074 ὅροι
1560 5005 1917 5075 πνευματικοὶ

1786 5005 1936 5057 τικοῦ
1984 5003 2103 5073 βίου
2135 5003 2289 5070 λόγος
2320 5002 2405 5073 ιβ’.
2456 5004 2531 5056 De
2573 5003 2981 5055 beatitudinibus
3030 5011 3080 5054 et
3111 5001 3441 5067 ﬁnitionibus

180 5093 312 5145 vita:
343 5093 641 5160 spiritualis
665 5096 839 5147 oratio
874 5096 1202 5151 duodecima.
1246 5097 1307 5151 P.
1340 5114 1352 5148 :
1422 5098 1723 5161 Ταλανίσας
1752 5098 1835 5150 καὶ

1784 5098 1846 5151 ναὶ
1879 5098 2328 5167 κατασμικρύνας
2376 5098 2444 5149 τὰ
2480 5096 2815 5165 ἀνθρώπινα,
2868 5099 2961 5149 καὶ
3000 5096 3070 5148 τὰ
3121 5094 3217 5148 τοῦ
3245 5096 3439 5158 αίῶνος

182 5185 409 5238 τούτου.

256 5277 615 5347 Γνωμολογία
638 5279 894 5351 δίστιχος,
920 5275 989 5352 ἧς
1033 5284 1066 5353 ἠ
1094 5282 1406 5353 ἀκροστιχὶς
1455 5282 1615 5353 αὕτη.
1650 5282 1911 5341 Sententia

1782 5287 1933 5341 entiw
1962 5283 2194 5337 distichis
2248 5282 2517 5346 expositae,
2565 5297 2790 5349 quarunt
2841 5282 2949 5333 huic
2991 5289 3067 5333 est
3107 5283 3437 5336 acrostichis.

184 5376 417 5445 Γνῶμαι
444 5376 771 5449 Γρηγορίου,
797 5389 905 5436 etc.

259 5472 617 5539 Γνωμολογία
652 5472 1028 5543 τετραστιχος.
1060 5471 1345 5529 Sententia:
1379 5476 1696 5529 tetrastichis
1734 5491 1914 5545 expres

1780 5491 2013 5545 rpressa’.
2084 5472 2387 5542 Γρηγορίου
2429 5471 2587 5531 πόνος
2614 5467 2748 5536 εἰμί,
2774 5476 2881 5521 etc.
2940 5468 3044 5521 P.:
3107 5465 3435 5534 Ἐϐουλόμην

192 5566 544 5637 μακροτέρας
566 5564 745 5633 λόγων
776 5566 1183 5638 πραγματείας.
1234 5567 1301 5621 Ει
1336 5567 1475 5621 hanc
1511 5582 1664 5621 suam
1699 5582 1847 5635 expo:

1777 5568 2099 5635 positionem
2132 5582 2239 5619 non
2274 5565 2415 5619 ultra
2440 5564 2684 5618 Nicetam
2707 5559 3043 5623 extendisse,
3070 5558 3348 5627 colligitur
3368 5574 3432 5609 ex

192 5663 303 5717 line
335 5663 506 5733 hujus
531 5673 822 5732 postremae
842 5663 1223 5733 expositionis,
1260 5663 1353 5717 ubi
1398 5664 1515 5718 hinc
1580 5662 1784 5716 habet:

1781 5682 1784 5714 ι
1863 5662 2197 5731 Ἐϐουλόμην
2249 5662 2592 5733 μακροτέρας
2638 5658 2817 5726 λόγων
2848 5655 3229 5725 πραγματείας
3268 5670 3436 5705 κατα-

267 5840 345 5913 (a)
376 5840 554 5913 Hujus
580 5841 1050 5914 interpretationis
1075 5843 1350 5915 specimen
1395 5856 1496 5899 nos
1519 5858 1587 5899 ex
1617 5840 1741 5897 cod.
1763 5841 1882 5897 Vat.
1910 5840 2188 5896 edidimus
2221 5841 2273 5894 in
2304 5838 2490 5909 Spicit.
2526 5856 2659 5894 rom.
2692 5848 2729 5894 ι.
2768 5838 2827 5904 ι’,
2855 5852 2907 5908 p.
2938 5834 3041 5892 379
3072 5832 3247 5891 -401
3280 5833 3345 5890 Δ.
3366 5831 3439 5889 Μ.
