4192 6424
788 396 858 465 15
1988 400 2283 464 NICET/E
2321 401 2443 461 PAI

2401 399 2847 461 ιΡΗΙΑῧΟΝΙΞ
3980 392 4056 458 16

780 514 1091 586 τεινόμενος
1118 516 1255 589 πρὸς
1282 515 1519 588 ἑκάστην
1567 514 1824 571 ὑπόθεσιν
1852 515 1962 569 τῶν
1992 517 2285 585 ἐμμέτρων
2315 516 2462 569 ὲπῶν
2505 515 2601 567 τοῦ
2639 513 2899 581 Θεολόγου
2928 510 3027 583 τὴν
3061 511 3410 584 ἁρμόζουσαν
3443 511 3706 583 ἐξήγησιν
3760 510 4042 578 ἀνατάξα-

776 611 924 677 σθαι,
952 612 1086 682 ὁμοῦ
1116 612 1216 681 μὲν
1248 612 1473 682 ἐμαυτῷ
1502 613 1877 683 χαριζόμενος,
1914 610 2445 682 ὲγκαλλωπιζομένῳ
2463 612 2576 673 τοῖς
2599 611 2696 679 τῆς
2724 608 2933 662 ἐκείνου
2964 608 3321 678 μεγαλονοίας
3344 608 3695 679 θεωρήμασιν
3743 606 3840 661 καὶ
3863 606 4053 661 θεολο-

774 702 844 772 γή
856 721 1017 772 μασιν
1031 702 1164 771 ὁμοῦ
1198 702 1258 755 δὲ
1272 704 1367 756 καὶ
1392 707 1504 767 τοῖς
1535 704 1757 757 ὄπισθεν
1781 703 1953 757 ἰοῦσιν
1982 704 2249 774 ὠφέλειαν
2263 705 2383 766 ταῖς
2412 703 2761 773 περὶτούτων
2780 702 3117 771 ἀδελεσχίαις
3134 699 3608 771 προμηθούμενοςο
3627 697 3789 768 ἄλλης
3802 697 3861 750 δὲ
3894 700 4057 767 βασι-

784 797 940 863 λικῆς
975 796 1347 867 ὑπομνησθεὶς
1364 798 1459 850 καὶ
1486 797 1758 867 πατρικῆς
1778 797 2016 867 ἐντολῆς,
2061 798 2156 851 Υιέ
2167 813 2309 865 μου,
2336 795 2599 864 φύλαξαι
2626 793 2734 848 τοῦ
2771 791 3017 860 ποιῆσαι
3049 794 3262 857 muta
3288 790 3512 853 πολλὰ,
3538 788 4051 860 παραγγελλοὺσης,

779 888 873 939 καὶ
901 886 960 940 τὸ
997 889 1167 940 αἴτιον
1212 889 1618 958 ὲπαγαγούσης,
1652 888 1746 942 τοῦ
1782 890 1856 960 μὴ
1893 885 2031 943 εἶναι
2058 886 2341 959 περαομὸν
2367 886 2753 955 ἢισυντὲλειαν
2774 886 2882 938 τῶν
2900 884 3293 956 συνταγμάτων
3336 884 3437 954 τῆς
3458 881 3686 952 ἀπείρου
3716 881 3908 951 σοφίας
3942 880 4045 934 τοῦ

771 979 927 1043 Θεοῦ,
951 981 1044 1032 καὶ
1073 980 1314 1034 κόπωσιν
1350 981 1447 1050 μὲν
1484 980 1750 1052 λεγούσης
1773 981 1951 1052 ψυχῆς
1977 980 2073 1033 καὶ
2104 978 2311 1050 σαρκὸς
2346 977 2445 1046 τὴν
2472 978 2740 1050 ἀμετρίαν
2772 978 3038 1048 ὑπάρχειν
3082 978 3179 1047 τῆς
3212 976 3466 1047 μελέτης,
3499 976 3601 1048 τὴν
3636 974 3731 1029 ἀπ’
3769 966 3942 1044 αὐτῆς
3969 974 4036 1027 δὲ

772 1072 1063 1140 ὠφέλειαν,
1087 1073 1181 1124 καὶ
1206 1072 1386 1141 πάσης
1409 1071 1766 1127 θεοπνεύστου
1794 1074 2018 1145 Γραφῆς
2040 1072 2275 1145 δύναμιν
2294 1073 2374 1135 είς
2401 1072 2492 1125 τὸν
2515 1069 2608 1125 τοῦ
2630 1069 2764 1123 Θεοῦ
2796 1069 2979 1139 φόϐον,
3002 1071 3097 1124 καὶ
3130 1073 3228 1142 τῆς
3262 1070 3483 1139 ἐντολῆς
3508 1072 3743 1143 τήρησιν
3761 1086 4046 1138 συγκεφα-

772 1162 1127 1232 λαιουμένους
1169 1166 1368 1232 ἐξεῖναι
1406 1165 1589 1219 λαϐεῖν
1623 1181 1637 1195 ·
1686 1165 1975 1234 τοιγαροῦν
2000 1165 2101 1234 τῆς
2122 1163 2499 1237 παραγγελίας
2547 1161 2753 1233 ταύτης
2779 1163 3214 1234 ἀκροασάμενος,
3253 1162 3608 1234 ἐφυλαξάμην
3668 1164 3762 1217 ἐπὶ
3790 1163 4049 1215 πλεῖστην

768 1260 867 1330 τῆς
897 1264 1209 1333 ἐξηγήσεως
1258 1264 1400 1333 μετὰ
1429 1264 1528 1335 τὴν
1575 1263 1685 1316 τῶν
1731 1264 2059 1335 ἀπορρήτων
2117 1262 2406 1331 ἐπίσκεψιν
2454 1261 2589 1315 ἱέναι
2621 1278 2636 1294 ·
2674 1259 2990 1313 τελευταίαν
3028 1258 3084 1312 δὲ
3132 1258 3242 1312 τῶν
3274 1262 3648 1330 τετραστίχων
3703 1259 3910 1312 τούτων
3934 1258 4042 1329 τὴν

772 1358 1067 1427 ὁμολογίαν
1112 1357 1481 1429 ἀποχρώντως
1536 1358 1683 1428 ἡμᾶς
1726 1356 2116 1427 οἱκοδομούσης
2181 1356 2317 1427 πρός
2367 1372 2427 1408 τε
2480 1355 2715 1426 θεωρίαν
2772 1355 2869 1409 καὶ
2939 1355 3140 1426 πρᾶξιν
3195 1352 3606 1424 ἐξηγησάμενος
3676 1352 4041 1407 καταπαύσωο

768 1450 901 1505 Mihi
935 1452 989 1503 in
1017 1452 1197 1504 animo
1227 1459 1341 1504 erat
1377 1452 1641 1521 diﬁ'usiore
1667 1450 1926 1503 sermonis
1958 1452 2155 1503 ambitu
2191 1451 2260 1504 ad
2286 1460 2599 1520 argumenta
2626 1448 2839 1519 singula
2871 1449 3167 1503 carminum
3196 1448 3440 1519 Theologi
3485 1448 3849 1503 condecentem
3876 1464 4045 1517 expo-

768 1549 1011 1600 sitionem
1038 1563 1323 1617 apponere,
1380 1555 1489 1599 tum
1514 1546 1640 1599 mihi
1668 1562 1867 1599 morem
1909 1562 2115 1615 gerens,
2166 1548 2256 1617 qui
2272 1545 2416 1600 illius
2459 1548 2697 1617 gravium
2721 1554 2770 1599 et
2802 1544 3256 1616 amplissimarum
3279 1547 3665 1599 sententiarum
3699 1544 4040 1609 speculatio-

766 1639 939 1701 nibus,
992 1648 1042 1691 et
1105 1640 1439 1692 acuminibus
1495 1637 1793 1709 theologicis
1834 1640 1962 1693 mihi
2000 1639 2320 1710 complaceo,
2379 1649 2491 1694 tum
2517 1642 2737 1711 posteris
2767 1639 3178 1693 emolumentum
3222 1641 3363 1693 circa
3397 1656 3460 1693 ea
3491 1641 3661 1710 magis
3693 1653 4037 1709 comparans.

773 1733 959 1785 Verum
988 1732 1205 1785 alterius
1239 1731 1441 1785 consilii
1468 1734 1776 1785 memoriam
1798 1732 2049 1796 recolens,
2074 1742 2123 1787 et
2154 1734 2285 1804 regii
2310 1750 2373 1787 ac
2400 1736 2611 1803 paterni
2643 1737 2909 1805 prtecepti,
2946 1754 2965 1786 ι
3002 1733 3104 1788 Fili
3127 1735 3218 1800 mi,
3261 1752 3386 1789 cave
3409 1751 3474 1787 ne
3502 1734 3694 1787 multos
3726 1733 3883 1788 libros
3912 1750 4041 1786 con-

767 1821 1060 1891 scripseris,
1098 1841 1116 1872 ι
1149 1821 1328 1875 sedulo
1360 1824 1711 1886 admonentis,
1733 1831 1783 1875 et
1812 1841 2030 1878 causam
2058 1824 2393 1895 proferentis,
2424 1826 2564 1896 quod
2588 1826 2766 1881 nullus
2799 1828 2866 1881 sit
2905 1826 3027 1895 finis
3074 1835 3169 1880 aut
3198 1828 3453 1880 terminus
3496 1828 3922 1896 compositionem
3944 1826 4041 1879 iu-

763 1915 932 1983 ﬁnitcv
964 1921 1189 1973 numinis
1233 1921 1529 1986 sapientia),
1559 1932 1608 1972 et
1665 1920 1901 1974 laborem
1958 1923 2246 1976 asserentis
2308 1923 2502 1976 anima:
2536 1932 2585 1976 et
2623 1923 2857 1993 corporis
2884 1924 3291 1977 immoderatam
3339 1925 3416 1977 rei
3469 1922 3864 1976 meditationem
3894 1936 4037 1986 esse;

766 2009 1047 2063 utilitatem
1083 2028 1222 2073 vero,
1255 2028 1372 2081 quae
1391 2011 1511 2066 inde
1537 2014 1891 2081 consequitur,
1924 2022 1973 2066 et
2029 2014 2187 2068 totius
2228 2014 2477 2068 divinitus
2538 2014 2816 2083 inspirata:
2861 2012 3151 2084 Scriptum!
3184 2014 3506 2083 facultatem
3528 2015 3583 2067 in
3617 2011 3714 2066 Dei
3765 2012 4035 2077 timorem,

767 2112 813 2155 et
867 2106 1113 2173 pra'cepti
1161 2104 1575 2168 observantiam,
1622 2105 1783 2157 veluti
1834 2106 1889 2158 iu
1929 2122 2091 2159 unum
2146 2114 2307 2176 caput
2350 2107 2659 2177 referentes,
2714 2122 2975 2175 usurpare
3006 2105 3185 2159 licere.
3251 2104 3591 2176 Quapropter
3624 2102 3879 2158 monitum
3935 2104 4038 2155 hoc

764 2199 1007 2262 audiens,
1056 2199 1171 2251 cavi
1209 2215 1273 2251 ue
1299 2198 1442 2251 ultra
1471 2200 1847 2269 expositionem
1879 2210 1992 2269 post
2026 2200 2370 2271 ineffabilium
2406 2201 2880 2254 considerationem
2911 2206 3291 2270 protraherem.
3346 2197 3679 2251 Postremum
3716 2213 3839 2251 vero
3865 2205 4039 2251 tetra-

764 2294 1051 2346 stichorum
1074 2296 1259 2347 horum
1281 2296 1579 2359 sententiis,
1613 2312 1730 2365 quin
1749 2297 1878 2349 satis
1906 2297 2210 2368 abundeque
2234 2305 2346 2351 tum
2381 2299 2448 2351 ad
2460 2296 2870 2368 speculationem
2914 2306 3025 2349 tum
3047 2297 3116 2350 ad
3140 2297 3401 2350 actionem
3422 2295 3710 2364 aediﬁcant,
3737 2293 4033 2360 enarratis,

765 2388 972 2441 dicendi
1013 2387 1176 2456 ﬁnem
1233 2389 1452 2458 faciam.
1512 2389 1620 2444 Has
1675 2389 2157 2462 interpretationes
2216 2393 2453 2449 maxima
2506 2410 2574 2449 ex
2616 2403 2772 2466 parte
2818 2392 3012 2448 Billius
3054 2392 3113 2448 in
3157 2408 3314 2448 suam
3344 2391 3676 2447 Nazianzeni
3720 2390 4027 2444 editionem

768 2482 959 2536 Latine
985 2498 1178 2551 parum
1214 2497 1409 2541 cautus
1438 2485 1543 2542 sub
1568 2484 1695 2557 Cyri
1722 2488 1944 2545 nomine
1970 2489 2285 2547 transludit.
2346 2492 2416 2547 Et
2438 2491 2492 2547 in
2540 2493 2774 2563 epistola
2797 2489 2868 2546 ad
2898 2489 3234 2546 cardinalem
3263 2489 3561 2545 Sirletum:
3610 2487 3834 2559 Reliqua
3865 2488 4032 2541 etiam

770 2579 1049 2647 opuscula,
1091 2595 1208 2650 qua:
1236 2578 1405 2651 Cyrus
1433 2583 1764 2653 explanavit,
1790 2583 2020 2638 versibus
2055 2585 2181 2639 item
2214 2584 2446 2639 reddidi.
2487 2586 2595 2642 Sed
2624 2600 2787 2658 cyrns
2815 2584 2895 2658 (id
2925 2593 3013 2642 est
3043 2584 3327 2653 dominus)
3360 2590 3491 2638 ante
3529 2581 3754 2636 nomina
3784 2580 4031 2651 positum

764 2668 899 2738 quid
932 2671 1025 2739 sit,
1050 2672 1230 2728 iusius
1276 2671 1331 2727 in
1359 2672 1483 2730 aliis
1508 2674 1767 2732 diximus.

1310 3086 1908 3200 NIKHTA
2017 3084 2319 3203 ΤΟΥ
2431 3078 2965 3200 ΠΑΦΛΑ

1848 3087 1908 3199 ἃ
2017 3084 2319 3203 ΤΟΥ
2431 3078 3503 3201 ΠΑΦΛΑΓΟΝΟΣ

1006 3328 1233 3413 ΤΩΝ
1308 3328 1621 3415 ΠΑΝΥ
1693 3330 2375 3418 ΑΠΟΣΤΟΛΩΝ
2453 3329 3339 3417 ΕΓΚΩΜΙΑΣΤΙΚΟΙ
3412 3329 3754 3415 ΛΟΓΟΙ

1018 3492 1023 3499 ο

1839 3533 2047 3588 ΑΛΛΟΙ
2081 3534 2170 3589 ΤΕ
2207 3532 2413 3589 ΤΙΝΕΣ
2457 3533 2939 3589 ΕΟΡΤΔΣΤΙΚΟΙ.

1563 3865 2143 3979 ΝΙΟΕΤΑΞ
2242 3870 3229 3985 PAPHLAGONIS

766 4118 1450 4214 SUMMORUM
1503 4119 2385 4215 APOSTOLOBUM
2442 4120 3135 4219 OBATIONES
3206 4130 4018 4226 LAUDATORIzE

1838 4335 2182 4410 ALI/EQUE
2224 4338 2554 4411 QUEDAM
2599 4339 2809 4401 FESTI
2820 4342 2955 4403 γε.

1514 4655 1611 4719 (Ex
1642 4656 1815 4707 Franc.
1840 4656 2115 4708 Combcﬁsii
2148 4656 2377 4708 Auctario
2398 4658 2463 4707 ad
2501 4658 2623 4709 Bibl.
2654 4662 2814 4724 Putr.,
2840 4670 2957 4711 tom.
2991 4664 3026 4723 Ι,
3051 4676 3100 4726 p.
3124 4665 3257 4726 327.)

1355 4951 1615 5009 ORATIO
1653 4953 1693 5007 ι.
2361 4966 2407 5019 Α

2361 4966 2407 5019 Α
3059 4963 3279 5017 ΛΟΓΟΣ
3308 4962 3386 5020 A'.

824 5049 887 5103 In
933 5048 1069 5101 diem
1115 5047 1351 5102 natalem
1388 5048 1735 5102 sanctissima:
1774 5046 1868 5100 Dei
1898 5046 2199 5104 Genitricis.

2500 5050 2605 5115 Εἰς
2631 5050 2697 5105 τὸ
2721 5051 2998 5124 γενέσιον
3025 5053 3136 5123 τῆς
3162 5055 3488 5126 ὑπερατιας
3517 5056 3811 5113 Θεοτόκου
3841 5057 3939 5128 (Ι).

829 5163 1224 5219 Exsultationis
1272 5161 1393 5218 dies
1444 5162 1756 5232 laetitiaeque
1808 5164 2120 5219 exordium.
2150 5165 2334 5235 Depo-

2517 5166 2913 5233 ’Δγαλλιάσεως
2942 5167 3128 5238 ἡμέρα
3156 5168 3253 5221 καὶ
3283 5167 3623 5240 εὐφροσύνης
3646 5169 3815 5241 ἀρχή.
3852 5169 4024 5224 ’Δηο-

758 5272 955 5311 namus
995 5256 1339 5339 mmstitiam}
1378 5270 1443 5310 ac
1465 5255 1813 5325 splendorem
1859 5258 2169 5314 induamus.
2226 5260 2335 5316 Lo-

2432 5256 2657 5328 θὼμεθα
2687 5260 2789 5331 τὴν
2824 5261 3159 5329 κατήφειαν,
3195 5261 3291 5315 καὶ
3327 5262 3429 5332 τὴν
3460 5259 3822 5333 λαμπρότητα
3856 5278 4026 5332 περι-

758 5363 992 5417 quamur
1021 5349 1294 5418 potentias
1318 5347 1554 5410 Domini,
1592 5348 1808 5403 auditas
1834 5348 2100 5406 faciamus
2138 5368 2331 5408 omnes

2437 5352 2679 5423 Θώμεθα.
2712 5354 2968 5424 Είπωμεν
2986 5354 3087 5418 τὰς
3119 5354 3436 5419 δυναστείας
3463 5354 3556 5409 τοῦ
3591 5354 3820 5425 Κυρίου,
3852 5355 4024 5409 dnou-

757 5438 949 5493 laudes
995 5440 1115 5509 ejus
1143 5439 1198 5493 in
1253 5439 1427 5508 portis
1468 5439 1590 5493 lilia:
1644 5438 1775 5493 Sion
1812 5440 1852 5493 ί.
1890 5440 2242 5499 Exsultemus
2275 5445 2329 5497 in

2440 5446 2573 5508 στὰς
2613 5447 2932 5517 ποιήσωμεν
2966 5446 3149 5510 πάσας
3198 5447 3296 5512 τὰς
3335 5448 3573 5511 αίνέσεις
3614 5444 3780 5500 αὐτοῦ
3810 5448 3867 5501 ὲν
3895 5448 4023 5511 ταῖς

756 5531 982 5585 salutari
1019 5533 1158 5601 ejus.
1207 5530 1424 5587 Etenim
1453 5530 1631 5586 erexit
1664 5531 1826 5587 nobis
1852 5532 2015 5589 hodie
2039 5550 2216 5590 cornu
2238 5550 2329 5589 sa-

2439 5536 2634 5600 πύλαις
2664 5535 2766 5606 τῆς
2787 5536 3057 5609 θυγατρὸς
3088 5536 3245 5591 Σιών.
3292 5538 3777 5609 Ἀγαλλιασὼμεθα
3805 5538 3899 5593 ἐπὶ
3933 5538 4025 5609 τῷ

828 5669 844 5699 ¹
870 5668 1011 5723 Psnl.
1041 5685 1126 5733 cv,
1141 5670 1196 5724 2.

757 5787 1104 5912 καξίέἔὲξδρι.
1140 5804 1188 5843 v.
1224 5786 1657 5857 Raph.Duirene
1684 5786 1805 5844 cod.
1839 5805 1984 5845 nunc
2013 5791 2203 5863 Regio.
2237 5792 2381 5849 Tit.:

2367 5810 2381 5846 :
2422 5794 2527 5847 Τοῦ
2567 5794 2950 5867 λαμπροτάτου
2977 5796 3265 5868 φιλοσόφου
3295 5796 3387 5850 καὶ
3409 5796 3634 5868 ῥήτορος
3661 5788 4016 5866 Νικὴταβοῦ
