4192 6424
217 343 280 414 17
1013 344 1298 408 ORATIO
1329 345 1381 407 Ι.
1406 370 1477 382 -··
1507 345 1590 408 IN
1629 347 1771 408 DIEI

1871 347 2218 413 NATALEM
2256 354 2318 414 S.
2364 354 2649 416 MARI/E.
3394 360 3462 427 18

495 463 682 521 αὑτοῦ.
727 464 842 519 Καὶ
890 461 1002 536 γὰρ
1059 465 1249 538 ήγειρε
1294 465 1462 535 κέρας
1503 464 1771 536 σωτηρίας

1877 464 2008 520 lutis
2033 467 2088 521 in
2117 469 2284 523 domo
2309 471 2478 525 David
2504 472 2658 542 pueri
2689 472 2774 527 sui
2804 476 2849 540 ',
2888 488 2954 529 ac
2975 515 2990 538 ,
3041 473 3188 528 sicut
3243 474 3457 536 loeutus

208 563 328 634 ήμῖν
357 561 616 632 σήμερον,
642 557 700 610 ἑν
736 554 816 627 τῷ
841 556 974 627 οἴκῳ
1005 556 1170 610 Δασὶδ
1209 554 1304 608 τοῦ
1351 554 1538 619 παιδὸς
1567 552 1732 608 αὑτοῦ
1759 569 1773 583 ⁸

206 657 290 709 καί
316 652 500 714 καθὼς
541 649 775 722 ὲλάλησε
804 648 894 703 διὰ
927 649 1196 718 στόματος
1224 646 1336 701 τῶν
1361 648 1531 716 ἀγίων
1559 664 1778 716 προφηο

203 747 302 801 τῶν
331 744 523 808 αὑτοῦ,
550 743 850 816 ἀνέστησεν
869 743 1003 812 ήμίν
1025 740 1194 810 φυτὸν
1221 741 1468 811 είρήνης,
1495 741 1595 810 τὴν
1620 739 1776 809 ῥίζαν

201 834 288 889 τοῦ
329 835 550 892 Ἰεσσαὶ.
579 833 640 897 ἐξ
673 826 740 903 ἧς
788 833 823 902 ή
857 831 1052 902 ῥάϐδος
1092 831 1127 902 ἡ
1161 829 1222 885 τὸ
1249 832 1566 901 ἀμάραντον
1617 831 1776 894 ἄνθος

202 928 455 983 άναδοῦσα
488 926 744 996 Χριστόν.
787 925 886 989 Τίς
928 925 1030 978 οὐκ
1057 923 1381 993 ἀγαλλιᾶται
1416 925 1481 993 τῇ
1520 922 1714 996 καρδίᾳ
1753 939 1769 987 ;

201 1022 290 1084 Τίς
334 1022 436 1073 οὐκ
489 995 845 1090 εῦφραίνεται
897 1013 1336 1085 πνεύματιςΤίς
1367 1013 1429 1065 οὐ
1497 995 1776 1081 μυστικῶς

203 1116 630 1184 κατατέρπεταις
698 1110 798 1172 Τίς
843 1109 903 1162 οὐ
953 1105 1315 1180 πανηγυρίζει
1364 1104 1773 1176 πνευματικῶς,

199 1209 290 1277 τήν
322 1208 381 1258 ὲν
439 1205 519 1275 τῷ
548 1202 668 1273 Θεῷ
712 1201 1158 1274 προωρισμένην,
1208 1200 1302 1252 καὶ
1351 1198 1439 1252 διά
1489 1196 1775 1264 στομάτων

200 1301 548 1372 προφητικῶν
591 1295 1050 1367 προηγγελμένην
1104 1292 1400 1363 σωτηρίαν,
1436 1291 1516 1356 είς
1550 1290 1778 1344 ἔκϐασιν

199 1396 314 1466 ἄρτι
338 1393 486 1463 σαφῆ
521 1391 821 1462 προῖοῦσαν
850 1385 1100 1458 καθορῶν
1123 1401 1139 1450 ;

262 1478 416 1540 Πᾶσα
447 1489 479 1555 ἡ
509 1485 688 1545 κτίσις
710 1481 983 1552 χορευέτω
1003 1497 1016 1512 ·
1047 1480 1200 1532 πᾶσα
1241 1478 1275 1547 ή
1310 1476 1383 1546 γῆ
1416 1473 1534 1544 μετ’
1578 1473 1776 1544 εὐφρο-

199 1579 355 1652 σύνης
403 1579 582 1648 βοάτω
629 1576 727 1630 καὶ
769 1574 1066 1643 σκιρτάτω,
1099 1571 1186 1624 ὃτι
1233 1570 1297 1622 τὸ
1328 1568 1426 1638 τῆς
1473 1567 1773 1636 ἀρχεγόνου

196 1673 362 1743 λύπης
395 1669 748 1738 ἀναιρετικὸν
780 1668 1076 1739 φάρμακον
1104 1663 1440 1733 ἐϐλάστησεν
1481 1661 1606 1731 ἄρτι
1632 1678 1644 1691 ·
1689 1661 1771 1715 ὄτι

194 1774 288 1845 τῆς
319 1770 654 1842 προγονικῆς
683 1769 847 1837 ἀρᾶς,
947 1766 1056 1818 πᾶν
1087 1779 1148 1816 τε
1182 1760 1424 1831 βρότειον
1448 1757 1771 1813 ὑποπεπτὼο

195 1883 273 1920 κει
301 1868 483 1933 γένος,
540 1861 631 1914 διὰ
679 1862 778 1928 τῆς
831 1857 1076 1926 μεγάλης
1129 1853 1224 1907 τοῦ
1259 1850 1394 1906 Θεοῦ
1441 1852 1773 1921 κηδεμονίας

195 1959 314 2030 περὶ
339 1957 520 2028 ήμῶν,
543 1957 576 2026 ή
600 1957 855 2021 ἀφάνισις
883 1951 1144 2020 πάρεστι·
1171 1950 1266 2004 καὶ
1287 1951 1512 2017 τοιαύτη
1534 1947 1774 2018 σήμερον

194 2051 316 2119 ἡμῖν
364 2047 577 2103 ἀνωθεν
637 2044 1061 2113 ὲπιὸραὸεύεται
1128 2042 1324 2111 δωρεὰ,
1375 2040 1449 2102 ὡς
1483 2041 1558 2110 μὴ
1607 2039 1774 2106 μόνην

192 2142 398 2212 ἐκείνην
431 2137 841 2206 ἑξαναιρεῖσθαι
869 2138 966 2206 τὴν
1002 2136 1162 2207 ἀράν,
1184 2134 1321 2190 ἀλλὰ
1353 2133 1448 2187 καὶ
1480 2131 1774 2200 σύμπασαν

191 2238 314 2308 ήμῑν
356 2233 700 2302 εὐλογεῖσθαι
734 2233 838 2302 τὴν
885 2231 1045 2294 φύσιν
1069 2248 1082 2260 ·
1129 2228 1224 2283 καὶ
1251 2225 1641 2298 ωταργείσθαι
1673 2226 1773 2296 μὲν

190 2338 247 2390 τὸ
268 2340 364 2406 τῆς
384 2338 622 2399 παλαιᾶς
649 2334 849 2404 ἔχθρας
872 2332 1208 2403 μεσότοιχον,
1229 2329 1450 2397 ἀγάπην
1477 2326 1535 2380 δὲ
1567 2322 1769 2398 μεταξὺ

192 2432 317 2486 Θεοῦ
358 2431 456 2485 καὶ
481 2429 788 2499 ἀνθρώπων
814 2427 911 2480 καὶ
938 2428 1162 2497 εἰρήνην
1193 2425 1518 2493 ἐξανίσχειν.

263 2526 542 2596 Ἱερεμίας
597 2521 754 2592 μὲνό
807 2519 919 2573 τῶν
968 2517 1267 2590 προφητῶν
1317 2514 1773 2586 συμπαθέστατος

194 2621 279 2674 καὶ
306 2620 588 2679 θειότατος
625 2615 771 2683 ὕδωρ
796 2615 940 2667 αίτεῖ
971 2615 1038 2683 τῇ
1061 2612 1294 2680 κεφαλῇ,
1333 2611 1429 2663 καὶ
1467 2609 1654 2680 πηγὴν
1678 2611 1772 2662 δα-

192 2714 364 2780 κρύων
394 2715 515 2774 τοῖς
560 2709 886 2779 ὀφθαλμοῖς,
935 2707 1078 2759 ὥστε
1134 2707 1251 2758 κατ’
1293 2704 1448 2769 ἀξίαν
1500 2701 1772 2774 θρηνῆσαι

189 2802 550 2871 δυστυχοῦντα
603 2800 694 2851 τὸν
756 2799 996 2868 Ἰσραήλ.
1048 2795 1205 2866 Ἐμοὶ
1242 2796 1297 2847 δὲ
1348 2793 1431 2857 τίς
1490 2794 1650 2846 δώσει
1703 2794 1769 2864 τῇ

191 2897 379 2967 καρδίᾳ
405 2894 596 2966 πηγήν
633 2892 854 2946 ἐννοιῶν
893 2892 1079 2953 θείων,
1131 2890 1227 2942 καὶ
1255 2891 1368 2950 τοῖς
1396 2888 1574 2955 λόγοις
1600 2903 1768 2938 ποτα-

192 2994 297 3061 μῶν
321 2989 548 3060 εὔροιαν
581 2987 816 3057 ἀγαθὴν,
843 2985 984 3038 ὥστε
1008 2983 1072 3037 τὸ
1103 2985 1244 3052 μέγα
1274 2983 1428 3044 κλέος
1457 2979 1768 3049 ἐξαγγεῖλαι

187 3086 275 3156 τῆς
306 3083 600 3155 παρούσης
628 3083 828 3152 χαρᾶς,
870 3080 968 3134 καὶ
992 3078 1093 3148 τὴν
1141 3076 1449 3147 ὑπερὸολὴν
1485 3075 1583 3145 τῆς
1613 3072 1769 3135 θείας

191 3179 600 3248 μεγαλοδωρεᾶς
647 3175 893 3238 αίνέσαις
948 3173 1010 3226 οὐ
1055 3173 1176 3224 κατ’
1224 3167 1382 3234 ἀξίαν
1431 3167 1765 3236 (ἀνέφικτον
1794 3192 1838 3250 c

186 3270 281 3337 γάρ
308 3267 488 3328 οὕτως
518 3264 757 3336 ὑμνεῖν),
776 3264 895 3318 ἀλλ’
926 3262 1050 3316 ὅσον
1083 3263 1256 3314 εἰπεῖν
1279 3259 1403 3328 ἐμοί
1431 3274 1489 3311 τε
1521 3255 1766 3326 θεμιτὸν,

187 3361 410 3422 καὶτοῖς
445 3357 716 3411 ἀκούουσι
749 3355 1017 3425 χωρητόν.
1059 3350 1312 3404 Γενέθλια
1354 3350 1387 3420 ή
1439 3349 1767 3418 πανήγυρις,

185 3447 225 3507 ὦ
253 3453 431 3521 φίλοι·
471 3449 697 3518 γενέσια
754 3447 996 3518 Μαρίας.
1053 3445 1157 3515 τῆς
1193 3445 1286 3497 τὸν
1335 3441 1576 3511 Χριστὸν
1639 3441 1770 3511 ἡμῖν

189 3548 315 3615 μετά
354 3544 535 3598 ταῦτα
578 3543 676 3595 τὸν
704 3540 838 3594 Θεὸν
877 3538 1291 3610 γεννησαμένης
1314 3550 1329 3566 ⁸
1364 3537 1465 3606 τῆς
1489 3534 1768 3603 ἀσπόρως,

185 3639 462 3709 ἀχράντως
506 3636 604 3689 τὸν
665 3634 991 3703 ὑπερούσιον
1037 3632 1210 3699 Λόγον
1265 3631 1360 3682 καὶ
1395 3627 1770 3698 ἀπερίληπτον

185 3733 270 3782 καὶ
291 3728 594 3799 ἀσώματον
616 3764 633 3790 ,
668 3729 737 3795 τῇ
769 3726 1052 3793 σωματικῇ
1097 3722 1191 3775 καὶ
1230 3721 1480 3792 ἡμετέρᾳ
1533 3736 1771 3788 καταμι·

186 3823 338 3892 gain};
383 3822 599 3890 μορφῇ.
650 3818 869 3886 Ταύτης
893 3816 992 3883 τὴν
1019 3817 1277 3885 γέννησιν
1312 3815 1554 3885 σήμερον
1574 3812 1769 3882 ἑορτά-

188 3931 267 3967 σαι
290 3913 661 3985 συνήλθομεν,
706 3910 794 3962 ἵνα
823 3909 934 3962 τῶν
970 3908 1278 3978 μεγαλείων
1331 3908 1501 3977 αὐτῆς
1535 3907 1769 3962 αἰνέσω-

193 4026 276 4076 μεν
313 4009 412 4078 τὴν
467 4005 686 4076 ἀρχὴν,
715 3997 792 4058 ὧν
840 4003 1104 4072 εῦδόκησε
1157 4002 1334 4055 ποιεῖν
1380 4000 1410 4053 ό
1449 3999 1677 4064 δυνατὸς
1708 4000 1771 4053 ὲν

248 4360 467 4414 Πολλῶν
505 4360 623 4429 γάρ
672 4360 766 4413 καὶ
820 4358 1082 4426 ἀπείρων,
1129 4358 1394 4430 οὐμενοῦν
1423 4360 1547 4414 ὅσον
1591 4361 1769 4415 είπεῖν

187 4452 420 4520 δυνατὸν,
471 4452 1020 4520 ἀποκαλυπτομένων
1070 4451 1483 4522 μεγαλίιυργιῶν
1514 4454 1572 4506 έν
1604 4455 1766 4525 αὐτῇ,

1881 565 1968 608 est
2017 570 2118 625 per
2147 571 2213 612 os
2253 569 2569 614 sanctorum
2601 561 2999 630 prophetarum
3029 575 3279 628 suorum,
3309 568 3461 634 pacis

1883 647 2042 703 nobis
2077 650 2338 705 arborem
2386 654 2693 717 suscitavit,
2742 655 2981 710 radicem
3030 655 3203 718 Iesse.
3232 673 3300 712 ex
3353 671 3459 728 qua

1882 740 2056 811 virga,
2086 759 2208 813 qua:
2237 742 2518 798 Christum
2549 745 2738 800 ﬂorem
2772 746 3283 802 immarcescibilem
3335 764 3463 819 pro-

1881 832 2039 887 duxit
2063 835 2103 887 ³.
2133 834 2268 901 Quis
2301 851 2410 889 non
2441 835 2625 891 animo
2655 838 2934 893 exsultet?
2962 837 3094 903 Quis
3118 840 3316 908 spiritu
3348 856 3461 894 non

1881 925 2100 979 laetetur
2131 929 2153 980 ?
2179 928 2315 993 Quis
2344 944 2452 982 non
2488 931 2714 999 mystice
2735 930 3077 1000 congaudeat
3105 932 3460 1001 acjucunde-

1883 1016 2018 1068 tur?
2040 1015 2171 1082 Quis
2215 1031 2326 1071 non
2356 1017 2510 1072 festis
2544 1019 2759 1086 gaudiis
2790 1020 3053 1084 celebret,
3078 1020 3207 1074 dum
3228 1022 3457 1076 salutem

1883 1109 1938 1164 in
1970 1111 2080 1164 Deo
2105 1111 2566 1180 prmdestinatam,
2587 1129 2649 1166 ac
2677 1129 2773 1182 per
2797 1130 2891 1169 ora
2917 1114 3308 1184 prophetarmn
3326 1132 3460 1184 prue-

1883 1202 2213 1268 nuntiatam,
2275 1205 2330 1259 in
2374 1216 2626 1277 apertum
2677 1207 2788 1278 jam
2839 1217 3098 1263 eventum
3155 1209 3456 1282 procedere

1881 1295 2152 1364 conspicit
2175 1295 2197 1350 ?

1951 1474 2141 1530 Omnis
2175 1485 2427 1531 creatura
2459 1481 2658 1534 choros
2718 1490 2862 1552 agat.
2893 1482 3083 1536 Omnis
3134 1490 3278 1536 terra
3325 1499 3450 1537 cum

1879 1565 2065 1620 laetitia
2114 1569 2313 1622 clamet
2361 1579 2415 1622 et
2445 1571 2702 1635 exsultet,
2749 1574 2894 1641 quod
2926 1576 3036 1645 jam
3100 1575 3451 1643 pliarmacuni

1879 1660 2234 1730 germinarit.
2276 1678 2387 1732 quo
2436 1665 2650 1720 sublata
2695 1677 2780 1722 est
2830 1669 3113 1738 originalis
3168 1670 3389 1725 tristitia
3437 1688 3451 1722 :

1879 1751 2024 1821 quod
2059 1760 2256 1820 praisto
2296 1762 2402 1820 est,
2436 1771 2548 1825 quo
2607 1771 2799 1827 magna
2853 1758 2948 1813 Dei
2986 1775 3114 1828 erga
3143 1777 3242 1814 nos
3269 1761 3457 1828 provi-

1806 1839 1848 1894 Β
1877 1841 2064 1896 dentia
2107 1843 2392 1898 aboleatur
2448 1847 2756 1916 primorum
2809 1858 3098 1918 parentum
3146 1851 3457 1907 maledictio

1877 1934 1989 1996 illa,
2039 1935 2127 1988 cui
2158 1934 2457 1990 obnoxium
2489 1938 2692 1992 factum
2725 1938 2904 1992 fuerat
2935 1941 3254 1994 universum
3285 1956 3459 2010 genus

1876 2033 2230 2086 mortalium:
2287 2035 2502 2102 taleque
2560 2034 2717 2087 nobis
2769 2035 2931 2089 hodie
2973 2036 3190 2090 cmlitus
3248 2036 3457 2092 donum

1874 2136 2231 2196 praerogatur,
2268 2135 2328 2179 ut
2370 2127 2571 2179 nedum
2600 2127 2912 2181 maledictio
2937 2128 3028 2182 illa
3050 2129 3454 2199 exstinguatur,

1872 2219 1967 2276 sed
2009 2231 2066 2275 et
2084 2221 2264 2275 omnis
2293 2220 2454 2275 nobis
2481 2229 2676 2275 natura
2703 2222 3082 2287 benedicatur,
3106 2223 3454 2277 destruatur-

1872 2329 1979 2383 que
1999 2314 2205 2368 veteris
2267 2313 2570 2369 inimicitiae
2603 2317 2820 2370 medius
2879 2317 3081 2386 paries,
3137 2332 3202 2372 ac
3230 2316 3456 2373 dilectio

1871 2406 2045 2462 Deum
2083 2410 2227 2462 inter
2280 2417 2338 2463 et
2394 2410 2646 2463 homines
2692 2425 2905 2479 paxque
2935 2411 3170 2465 oriatur.

1941 2499 2212 2555 Jeremias
2250 2500 2473 2571 quidem
2512 2502 2907 2572 prophetarum
2965 2502 3455 2558 miserantissimus

1872 2607 1937 2647 ac
1964 2592 2364 2658 divinissimus,
2399 2609 2597 2663 aquam
2646 2594 2810 2663 capiti
2839 2595 3007 2664 petit,
3082 2605 3246 2664 atque
3281 2596 3454 2649 oculis

1873 2686 2080 2743 fontem
2109 2687 2499 2757 laerymarum,
2523 2699 2581 2742 ut
2613 2687 2934 2756 promeritis
2968 2685 3238 2741 inielleem
3268 2687 3451 2758 lugeat

1873 2780 2130 2835 lsraelem
2163 2780 2185 2810 ⁸
2215 2797 2230 2846 ;
2265 2780 2400 2833 mihi
2448 2795 2581 2833 vero
2601 2781 2726 2849 quis
2775 2779 2928 2833 dabit
2949 2779 3101 2834 cordi
3135 2779 3452 2833 divinorum

1873 2870 2081 2926 fontem
2107 2881 2440 2942 conceptum
2473 2881 2637 2941 atque
2659 2886 2968 2936 sensorum,
2997 2871 3293 2940 verbisque
3307 2870 3450 2925 facili

1871 2965 2094 3035 lenique
2129 2981 2268 3020 vena
2322 2964 2681 3020 deﬂuentium
2759 2965 3051 3020 fluminum
3102 2967 3338 3036 copiam,
3393 2975 3452 3020 ut

1872 3058 2159 3128 przesentis
2187 3057 2370 3127 gaudii
2408 3073 2663 3126 magnum
2693 3057 2862 3112 decus
2907 3058 3219 3121 enuntiare,
3251 3058 3453 3111 divini-

1873 3167 1981 3220 que
2010 3152 2189 3220 magni
2227 3149 2358 3204 doni
2396 3150 2780 3204 excellentiam
2814 3150 3039 3203 laudare
3062 3150 3273 3203 valeam
3299 3149 3321 3201 ?
3343 3165 3450 3202 non

1869 3261 1938 3301 es
1966 3245 2232 3315 dignitate
2262 3244 2385 3313 (nec
2409 3243 2556 3296 enim
2588 3244 2669 3296 sic
2695 3242 2920 3296 laudare
2951 3257 3270 3296 concessum
3298 3242 3404 3309 est)
3434 3282 3449 3304 ,

1871 3337 1966 3392 sed
2001 3348 2266 3406 quantum
2294 3347 2409 3392 tum
2438 3336 2572 3389 milii
2596 3335 2820 3390 laudare
2848 3335 2999 3400 licet,
3032 3343 3146 3388 tum
3173 3335 3453 3388 auditores

1871 3444 2070 3499 capere
2098 3438 2350 3498 possunt.
2408 3428 2535 3482 Dies
2566 3428 2764 3481 natalis
2790 3435 2894 3487 est.
2927 3427 3088 3480 amici
3123 3428 3135 3480 l
3175 3443 3340 3496 quam
3365 3443 3454 3479 ee-

1871 3521 2180 3576 lebritatem
2236 3520 2470 3590 agimus,
2526 3519 2711 3574 Mariae
2764 3517 2965 3581 natale,
3002 3534 3069 3571 ex
3131 3533 3238 3586 qua
3294 3517 3454 3572 nobis

1873 3623 2060 3682 postea
2085 3612 2341 3666 Christus
2358 3612 2500 3665 Deus
2532 3621 2790 3666 nascetur
2818 3627 2831 3675 ;
2873 3611 2993 3680 ejus
3024 3611 3305 3674 nimirum,
3333 3625 3455 3680 qua:

1872 3706 1992 3761 sine
2027 3706 2257 3769 semine,
2309 3705 2633 3759 intemerato
2691 3703 2840 3757 omni
2898 3704 3074 3773 majus
3137 3703 3454 3757 substantia

1871 3801 2116 3856 Verbum
2147 3798 2778 3868 incompreliensumque
2797 3807 2852 3852 et
2879 3797 3284 3867 incorporeum,
3337 3812 3458 3850 eor-

1873 3907 2056 3962 porea:
2081 3899 2391 3960 nostraeque
2418 3905 2482 3943 ac
2522 3889 2776 3944 humanae
2803 3889 2990 3943 formae
3016 3897 3076 3942 ut
3098 3889 3454 3951 coalesceret,

1872 3984 2026 4039 fecit.
2089 3983 2262 4052 Hujus
2289 3982 2468 4036 natale
2493 3981 2823 4036 celebraturi
2854 3980 3018 4034 hodie
3058 3978 3416 4035 convenimus
3437 4017 3456 4042 ,

1874 4085 1934 4130 ut
1980 4075 2100 4146 ejus
2151 4074 2484 4144 magnalium
2530 4074 2820 4128 exordium
2844 4072 3158 4135 laudemus,
3214 4087 3336 4140 qua:
3397 4069 3452 4122 in

1870 4183 1956 4231 ea,
2025 4169 2120 4236 qui
2189 4177 2387 4237 potens
2442 4175 2527 4222 est
2566 4166 2608 4232 ',
2640 4181 2912 4236 propensa
2933 4165 3219 4219 voluntate
3269 4163 3454 4217 facere

1869 4262 2066 4318 voluit.

1945 4363 2084 4419 Cum
2136 4362 2282 4418 enim
2318 4363 2489 4416 multa
2537 4369 2594 4416 et
2643 4362 2876 4427 inﬁnita,
2904 4376 2966 4418 ac
2990 4377 3110 4430 qua:
3139 4361 3324 4414 nullus
3366 4377 3456 4416 re-

1873 4456 2016 4513 ferre
2069 4455 2263 4526 possit,
2309 4453 2363 4508 in
2419 4470 2480 4508 ea
2527 4454 2741 4508 detecta
2787 4453 2898 4508 sint
2945 4453 3230 4521 magniﬁca
3289 4468 3454 4520 opera

187 4545 329 4599 τοῦτο
356 4547 586 4616 πρῶτον
607 4547 700 4598 καὶ
723 4546 1198 4614 θαυμασιώτατον,
1222 4547 1316 4599 τὸν
1335 4546 1649 4617 ὑπερφυοῦς
1670 4549 1766 4618 τῆς

1873 4557 2038 4616 atque
2083 4559 2335 4608 munera,
2371 4543 2609 4613 primum
2651 4542 2794 4596 istud
2846 4540 3452 4610 mirabilissimumqne,

187 4641 484 4708 γεννήσεως
511 4638 724 4708 τρόπον
744 4635 1035 4707 ὑπερφυῶς
1069 4637 1557 4705 προκατεόάλλετο.
1593 4640 1768 4692 Ἀνω-

189 4729 268 4782 θεν
292 4732 398 4802 γὰρ
433 4733 468 4798 ή
505 4730 675 4798 σοφία
704 4731 810 4800 πρὸ
834 4729 1044 4783 αἰώνων
1073 4731 1174 4794 τὰς
1205 4731 1311 4782 τῶν
1342 4734 1643 4802 γινομένων
1678 4734 1767 4785 ὲκ-

190 4824 360 4886 εάιεις
393 4821 723 4892 προορῶσα,
756 4821 1033 4888 ἀναλόγως
1075 4823 1191 4885 τοῖς
1224 4822 1432 4876 τέλεσιν
1477 4823 1769 4877 ὑποϐάλλει

189 4917 272 4968 καὶ
293 4917 392 4979 τάς
417 4915 628 4987 ἀρχάς.
669 4915 886 4986 Ἐπειδὴ
910 4911 1003 4967 οὖν
1038 4915 1267 4984 ἔμελλεν
1302 4916 1363 4969 οὐ
1401 4918 1582 4987 μήτηρ
1609 4917 1770 4987 μόνον

189 5009 515 5078 χρηματίσαι
556 5006 718 5072 θεοῦ,
749 5008 887 5061 ἀλλὰ
916 5009 1013 5061 καὶ
1058 5007 1304 5078 θυγάτηρ
1359 5009 1500 5062 κατὰ
1545 5009 1764 5078 πνεῦμα

188 5101 467 5168 υἱοθεσίας,
539 5100 680 5152 ἀλλά
729 5100 821 5152 καὶ
872 5099 1085 5169 βασιλὶς
1133 5101 1227 5153 καὶ
1275 5101 1440 5171 κυρία
1485 5101 1594 5152 τῶν
1627 5100 1765 5154 ὅλων

188 5190 660 5263 ἀναρρηθήσεσθαι
685 5231 702 5256 ,
753 5191 842 5243 δια
884 5193 984 5261 τῆς
1032 5191 1456 5261 ὑπεραγνώστου
1503 5193 1644 5262 πρὸς
1676 5195 1764 5245 τὸν

188 5280 300 5335 Υὶδν
322 5284 598 5354 ὑψώσεως
627 5285 719 5337 καὶ
743 5285 1058 5354 ἀναγωγῆς,
1082 5284 1171 5338 διὰ
1195 5286 1352 5338 τοῦτο
1387 5287 1476 5340 καὶ
1509 5287 1543 5357 ή
1580 5286 1766 5357 σύλλη-

187 5375 267 5443 ψις
313 5380 477 5441 εὐθὺς
527 5379 680 5450 ξένη,
714 5381 809 5432 καὶ
839 5382 872 5450 ἡ
908 5381 1044 5448 πρὸς
1074 5380 1164 5433 τὸν
1190 5381 1306 5450 βίον
1341 5381 1514 5450 αὐτῆς
1561 5383 1764 5442 εἴσοδος

191 5476 552 5540 καινοπρεπής
577 5484 596 5502 ·
637 5471 725 5524 διά
752 5472 858 5524 τῶν
889 5474 1128 5542 ἡττόνων
1183 5474 1316 5544 πρὸς
1359 5475 1461 5545 τήν
1503 5475 1611 5527 τῶν
1640 5493 1762 5544 μει-

191 5558 340 5619 ζόνων
369 5563 549 5632 αὐτὴν
588 5563 906 5617 όδοποιοῦσα
959 5566 1162 5621 πίστιν.
1205 5568 1357 5621 Ἔδει
1402 5567 1512 5638 γάρ
1548 5568 1759 5621 οἴκοθεν

191 5650 366 5722 ῑχουσα
392 5656 493 5726 τῆς
521 5654 622 5708 τοῦ
647 5655 784 5709 Θεοῦ
810 5658 1093 5727 «Sui/apem;
1137 5660 1204 5712 τὰ
1231 5659 1628 5730 ὑποδείγματα,
1663 5662 1759 5716 καὶ

244 5834 263 5863 ’
306 5833 435 5894 Luc.
473 5854 513 5905 I,
548 5837 643 5893 69.
721 5838 740 5870 ³
773 5838 873 5894 lsa.
907 5855 966 5905 ιι,
995 5839 1080 5895 l0.
1162 5838 1404 5895 ‘Jercm.
1443 5857 1515 5908 ιι,
1550 5841 1594 5896 l.

1865 4654 2014 4702 cum,
2058 4636 2152 4706 qui
2231 4646 2482 4689 naturam
2535 4651 2753 4688 omnem
2814 4625 3052 4695 excedit,
3093 4633 3453 4701 divinumque

1866 4734 2061 4787 altiore
2081 4746 2244 4800 supra
2275 4739 2524 4782 naturam
2544 4729 2706 4783 modo
2727 4729 3076 4797 diviniusque
3091 4727 3455 4797 praestruebat

1866 4827 2167 4880 nativitatis
2191 4824 2436 4878 modum.
2490 4823 2768 4892 Sapientia
2792 4823 2963 4885 enim,
2982 4822 3092 4891 jam
3113 4831 3226 4874 tum
3250 4836 3278 4874 a
3303 4822 3454 4889 prin-

1869 4920 2014 4990 cipio
2057 4929 2185 4973 ante
2212 4918 2433 4980 smcula,
2467 4933 2660 4971 eorum
2704 4933 2826 4986 qnze
2887 4918 3017 4969 liant
3045 4925 3276 4968 eventus
3312 4931 3452 4982 pra--

1867 5015 2082 5077 videns,
2139 5028 2240 5081 pro
2268 5012 2460 5065 linium
2493 5011 2706 5064 ratione
2727 5027 2966 5079 congrue
3017 5009 3286 5078 principia
3321 5007 3452 5058 sub-

1869 5107 1970 5160 dit.
2017 5103 2174 5170 Quod
2209 5103 2373 5174 igitur
2399 5103 2644 5156 luturum
2673 5112 2815 5166 erat,
2835 5111 2891 5152 ut
2921 5101 3123 5153 nedum
3158 5099 3252 5153 Dei
3281 5097 3452 5151 Mater

1869 5197 2105 5260 audiret,
2136 5195 2234 5250 sed
2267 5204 2323 5249 et
2353 5194 2462 5248 [ilia
2489 5196 2792 5248 secundum
2827 5193 3082 5262 Spiritum
3137 5190 3451 5259 adOptionis

1869 5290 2128 5344 ﬁliorum.
2169 5286 2264 5340 sed
2306 5296 2363 5342 et
2402 5287 2590 5358 regina
2621 5295 2787 5355 atque
2817 5285 3037 5338 domina
3067 5283 3446 5336 universounu

1868 5385 2266 5445 celebraretur,
2315 5397 2416 5451 per
2443 5380 2847 5451 ignotissimum
2873 5395 2940 5433 ex
2970 5378 3091 5432 Filii
3135 5375 3446 5431 rationibus

1864 5476 2247 5533 exultationem
2282 5475 2596 5543 celsamque
2627 5473 3014 5533 elevationem,
3051 5469 3259 5523 idcirco
3279 5467 3446 5520 etiam

1868 5569 2157 5640 conceptio
2179 5568 2363 5622 statim
2409 5583 2571 5631 nova,
2601 5567 2833 5638 ejusque
2882 5566 2938 5620 in
2969 5564 3137 5618 vitam
3167 5563 3448 5631 ingressus

1867 5663 2004 5717 mira
2053 5671 2204 5714 extra
2233 5675 2390 5714 usum
2425 5660 2680 5725 ratione;
2741 5675 2851 5729 quo
2879 5657 3138 5712 nimirum
3165 5671 3228 5710 ex
3265 5653 3446 5709 mino-

1704 5843 1724 5874 ⁵
1755 5840 1887 5898 Luc.
1922 5861 1933 5897 ι
1967 5843 2050 5896 Ml.
