4192 6424
683 364 750 430 19
1887 370 2183 431 ΝΙΟΕΤιΕ
2223 371 2282 430 P.-

2385 371 2668 430 EILAGON
2680 369 2748 428 IS

3870 354 3963 421 20

677 456 836 512 ribus
862 455 930 511 ad
965 457 1231 528 majorum
1263 457 1312 517 ei
1350 456 1511 513 fidem
1534 459 1676 512 viam
1707 466 2002 512 sterneret.
2027 458 2265 513 Decebat

2385 458 2506 528 πρὸς
2547 457 2646 525 τὴν
2677 453 3037 526 στειρωτικὴν
3066 452 3169 524 τῆς
3205 449 3408 523 μητρὸς
3431 447 3688 524 γεννησιν
3734 448 3960 518 ὁρῶσαν

672 549 828 602 enim
904 557 965 603 ut
991 563 1113 618 quo:
1149 565 1180 602 a
1210 564 1268 603 se
1295 549 1495 613 divina
1525 548 1755 609 haberet
1780 549 2041 618 potentia:
2072 562 2262 602 exem-

680 639 794 709 pla,
821 649 987 710 atque
1017 640 1085 695 ad
1121 641 1336 706 matris,
1381 657 1490 711 qua
1525 648 1963 711 susceptaesset,
2001 639 2266 701 sterilita-

681 742 792 786 tem
823 732 1141 801 respiceret,
1173 749 1277 788 nec
1324 735 1482 804 cujus
1518 732 1751 796 nuntius
1787 732 1864 787 illi
1906 731 2265 796 aﬂ‘erebatur,

682 827 983 897 virginitati
1029 826 1192 882 fidem
1246 828 1538 888 abnueret.
1592 829 1796 886 Verum
1817 827 2126 889 videamus,
2172 826 2268 897 qui

681 921 802 987 ejus
836 920 1142 975 secundum
1163 936 1382 976 carnem
1406 921 1614 976 fuerint
1642 928 1922 990 parentes,
1954 928 2270 988 quantaque

684 1011 806 1066 fulti
875 1014 1105 1079 virtute,

684 1121 816 1175 pere
842 1107 884 1160 ⁸.

756 1197 894 1264 Quis
925 1198 1092 1269 igitur
1113 1201 1290 1256 nescit
1313 1202 1562 1258 Joachim
1587 1213 1641 1259 et
1673 1205 1908 1267 Annam.
1940 1207 2035 1277 qui
2071 1206 2272 1261 divinae

692 1291 917 1347 infantis
953 1306 1212 1363 parentes
1235 1297 1502 1350 exsistant
1531 1339 1545 1362 ,
1583 1314 1681 1368 par
1715 1299 1848 1356 illud
1881 1297 2196 1356 venerabile
2211 1317 2274 1356 ac

692 1388 1046 1457 religiosum?
1091 1390 1226 1456 Quis
1253 1392 1326 1446 ita
1348 1392 1554 1456 tardus,
1582 1394 1708 1464 quis
1736 1395 1790 1448 in
1823 1394 2029 1450 divinis
2053 1396 2278 1452 Litteris

687 1481 771 1534 sic
806 1483 1370 1554 peregrinus,.utnon
1411 1493 1617 1550 teneat,
1653 1495 1736 1542 ter
1762 1486 1953 1541 beatos
2001 1485 2126 1542 illos
2163 1503 2278 1542 om-

689 1571 777 1626 nis
803 1572 1025 1641 pietatis
1051 1588 1117 1634 ac
1136 1573 1386 1644 justitiae,
1426 1593 1524 1646 per
1551 1592 1695 1640 eam,
1730 1594 1837 1647 qua
1863 1577 2121 1634 vixerunt
2141 1589 2272 1634 teta-

693 1673 825 1727 tem,
864 1681 1141 1719 summum
1196 1669 1459 1723 verticem
1505 1671 1736 1740 adeptos
1776 1673 1944 1728 esse?
1994 1675 2173 1744 Atque
2218 1672 2273 1727 id

691 1758 1078 1821 manifestum,
1143 1761 1342 1815 nedum
1403 1778 1466 1817 ex
1508 1763 1710 1828 fructu,
1743 1780 1909 1835 quem
1952 1783 2063 1822 non
2106 1765 2278 1837 magis

692 1865 917 1918 precum
953 1849 1233 1913 instantia,
1298 1869 1462 1922 quam
1488 1867 1691 1910 natura
1714 1855 1845 1912 faeta
1874 1859 2274 1929 germinarunt,

695 1961 887 1998 verum
919 1947 1083 2000 etiam
1109 1962 1176 2001 ex
1201 1947 1421 2003 illorum
1452 1949 1704 2016 historia,
1725 1969 1846 2022 qua:
1874 1952 2184 2024 inculpatos
2198 1955 2280 2009 eis

696 2053 896 2102 mores,
925 2041 1200 2110 vitamque
1253 2042 1364 2097 Deo
1409 2044 1662 2112 placitam
1698 2060 1762 2100 ac
1793 2055 2060 2110 sanctam,
2102 2049 2280 2102 ascri-

693 2130 959 2198 bit;cum
1015 2148 1188 2203 genus
1244 2133 1298 2188 in
1347 2135 1608 2190 Davidem
1644 2153 1706 2191 ac
1735 2137 1932 2193 Judam
1984 2138 2278 2204 referrent,

695 2239 1024 2294 morumque
1054 2227 1396 2294 ingenuitate
1419 2245 1584 2302 atque
1614 2231 1817 2285 indolis
1849 2231 2148 2302 probitate,
2180 2249 2282 2289 nec

693 2332 804 2370 non
851 2318 1234 2376 mandatorum
1280 2321 1377 2376 Dei
1435 2321 1708 2388 custodia,
1751 2337 1974 2379 omnem
2022 2323 2279 2380 lsraelem

693 2409 1075 2466 nobilitarent.

771 2505 835 2559 lli
877 2506 1162 2572 nimirum,
1198 2523 1324 2562 cum
1361 2509 1579 2564 virtutis
1603 2525 1769 2564 censu
1809 2510 1912 2580 (uti
1943 2510 2151 2565 dictum
2176 2511 2280 2578 est)

695 2599 894 2655 divites
925 2607 1130 2665 essent,
1179 2602 1314 2671 quin
1364 2612 1421 2657 et
1466 2603 1701 2658 terrenis
1744 2603 1906 2658 bonis
1951 2602 2281 2671 allluerent;

2363 549 2500 620 μηδὲ
2525 549 2625 619 τὴν
2659 546 3156 618 εὐαγγελιζομένῳ
3189 544 3417 614 ὕστερον
3459 542 3600 614 αὐτῇ
3644 540 3961 613 παρθενίαν

2363 644 2634 705 ἀπιστεῖν.
2689 641 2832 700 Ἀλλ’
2875 641 3077 711 ἴδωμεν
3116 639 3262 702 τίνες
3289 638 3461 708 αὐτῆς
3505 638 3556 691 οἱ
3589 635 3734 691 κατά
3762 637 3961 705 σάρκα

2365 733 2566 798 τοκεῖς,
2603 733 2696 791 καὶ
2717 734 2891 786 ὁποῖοι
2907 733 3007 802 τὴν
3033 732 3254 803 ἀρετὴν,
3280 731 3377 785 καὶ
3402 731 3551 792 ὅπως
3577 728 3676 800 τὴν
3701 727 3795 782 τοῦ
3833 727 3960 783 ἰιι-

2365 825 2483 879 itch
2544 825 2826 896 καλλονὴν,
2879 825 2947 896 ἢν
2966 827 3254 897 ἠγάπησεν
3295 825 3326 876 ὁ
3374 824 3602 893 Κύριος.
3627 821 3779 876 αὐτοὶ
3813 837 3963 875 κατν

2365 919 2681 990 ηξιὼθησαν
2710 920 2975 975 ἐκτεκεῖν.

1196 1024 1254 1070 et
1305 1015 1587 1085 quomodo
1637 1014 1874 1084 speciem
1943 1013 2135 1080 Jacob,
2178 1029 2344 1083 quam
2385 1015 2532 1070 Deus
2586 1014 2798 1080 dilexit,
2866 1013 2970 1084 ipsi
3020 1015 3330 1070 meruerint
3372 1010 3599 1084 gignere
3648 1025 3713 1065 ac
3767 1007 3959 1065 susci-

2441 1209 2539 1274 Τίς
2569 1208 2669 1262 οὐκ
2712 1203 2854 1263 οἶδεν
2909 1207 3166 1278 Ἰωακεὶμ
3216 1206 3312 1260 καὶ
3341 1207 3564 1268 Ἅνναν,
3614 1203 3964 1272 γεννήτορας

2371 1301 2531 1366 ὄντας
2555 1301 2658 1370 τῆς
2686 1301 2970 1364 θεόπαιδος
2989 1342 3004 1366 ,
3034 1301 3134 1370 τὴν
3160 1299 3348 1367 τιμίαν
3385 1295 3651 1366 ξυνωρίδα
3693 1293 3790 1347 καὶ
3833 1292 3966 1345 θεο-

2373 1393 2543 1463 φιλὴς
2579 1391 2672 1444 καὶ
2703 1390 2786 1452 τίς
2837 1388 2981 1443 οὕτω
3039 1387 3238 1458 βραδὺς
3268 1428 3282 1447 ,
3337 1386 3423 1445 τίς
3469 1384 3612 1438 οὕτω
3651 1383 3760 1436 τῶν
3792 1382 3968 1435 θείων

2375 1489 2414 1541 Γ
2418 1487 2609 1560 ραφῶν
2627 1484 3047 1546 ἀνεπίσκεπτος,
3075 1481 3203 1535 ὥστ’
3239 1481 3456 1548 ἀγνοεῖν
3481 1479 3562 1532 ὅτι
3594 1475 3984 1550 πάσηςέύσεέ

2379 1580 2534 1643 σείας
2579 1578 2677 1632 καὶ
2707 1576 3057 1646 δικαιοσύνης
3096 1573 3239 1627 κατά
3278 1571 3377 1643 τὴν
3423 1570 3633 1624 ἑαυτῶν
3675 1568 3868 1636 γενεάν
3899 1567 3968 1619 τδ

2381 1672 2681 1744 ἀκρότατον
2705 1672 2754 1724 οί
2802 1669 3178 1741 τρισμάκαρες
3218 1665 3635 1735 ἀπηνέγκαντο;
3671 1663 3783 1715 Καὶ
3802 1659 3972 1717 τοῦτο

2383 1768 2562 1837 δῆλον,
2594 1766 2696 1819 οὐκ
2736 1765 2803 1818 ὲκ
2835 1763 2930 1817 τοῦ
2977 1759 3194 1833 καρποῦ
3228 1760 3408 1831 μόνον,
3433 1758 3493 1812 ὂν
3536 1758 3634 1828 οὐχ
3662 1750 3828 1827 ἧττον
3868 1754 3968 1808 διὰ

2379 1859 2752 1934 προσευχῆςῆ
2805 1857 3021 1929 φύσεως
3065 1855 3429 1926 ἐϐλάστησαν,
3469 1851 3605 1906 ἀλλά
3634 1853 3728 1904 καὶ
3757 1851 3820 1902 ὲκ
3857 1848 3966 1913 τῆς

2381 1955 2509 2025 περὶ
2537 1953 2718 2007 αὐτῶν
2751 1951 3012 2019 ἱστορίας,
3044 1947 3334 2017 ἄμεμπτον
3354 1943 3632 1998 πολιτείαν
3652 1943 3748 1996 καὶ
3771 1943 3973 2013 εὐάρε-

2382 2065 2508 2101 στον
2555 2045 2633 2116 τῷ
2660 2043 2781 2114 Θεῷ
2833 2042 2946 2113 βίον
2976 2040 3124 2112 βιοῦν
3151 2041 3335 2102 αὐτοῖς
3367 2034 3793 2107 ἀναγραφούσης
3812 2050 3827 2064 °
3880 2034 3973 2096 εἰς

2381 2139 2548 2193 Δαϐὶδ
2577 2139 2678 2208 μὲν
2713 2136 2806 2191 καὶ
2856 2135 3058 2189 Ἰούδαν
3092 2133 3151 2187 τὸ
3182 2132 3337 2200 γένος
3370 2131 3766 2198 ἀναφέροντας,
3801 2127 3972 2193 εὐγε-

2382 2233 2500 2304 νείᾳ
2551 2231 2608 2285 δὲ
2651 2230 2870 2302 τρόπων
2926 2230 3020 2280 καὶ
3076 2226 3226 2296 ἠθῶν
3267 2220 3661 2293 καλοκαγαθίᾳ,
3684 2219 3806 2274 ικαὶ
3852 2217 3974 2271 τῶν

2382 2324 2822 2398 προσταγμάτων
2842 2321 2935 2375 τοῦ
2961 2318 3096 2373 Θεοῦ
3121 2317 3361 2387 φυλακῇ,
3383 2315 3502 2370 ὅλον
3525 2311 3975 2382 ἐξευγενίζοντας

2383 2421 2476 2473 τὸν
2517 2415 2754 2490 Ἰσραήλ.

2455 2506 2612 2566 Οὗτοι
2644 2509 2739 2565 τὸν
2779 2507 3028 2570 πλοῦτον,
3072 2507 3148 2570 ὡς
3187 2503 3439 2577 εἴρηται,
3479 2498 3834 2563 πλουτοῦντες
3863 2498 3973 2568 τῆς

2384 2605 2609 2676 ἀρετῆς,
2642 2602 2920 2673 βρίθοντες
2941 2601 2998 2656 δὲ
3029 2601 3123 2654 καὶ
3148 2601 3263 2661 τοῖς
3288 2597 3399 2651 ἀπὸ
3431 2595 3536 2665 γῆς
3571 2592 3970 2662 ἀγαθοῖς,ποι-

2389 2695 2564 2766 μνίοις
2601 2695 2697 2749 καὶ
2731 2690 3032 2762 βουκολίοις
3062 2689 3157 2742 καὶ
3187 2689 3354 2741 πᾶσιν
3383 2685 3566 2748 ἄλλοις
3586 2680 3975 2754 αύταρκούμε-

2386 2806 2466 2843 νοι
2499 2785 2970 2859 περιουσιασμοῖς,
3000 2781 3079 2834 ἑνὶ
3101 2780 3279 2850 τούτῳ
3314 2777 3460 2849 μόνῳ
3485 2776 3586 2845 τῆς
3621 2773 3834 2836 τελείας
3861 2789 3976 2842 μα·-

696 2875 957 2933 felieitate
982 2895 1038 2934 se
1067 2879 1261 2937 abesse
1291 2882 1707 2944 existimabant,
1737 2881 1883 2950 quod
1932 2896 2129 2951 nempe
2161 2880 2282 2935 abs-

2389 2880 2734 2952 καριωσύνης
2768 2878 3092 2932 ὑπώπτευον
3143 2872 3428 2941 ἀστοχεῖν·
3480 2869 3698 2923 ἄτεκνοι
3726 2865 3834 2934 γὰρ
3871 2864 3978 2916 τὸν

697 2986 805 3039 que
831 2971 1018 3025 liberis
1067 2983 1512 3027 consenuerant:
1542 2982 1807 3042 erantque
1858 2973 2039 3026 omnia
2079 2971 2282 3028 doloris

2391 2975 2504 3045 βίον
2535 2972 2896 3043 κατεγήρωνο
2935 2968 3030 3022 καὶ
3085 2970 3262 3022 πάντα
3311 2962 3488 3033 λύπης
3542 2958 3716 3032 μεστά
3744 2954 3834 3029 ἦν,
3871 2956 3979 3010 καὶ

698 3064 879 3132 plena,
919 3080 983 3135 ac
1006 3066 1265 3120 mmstitia
1311 3075 1511 3119 cuncta
1560 3066 1898 3134 oppleverat,
1955 3065 2100 3134 quod
2139 3064 2282 3119 haud

2389 3067 2837 3138 ἀθυμίας.ἀὺτοῖς
2861 3063 2931 3117 τὰ
2961 3062 3140 3116 πάντα
3190 3058 3518 3128 πεπλήρωτο
3536 3071 3552 3086 ·
3583 3053 3668 3107 ὅτι
3695 3052 3762 3122 τῇ
3797 3051 3981 3119 "Aw;

698 3169 857 3208 secus
901 3169 964 3207 ae
993 3164 1222 3209 vetusta:
1251 3154 1420 3219 Sarte,
1454 3163 1737 3210 menstrua
1760 3156 1930 3210 Anum
1952 3154 2071 3210 fieri
2101 3154 2282 3210 desie-

2394 3163 2492 3231 μὲν
2523 3158 2667 3213 κατὰ
2691 3157 2790 3226 τὴν
2813 3154 3052 3209 παλαιὰν
3100 3151 3320 3223 Σάρραν
3374 3147 3626 3215 ἐξέλιπον
3669 3145 3740 3197 τά
3774 3159 3977 3218 γυναι-

698 2710 895 2763 nempe
957 2695 1233 2765 gregibus,
1287 2697 1685 2768 armentisque,
1737 2713 1800 2752 ac
1865 2697 2075 2768 reliqua
2133 2698 2283 2752 omni

699 2787 1008 2843 substantia
1036 2788 1156 2844 fulti
1179 2800 1384 2853 essent,
1421 2807 1532 2845 uno
1593 2791 1697 2846 hoc
1749 2791 1924 2845 solum
1965 2808 1995 2846 a
2042 2790 2284 2860 perfecta

700 3254 822 3298 rant
841 3247 859 3275 ⁷
893 3262 906 3307 ;
933 3261 1034 3300 nec
1061 3246 1346 3302 Joachimo
1371 3256 1812 3310 eratsuccessor,
1833 3263 1935 3302 nec
1951 3247 2283 3302 cernebatur

698 3337 790 3404 qui
845 3337 1064 3393 familiae
1115 3337 1354 3392 scintilla
1389 3337 1554 3393 foret.
1612 3337 1924 3392 Accedebat
1962 3348 2020 3393 et
2060 3338 2285 3392 irritans

699 3429 1004 3483 vicinorum
1031 3430 1405 3498 exprobratio,
1428 3447 1493 3486 ac
1524 3441 1788 3502 quantum
1828 3447 1930 3486 nec
1969 3431 2075 3488 dici
2105 3440 2285 3503 potest

699 3533 856 3583 aegra:
890 3521 1093 3574 menlis
1131 3519 1342 3577 doloris
1373 3537 1595 3576 sensum
1632 3522 2023 3577 succendebat.
2053 3523 2131 3579 Ac
2157 3524 2284 3594 qui-

699 3608 822 3661 dem
855 3610 1101 3666 Joachim
1129 3611 1371 3682 duplicia
1399 3613 1541 3668 dona
1572 3613 1804 3667 Domino
1818 3613 2085 3670 offerebat
2111 3633 2125 3680 ;
2157 3631 2282 3670 cum

701 3700 790 3754 his
823 3701 964 3756 forte
1010 3703 1183 3758 Deum
1212 3705 1560 3775 propitiaret,
1593 3721 1656 3760 ac
1705 3705 1963 3760 orbitatis
2019 3707 2282 3776 probrum

699 3809 728 3846 ει
753 3808 809 3846 se
834 3793 1034 3862 depelli
1067 3810 1227 3864 posse
1259 3797 1546 3867 cogitaret.
1572 3797 1945 3853 Nihilominus
1975 3807 2155 3853 tamen
2204 3799 2286 3853 sic

699 3903 919 3956 quoque
946 3889 1000 3942 in
1033 3889 1227 3944 iisdem
1262 3890 1680 3947 infecunditatis
1710 3893 1929 3961 probris
1985 3895 2234 3948 manebat
2267 3937 2282 3958 ,

699 3979 879 4034 donec
914 3981 1131 4035 tandem
1167 3982 1251 4035 vir
1276 3983 1461 4053 justus
1491 3994 1797 4039 extremum
1847 3986 1957 4052 jam
1989 3986 2156 4038 an’imi
2185 4001 2286 4038 an-

702 4069 824 4122 xius
850 4078 904 4122 et
936 4069 1277 4133 humiliatus,
1310 4073 1629 4126 carnalibus
1670 4073 1944 4142 despectis
1977 4073 2198 4135 hostiis,
2230 4083 2288 4126 et

702 4160 905 4230 quibus
947 4161 1252 4227 imperfecti
1299 4162 1618 4232 imperfecte
1650 4163 1880 4234 obsequi
1915 4180 1974 4219 se
2013 4174 2071 4218 et
2108 4164 2289 4218 indul—

702 4267 830 4320 gere
860 4253 1196 4316 existimant,
1253 4253 1428 4322 iisque
1461 4263 1519 4308 ut
1552 4271 1673 4324 quae
1708 4271 1816 4308 non
1846 4255 2141 4312 admodum
2175 4255 2289 4324 pla-

703 4354 888 4405 ceant.
919 4346 1143 4414 spretis,
1199 4346 1530 4401 sacrificium
1563 4348 1675 4402 Deo
1705 4348 1962 4416 spiritum
1993 4347 2286 4401 contribu-

705 4437 873 4491 latum
900 4448 1066 4492 ClCnr
1111 4440 1410 4493 eontritmn
1443 4456 1506 4495 ac
1562 4441 1912 4494 humiliatum
1941 4440 2285 4494 oﬂ'erendum

2389 3257 2543 3307 κεῖαο
2574 3251 2653 3321 τῷ
2693 3251 2751 3303 δὲ
2777 3248 3020 3317 διάδοχος
3039 3246 3140 3298 οὐκ
3158 3239 3249 3314 ἦν,
3289 3241 3382 3296 καὶ
3433 3242 3462 3294 ό
3500 3237 3596 3292 τοῦ
3632 3236 3823 3306 γένους
3868 3234 3980 3303 οὒκ

2385 3347 2567 3417 ὠράτο
2594 3343 2849 3413 σπινθήρ.
2883 3339 2991 3394 Καὶ
3015 3337 3150 3407 πρὸς
3173 3333 3386 3396 τούτοις
3415 3334 3444 3385 ὁ
3464 3332 3527 3391 ὲκ
3547 3329 3808 3398 γειτόνων
3836 3326 3980 3380 ὑπο.

2388 3439 2614 3509 σμύχων
2638 3433 2942 3504 ὀνειδισμὸς
2962 3474 2976 3500 ,
3003 3431 3106 3484 οὐκ
3138 3430 3286 3488 ἔστιν
3314 3428 3439 3480 ὅσον
3474 3424 3650 3478 εἰπεῖν
3679 3419 3981 3486 ὐπεξέκαιε

2385 3535 2485 3604 τὴν
2512 3529 2838 3599 δυσθυμίαν.
2870 3527 2984 3580 Καὶ
3011 3524 3320 3594 προσέφερε
3348 3519 3448 3590 μὲν
3483 3515 3744 3584 Ἰωακεὶμ
3782 3512 3983 3604 Κυρίῳ

2385 3603 2454 3680 τά
2475 3624 2625 3695 δῶρα
2645 3621 2838 3675 διπλᾶ·
2863 3617 3074 3680 τούτοις
3095 3613 3257 3685 τυχὸν
3279 3609 3647 3682 δεξιούμενος,
3669 3605 3764 3660 καὶ
3790 3603 3853 3658 τὸ
3873 3603 3984 3669 τῆς

2387 3719 2644 3781 ἀπαιδίας
2693 3714 2893 3776 ὄνειδος
2950 3707 3409 3777 ὑπολογιζόμενος
3456 3702 3677 3772 φυγεῖν·
3725 3697 3886 3768 ἔμενε
3915 3695 3982 3747 δὲ

2389 3817 2483 3870 καὶ
2511 3814 2682 3876 οὓτως
2713 3808 2866 3862 οὐδὲν
2885 3800 3054 3876 ἦττον
3079 3804 3136 3855 ὲν
3169 3803 3283 3861 τοῖς
3319 3797 3532 3868 ὁμοίοις
3568 3795 3669 3863 τῆς
3693 3788 3983 3861 ἀκαρπίας

2387 3906 2732 3974 ὀνειδισμοῖς,
2756 3901 2860 3962 ἓως
2882 3898 2962 3960 είς
2996 3895 3148 3958 τέλος
3179 3895 3210 3946 ὁ
3235 3891 3446 3953 δίκαιος
3473 3882 3979 3974 ἀπορούμενος-καῖ

2387 3996 2836 4064 ταπεινούμενος,
2867 3988 2977 4042 τῶν
3010 3986 3110 4057 μὲν
3136 3981 3417 4056 σαρκικῶν
3444 3978 3670 4042 θυσιῶν,
3693 3975 3789 4030 καὶ
3817 3969 3896 4036 οἷς
3920 3971 3980 4024 οί

2389 4091 2598 4151 ἀτελεῖς
2640 4085 2845 4147 ἀτελῶς
2890 4081 3216 4154 χαρίζεσθαι
3254 4075 3596 4147 νομίζουσιν,
3627 4071 3839 4141 ἀμελεῖ,
3874 4067 3981 4119 καὶ

2391 4183 2467 4245 ὡς
2489 4182 2550 4234 οὐ
2584 4179 2723 4234 πάνυ
2751 4174 2993 4244 θελητῶν
3039 4172 3211 4224 ὄντων
3250 4167 3532 4238 ὑπερορᾷο
3586 4162 3779 4216 θυσίαν
3810 4159 3866 4212 δὲ
3895 4155 3982 4226 τῷ

2389 4275 2545 4345 Θεῷ,
2589 4273 2807 4341 πνεῦμα
2858 4264 3323 4337 συντετριμμένον
3379 4260 3475 4314 καὶ
3527 4256 3758 4328 καρδίαν
3783 4266 3980 4306 συντε-

2388 4369 2698 4439 τριμμένην
2730 4365 2826 4420 καὶ
2857 4356 3338 4428 τεταπεινωμένην
3371 4349 3660 4420 διεγνώκει
3697 4359 3986 4439 καρποφο-

2397 4437 2543 4534 ρεῖν·
2576 4463 2673 4515 καὶ
2700 4459 2767 4512 δι’
2794 4453 3122 4526 ἐγκρατείας
3155 4452 3249 4505 καὶ
3278 4447 3587 4519 προσευχῆς
3633 4441 3729 4498 τοῦ
3780 4437 3985 4494 ποθου-

702 4545 882 4596 opera:
925 4530 1159 4598 pretium
1215 4530 1431 4595 duxit',
1461 4531 1747 4601 creditque
1777 4547 1874 4601 per
1892 4531 2282 4585 continentiam

2399 4556 2562 4627 μίνου
2596 4551 2843 4606 πιστεύει
2871 4543 3357 4619 καταδράττεσθαι,

701 4632 759 4678 ct
797 4623 1601 4694 orationemapprehensurum
1632 4640 1712 4689 se,
1751 4626 1910 4696 cujus
1937 4640 2083 4695 aeger
2119 4624 2287 4678 animi

705 4716 986 4772 desiderio
1011 4726 1155 4771 erat.

775 4812 878 4878 Qui
923 4813 1070 4867 enim
1096 4815 1431 4870 sanctissimi
1487 4814 1728 4884 Spiritus
1759 4814 2165 4868 sanctissimum
2203 4811 2289 4883 pi-

705 4923 846 4976 gnus
865 4922 930 4960 ac
953 4907 1254 4966 sacrarium
1273 4916 1419 4963 esset
1445 4909 1753 4979 geniturus,
1780 4906 2014 4962 decebat
2042 4906 2287 4976 ejusdem

708 5000 948 5070 primum
973 4999 1214 5069 Spiritus
1253 5000 1458 5056 divinis
1481 5001 1756 5056 alllatibus
1787 5001 2083 5070 repletum,
2130 5013 2290 5053 sacro

708 5093 1058 5162 spiritalique
1123 5093 1404 5150 desiderio
1471 5093 1540 5147 ad
1605 5101 1932 5163 conceptum
1987 5091 2287 5146 confoveri.

706 5186 958 5248 Quonam
1017 5182 1188 5252 igitur
1223 5183 1386 5236 modo
1415 5198 1533 5237 rem
1589 5182 1864 5252 praestat?
1913 5179 2297 5236 Communicat

707 5276 930 5344 quidem
962 5277 1119 5330 uxori
1146 5275 1393 5339 divinum
1415 5277 1600 5330 animo
1616 5284 1957 5345 assumptum
1981 5273 2294 5329 consilium.

706 5369 1034 5423 Communis
1065 5369 1212 5422 enim
1243 5368 1532 5431 ambobus,
1557 5369 1634 5423 uti
1667 5369 1948 5432 sterilitas,
1984 5367 2064 5422 sic
2089 5377 2295 5423 eteura

710 5461 1079 5530 suscipienda:
1115 5461 1306 5531 prolis;
1340 5471 1636 5531 monetque
1663 5462 1898 5517 aliorum
1919 5461 2165 5515 omnium
2192 5476 2292 5514 cu—

712 5568 803 5607 ras
859 5552 1212 5621 posthabere,
1260 5553 1582 5624 jejunioquc
1651 5565 1708 5608 et
1766 5553 2099 5608 confessioni
2129 5559 2294 5622 atque

711 5642 978 5718 precibus
1003 5641 1282 5698 assiduam
1306 5658 1450 5707 esse,
1473 5644 1657 5707 donec,
1686 5643 1885 5712 inquit,
1913 5659 1945 5695 a
1981 5642 2130 5695 nobis
2155 5639 2296 5694 Deus

788 5843 1136 5907 ‘Psal.x1.vt,
1168 5845 1219 5899 5.
1365 5843 1499 5899 Gen.
1545 5858 1692 5906 mn,
1728 5840 1807 5895 ll.
1859 5843 1878 5873 ³
1912 5840 2052 5901 Psal.
2091 5857 2138 5905 ι,
2182 5840 2273 5894 19.-

2467 4803 2574 4856 Τδν
2611 4799 2722 4870 γὰρ
2763 4796 2860 4858 τοῦ
2903 4793 3173 4862 παναγίου
3227 4788 3551 4859 Πνεύματος
3601 4783 3869 4856 μέλλοντα
3917 4776 3988 4833 τὺ

2397 4895 2704 4963 ἁγιώτατον
2758 4887 3041 4959 κειμήλιον
3087 4886 3356 4946 ἐκτεκεῖν,
3385 4881 3492 4934 ἔδει
3536 4877 3631 4932 τοῦ
3662 4874 3988 4963 Πνεύματος

2398 4962 2564 5043 αυτοῦ
2594 4984 2814 5056 πρῶτον
2842 4981 2952 5035 τῶν
2984 4978 3145 5036 θείων
3180 4973 3560 5046 πληρούμενον
3580 4965 3895 5038 ἐνεργειῶν,
3923 4962 3989 5028 ἐξ

2401 5082 2552 5151 ίερᾶς
2595 5097 2656 5133 τε
2682 5078 2776 5133 καὶ
2809 5071 3194 5145 πνευματικῆς
3220 5069 3359 5139 πρὸς
3389 5065 3489 5136 τὴν
3531 5063 3729 5132 κύησιν
3766 5057 3989 5126 διαθερ-

2402 5172 2672 5245 μανθῆναι
2692 5167 3032 5241 προθυμίας.
3065 5163 3190 5226 Πῶς
3216 5157 3313 5214 οὖν
3346 5158 3509 5213 τοῦτο
3533 5157 3710 5220 ποιεῖς
3740 5152 3990 5245 Ἀνακοιο

2398 5244 2585 5325 νοῦται
2625 5263 2728 5336 μὲν
2763 5265 2829 5332 τῇ
2867 5259 3087 5329 συζύγιρ
3133 5255 3228 5310 τὸν
3273 5252 3458 5318 ἔνθεον
3485 5249 3778 5318 λογισμόν
3827 5244 3987 5315 κοινὴ

2400 5363 2508 5431 γάρ
2539 5360 2765 5428 ἀμφοῖν,
2789 5357 2978 5425 ὥσπερ
3008 5355 3043 5424 ὴ
3071 5354 3381 5423 στείρωσις,
3409 5345 3553 5400 οὕτω
3591 5344 3686 5405 καὶ
3726 5341 3826 5410 τῆς
3845 5352 3986 5431 παι-

2399 5429 2646 5522 δογονίας
2680 5453 2714 5521 ἡ
2736 5449 2957 5520 φροντίς
2981 5463 2999 5479 ⁶
3032 5445 3128 5500 καὶ
3151 5444 3368 5497 πάντων
3413 5437 3636 5507 ἀμελεῖν
3667 5433 3778 5488 τῶν
3808 5429 3985 5486 ἄλλων

2404 5545 2720 5618 παρεγγυᾷ·
2743 5541 2968 5614 νηστεία
2988 5538 3046 5592 δὲ
3069 5536 3162 5591 καὶ
3177 5532 3562 5602 ἐξομολογήσει
3587 5526 3680 5583 καὶ
3705 5523 3985 5618 προσευχῇ

2404 5614 2858 5710 προσκαρτερεῖν,
2892 5632 3069 5704 ἄχρις
3106 5628 3183 5684 ἂν
3211 5627 3279 5694 ἐξ
3301 5623 3494 5696 τῃιῶν,
3549 5620 3707 5694 φησὶ,
3736 5614 3985 5689 περιέλῃ
