4192 6424
738 449 816 516 23
1942 451 2239 513 NICET/E
2275 450 2613 515 PAPHIAG
2622 456 2747 518 ONl
2760 459 2797 518 S
3916 460 3997 527 24

743 570 893 635 latet,
927 569 1088 622 etiam
1118 568 1240 623 aliis
1270 577 1392 623 ante
1425 586 1507 624 me
1547 570 1765 641 perinde
1805 567 2289 635 laborantibus,for

2394 622 2398 628 .
2421 571 2530 637 τῆς
2557 572 2814 642 ἀμέτρου
2840 578 3289 648 φιλανθρωπίας
3312 578 3675 648 ἐπιλήσομαι
3691 594 3705 609 ⁸
3728 573 3863 633 οἶδα
3883 579 4001 651 γὰρ

740 665 965 735 (iterque
994 662 1383 727 invocantibus,
1406 662 1612 731 placide
1661 664 1966 727 attendisse,
2016 680 2077 716 ac
2131 664 2313 716 statim

741 758 989 827 fecundas
1011 756 1315 833 reddidisse.
1338 753 1455 808 Seio
1471 764 1519 808 et
1543 760 1754 809 Annam
1772 756 1999 810 alteram
2014 755 2314 809 sterilitatis

739 853 958 904 dedecus
987 852 1230 915 evasisse,
1276 854 1368 905 hoc
1410 848 1582 903 solum
1608 852 1747 921 quod
1794 850 1863 903 ad
1899 859 1946 902 te
1984 849 2311 903 clamaverit.

740 944 806 996 [εἰ
830 959 986 1007 nunc,
1024 942 1245 996 Domine
1283 944 1423 997 Dens
1458 961 1620 1007 meus,
1668 963 1686 994 ι
1719 944 1791 997 Tu
1832 944 1967 996 idem
2011 944 2120 1011 ipse
2156 958 2229 1004 es,
2264 950 2311 995 et

737 1038 866 1089 anni
892 1037 968 1090 tui
1003 1053 1105 1090 non
1130 1037 1478 1104 deﬁcient",i
1500 1048 1548 1092 et
1582 1037 1952 1091 misericordia:
1977 1045 2078 1088 tute
2092 1052 2191 1088 non
2212 1037 2312 1086 mi-

735 1141 981 1194 nuentur,
1011 1140 1342 1198 prompteque
1367 1148 1458 1199 per
1486 1148 1643 1200 quam
1683 1131 1815 1182 bona
1853 1129 1992 1182 dona
2025 1141 2117 1181 tua
2158 1129 2312 1195 digne

733 1222 1022 1285 petentibus
1062 1232 1405 1290 prwstantur.
1426 1222 1545 1291 Ipse
1575 1237 1774 1291 quoque
1798 1220 1936 1291 quod
1975 1221 2150 1275 liberis
2182 1220 2311 1274 orba

731 1330 871 1379 mm,
913 1330 1083 1367 meam
1135 1316 1292 1380 aufer
1334 1316 1700 1378 sterilitatem,
1744 1326 1801 1367 ut
1852 1324 1901 1367 et
1953 1316 2007 1367 in
2038 1330 2117 1367 me
2147 1313 2311 1366 clari-

732 1405 927 1470 ]ireris.
963 1405 1080 1459 Non
1112 1407 1251 1459 enim
1276 1406 1401 1459 mihi
1449 1406 1568 1463 erit.
1601 1406 1691 1473 qui
1721 1416 1967 1459 nascetur
2002 1406 2199 1474 infans,
2220 1404 2310 1458 sed

732 1508 821 1548 mo
859 1497 1062 1550 nomini
1096 1506 1297 1566 tuter/ue
1317 1508 1516 1552 sancta:
1547 1500 1729 1552 domui
1770 1513 1982 1551 sacrum
2024 1498 2308 1552 donarium

728 1592 947 1645 sistetur
975 1590 1041 1645 ".

790 1854 868 1907 Ac
896 1854 971 1907 illi
1009 1854 1231 1923 quidem
1268 1856 1320 1908 in
1359 1854 1444 1908 his
1466 1865 1646 1917 erant,
1682 1854 1814 1924 quid
1866 1870 1997 1909 vero
2029 1854 2122 1925 qui
2156 1862 2304 1911 totus

720 1948 1036 2002 misericors
1070 1959 1173 2011 est,
1204 1949 1468 2003 Dominus
1500 1949 1521 2002 ?
1550 1948 1640 2018 qui
1688 1949 1817 2003 facit
1840 1951 2022 2004 omnia
2049 1961 2303 2005 ettrans-

722 2049 896 2094 mutat
922 2040 975 2094 in
1008 2042 1206 2096 melius
1230 2042 1254 2094 ?
1279 2042 1374 2112 qui
1409 2051 1725 2099 sanctorum
1749 2058 1972 2097 suorum
2007 2044 2303 2113 petitiones

718 2142 774 2186 et
804 2133 1038 2203 cogitata
1064 2135 1577 2205 superabundanter
1600 2136 1728 2191 facit
1758 2138 1841 2190 “?
1866 2137 2005 2190 Num
2024 2138 2299 2207 justorum

717 2226 1171 2294 supplicationem
1216 2228 1468 2296 sprevit?
1503 2230 1612 2282 Aut
1656 2228 1897 2283 attendit
1927 2230 2149 2299 quidem
2190 2232 2301 2286 cla-

717 2317 1105 2379 mori,donum
1145 2328 1324 2373 tamen
1351 2319 1404 2373 in
1431 2328 1645 2389 tempus
1664 2320 1875 2375 donans
1899 2321 2113 2377 distulit
2141 2324 2163 2377 ?
2192 2325 2299 2380 Aut

715 2410 898 2462 statim
922 2409 1145 2479 quidem
1165 2410 1353 2475 donat,
1379 2412 1648 2481 ejusmodi
1673 2421 1853 2466 tamen
1884 2412 2113 2479 donum,
2138 2416 2298 2484 quale

714 2502 976 2571 petebant
1029 2503 1223 2557 tribuit
1261 2503 1789 2574 ?llaudquaquam;
1851 2506 1946 2560 sed
2003 2508 2298 2576 respondet

712 2593 933 2661 quidem
972 2594 1155 2648 statim
1174 2594 1351 2663 angeli
1372 2597 1545 2649 saneti
1575 2612 1731 2659 voce,
1768 2611 1830 2650 ac
1856 2598 2080 2652 oraculo
2106 2598 2292 2663 edicit,

711 2684 829 2738 fore
871 2685 1041 2739 utDci
1070 2686 1251 2755 puella
1281 2686 1627 2756 concipiatur
1655 2697 1821 2757 atque
1849 2699 2112 2744 nascatur
2142 2708 2154 2744 :
2180 2691 2296 2745 edi-

711 2776 787 2828 cit
814 2784 870 2830 et
916 2778 1052 2832 clari
1076 2778 1319 2833 nominis
1350 2778 1590 2834 futuram
1617 2780 1671 2834 in
1708 2797 1901 2835 omnes
1928 2782 2064 2837 lines
2111 2793 2290 2839 teme.

709 2871 753 2922 0
776 2868 902 2925 fidei
965 2870 1347 2926 fortitudinem
1376 2873 1388 2925 !
1420 2887 1454 2925 0
1482 2872 1747 2927 Altissimi
1779 2874 1982 2927 donum
2042 2876 2292 2945 magnifi-

709 2976 834 3013 cum
867 2962 879 3014 ί
911 2961 990 3015 llli
1020 2963 1243 3031 quidem
1277 2962 1563 3033 desperata
1598 2973 1813 3025 natura,
1848 2981 1911 3019 ea
1938 2975 2132 3034 petunt
2170 2982 2292 3037 qua:

709 3062 961 3107 naturam
986 3054 1293 3121 excedunt;
1329 3055 1376 3110 is
1400 3072 1533 3109 vero
1568 3056 1798 3126 gratiam
1852 3056 2065 3124 tribuit,
2097 3074 2289 3113 emen-

706 3144 929 3199 dantem
947 3146 1093 3213 quod
1120 3146 1228 3200 illis
1261 3147 1443 3202 inerat
1458 3148 1676 3201 vitium.
1708 3147 1784 3201 Ac
1802 3148 2026 3217 quidem
2051 3150 2125 3203 illi
2156 3167 2287 3220 pro-

2418 662 2505 717 ὅτι
2543 664 2640 717 καὶ
2669 666 2884 735 ἄλλαις
2908 669 3022 737 πρὸ
3051 668 3198 738 ἐμοῦ
3248 668 3321 723 τὰ
3343 668 3449 723 ἴσα
3483 668 3837 735 παθούσαις,
3893 671 4001 725 καὶ

2419 760 2680 829 ἰσχυρῶς
2731 762 3293 835 ἐπικαλεσαμέναις,
3334 765 3585 835 εὐμενὲς
3625 768 3997 834 προσέσχες,

2411 854 2509 905 καὶ
2566 856 2987 924 καρπογόνους
3061 858 3384 924 ἀπέδειξας
3456 858 3755 926 παραυτά.
3848 858 4001 913 Οἶδα

2414 946 2512 999 καὶ
2566 947 2766 1018 ἄλλην
2801 950 3030 1004 Ἀνναν
3074 950 3417 1020 ὀνειδισμὸν
3460 952 3744 1017 ἀτεκνίας
3775 951 4000 1019 δραπε-

2413 1040 2744 1104 τεύσασαν,
2799 1042 2901 1097 ἵνα
2940 1045 3132 1111 μόνον
3158 1045 3367 1113 βοήσῃ
3391 1046 3542 1123 πρὸς
3566 1044 3661 1100 σέ.
3709 1045 3819 1100 Καὶ
3852 1046 3996 1108 νῦν,

2412 1132 2589 1198 Κύριε
2616 1135 2651 1187 ό
2687 1136 2829 1201 Θεός
2852 1154 2994 1204 μου,
3040 1155 3061 1188 ι
3091 1137 3175 1190 Σὺ
3198 1137 3380 1202 αὐτὸς
3406 1134 3480 1201 εἴ,
3515 1139 3611 1190 καὶ
3648 1137 3718 1191 τὰ
3737 1138 3842 1206 ἐτη
3871 1154 3997 1191 σου

2411 1221 2523 1275 οὐκ
2538 1223 2893 1281 ἐλλείπουσι
2905 1246 2923 1278 ι
2936 1270 2950 1291 ,
2967 1227 3064 1280 καί
3082 1228 3153 1282 τὰ
3168 1227 3311 1295 ἐλέη
3323 1244 3439 1282 σου
3450 1229 3561 1282 οὐκ
3572 1227 3995 1291 ἐλαττονοῦσι,

2411 1316 2509 1367 καὶ
2542 1314 2614 1369 τὰ
2663 1318 2975 1388 πανάγαθά
3001 1337 3118 1374 σου
3140 1319 3299 1388 δῶρα
3323 1321 3449 1387 τοῖς
3490 1320 3670 1387 ἀξίως
3715 1320 3999 1374 αἰτοῦσιν

2411 1408 2655 1478 ἑτοίμως
2700 1410 3237 1482 ἐπιχορηγοῦνταιο
3291 1412 3479 1478 αὐτὸς
3530 1415 3628 1467 καὶ
3693 1412 3810 1481 τὴν
3838 1412 3999 1481 ἐμὴν

2410 1502 2717 1565 ἀτεκνίαν,
2746 1502 2864 1571 τὴν
2887 1504 3043 1573 ἐμὴν
3099 1507 3338 1575 περίελε
3387 1506 3730 1575 στείρωσιν,
3766 1507 3867 1558 ἵνα
3893 1505 3997 1559 καὶ

2409 1592 2480 1645 ἐν
2526 1593 2656 1663 ἐμοὶ
2699 1594 3031 1664 δοξασθῇς.
3068 1600 3151 1652 οὐ
3202 1598 3312 1668 γὰρ
3340 1597 3471 1667 ἐμοὶ
3515 1598 3582 1652 τὸ
3615 1599 3994 1666 τικτόμενον,

2409 1684 2571 1738 ἀλλὰ
2597 1683 2675 1749 τῷ
2706 1684 2796 1751 σῷ
2810 1686 3054 1756 ὀνόματι
3082 1687 3282 1755 καὶτῷ
3311 1689 3458 1758 ἁγίῳ
3487 1704 3605 1743 σου
3625 1688 3771 1756 οῑκῳ
3799 1704 3992 1759 προσ-

2409 1777 2789 1847 ανάθήσομαι
2822 1780 3013 1845 τούτῳ
3043 1780 3240 1835 δοτόν.

2481 1872 2544 1923 Οἱ
2577 1872 2675 1941 μὲν
2701 1866 2795 1926 οὗν
2813 1872 2872 1923 tv
2904 1872 3117 1936 τούτοις
3143 1870 3302 1941 ἦσαν,
3334 1872 3461 1925 τίδὲ
3499 1873 3527 1925 6
3556 1871 3993 1940 πανοικτίρμων,

2409 1964 2650 2034 Κύριος,
2690 1965 2719 2017 ὁ
2753 1964 2924 2017 ποιῶν
2970 1966 3146 2017 πάντα
3188 1967 3279 2017 καὶ
3331 1962 3757 2034 μετασκευὰζων
3803 1964 3896 2015 ἐπὶ
3927 1963 3997 2015 τὸ

2408 2056 2611 2125 βέλτιον
2631 2098 2647 2124 ,
2679 2056 2707 2109 6
2732 2054 3200 2126 ὑπερεκπερισσοῦ
3248 2055 3318 2107 τὰ
3369 2058 3647 2125 αἰτήματα
3686 2054 3794 2107 τῶν
3818 2054 3996 2121 ἁγίων

2405 2148 2568 2201 αὐτοῦ
2609 2147 2700 2201 καὶ
2732 2148 2802 2201 τά
2830 2149 3076 2217 νοήματα
3107 2148 3311 2215 ποιῶν;
3351 2144 3460 2218 ἄρα
3500 2148 3723 2220 παρεῖδε
3770 2147 3878 2200 τῶν
3907 2147 3997 2199 δι-

2404 2239 2574 2292 καίων
2603 2238 2698 2308 τὴν
2744 2238 3064 2309 ἱκετηρίαν;
3110 2237 3143 2309 ἢ
3181 2237 3449 2308 προσέσχε
3498 2238 3596 2306 μὲν
3638 2239 3703 2306 τῇ
3747 2236 3993 2306 κραυγ-ᾖ,

2403 2332 2699 2403 ὑπερέθετο
2721 2331 2777 2384 δὲ
2810 2333 2890 2395 είς
2932 2331 3158 2401 χρόνους
3212 2331 3311 2401 τὴν
3366 2330 3676 2401 δωρεάν;ῆ
3733 2330 3993 2399 δωρεῖται

2404 2426 2503 2494 μὲν
2522 2424 2702 2487 εὐθὺς,
2733 2423 2990 2494 τοιαύτην
3032 2425 3087 2477 δὲ
3112 2424 3232 2477 οἵαν
3273 2423 3500 2494 ᾐτοῦντο
3553 2423 3702 2476 δόσιν
3745 2421 3992 2491 ἐπεδρά-

2399 2514 2615 2580 6ευσεν;
2653 2497 2922 2584 ὒύδαμῶς
2945 2530 2960 2544 °
2983 2514 3146 2592 ⁸ἀλλὰ
3188 2514 3518 2584 χρηματίζει
3553 2515 3652 2584 μὲν
3680 2513 3879 2566 αὐτίκα
3913 2496 3992 2566 δι’

2395 2605 2628 2674 ἀγγέλου
2660 2606 2844 2677 φωνῆς
2879 2606 3060 2673 ἁγίου,
3093 2606 3194 2674 τῆς
3241 2606 3528 2667 θεόπαιδος
3584 2605 3683 2676 τὴν
3720 2602 3989 2675 σύλληψιν

2398 2701 2492 2752 καὶ
2520 2699 2617 2770 τὴν
2645 2698 2901 2762 ἀπότεξιν
2924 2715 2940 2730 ο
2977 2699 3309 2770 χρηματίζει
3342 2698 3400 2751 δὲ
3455 2698 3626 2768 αὐτὴν
3678 2696 3991 2768 ὀνομαστὴν

2395 2792 2723 2862 γενήσεσθαι
2750 2792 2880 2862 ἄχρι
2928 2792 3229 2861 τερμάτων
3270 2792 3371 2860 τῆς
3398 2791 3521 2861 γῆς.
3575 2792 3638 2844 Ὢ
3671 2791 3769 2860 τῆς
3798 2789 3991 2860 ἰσχύος

2392 2885 2492 2957 τῆς
2526 2885 2794 2949 πίστεωςί
2827 2882 2872 2938 ὣ
2894 2884 2992 2955 τῆς
3033 2884 3292 2954 Ὑψίστου
3327 2882 3767 2953 μεγαλοδωρεᾶςί
3804 2884 3852 2934 oi
3884 2882 3990 2950 μὲν

2394 2978 2723 3046 ἀπογνόντες
2744 2978 2847 3047 τῆς
2882 2976 3118 3046 φύσεως,
3148 2977 3217 3039 τά
3241 2976 3382 3046 ὑπὲρ
3432 2976 3594 3044 φύσιν
3619 2973 3987 3041 ἐξαιτοῦνται·

2392 3071 2420 3122 6
2456 3068 2513 3121 δὲ
2539 3068 2724 3121 δίδωσι
2751 3066 2931 3138 χάριν,
2954 3067 3015 3119 τὸ
3038 3067 3269 3129 ἐκείνοις
3312 3065 3536 3134 ἔλλειμα
3566 3063 3987 3135 διορθουμένην.

2402 3162 2510 3215 Καὶ
2535 3162 2585 3213 oi
2613 3161 2711 3230 μὲν
2760 3161 2950 3213 τέκνον
3005 3159 3192 3221 ἁπλῶς
3223 3157 3455 3220 αἰτοῦσι,
3512 3158 3575 3211 τὸ
3600 3158 3701 3224 τῆς
3728 3156 3990 3220 ἀπαιδίας

708 3235 812 3286 lem
847 3234 1175 3303 simpliciter
1209 3246 1427 3306 petunt.
1457 3246 1515 3291 et
1570 3247 1631 3292 ut
1676 3238 1729 3291 id
1782 3240 1889 3293 illis
1924 3241 2281 3310 opprobrium

2396 3252 2598 3315 ὄνειδος
2622 3251 3054 3321 ἀφαιρούμενον·
3095 3252 3122 3301 ὁ
3156 3249 3211 3302 δὲ
3254 3250 3353 3317 τὴν
3391 3246 3527 3300 ίδίαν
3552 3246 3734 3308 αὐτοῖς
3759 3243 3988 3315 χαρίζεο

705 3326 1010 3385 auferatur,
1046 3328 1194 3397 quod
1224 3328 1313 3382 illa
1344 3329 1465 3383 orbi
1491 3339 1650 3395 sunt;
1684 3332 1727 3383 is
1751 3341 1933 3385 autem
1986 3348 2138 3386 suam
2181 3334 2289 3389 illis

705 3419 936 3489 largitur
964 3420 1230 3486 Matrem;
1255 3437 1361 3476 non
1386 3438 1508 3491 qua:
1539 3434 1827 3492 parentum
1863 3426 2129 3481 duntaxat
2148 3428 2286 3481 alni-

704 3512 944 3565 ctionem
969 3520 1143 3578 sanet,
1178 3514 1271 3567 sed
1290 3530 1410 3583 qua:
1435 3515 1751 3569 universum
1770 3517 2067 3572 humanum
2114 3536 2289 3589 genus

704 3598 939 3671 spiritali
970 3618 1211 3672 veroque
1247 3605 1449 3674 gaudio
1477 3606 1722 3675 impleat.

776 3695 902 3749 Haec
940 3696 1203 3750 nimirum
1226 3697 1428 3752 divina:
1458 3699 1640 3768 potius
1683 3702 2067 3771 promissionis
2093 3706 2281 3772 verbo,

704 3802 870 3855 quam
907 3798 1119 3842 natura:
1161 3790 1376 3843 ratione
1406 3790 1459 3843 in
1494 3792 1669 3845 sterili
1699 3804 1963 3862 concepta
2002 3806 2165 3866 atque
2194 3814 2287 3870 ge-

705 3888 844 3931 stata
871 3888 1050 3943 utero,
1072 3882 1159 3934 vel
1182 3890 1239 3933 ut
1265 3882 1557 3952 lunaplena
1596 3884 1759 3939 hodie
1788 3902 1853 3940 ex
1883 3897 2130 3943 materno
2151 3906 2283 3945 exo-

704 3970 1121 4025 riturthalamo.
1152 3972 1310 4027 Clare
1341 3973 1504 4029 hodie
1526 3975 1714 4029 videre
1749 3986 1833 4031 est
1856 3979 2007 4049 juxta
2037 3981 2283 4052 Prophe-

706 4073 771 4115 ta:
801 4063 1109 4127 oraculum,
1147 4065 1280 4118 oriri
1313 4066 1601 4121 veritatem
1630 4068 1697 4123 de
1732 4078 1894 4133 terra,
1930 4073 2281 4142 acjustitiam

702 4155 771 4207 de
805 4156 946 4208 caelo
986 4155 1300 4224 prospicere
1329 4157 1394 4209 ¹⁷.
1428 4157 1644 4211 Etenim
1686 4160 1952 4216 Dominus
1982 4164 2283 4220 ostendens

703 4248 772 4298 de
808 4246 953 4299 curio
1002 4246 1166 4318 digne
1219 4250 1537 4317 petentibus
1594 4251 1861 4320 justitiam
1899 4270 2075 4321 suam,
2132 4257 2285 4312 dedit

701 4337 1121 4407 benignitatem,
1181 4341 1380 4396 divina:
1433 4344 1817 4411 promissionis
1844 4349 2011 4401 verbo
2057 4351 2283 4404 oraculo

700 4429 854 4484 edito
883 4449 898 4495 ;
930 4431 1087 4485 Anna
1115 4446 1249 4486 vero
1284 4432 1377 4486 illo
1408 4416 1513 4488 ﬁde
1537 4445 1812 4505 suscepto,
1863 4454 1927 4491 ex
1967 4441 2129 4494 vulva
2160 4457 2278 4506 sua,

700 4527 853 4580 velut
869 4542 935 4581 ex
956 4535 1121 4589 terra,
1144 4530 1369 4583 oraculo
1382 4530 1700 4599 promissam
1717 4532 2002 4586 veritatem
2030 4534 2082 4587 in
2101 4535 2277 4590 lucem

2395 3366 2486 3402 ται
2515 3346 2742 3415 Μητέρα
2761 3363 2775 3377 ν
2804 3345 2865 3396 οὐ
2895 3343 3004 3395 τῶν
3033 3343 3301 3397 τεκόντων
3340 3341 3501 3411 μόνον
3541 3340 3641 3409 τὴν
3669 3339 3849 3409 θλίψιν
3883 3340 3986 3392 ito-

2396 3441 2585 3511 μένην,
2616 3439 2732 3492 ἀλλ’
2756 3437 2883 3506 ὅλην
2911 3437 3020 3488 τῶν
3050 3434 3354 3504 ἀνθρώπων
3392 3434 3491 3503 τὴν
3523 3433 3685 3503 φύσιν
3732 3447 3985 3503 πνευμα-

2390 3532 2546 3602 τικῆς
2578 3532 2671 3584 καὶ
2698 3529 2932 3601 ἀληθοῦς
2959 3526 3276 3598 πληροῦσαν
3308 3527 3507 3598 χαρᾶς.

2458 3715 2608 3783 Αὕτη
2637 3710 2715 3782 τῷ
2740 3712 2946 3782 ῥήματι
2965 3709 3064 3779 τῆς
3086 3707 3425 3778 ἐπαγγελίας
3451 3705 3544 3761 τοῦ
3583 3706 3719 3759 Θεοῦ
3751 3705 3980 3775 μᾶλλον,

2389 3806 2421 3876 ἢ
2445 3804 2522 3875 τῷ
2540 3804 2686 3872 λόγῳ
2713 3803 2812 3871 τῆς
2834 3799 3051 3870 φύσεως
3081 3801 3140 3852 tv
3163 3801 3231 3869 τῇ
3264 3798 3588 3868 στειρωτικῇ
3612 3794 3982 3864 συλληφθεῖσα

2386 3898 2483 3951 καὶ
2511 3893 2913 3965 κυοφορηθεῖσα
2943 3893 3163 3964 γαστρὶ,
3208 3891 3453 3962 σήμερον
3485 3882 3572 3941 οἷα
3616 3887 3814 3957 σελήνη
3844 3887 3984 3955 πλη-

2388 3986 2606 4055 σιφαὴς,
2660 3984 2769 4037 τῶν
2818 3983 3077 4052 θαλάμων
3146 3977 3489 4045 ἑξανατέλλει
3530 3975 3637 4030 τῶν
3669 3973 3978 4045 μητρικῶν.

2386 4078 2635 4146 Σήμερον
2666 4074 2918 4143 ἐναργῶς
2960 4072 3107 4125 ἐστιν
3142 4071 3294 4141 ὁρᾷν,
3325 4070 3468 4122 κατὰ
3496 4069 3600 4135 τὴν
3633 4064 3982 4136 προφητικὴν

2384 4166 2702 4238 θεηγορίαν,
2728 4165 2991 4236 ἀλήθειαν
3019 4164 3117 4234 μὲν
3170 4161 3567 4217 ἀνατέλλουσαν
3598 4162 3663 4213 ἐκ
3698 4159 3804 4226 τῆς,
3832 4157 3932 4226 γῆς
3953 4195 3973 4220 ,

2386 4265 2450 4314 ἐκ
2483 4260 2578 4313 τοῦ
2625 4258 2857 4331 ούρανοῦ
2904 4257 2963 4310 δὲ
3017 4257 3118 4325 τὴν
3150 4253 3499 4322 δικαιοσύνην
3548 4251 3975 4304 διακύπτουσαν.

2384 4355 2493 4406 Καὶ
2525 4352 2629 4423 γὰρ
2678 4352 2707 4404 6
2758 4350 2963 4421 Κύριος
3020 4347 3228 4402 ἀνωθεν
3272 4346 3373 4415 τὴν
3421 4343 3588 4397 αὐτοῦ
3629 4341 3979 4409 δικαιοσύνην

2383 4443 2827 4512 ἐπιδεικνύμενος
2867 4443 2981 4504 τοῖς
3011 4439 3178 4505 ἀξίως
3202 4439 3514 4507 αἰτήσασιν.
3541 4434 3709 4487 ἔδωκε
3735 4432 3977 4503 χρηστό-

2383 4555 2555 4607 τητα,
2586 4536 2646 4587 τὸ
2673 4535 2825 4605 ῥῆμα
2866 4532 2969 4600 τῆς
3015 4531 3165 4594 θείας
3198 4528 3532 4597 ἐπαγγελίας
3581 4526 3972 4596 χρηματίζων*

700 4618 873 4683 ducit,
901 4634 1133 4688 eamque
1168 4622 1383 4674 cunctis
1421 4622 1743 4676 mortalibus
1787 4625 2087 4679 animatum
2117 4637 2280 4697 atque

2394 4632 2555 4682 Ἅννα
2584 4627 2641 4679 δὲ
2670 4628 2853 4679 πίστει
2877 4623 3037 4678 τοῦτο
3064 4621 3474 4692 καταδεξαμένη
3503 4661 3517 4683 ,
3554 4619 3740 4687 ὥσπερ
3775 4621 3838 4671 ἐκ
3869 4620 3977 4687 γῆς

699 4710 974 4765 viventem
1023 4711 1263 4766 fructum
1301 4713 1571 4781 producit.
1619 4714 1789 4769 llodie
1823 4731 1945 4784 quae
1984 4717 2154 4771 Mater
2186 4720 2280 4774 Dei

698 4805 1001 4859 secundum
1034 4820 1276 4870 carnem,
1297 4806 1417 4876 ejus
1439 4822 1571 4861 vero
1599 4808 1707 4861 lilia
1760 4809 2063 4863 secundum
2115 4812 2279 4879 spiri-

700 4907 815 4950 tum
843 4897 1316 4962 sanctiﬁcationis,
1348 4899 1653 4954 naturalem
1686 4900 1913 4969 suscipit
1939 4911 2143 4966 ortum,
2183 4905 2281 4957 bo-

700 4989 973 5058 miuisque
999 4989 1129 5053 ﬁlia,
1171 5007 1293 5061 quze
1317 4992 1478 5061 Regis
1503 4993 1683 5063 magni
1718 4993 1829 5048 filia
1855 4994 1946 5056 sit,
1982 4995 2229 5048 noscitur
2260 5014 2272 5050 :

699 5097 763 5135 ac
784 5097 905 5150 quae
934 5102 962 5135 a
984 5082 1191 5137 dextris
1208 5084 1409 5138 summi
1440 5086 1685 5139 omnium
1737 5087 1879 5155 regis
1914 5087 1965 5140 iu
1994 5088 2149 5142 cmlis
2184 5105 2273 5142 re-

696 5174 821 5237 gina
845 5174 1076 5228 astitura
1092 5184 1196 5239 est,
1234 5175 1288 5228 in
1319 5184 1461 5229 terra
1488 5178 1598 5245 jam
1621 5187 1780 5247 partu
1855 5177 2058 5243 editur,
2086 5179 2276 5233 obste-

697 5266 933 5320 trieaute
981 5281 1143 5320 manu
1190 5268 1512 5336 suscipitur,
1548 5270 1705 5337 aquis
1751 5268 2013 5333 abluitur,
2077 5272 2275 5340 pannis

698 5356 1019 5421 involvitur,
1040 5358 1420 5414 acinfantibus
1438 5359 1621 5413 debita
1649 5377 1781 5414 cura
1802 5362 2050 5416 fovetur:
2084 5372 2272 5433 etqua:

694 5448 947 5515 \irginali
982 5451 1105 5503 sinu
1147 5452 1460 5520 amplexura
1523 5463 1892 5522 exspectatur,
1946 5456 2122 5523 ipsum
2176 5460 2267 5526 qui

693 5540 894 5591 malum
965 5544 1212 5596 continet
1275 5560 1339 5597 ac
1390 5545 1582 5608 Deum,
1634 5547 1901 5601 senilibus
1952 5550 2093 5603 ulnis
2128 5566 2273 5603 nunc

695 5630 1020 5700 stringitur;
1052 5636 1354 5704 seniliaque
1380 5638 1488 5706 jam
1522 5654 1585 5691 ac
1627 5649 1871 5693 materna
1896 5641 2037 5710 fugit
2075 5642 2267 5703 ubera,

603 5780 613 5788 l
694 5738 814 5791 quae
840 5725 1065 5792 posthac
1091 5728 1274 5781 divina
1301 5731 1536 5796 quadam
1559 5731 1767 5785 ratione
1793 5747 1920 5785 eum
1944 5733 2269 5801 quicuuctis

692 5817 1024 5871 animalibus
1059 5835 1236 5873 escam
1272 5823 1496 5889 praebet.
1520 5823 1759 5878 iactavit.

766 5931 973 6005 ιχῃρε,
1003 5952 1035 5992 ι,
1080 5934 1128 5987 Η
1158 5954 1305 6006 seqq.
1346 5939 1382 5967 ‘-'
1414 5940 1550 5994 l’sal.
1591 5958 1659 6007 ‹.ι,
1693 5942 1779 5995 :18.

1881 5944 1918 5974 ἐ
1958 5945 2097 6014 Eph.
2135 5962 2215 6011 ιιι,
2236 5944 2324 6000 ‘20.

2388 4722 2488 4791 τῆς
2514 4720 2721 4782 οἰκείας
2780 4718 2996 4789 μήτρας
3034 4718 3133 4786 τὴν
3176 4713 3660 4785 χρησμῳδοθείσαν
3711 4711 3975 4780 ἀλήθειαν

2386 4814 2619 4883 ἀνίσχει,
2655 4811 2749 4865 καὶ
2801 4810 3007 4880 ταύτην
3040 4810 3204 4861 πᾶσιν
3263 4806 3570 4875 ἀνθρώποις
3601 4803 3844 4874 ἔμψυχον
3875 4804 3975 4857 καὶ

2386 4906 2564 4971 ζῶντα
2580 4902 2872 4976 προσάλλει
2893 4902 3126 4972 καρπόν.
3154 4902 3402 4971 Σήμερον
3424 4901 3457 4969 ἡ
3481 4898 3683 4968 Μήτηρ
3711 4896 3808 4965 μὲν
3834 4894 3973 4948 Θεοῦ

2385 4999 2529 5052 κατᾶ
2578 4998 2779 5068 σάρκα,
2826 4997 3075 5064 θυγάτηρ
3128 4994 3184 5047 δὲ
3222 4993 3366 5046 κατά
3398 4992 3616 5061 πνεῦμα
3659 4987 3972 5058 ἁγιωσύνης

2381 5093 2653 5161 ἐσομένη,
2686 5090 2785 5161 τὴν
2835 5089 2978 5143 κατὰ
3009 5087 3168 5155 φύσιν
3214 5086 3499 5158 προσίεται
3544 5084 3818 5153 γέννησιν.
3868 5081 3969 5134 καὶ

2375 5185 2620 5253 θυγάτηρ
2651 5181 2940 5251 ἀνθρώπου
2983 5181 3308 5249 γνωρίζεται
3337 5180 3371 5248 ή
3403 5177 3650 5248 θυγάτηρ
3673 5175 3768 5228 τοῦ
3802 5175 3967 5229 Βασι-

2372 5277 2507 5340 λέως
2528 5277 2623 5329 τοῦ
2658 5275 2898 5346 μεγάλου
2918 5290 2931 5301 ·
2965 5275 3106 5343 καὶὴ
3132 5276 3195 5325 ἐκ
3226 5270 3419 5337 δεξιῶν
3442 5271 3535 5324 τοῦ
3562 5267 3966 5338 Παμὸασιλέως

2372 5372 2430 5422 tv
2463 5373 2572 5423 τοῖς
2601 5370 2850 5439 οὐρανοῖς
2898 5366 3192 5435 στήσεσθαι
3225 5366 3495 5435 μέλλουσα
3533 5363 3837 5432 βασίλισσα,
3869 5354 3967 5413 ἐπὶ

2372 5462 2474 5528 γῆς
2508 5460 2631 5525 ἄρτι
2661 5460 2960 5530 λοχεύεται,
2998 5458 3316 5528 μαιεύεται·
3351 5457 3506 5510 ὕδασι
3532 5456 3824 5524 σμήχεται.
3864 5453 3965 5524 pd-

2382 5571 2498 5605 κεσι
2546 5550 2987 5621 σπαργανοῦταγ
3028 5552 3125 5604 καὶ
3171 5550 3270 5619 τῆς
3315 5548 3701 5619 προσηκούσης
3741 5544 3961 5615 νηπίοις

2379 5643 2693 5711 ἐπιμελείας
2744 5642 3028 5708 ἀξιοῦται,
3087 5644 3178 5695 καὶ
3226 5643 3261 5711 ή
3296 5640 3655 5711 παρθενικαῖς
3689 5636 3960 5705 ἀγκάλαις

2377 5738 2467 5789 τὸν
2494 5736 2588 5789 τοῦ
2637 5738 2871 5805 οὐρανοῦ
2925 5738 3151 5807 συνοχέα
3192 5736 3286 5789 καὶ
3310 5736 3441 5788 Θεὸν
3494 5728 3959 5800 ὲναγκαλίσασθαι

2380 5832 2827 5901 προσδοκωμένη,
2862 5832 3161 5901 γηραλέαις
3204 5829 3434 5892 ὠλέναις
3489 5824 3956 5897 πεμλαμϐάνέται

2404 5948 2446 5977 ¹⁷
2488 5947 2627 6002 Psal.
2662 5964 2877 6014 Lxxxn',
2910 5946 2990 6001 12.
