4192 6424
185 417 256 482 25
1018 417 1301 480 ORATIO
1335 417 1386 478 Ι.
1421 443 1490 454 -
1511 417 1593 478 ΙΝ
1634 418 1795 480 ΒΙΕῆ

1895 418 2225 481 ἹΑΈΛΙΕΜ
2261 418 2325 481 S.
2364 416 2649 480 MARIIE.
3380 412 3454 476 26

183 526 282 582 νῦν
306 541 323 556 ο
361 525 456 579 καὶ
504 525 875 600 πρεσϐυτικὴν
937 525 1063 597 ἄρτι
1093 526 1264 597 Θηλὴν
1295 526 1391 580 καὶ
1425 525 1697 599 μητρικὴν
1762 518 2067 599 ὲκμυζᾷ,’ή
2110 527 2202 582 τὸν
2272 528 2546 601 τρέφοντα
2602 526 2713 579 πᾶν
2766 522 2930 592 ζῶον,
2970 521 3264 597 ὑπερφυῶς
3313 525 3454 596 μετὰ

182 619 363 675 ταῦτα
390 621 974 693 γαλακτοτροφήσααα.

254 713 371 765 Καὶ
395 712 492 764 ἐπὶ
533 709 745 774 τούτοις
795 712 972 782 χαίρει
1008 712 1109 781 μὲν
1140 713 1331 777 Ἅννα,
1362 714 1456 767 καὶ
1498 713 1761 784 τέρπεται
1793 764 1795 772 λ

1938 714 2015 771 Ac
2047 716 2104 771 in
2144 714 2231 770 his
2255 714 2477 784 quidem
2508 713 2709 782 gaudet
2735 714 2910 778 Anna,
2931 724 2986 769 et
3012 713 3173 769 valde
3213 712 3453 778 laetatur,

184 803 414 873 σφόδρα,
470 805 567 858 καὶ
597 804 1011 872 ἑναγκαλίζεται
1048 805 1131 875 τῷ
1170 808 1494 876 γεννήματι,
1546 806 1643 861 καὶ
1684 808 1762 879 τῷ

1895 803 2185 873 »τοιειηιιυρ
2211 798 2441 858 in'ulnas
2472 805 2724 875 suscipit,
2756 818 2821 858 ac
2835 803 3273 875 novomagnitlce
3292 814 3455 874 partu

183 893 359 965 καινῷ
388 895 535 964 τόκῳ
572 895 1071 963 ὲγκαλλωπὶζεται·
1110 898 1374 965 συγκαλεῖ
1404 898 1463 951 δὲ
1493 899 1762 965 νεάνιδας,

1895 895 2150 957 gloriatur.
2204 895 2484 951 Convocat
2520 912 2650 951 vero
2667 897 2897 966 puellas,
2918 896 3265 966 accersitque
3295 905 3455 952 vetu-

182 987 279 1041 καὶ
306 987 675 1060 πρεσδύτιδας
704 990 1119 1058 μεταστέλλεται
1144 1005 1160 1020 ⁸
1190 993 1284 1045 καὶ
1312 996 1432 1057 ταῖς
1474 993 1767 1063 ὁμοφύλοις

1895 1003 1975 1052 as,
2007 1004 2071 1043 ac
2102 990 2313 1045 cunctis
2335 989 2628 1043 tribulibus
2651 989 3016 1061 congratulari
3037 990 3195 1060 jubet
3228 1006 3293 1046 ac
3315 1006 3455 1047 con-

182 1078 397 1141 πάσαις
431 1079 748 1152 συγχαίρειν
791 1083 1099 1153 παρακαλεῖ
1126 1085 1221 1137 καὶ⁸
1274 1084 1619 1156 συνήδεσθαι,
1672 1089 1767 1141 καὶ

1895 1080 2119 1149 :audcre;
2143 1083 2354 1138 cunctis
2386 1082 2624 1152 denique
2648 1082 2703 1137 in
2744 1098 2864 1138 eam
2896 1083 3307 1139 attendentibus
3334 1088 3457 1139 ani-

184 1172 355 1225 πᾶσιν
372 1173 457 1235 εἰς
484 1172 679 1244 ἡδονὴν
700 1175 796 1227 καὶ
823 1174 1005 1244 θαῦμα
1020 1179 1164 1230 κινεῖ
1193 1180 1306 1240 τοῖς
1335 1178 1767 1249 προσανέχουσιν

1895 1191 2044 1238 num.
2078 1176 2338 1245 gaudium
2385 1193 2451 1232 ac
2483 1176 2906 1231 admirationem
2938 1177 3067 1232 facit
3090 1194 3105 1241 ;
3131 1192 3196 1232 ac
3229 1178 3455 1246 quidem

185 1264 329 1334 αὐτῇ
346 1280 361 1293 ·
406 1264 782 1334 χαριστηρίοις
811 1265 912 1336 μὲν
939 1267 1032 1320 τὸν
1060 1268 1361 1339 εὐεργέτην
1389 1268 1729 1341 ἀμοισομένη
1750 1286 1765 1300 ·

1895 1269 2168 1335 gratiarum
2211 1268 2440 1324 actionis
2479 1285 2708 1323 munera
2756 1283 3044 1325 munerum
3080 1269 3327 1339 largitori
3364 1285 3458 1322 re-

187 1358 304 1423 καὶ,
340 1358 443 1424 Τίς
464 1362 604 1427 ειμι,
630 1359 884 1428 λέγουσα,
904 1362 1080 1430 Κύριέ
1112 1379 1256 1431 μου,
1304 1363 1501 1431 Κύριε,
1540 1363 1631 1417 ὅτι
1657 1362 1770 1432 τῆς

1895 1360 2079 1415 tendit.
2108 1360 2465 1426 Et,Qutenam
2487 1362 2835 1433 ego,Domine
2869 1364 2963 1426 mi,
2985 1362 3225 1428 Domine,
3258 1362 3460 1432 inquit,

185 1451 339 1521 ἐμῆς
365 1454 524 1507 οὕτω
545 1453 812 1522 δεήσεως
832 1455 1205 1525 ἐπακήκοας·
1231 1458 1321 1510 ὅτι
1347 1458 1642 1526 περιεῖλες
1666 1459 1773 1511 τὸν

1902 1471 2009 1519 um,
2032 1455 2171 1523 quod
2193 1470 2365 1508 meam
2395 1456 2470 1509 sic
2497 1457 2800 1527 petitionem
2821 1456 3059 1511 audisti?
3093 1457 3235 1525 quod
3265 1471 3461 1526 oppro-

187 1547 548 1616 ὀνειδισμόν
571 1565 692 1616 μου
747 1549 823 1601 ὃν
864 1548 1263 1605 ὑπώπτευσαο
1326 1551 1417 1615 ὅτι
1474 1551 1687 1606 πλεῖον
1731 1551 1773 1620 ἢ

1895 1550 2045 1602 trium
2079 1566 2270 1613 meum,
2299 1548 2437 1619 quod
2464 1551 2735 1618 suspicata
2768 1566 2940 1612 cram,
2973 1548 3234 1603 abstulisti
3258 1548 3284 1601 ?
3311 1547 3452 1618 quod

185 1639 341 1693 κατὰ
375 1640 492 1706 τὴν
536 1640 693 1709 ἐμὴν
736 1643 981 1710 αιτησιν
1019 1642 1324 1712 παρέσχες
1351 1661 1370 1707 ;
1397 1644 1620 1699 Τέκνον
1666 1644 1777 1714 γὰρ

1895 1644 2086 1714 najora
2116 1638 2276 1714 quam
2308 1644 2564 1714 petieram
2599 1644 2868 1698 tribuisti?
2900 1644 3113 1697 Etenim
3149 1659 3241 1713 ego
3263 1642 3462 1696 solum-

186 1730 404 1796 ἁπλῶς
446 1730 773 1801 ᾐτησάμην
810 1732 941 1802 ἐγὼ,
962 1733 1046 1787 σὺ
1082 1733 1151 1787 δέ
1166 1751 1267 1803 μοι
1294 1733 1446 1804 πρὸς
1468 1736 1657 1803 τούτῳ
1678 1736 1777 1791 καὶ

1896 1737 2030 1790 nodo
2069 1736 2268 1805 prolem
2302 1736 2558 1806 petebam,
2595 1748 2649 1788 tu
2684 1753 2803 1790 vero
2826 1745 3084 1807 praeterea
3122 1737 3281 1789 etiam
3317 1751 3462 1805 spent

185 1826 310 1890 τὴν
328 1825 553 1879 ἐλπίδα
583 1824 694 1894 τῆς
745 1826 1048 1893 σωτηρίας
1074 1826 1356 1895 ἐδωρήσω
1387 1827 1468 1894 τῷ
1518 1828 1776 1897 Ἰσραήλ.

1895 1829 2070 1885 :alutis
2105 1829 2319 1883 Israelis
2365 1828 2577 1882 dedisti.
2620 1828 2775 1882 Video
2808 1830 2947 1881 enim
2977 1828 3118 1882 velut
3161 1830 3314 1881 certis
3341 1845 3461 1881 σιη-

196 1914 354 1982 Ὀρῶ
385 1916 498 1985 γὰρ
542 1916 624 1981 ὡς
641 1916 713 1969 ἐν
739 1917 1073 2007 τεκμηρίοις
1102 1918 1172 1971 τὸ
1193 1918 1455 1988 μέλλον·
1482 1920 1564 1987 ὡς
1592 1920 1665 1974 ἐν
1684 1922 1778 1975 al-

185 2011 463 2075 νίγμασι,
490 2007 620 2074 ταῖς
644 2008 1148 2077 ἑνθεωρουμέναις
1176 2009 1252 2078 τῇ
1274 2013 1519 2081 θυγατρὶ
1549 2010 1776 2080 χάρισι,

1880 1924 2006 1976 nino
2048 1923 2251 1976 indiciis
2288 1922 2426 1992 quod
2461 1923 2701 1991 futurum
2735 1929 2809 1975 est
2846 1937 2865 1976 .'
2890 1920 3031 1976 velut
3055 1924 3108 1974 in
3140 1921 3461 1991 wnigmatis,

1882 2016 1935 2069 in
1961 2016 2047 2079 iis,
2070 2031 2200 2085 quas
2229 2016 2282 2069 in
2304 2013 2482 2085 puella
2502 2016 2728 2078 intueor,
2758 2015 2966 2081 gratiis,
2991 2013 3285 2068 salutarem
3312 2022 3466 2067 tuam

186 2105 311 2172 τὴν
336 2103 640 2172 σωτήριόν
683 2120 801 2159 σου
835 2106 1154 2174 κατολίτον
1182 2106 1627 2175 προαυγὰζομαι
1667 2106 1773 2174 χα-

1895 2107 2152 2171 paulatim
2184 2107 2555 2178 praelucentem
2597 2109 2850 2177 gratiam,
2877 2115 3123 2177 certaque
3143 2108 3356 2161 dantem
3378 2109 3466 2161 in-

180 2213 314 2264 ριν,
351 2196 456 2251 καί
478 2214 580 2265 μοι
611 2196 1056 2266 τεκμηριοῦσαν
1091 2196 1166 2250 δι’
1194 2196 1387 2265 αὐτῆς
1408 2196 1782 2265 ἐκφανθήσε-

186 2292 343 2344 σθαι
370 2289 480 2342 τὸν
514 2287 641 2355 τοῖς
666 2288 1001 2357 προφήταις
1045 2292 1625 2358 προκηρυττόμενον.
1672 2288 1782 2345 Καὶ

187 2381 288 2446 τίς
318 2383 437 2450 ειμι
481 2379 596 2449 ἐγὼ
631 2381 934 2447 τοσαύτης
960 2381 1366 2450 ἀπιθοδωρίας
1404 2379 1786 2450 ἀναφανῆναι

180 2470 347 2540 ῥίζα,
378 2473 683 2540 τοσαύτης
720 2472 962 2543 χάριτος
1006 2471 1225 2541 μήτηρ,
1276 2472 1377 2527 καὶ
1415 2475 1786 2541 τηλικούτων

186 2560 441 2631 ἁττιθῶν
458 2567 817 2633 χρηματίσαι
836 2566 997 2633 πηγή
1016 2580 1035 2627 ;
1072 2565 1226 2619 Ἀλλ’
1248 2566 1320 2619 οὐ
1344 2564 1695 2634 νοσφίζομαι
1718 2566 1786 2621 τὸ

185 2657 319 2711 σόν
344 2672 362 2688 ·
399 2658 474 2710 οὐ
493 2658 703 2725 κρύψω
731 2658 867 2725 παρ’
898 2657 1149 2725 ἐμαυτῇ,
1176 2653 1223 2712 ὦ
1250 2658 1544 2723 Δέσποτα,
1580 2658 1646 2711 τὸ
1674 2658 1786 2712 δῶ-

179 2762 310 2815 ρον
344 2746 413 2799 τὸ
438 2747 575 2801 σόν.
622 2746 1167 2816 Ἀποταλακτισθὲν
1209 2748 1298 2813 δὲ,
1343 2747 1425 2814 τῷ
1466 2748 1790 2818 ἁγιάσματι

188 2856 319 2893 σου
377 2840 786 2908 προσανοισω,
840 2839 941 2892 καὶ
989 2839 1114 2906 τοῖς
1180 2839 1301 2895 τῶν
1344 2841 1530 2910 ἁγίων
1577 2840 1789 2912 Ἀτίοις

186 2930 611 3002 ἁφιερώσομαι
652 2930 902 3000 δωρεάν.
926 2933 1034 2985 Καὶ
1064 2936 1097 3002 ἡ
1134 2932 1235 3004 μὲν
1255 2932 1448 2987 ταῦτα.

277 3025 552 3094 Ἰωακεὶμ
601 3024 659 3079 δὲ
684 3027 780 3078 καὶ
810 3026 973 3090 αὐτὸς
1007 3028 1121 3090 τοῖς
1178 3028 1400 3092 οἰκείοις
1454 3027 1788 3098 συγχαίρων,

188 3119 316 3180 τοὶς
350 3116 605 3184 φυλέταις
633 3118 1028 3188 συνεορτάζων,
1059 3120 1152 3172 καὶ
1175 3122 1243 3190 τῇ
1272 3120 1534 3191 γερουσίᾳ
1566 3120 1667 3190 μὲν
1690 3119 1790 3183 τὰς

190 3208 546 3278 φιλοτιμίας,
601 3210 716 3273 τοῖς
776 3209 984 3279 ἱερεῦσι
1038 3210 1097 3264 δε
1150 3211 1220 3264 τὰ
1270 3212 1600 3282 ὀφειλόμενα
1652 3211 1792 3283 μετὰ

191 3300 458 3363 πλείονος
513 3300 927 3370 προσαγόμενος
984 3302 1245 3371 ἀφθονίας
1302 3304 1394 3356 καὶ
1453 3303 1787 3373 φιλοτιμίας,

186 3389 560 3461 χαρμονικῶς
607 3390 863 3445 ἀπεδίδου
912 3390 989 3461 τῷ
1019 3392 1233 3462 Σωτῆρι
1280 3392 1380 3463 τὴν
1415 3391 1788 3462 εὐχαριστίαν,

188 3484 408 3556 Κύριε,
441 3484 634 3553 λέγων,
668 3486 696 3538 ὁ
724 3484 853 3546 Θεὸς
906 3501 1030 3554 μου,
1066 3484 1293 3555 ὑμνήσω
1341 3501 1401 3537 σε
1422 3525 1435 3550 ,
1468 3485 1677 3552 δοξάσω
1732 3485 1793 3538 τὸ

188 3576 387 3648 ὄνομά
421 3593 536 3644 σου,
566 3579 648 3631 ὅτι
676 3576 938 3646 ἐποίησας
975 3576 1268 3647 θαυμαστὰ
1297 3576 1633 3649 πράγματα,
1668 3578 1795 3649 βου-

187 3670 299 3740 λὴν
327 3669 589 3738 ἀρχαίαν,
620 3669 901 3739 ἀληθινὴν,
930 3669 1026 3723 καὶ
1054 3669 1325 3737 ἠξίωσας
1366 3670 1459 3740 ἐφ’
1485 3670 1631 3738 ἡμῖν
1655 3671 1797 3737 ἀλη-

188 3766 468 3818 θεύοντα
480 3762 608 3828 dsit;
617 3780 676 3816 αι
703 3764 812 3817 τὸν
828 3766 989 3832 tepor
1009 3782 1126 3819 σου
1146 3764 1462 3835 προφήτην
1508 3765 1760 3819 Ἡσαΐαν
1778 3781 1794 3796 ο

190 3855 300 3908 καὶ
340 3855 517 3907 ἐστιν
558 3851 704 3921 όρᾷν
723 3853 853 3921 ἄρτι
869 3853 1117 3922 στεῖραν
1147 3854 1263 3922 τὴν
1279 3854 1415 3921 οὐχὶ
1446 3854 1793 3916 τίκτουσαν,

192 3944 729 4016 εὐφραινομένηνσ
782 3945 883 3998 καὶ
942 3944 1058 4013 τὴν
1105 3947 1217 4000 οὐκ
1276 3944 1649 4006 ὠδίνουσαν,
1699 3943 1797 3995 ἐπὶ

189 4040 409 4103 τέκνῳ
462 4036 712 4102 βοῶσαν
759 4037 860 4091 καὶ
915 4037 1390 4107 ἁταλλιωμένην.
1446 4036 1556 4091 Καὶ
1619 4037 1712 4101 τίς
1767 4037 1800 4089 d

191 4134 425 4202 ὕμνος,
467 4131 558 4196 τίς
604 4133 636 4183 ό
683 4126 873 4197 αἶνος,
904 4132 995 4195 τίς
1029 4131 1127 4183 ἐπὶ
1161 4130 1287 4197 τοῖς
1324 4129 1628 4197 παροῦσιν
1650 4129 1687 4195 ἡ
1702 4145 1802 4195 με·

194 4217 607 4290 ταλοπρεπὴς
646 4218 1032 4287 εὺχαριστία;
1058 4217 1266 4285 Οὐδεὶς
1297 4220 1407 4287 γὰρ
1450 4217 1595 4285 ἡμῖν
1627 4219 1660 4268 ό
1692 4217 1800 4269 λό-

194 4310 513 4384 γος,οὑδὲ
556 4314 831 4377 σύνεσις,
881 4313 947 4365 τὸ
1001 4312 1253 4382 μέγεθος
1290 4311 1401 4380 τῆς
1449 4309 1802 4380 εὐεργεσίας

196 4408 302 4459 καὶ
330 4403 455 4470 τῆς
484 4404 854 4472 Δεσποτικῆς
884 4402 1109 4472 δωρεᾶς
1153 4403 1220 4457 τὸ
1262 4404 1496 4457 τέλειον
1543 4401 1799 4457 αἰνέσαι.

192 4501 283 4552 Οὐ
326 4497 449 4566 τὰρ
484 4497 634 4549 κατὰ
665 4497 859 4565 φύσιν
892 4496 1087 4565 μόνον
1128 4496 1166 4563 ἠ
1216 4495 1323 4549 τοῦ
1380 4495 1599 4549 τέκνου
1630 4493 1804 4560 δόσις

198 4586 398 4655 ἡμῖν·
436 4587 511 4638 οὺ
556 4585 707 4639 κατὰ
753 4587 947 4654 φύσιν
993 4585 1101 4654 τῆς
1151 4583 1548 4651 καλλίπαιδος
1589 4586 1628 4654 ὴ
1672 4584 1806 4656 γέν·

200 4697 436 4748 νησιςσ
468 4677 679 4742 πολλῷ
719 4680 788 4731 δὲ
809 4677 1053 4747 μᾶλλον
1096 4680 1166 4732 ἐκ
1193 4676 1504 4745 δυνάμεως
1533 4678 1806 4748 ῥήματος

1886 2202 2043 2266 dicia,
2078 2203 2189 2271 fore
2242 2209 2298 2254 ut
2331 2218 2423 2271 per
2443 2218 2562 2255 eam
2590 2200 2978 2269 manifestetur,
3005 2217 3158 2270 quem
3189 2201 3315 2254 olim
3338 2218 3461 2271 pro-

1886 2296 2164 2366 phetarum
2215 2295 2433 2349 oracula
2485 2296 2929 2365 praedicaverunt.
2995 2293 3319 2362 Ecqua'num
3374 2310 3467 2363 ego

1883 2405 2023 2454 sum,
2054 2405 2172 2458 qua:
2202 2398 2311 2442 tam
2359 2386 2594 2457 muniﬁci
2631 2390 2755 2442 doni
2783 2387 2940 2442 radix
2970 2388 3281 2451 exstiterim,
3301 2396 3470 2441 tanta

1884 2485 2072 2553 gratia:
2104 2499 2318 2553 parens,
2360 2493 2417 2536 ut
2446 2491 2716 2536 tantorum
2736 2483 2990 2535 bonorum
3016 2482 3134 2551 fons
3175 2479 3469 2533 audierim?

1885 2573 2043 2627 Haud
2070 2582 2245 2627 tamen
2278 2574 2405 2627 mihi
2435 2574 2574 2643 quod
2615 2580 2763 2626 tuum
2792 2580 2868 2626 est
2896 2588 3111 2643 usurpo.
3142 2570 3260 2625 Non
3305 2587 3461 2641 penes

1888 2680 1971 2717 me
2011 2663 2236 2726 occulto,
2272 2662 2492 2717 Domine
2526 2704 2541 2727 ,
2603 2663 2800 2716 donum
2842 2670 3026 2726 tuum;
3061 2660 3152 2714 sed
3190 2659 3279 2713 ubi
3315 2658 3472 2712 abla-

1886 2765 2115 2818 ctavero,
2143 2758 2447 2809 sanctuario
2476 2764 2566 2808 tuo
2617 2756 2854 2824 offeram,
2913 2762 2964 2808 et
2995 2750 3207 2809 Sanctis
3247 2760 3470 2805 sancto-

1889 2864 2009 2903 rum
2039 2865 2228 2904 munus
2250 2846 2560 2903 consecrabo
2592 2846 2657 2902 “.
2684 2846 2962 2902 [lactentis
2994 2844 3173 2900 Anna.

1956 3028 2205 3085 Joacbim
2249 3043 2381 3083 vero
2411 3037 2467 3083 et
2498 3026 2615 3099 ipse
2644 3043 2769 3084 cum
2798 3026 3131 3083 necessariis
3161 3026 3471 3097 gratulans,

1889 3121 2091 3177 festum
2120 3136 2248 3176 cum
2283 3120 2575 3176 tribulibus
2607 3121 2819 3191 agitans
2841 3162 2856 3180 .
2891 3136 2956 3175 ac
2985 3118 3209 3189 quidem
3243 3119 3473 3174 senibus

1890 3216 2173 3271 honoratis
2216 3214 2502 3283 magniﬁca
2526 3213 2690 3280 dona,
2756 3212 3134 3268 sacerdotibus
3167 3227 3297 3266 vero
3354 3226 3473 3266 ma-

1883 3309 1992 3378 jori
2013 3306 2237 3363 cumulo
2252 3306 2437 3363 debita
2460 3305 2734 3376 stipendia
2756 3304 3008 3375 praebens
3028 3311 3194 3373 atque
3220 3318 3471 3366 munera,

1894 3398 2095 3469 gaudio
2121 3398 2402 3453 exsultans
2431 3396 2728 3468 gratiarum
2759 3396 3031 3449 actionem
3062 3392 3333 3447 Salvatori
3351 3393 3475 3446 red-

1895 3490 2083 3556 debat,
2125 3490 2318 3545 dicens
2350 3509 2362 3543 :
2390 3488 2621 3543 Domine
2667 3488 2811 3541 Deus
2862 3500 3039 3548 meus,
3103 3484 3340 3538 laudabo
3388 3492 3473 3549 te;

1896 3581 2215 3654 gloriticabo
2245 3596 2447 3636 nomen
2484 3588 2735 3635 sanctum
2781 3588 2970 3641 tuum,
3004 3576 3133 3646 quia
3166 3575 3344 3629 iecisti
3386 3590 3477 3629 res

1897 3675 2198 3739 mirabiles,
2231 3674 2519 3728 consilium
2554 3673 2865 3742 antiquum,
2889 3686 3080 3725 verum
3109 3671 3150 3702 "
3174 3686 3189 3735 ;
3214 3677 3264 3723 et
3287 3670 3480 3740 digna-

1897 3772 1979 3817 tus
2008 3779 2057 3817 es
2080 3765 2136 3816 in
2162 3763 2304 3816 nobis
2324 3778 2564 3816 ueracem
2593 3762 2865 3815 ostendere
2889 3767 3133 3827 sanctum
3165 3769 3316 3811 tuum
3348 3773 3476 3828 pro—

1899 3854 2111 3924 phetam
2140 3851 2465 3917 Isaiam;ac
2519 3852 2696 3905 videre
2747 3858 2823 3904 est
2845 3849 3099 3913 sterilem,
3118 3864 3237 3919 quw
3259 3864 3365 3902 non
3383 3864 3479 3917 pa-

1900 3946 1990 4008 rit,
2015 3945 2305 4009 laetantem;
2328 3953 2375 3997 et
2391 3959 2506 4014 qua:
2528 3960 2632 3999 non
2657 3944 2910 4015 parturit,
2928 3941 3030 4010 ﬁlii
3049 3958 3218 3996 causa
3235 3940 3481 3996 claman-

1901 4046 2006 4091 tem
2040 4056 2103 4091 ac
2134 4037 2484 4091 exsultantem
2512 4037 2581 4094 ".
2620 4037 2715 4100 Ac,
2747 4036 3013 4107 quodnam
3042 4035 3331 4099 canticum,
3364 4049 3483 4104 qua:

1902 4129 2041 4192 laus,
2083 4144 2201 4199 qua:
2247 4128 2533 4199 magniﬁca
2566 4129 2868 4198 gratiarum
2899 4128 3036 4180 actio
3076 4127 3138 4179 ob
3165 4142 3227 4179 ea
3261 4141 3379 4196 qua:
3424 4127 3482 4179 in

1901 4222 2147 4292 praesenti
2185 4228 2310 4274 sunt
2335 4221 2359 4273 2’
2383 4219 2573 4274 Nullus
2604 4221 2744 4273 enim
2779 4220 2924 4274 nobis
2951 4229 3026 4273 est
3058 4236 3236 4274 sermo
3267 4228 3360 4274 aut
3393 4220 3481 4272 in-

1903 4314 2223 4385 telligentia,
2244 4323 2301 4367 ut
2330 4312 2567 4381 beneﬁcii
2602 4314 3020 4383 magnitudinem
3054 4331 3117 4368 ac
3145 4314 3269 4367 doni
3298 4312 3482 4367 Darni-

1903 4408 2008 4461 nici
2036 4405 2405 4476 perfectionem
2437 4404 2736 4459 laudemus.
2767 4402 2885 4459 Non
2921 4406 3060 4458 enim
3080 4420 3143 4457 ea:
3166 4412 3366 4457 natura
3390 4418 3481 4457 so-

1905 4497 2017 4550 lum
2045 4496 2173 4549 data
2196 4495 2340 4549 nobis
2366 4494 2483 4563 [ilia
2512 4506 2608 4560 est;
2633 4512 2735 4549 non
2758 4511 2821 4549 ex
2845 4496 2959 4565 ejus
2991 4494 3185 4565 legibus
3209 4493 3483 4565 prtcclartc

1905 4591 2125 4659 infantis
2152 4590 2427 4654 nativitas;
2462 4589 2550 4642 sed
2588 4588 2752 4641 multo
2789 4589 2959 4659 magis
2988 4604 3051 4641 ex
3078 4590 3230 4642 verbo
3259 4589 3476 4642 virtutis

1906 4683 2022 4737 Dei.
2051 4680 2388 4752 Quapropter
2411 4682 2570 4734 etiam
2600 4681 2796 4733 donum
2817 4679 3102 4750 perfectum
3128 4690 3202 4734 est
3230 4697 3294 4734 ac
3322 4681 3483 4751 digne

204 4772 391 4829 Θεοῦ.
431 4770 531 4825 Διό
560 4769 659 4823 καὶ
709 4769 776 4824 τὸ
831 4770 1092 4840 δώρημα,
1130 4768 1364 4823 τέλειον
1417 4770 1518 4822 καὶ
1576 4770 1795 4839 ἀξιέρα-

1909 4790 2090 4828 amore
2131 4773 2570 4844 prosequendum,
2604 4790 2713 4843 qua
2750 4775 2954 4827 ratione
2986 4774 3041 4826 in
3077 4790 3170 4827 nos
3208 4774 3483 4828 desursum

202 4881 392 4924 στον,
428 4864 512 4928 ὠς
540 4861 768 4916 ἄνωθεν
798 4863 889 4931 ἐφ’
921 4863 1065 4931 ἡμῖν
1086 4856 1236 4932 ἧκεν
1271 4862 1341 4915 ἐκ
1382 4862 1498 4915 σοῦ
1545 4864 1652 4916 τοῦ
1684 4862 1803 4916 τῶν

202 4956 433 5026 φώτων
465 4955 715 5021 Πατριῗις,
743 4953 841 5007 καὶ
880 4954 960 5018 ὡς
990 4952 1181 5022 ἠρέμα
1200 4947 1435 5021 δηλοῦν
1458 4952 1573 5021 τὴν
1620 4954 1804 5006 ὔστε-

203 5069 318 5121 ρον
334 5050 415 5102 ἐν
432 5045 594 5112 αὐτῷ
609 5047 1192 5116 φανερωοησομένην
1210 5045 1419 5110 δόξαν.
1436 5044 1508 5100 Ἠ
1527 5046 1635 5115 γὰρ
1651 5044 1798 5119 [ἐπὶ]

211 5147 280 5200 τὸ
324 5142 588 5209 βέλτιον
614 5141 723 5209 τῆς
761 5140 1140 5209 ἀνθρωπίνης
1163 5137 1418 5207 [φύσεως
1438 5140 1806 5209 καινοτομία,

210 5240 402 5309 ἔργον
425 5231 920 5305 ὁμολογουμένως
966 5229 1126 5286 οὖσα
1172 5228 1281 5296 τῆς
1331 5230 1796 5303 παντοδρνάμου

216 5329 445 5401 χειρὸς,
475 5327 635 5398 μέγα
666 5343 722 5380 τι
761 5325 861 5379 καὶ
888 5324 1116 5395 ἀγαθὸν
1151 5317 1300 5390 οἷον,
1356 5324 1426 5377 ἐν
1453 5318 1544 5390 οἷς
1582 5325 1809 5394 γίνεται

218 5420 644 5493 προαγορεύει.

286 5517 453 5570 Οὕτω
485 5514 591 5583 μὲν
618 5513 668 5566 οἱ
717 5511 997 5567 πανόλῦιοι
1024 5514 1123 5581 τῆς
1151 5510 1435 5575 θεόπαιδος
1462 5511 1659 5578 γονεῖς,
1717 5508 1814 5563 καὶ

228 5611 360 5680 μετὰ
385 5610 656 5676 τοιαύτης
704 5605 874 5677 αὐτὴν
909 5605 1143 5669 ictorem;
1172 5605 1492 5667 ὲκτεκὸντες
1521 5603 1615 5656 καὶ
1640 5612 1810 5655 σπου-

226 5705 334 5775 δῆς,
393 5700 543 5773 μετὰ
570 5698 813 5764 πλείονος
846 5698 943 5753 καὶ
993 5697 1331 5770 θερμοτέρας
1368 5696 1665 5769 ἀνέτρεφον
1713 5695 1814 5766 τῆς

298 5880 511 5939 "Psal.
543 5877 844 5945 csvtu,59.
887 5877 926 5911 ”
979 5876 1075 5932 lsa.
1118 5891 1239 5941 xxv,
1273 5874 1314 5930 Ι.
1383 5874 1556 5931 "15a.
1603 5890 1687 5929 ur
1736 5874 1785 5930 l.

1902 4870 2045 4923 venit
2066 4884 2100 4920 a
2130 4874 2201 4931 te,
2231 4864 2397 4920 Patre
2422 4865 2704 4930 luminum,
2737 4875 2897 4937 atque
2912 4868 3107 4920 sensim
3133 4868 3485 4937 manifestan-

1902 4962 2027 5017 dam
2062 4966 2241 5031 postea
2278 4960 2335 5013 in
2394 4977 2455 5014 eo
2485 4960 2791 5014 claritatem
2820 4961 3067 5014 ostendit.
3092 4960 3302 5015 Natura
3340 4964 3484 5016 enim

1905 5053 2120 5109 meliore
2134 5061 2278 5107 statu
2295 5062 2511 5117 novata,
2531 5069 2649 5123 qua:
2670 5055 2736 5108 sit
2755 5053 3028 5122 explorate
3050 5054 3281 5108 dextera:
3304 5057 3485 5109 omni-

1904 5145 2129 5217 potentis
2183 5160 2336 5215 Opus,
2360 5160 2615 5214 magnum
2646 5144 2771 5215 quid
2821 5158 2884 5196 ac
2909 5142 3099 5196 eximie
3117 5143 3311 5197 bonum
3341 5158 3483 5213 pra:-

1904 5240 2062 5311 sagit,
2077 5240 2134 5293 in
2153 5238 2336 5308 quibus
2364 5239 2590 5293 occurrit
2608 5239 2673 5293 “.

1981 5505 2075 5562 Sic
2111 5508 2334 5577 quidem
2378 5508 2682 5565 beatissimi
2729 5510 2932 5567 divinae
2964 5511 3164 5582 puclla:
3207 5518 3485 5575 parentes,

1912 5609 2172 5672 tantaque
2189 5601 2301 5656 llde
2323 5609 2380 5657 et
2398 5618 2563 5673 opera
2585 5618 2646 5659 ea
2672 5614 2948 5675 suscepta,
2969 5604 3160 5675 majori
3183 5603 3487 5659 ferventio-

1915 5695 2072 5766 rique
2096 5695 2407 5751 educabant
2428 5712 2714 5769 propensa:
2733 5696 3034 5755 voluntatis
3060 5697 3367 5771 diligentia;
3391 5695 3493 5755 do-

1899 5876 1941 5908 "
1972 5875 2085 5931 Jac.
2130 5893 2168 5942 ι,
2217 5878 2296 5933 l7.
