4192 6424
719 403 785 464 ῃ
1926 390 2151 451 NICET
2172 391 2222 454 Ε
2259 389 2784 456 PAPIILAGONIS

3899 387 3977 451 ΞΒ

719 529 823 570 nec
845 510 1133 576 triennem,
1151 507 1229 564 uti
1257 512 1461 562 sevoto
1481 505 1916 568 obstrinxerant,
1936 504 2172 560 hostiam
2192 504 2292 557 do-

2414 506 2706 578 τροθυμίας
2726 523 2742 537 ο
2773 506 2876 570 ἓως
2905 506 3076 580 αὐτὴν
3091 507 3487 578 τριετίζουσαν,
3512 505 3693 568 καθὼς
3713 504 3974 576 ηὔξαντο,

718 623 962 677 numque
994 603 1313 659 obtulerunt
1344 600 1478 654 Deo.
1517 599 1629 654 Nos
1677 613 1811 652 vero
1862 597 1958 652 Dei
2002 596 2298 652 Genitricis

721 701 903 754 natale
929 697 1088 750 hodie
1119 694 1479 754 honoremus,
1508 707 1572 745 ac
1597 705 1709 760 pra:
1731 689 1840 744 illis
1863 690 2067 759 majore
2097 687 2297 760 gaudio

717 792 1076 852 exsultemus,
1118 787 1448 858 spiritaliter
1496 784 1696 838 festum
1746 783 2088 840 celebrantes
2130 789 2298 851 atque

715 885 982 941 laetantes,
1013 889 1221 950 quanto
1248 888 1304 934 et
1328 878 1589 946 majorem
1621 891 1689 930 ex
1714 875 1806 929 illa
1846 873 2138 929 utilitatem
2165 888 2298 928 con-

716 974 1040 1044 sequimur;
1079 981 1284 1042 quanto
1319 985 1467 1024 nunc
1506 969 1698 1039 magis,
1739 966 2190 1036 Splendidiusque
2232 983 2298 1022 ac

716 1068 1013 1139 perfectius
1031 1066 1200 1139 gratia
1221 1080 1318 1134 per
1339 1063 1434 1119 Dei
1462 1072 1739 1134 parentem
1771 1069 2023 1117 coruscat
2058 1075 2121 1114 ac
2157 1077 2300 1129 prae-

720 1163 876 1216 nitet.
905 1160 1249 1214 Honoremus
1266 1174 1420 1219 vero,
1445 1157 1644 1211 nedum
1671 1155 1814 1226 quod
1848 1153 2054 1208 carnali
2084 1155 2296 1210 ratione

716 1270 780 1308 es
804 1253 978 1308 sterili
1003 1252 1291 1322 processit,
1312 1250 1406 1305 sed
1428 1251 1585 1317 longe
1613 1249 1784 1318 magis
1804 1248 1950 1318 qttod
1973 1263 2038 1301 ex
2061 1263 2297 1316 superna

717 1345 886 1416 gratia
908 1344 1102 1412 spiritu
1132 1354 1256 1397 nata
1300 1351 1406 1404 est,
1435 1341 1624 1394 animo
1642 1339 1865 1408 quidem
1886 1339 2299 1394 considerantes

719 1448 882 1507 atque
911 1438 1176 1500 colentes,
1213 1434 1444 1489 canticis
1479 1449 1608 1487 vero
1643 1433 1964 1502 plaudentes
1998 1441 2053 1485 et
2087 1431 2298 1501 magni-

723 1529 952 1583 ficantes
983 1544 1046 1583 ac
1101 1528 1479 1591 dilattdantes;
1517 1535 1788 1595 quatenus
1819 1524 2112 1593 purissima
2146 1523 2297 1576 omni

721 1623 824 1675 hoc
870 1633 1033 1676 exuta
1086 1621 1285 1674 seculo
1317 1660 1329 1678 .
1363 1615 1852 1687 sttpercmlestique
1879 1614 2091 1684 Sponso
2131 1628 2300 1683 prope

721 1713 978 1780 adjuncta
1011 1727 1072 1764 ac
1106 1725 1228 1762 cum
1265 1724 1329 1762 eo
1363 1711 1415 1762 itt
1457 1706 1884 1760 sacratissimum
1925 1705 2289 1773 incorruptis-

721 1807 1030 1871 simumque
1049 1803 1344 1855 thalamum
1365 1801 1629 1870 ingressa,
1650 1799 1913 1869 regnique
1933 1799 2073 1853 solio
2091 1799 2142 1851 ei
2168 1814 2301 1853 con-

720 1899 946 1954 sociata,
994 1911 1092 1964 pro
1145 1904 1327 1946 nostra
1374 1892 1665 1946 intercedit
1714 1893 1920 1956 salute,
1970 1892 2300 1963 adjuvatque
2334 1876 2373 1931 Β

723 2004 844 2042 eum
866 1989 1018 2042 Patre
1044 1999 1098 2042 et
1117 1987 1251 2040 Filio
1274 1996 1328 2040 et
1351 1985 1562 2055 Spiritu
1585 1995 1797 2051 sancto,
1821 2001 1967 2040 nunc
1981 1995 2036 2041 et
2059 2002 2299 2058 semper,

724 2093 777 2135 et
816 2083 872 2135 in
899 2080 1095 2136 saecula
1125 2081 1471 2135 seculorum.
1504 2081 1700 2136 Amen.

1318 2379 1576 2435 υιιΑτιο
1631 2380 1697 2435 ll.

811 2495 874 2550 In
899 2496 1276 2550 exultationem
1310 2496 1622 2550 veneranda:
1646 2513 1712 2549 ac
1738 2497 1950 2564 vivi/ica:
1971 2500 2158 2552 crucis.

795 2609 900 2676 Qui
933 2611 1082 2665 cruci
1122 2612 1386 2666 honorem
1424 2612 1681 2675 habeam,
1724 2613 2002 2682 explotalc
2039 2615 2303 2671 crueiﬁxo

730 2702 904 2756 habeo
923 2719 936 2754 :
957 2701 1049 2772 qtti
1077 2718 1205 2757 vero
1228 2703 1489 2758 honorem
1514 2703 1740 2757 habeam
1770 2705 2053 2770 cruciﬁxo,
2079 2722 2302 2762 crucem

731 2797 900 2850 dubio
930 2797 1117 2865 procul
1147 2796 1334 2850 adoro.
1370 2797 1600 2866 Utrique
1621 2798 1766 2849 enim
1800 2798 2062 2860 vicissim,
2096 2800 2305 2870 aliique

732 2904 796 2942 ex
817 2889 925 2941 alio
948 2888 1116 2958 gloria
1152 2898 1207 2943 et
1226 2889 1472 2942 adoratio
1497 2888 1786 2944 conﬂatur.
1819 2890 1951 2943 Nam
1973 2907 2148 2960 neque
2171 2910 2306 2947 crux

731 2988 857 3032 ante
886 2977 1086 3033 Christi
1111 2980 1504 3048 apparitionem
1540 2980 1768 3047 gloriam
1808 2982 2039 3035 habebat
2070 2984 2305 3054 (quippe

730 3084 854 3122 cum
895 3068 1084 3122 mortis
1120 3085 1405 3138 organum,
1443 3078 1605 3138 atque
1639 3069 1690 3122 id
1733 3071 1970 3135 infamis,
2006 3076 2194 3139 esset).
2231 3087 2306 3137 et,

733 3157 905 3218 Jesus,
936 3155 1134 3226 in'quit,
1170 3160 1399 3210 nondum
1427 3170 1539 3211 erat
1569 3159 1894 3229 gloriﬁcatus
1923 3163 1989 3224 ",
2026 3164 2151 3232 quia
2184 3180 2310 3218 ncc-

735 3246 867 3301 dunt
895 3258 1006 3301 tum
1035 3265 1255 3303 crucem
1281 3250 1510 3304 adierat.
1533 3251 1845 3305 Laudemus
1867 3254 2030 3322 igitur
2061 3264 2144 3308 ler
2175 3257 2307 3310 hea-

737 3352 843 3394 tant
882 3343 1094 3396 Domini
1131 3359 1375 3408 crucem,
1408 3355 1464 3398 et
1496 3346 1787 3399 adoremus
1827 3359 1881 3400 et
1911 3349 2305 3417 gloriﬁcetnus,

736 3442 796 3485 nt
825 3445 880 3488 et
909 3434 1076 3487 Deum
1107 3435 1292 3504 gloriae
1322 3436 1373 3488 in
1407 3451 1467 3489 ea
1500 3438 1706 3504 pariter
1734 3438 2020 3494 laudemus
2048 3457 2111 3494 ac
2159 3444 2309 3496 exal-

737 3526 1071 3604 temusQua
1104 3544 1233 3580 vero
1254 3529 1538 3582 laudemus
1571 3531 1780 3584 ratione
1799 3532 1822 3583 ?
1848 3533 1963 3586 Non
1999 3533 2069 3587 ita
2105 3543 2163 3588 ut
2193 3551 2314 3589 cra-

736 3621 864 3689 pula
916 3630 971 3673 et
1004 3621 1369 3675 ebrietatibus
1400 3637 1842 3691 corrumpamur,
1882 3625 1975 3679 sed
2009 3635 2068 3679 ut
2101 3627 2312 3697 jejunio

734 3728 801 3767 ac
833 3713 1084 3781 precibus
1114 3713 1421 3767 eaStitatem
1449 3716 1730 3770 colamus:
1762 3733 1868 3770 non
1905 3728 1963 3771 nt
1994 3721 2176 3773 seaculi
2210 3736 2310 3773 cu-

737 3805 814 3857 ris
838 3821 901 3857 ac
927 3805 1102 3858 turbis
1122 3805 1472 3867 sufTOt-emur,
1501 3809 1593 3859 sed
1647 3817 1707 3860 ut
1734 3808 1948 3861 Domini
1973 3826 2066 3878 spe
2101 3811 2313 3883 ﬁdeque

740 3897 1102 3949 illttstrentur.
1141 3897 1217 3950 Ne
1251 3897 1492 3950 avaritiae
1526 3900 1715 3966 reique
1752 3900 1970 3970 injustis
2007 3903 2178 3958 lucris
2212 3921 2311 3958 att-

735 3988 924 4057 gendm
947 3988 1129 4041 studio
1149 3989 1391 4042 animum
1421 3989 1759 4053 addicamus,
1779 3993 1875 4046 sed
1901 3994 2084 4048 divina
2120 4012 2182 4049 ae
2219 4013 2315 4051 ve—

739 4079 918 4132 ritatis
967 4078 1195 4132 scientia
1242 4077 1557 4133 dilatentur.
1616 4080 1848 4135 Prorsus
1908 4099 2040 4139 vero
2101 4086 2312 4143 Christi

738 4186 926 4226 amore
951 4171 1018 4226 ad
1054 4171 1159 4225 alta
1189 4172 1677 4241 contemplationis
1709 4173 1968 4241 ducente,
2007 4180 2316 4236 sanetilice-

739 4278 882 4325 mur,
915 4279 1021 4316 non
1052 4264 1336 4333 occupatis
1390 4265 1650 4334 nequitiae
1681 4268 2053 4337 opinionibus,
2105 4288 2212 4325 non
2244 4272 2320 4325 si-

741 4356 985 4408 multatis
1039 4355 1492 4426 malignitatibus,
1573 4374 1680 4412 non
1729 4361 1996 4429 superbia:
2030 4363 2314 4431 jactantia,

741 4463 851 4500 non
883 4448 1066 4501 vesani
1103 4448 1290 4516 gloriae
1320 4450 1597 4519 appetitus
1631 4452 1892 4517 vanitate,
1923 4469 2026 4508 nec
2059 4457 2169 4508 ullo
2196 4474 2315 4510 om-

740 4538 872 4593 nino
896 4540 1003 4593 alio
1019 4540 1153 4594 vitio
1175 4541 1491 4597 interiorem
1535 4542 1814 4598 hominem
1843 4544 2233 4604 labefactemns
2254 4566 2316 4604 ac

741 4649 948 4702 εοηερυ
957 4651 1191 4689 rcemus.

815 4729 936 4785 Non
973 4728 1401 4784 scurrilitatibus
1428 4738 1612 4786 mente
1645 4746 1962 4801 evagemur,
1989 4748 2098 4786 non
2139 4735 2317 4804 turpi-

744 4822 1194 4893 loqniolinguam
1225 4823 1599 4892 inquinemns,
1627 4840 1732 4877 non
1762 4826 2026 4880 conviciis
2046 4837 2142 4881 aut
2163 4845 2319 4882 men-

743 4917 917 4971 daciis
953 4916 1347 4970 conscientiam
1390 4915 1694 4983 fmdemus;
1735 4935 1911 4987 neque
1948 4936 2082 4975 vero
2117 4931 2321 4977 temere

741 5010 1052 5081 jnramento
1102 5024 1517 5074 assuescamus,
1573 5026 1670 5078 per
1714 5012 1860 5079 quod
1919 5011 1973 5064 in
2022 5013 2323 5083 perjurium

748 5102 950 5171 (negati
983 5102 1192 5155 scilicet
1215 5101 1310 5154 Dei
1343 5099 1543 5171 scelus)
1577 5103 1949 5170 prolabatnur.
1976 5103 2179 5158 Verum
2212 5103 2328 5158 lucc

749 5191 936 5261 impiis
975 5201 1033 5246 et
1075 5191 1375 5246 incredulis
1413 5191 1669 5260 gentibus
1706 5193 2116 5262 relinquamus,
2157 5195 2267 5264 jam
2297 5210 2328 5248 a

747 5299 920 5352 puero
945 5299 1130 5351 pravae
1156 5281 1492 5351 mancipatis
1515 5283 1928 5350 consuetudini,
1958 5300 2021 5337 ac
2048 5300 2168 5354 quae
2196 5283 2329 5337 vitia

750 5375 866 5428 haec
905 5384 1161 5443 tanquam
1194 5377 1406 5430 nativos
1436 5375 1685 5436 affectus.
1726 5391 1835 5444 prae
1869 5376 2033 5444 longo
2061 5375 2324 5444 temporis

752 5480 877 5524 usu,
909 5475 1319 5529 consectentur,
1355 5481 1419 5520 ac
1459 5482 1581 5536 qua:
1627 5481 1698 5520 ne
1733 5467 1837 5520 hoc
1874 5467 2097 5536 quidem
2145 5466 2323 5536 ipsum

752 5557 1091 5626 intelligant,
1135 5557 1282 5627 quod
1336 5557 1684 5628 delinquunt.
1739 5558 1849 5612 Nos
1895 5569 2075 5613 autem
2125 5559 2328 5628 quibus

752 5648 1048 5703 cruciﬁxus
1094 5660 1255 5720 atque
1297 5651 1417 5720 ejus
1455 5666 1591 5705 crux
1630 5650 1892 5705 adoretur
1932 5639 2251 5714 ac.colatur,
2283 5651 2328 5704 si

757 5741 947 5810 utique
983 5757 1111 5796 vere
1133 5744 1361 5799 adorare
1389 5743 1660 5811 volumus,
1691 5743 1760 5798 ab
1784 5741 1931 5798 omni
1957 5746 2113 5816 prius
2145 5743 2330 5813 inqui-

825 5859 869 5891 "
897 5859 1174 5926 10.1mm,
1205 5862 1290 5915 59.

2397 599 2570 667 δῶρον
2628 599 2926 666 ἀνάγοντες
2981 601 3443 671 ἐκαρποφόρησαν
3483 597 3562 668 τῷ
3595 596 3735 667 Θεῷ.
3776 599 3975 669 Ἡμεῖς

2397 689 2455 742 δὲ
2493 691 2820 759 τιμήσωμεν
2848 691 2946 759 τῆς
2981 690 3245 743 Θεοτόκου
3295 691 3394 759 τὴν
3423 689 3676 758 γέννησιν
3707 687 3973 757 σήμερον,

2399 783 2495 836 καὶ⁵
2526 783 2726 851 μᾶλλον
2747 783 2970 836 ἐκείνων
2998 784 3405 855 ἀγαλλιώμεθα,
3434 781 3819 851 πνευματικῶς
3851 784 3979 852 top-

2397 876 2652 940 τάξοντες
2710 878 2804 932 καὶ
2837 879 3275 949 εὐφραινόμενοι,
3332 878 3444 948 ὅσῳ
3495 875 3591 929 καὶ
3621 874 3866 938 πλείονος
3912 872 3980 937 ἐξ

2399 972 2570 1039 αὐτῆς
2597 973 2931 1041 μετέσχομεν
2955 971 3054 1040 τῆς
3096 969 3384 1040 ὠφελείας,
3437 972 3546 1039 ὅσῳ
3573 967 3667 1021 νῦν
3703 968 3901 1036 μᾶλλον
3940 967 3977 1032 ἢ

2399 1066 2542 1128 τότε,
2575 1065 2953 1136 λαμπρότερόν
3006 1081 3065 1117 τε
3100 1065 3196 1117 καὶ
3244 1063 3626 1134 τελεώτερονὴ
3680 1062 3841 1131 χάρις
3887 1060 3980 1113 διὰ

2398 1161 2493 1226 τῆς
2525 1158 2865 1229 θεομήτορος
2909 1155 3345 1228 ὐπερεκλάμπει.
3399 1156 3733 1225 Τιμήσωμεν
3763 1154 3840 1215 δὲ,
3897 1151 3980 1223 μὴ

2405 1259 2561 1329 μόνον
2617 1259 2716 1329 τὴν
2770 1260 2835 1311 ἐκ
2875 1259 2973 1328 τῆς
3007 1258 3226 1327 στείρας
3284 1256 3427 1310 κατὰ
3480 1257 3656 1325 σάρκα
3713 1254 3978 1324 πρόοδον,

2401 1351 2579 1420 πολλῷ
2602 1351 2658 1403 δὲ
2693 1350 2893 1420 μᾶλλον
2944 1350 3044 1420 τὴν
3082 1353 3145 1403 ὲκ
3192 1351 3291 1416 τῆς
3345 1349 3554 1402 ἄνωθεν
3580 1349 3802 1418 χάριτος
3834 1346 3984 1399 κατὰ

2403 1442 2621 1512 πνεῦμα
2651 1445 2904 1514 γέννησιν
2958 1444 3154 1513 αὐτῆς,
3184 1441 3621 1512 ἀναθεωροῦντες
3659 1439 3761 1510 μὲν
3789 1437 3865 1509 τῷ
3896 1436 3982 1491 νοῒ

2401 1551 2496 1590 και
2530 1536 2831 1606 σεϐόμενοι,
2870 1533 3191 1601 κροτοῦντες
3215 1536 3270 1588 δὲ
3319 1536 3429 1598 τοῖς
3461 1533 3647 1600 ὕμνοις
3675 1533 3771 1585 καὶ
3803 1547 3981 1601 μεγα-

2400 1629 2649 1692 λύνοντες
2682 1631 2774 1682 καὶ
2828 1630 3174 1694 δοξάζοντες·
3212 1628 3333 1680 καθ’
3365 1630 3432 1698 ἢν
3478 1629 3599 1681 ὅλον
3628 1628 3661 1696 ἡ
3699 1628 3982 1691 πάναγνος

2402 1722 2767 1776 ἀπεκδυθεῖσα
2797 1723 2888 1776 τὸν
2945 1722 3040 1775 νῦν
3089 1723 3281 1785 αἰῶνα,
3339 1723 3433 1774 καὶ
3485 1720 3563 1790 τῷ
3597 1717 3980 1788 ὐπερουρανίῳ

2403 1815 2641 1883 Νυμφίῳ
2675 1817 3106 1885 προσεγγίσασα,
3138 1817 3232 1867 καὶ
3255 1817 3332 1873 είς
3361 1814 3461 1883 τὴν
3500 1813 3799 1883 ἱερωτάτην
3827 1810 3983 1878 αὐτῷ

2406 1906 2653 1960 παστάδα
2680 1907 2772 1959 καὶ
2828 1908 3218 1975 πανακήρατον
3247 1903 3668 1958 συνεισελθοῦσα
3700 1904 3793 1954 καὶ
3839 1917 3982 1969 συμο

2407 1997 2788 2059 ϐασιλεύουσα,
2848 1997 2946 2068 τὴν
3001 1997 3275 2068 ἡμετέραν
3331 1994 3626 2064 πρεσὸεὐει
3689 1993 3983 2063 σωτηρίαν,

2407 2092 2498 2144 καὶ
2557 2092 2806 2158 συνεργεῖ
2861 2088 2939 2160 τῷ
2974 2090 3147 2157 Πατρὶ
3179 2089 3272 2142 καὶ
3304 2088 3381 2159 τῷ
3417 2086 3527 2156 Υἱῷ
3584 2087 3678 2139 καὶ
3729 2105 3807 2149 τῳ
3839 2085 3985 2154 ἁγίῳ

2408 2184 2721 2253 Πνεῦματι,
2775 2183 2873 2236 νῦν
2932 2185 3027 2238 καὶ
3059 2183 3168 2248 ἀεὶ,
3229 2183 3322 2235 καὶ
3374 2183 3453 2245 εἰς
3483 2181 3609 2244 τοὺς
3641 2179 3843 2243 αίῶνας
3871 2177 3985 2232 τῶν

2405 2276 2640 2332 αἰώνων.
2687 2279 2880 2349 Ἀμήν.

3038 2389 3258 2444 ΛΟΓΟΣ
3298 2386 3376 2444 B'.

2457 2507 2558 2572 Είς
2588 2504 2828 2575 ὕψωσιν
2854 2502 2965 2558 τοῦ
2989 2503 3189 2572 τιμίου
3223 2502 3320 2556 καὶ
3341 2499 3622 2566 ζωοπριοῦ
3647 2495 3934 2564 σταυροῦ.

2479 2623 2585 2673 Τὸν
2615 2619 2842 2690 σταυρὸν
2889 2618 3090 2689 τιμῶν,
3143 2615 3590 2685 ὁμολογουμένως
3617 2614 3708 2666 τὸν
3735 2626 3990 2679 σταυρωε-

2411 2714 2571 2767 θέντα
2605 2713 2781 2782 τιμῶ·
2831 2712 2921 2764 τὸν
2969 2709 3350 2780 σταυρωθέντα
3394 2709 3449 2760 δὲ
3481 2706 3676 2776 τιμῶν,
3729 2703 3992 2773 ἀναντιρ-

2413 2810 2589 2879 ῥήτως
2617 2807 2908 2878 προσκυνῶ
2935 2804 3026 2858 τὸν
3059 2804 3290 2872 σταυρόν
3311 2821 3326 2834 ο
3357 2801 3423 2854 δι’
3459 2801 3706 2870 ἀλλήλων
3741 2799 3847 2867 γὰρ
3880 2799 3992 2861 ἀμ.-

2412 2901 2662 2971 φοτέροις
2713 2900 2746 2969 ἡ
2784 2897 2911 2964 δόξα
2949 2899 3330 2966 συγκροτεῖται
3365 2894 3457 2947 καὶ
3495 2894 3526 2961 ὴ
3588 2890 3987 2960 προσκύνησις.

2412 2992 2550 3045 Οὔτε
2598 2991 2705 3060 γὰρ
2745 2990 2976 3059 σταυρὸς
3019 2990 3125 3058 πρὸ
3167 2979 3264 3056 τῆς
3319 2984 3638 3054 ἐπιφανείας
3669 2981 3988 3046 δεδόξασται

2411 3085 2506 3137 τοῦ
2525 3083 2761 3154 Χριστοῦ
2778 3100 2789 3111 ·
2811 3083 3040 3151 ὄργανον
3065 3081 3170 3152 γὰρ
3203 3080 3454 3141 θανάτου,
3493 3079 3586 3130 καὶ
3615 3075 3836 3144 ἀτίμου,
3854 3072 3993 3124 καθ-

2420 3179 2634 3230 ίστατο·
2685 3179 2813 3237 καὶ,
2879 3174 2942 3228 Ὀ
2993 3174 3233 3242 Ἰησοῦς
3291 3173 3564 3233 οὐδέπω,
3619 3170 3806 3238 φησὶν,
3858 3167 3998 3220 ἐδο-

2417 3270 2632 3333 ξάσθη,
2667 3269 2746 3321 ὅτι
2783 3269 2948 3337 μήπω
2977 3263 3044 3338 ἦν
3073 3267 3192 3316 τότε
3242 3263 3318 3334 τῷ
3360 3261 3580 3334 σταυρῷ
3632 3260 3997 3331 προσωμίλη-

2417 3357 2547 3420 κὼς.
2600 3356 3004 3424 Ἐπαινέσωμεν
3067 3352 3357 3423 τοιγαροῦν
3416 3352 3506 3404 τδν
3558 3348 3864 3420 τρισόλὸιον
3896 3342 3998 3398 τοῦ

2416 3446 2620 3517 Κυρίου
2662 3447 2917 3514 σταυρὸν,
2977 3444 3074 3496 καὶ
3127 3443 3596 3512 προσκυνήσωμεν
3630 3441 3723 3493 καὶ
3757 3438 4000 3502 δοξάσω-

2420 3558 2538 3608 μεν.
2567 3539 2653 3590 ἶνα
2683 3539 2778 3590 καὶ
2834 3535 2928 3589 τὸν
2956 3536 3058 3603 τῆς
3088 3535 3244 3603 δόξης
3296 3534 3427 3585 Θεὸν
3464 3535 3522 3585 ὲν
3553 3531 3701 3602 αὐτῷ
3734 3549 4002 3584 συνεπαι-

2416 3629 2658 3699 νέσωμέν
2678 3647 2735 3682 τε
2764 3629 2859 3682 καὶ
2886 3627 3305 3696 συνυψὼσωμεν.
3339 3626 3738 3694 Ἐπαινέσωμεν
3761 3623 3818 3675 δὲ
3841 3622 3957 3684 πῶς
3980 3639 3998 3685 ;

2418 3725 2508 3791 Μὴ
2567 3722 2894 3792 κραιπάλαις
2951 3722 3041 3772 καὶ
3075 3719 3263 3788 μέθαις
3320 3717 3834 3787 καταφθειρόμενοι,
3880 3715 4001 3768 ἀλλ’

2419 3817 2714 3887 ἐγκρατείᾳ
2738 3818 2832 3870 καὶ
2862 3817 3189 3884 προσευχαῖς
3209 3813 3572 3881 ἁγνιζόμενοι.
3590 3810 3681 3880 Μὴ
3705 3811 4004 3880 μερίμναις

2420 3911 2513 3962 καὶ
2546 3908 2772 3976 τύρϐαις
2808 3905 3089 3975 βιωτικαῖς
3135 3903 3596 3972 συμπνιγόμενοι·
3653 3901 3768 3953 ἀλλ’
3820 3900 4003 3952 ἐλπίδι

2422 4000 2515 4052 καὶ
2545 4001 2723 4050 πίστει
2759 3999 2851 4050 τοῦ
2885 3997 3088 4066 Κυρίου
3116 3996 3473 4063 φωτιζόμενοι
3495 4010 3508 4022 ⁶
3543 3993 3617 4062 μὴ
3636 3994 3733 4062 τὴν
3770 3993 4006 4062 καρδίαι

2422 4093 2500 4153 εἱς
2555 4090 2867 4154 πλεονεξίαν
2917 4089 3226 4158 τιθὼμεθα,
3277 4086 3391 4140 ἀλλ’
3450 4087 3528 4146 είς
3589 4083 3865 4150 θεολογίαν
3904 4091 4001 4134 καὶ

2423 4182 2828 4251 ἁληθογνωσίαν
2877 4178 3386 4250 ἐμπλατυνώμεθα·
3449 4175 3644 4238 όλικῶς
3694 4175 3751 4227 δὲ
3798 4173 3873 4242 τῷ
3903 4176 4006 4224 ἁν-

2422 4275 2622 4343 αγώγῳ
2657 4274 2816 4344 ἔρωτι
2841 4273 3192 4342 ἀγιαζὼμεθα
3231 4273 3319 4324 τοῦ
3345 4269 3604 4338 Χριστοῦ,
3632 4268 3706 4338 μὴ
3740 4267 4008 4335 πονηρῖας

2424 4365 2747 4436 προλήψεσι,
2803 4365 2877 4437 μὴ
2934 4365 3304 4435 μνησικακίας
3360 4359 3750 4431 κακότησι,μὴ
3796 4359 4012 4427 ὑπερηο

2423 4458 2620 4527 φανίας
2657 4459 2935 4528 αὐχήματι
2963 4497 2976 4519 ,
3007 4458 3081 4527 μὴ
3112 4455 3432 4524 δοξομανίας
3475 4452 3798 4524 ματαιότητι
3824 4468 3838 4482 ·
3877 4449 4007 4519 μηδ’

2426 4551 2563 4622 ἄλλῃ
2619 4550 2858 4621 μηδεμιᾷ
2887 4550 3075 4621 κακία,
3111 4548 3344 4610 συνόλως
3372 4548 3568 4612 εἰπεῖν,
3615 4545 3708 4597 τὸν
3732 4542 3881 4605 ὲντὸς
3903 4543 4007 4595 ἂν-

2423 4643 2639 4714 θρωπον
2669 4643 3061 4712 ἀχρειώσωμεν
3087 4640 3120 4711 ἦ
3147 4641 3455 4712 χράνωμεν.

2493 4735 2586 4806 Μὴ
2642 4735 3023 4805 εὐτραπελίαις
3079 4729 3552 4804 μετεωριζὼμεθα,
3596 4727 3672 4800 μὴ
3723 4725 4012 4799 αἰσχρολο-

2423 4828 2568 4897 γίαις
2606 4827 2706 4896 τὴν
2733 4827 2984 4894 γλῶσσαν
3015 4822 3623 4896 καταῤῥυπαωώμεθα³
3663 4822 3801 4892 μηδὲ
3835 4820 4012 4874 λοιδο-

2431 4920 2572 4990 ρίαις
2607 4918 2888 4989 ῆψεύδεσι
2925 4916 2985 4969 τὸ
3025 4916 3260 4977 συνειδὸς
3299 4914 3674 4987 μιαινώμεθα·
3731 4915 3857 4983 μήτ’
3909 4912 4012 4967 οὖν

2423 5009 2661 5079 ὄρκωμα-
2687 5008 2863 5078 μάτην
2897 5005 3331 5078 κατεθιζὼμεοα,
3390 5007 3458 5058 δι’
3505 5000 3565 5060 οὗ
3632 5007 3769 5077 πρὸς
3817 5008 4011 5076 ἐπιορ-

2426 5098 2568 5163 κίαν,
2631 5099 2728 5151 εἴτ’
2765 5097 2860 5151 οῦν
2908 5099 3136 5168 ἄρνησιν
3168 5097 3325 5160 Θεοῦ,
3361 5097 3809 5167 καταπίπτομεν·
3863 5097 4009 5150 ἀλλὰ

2425 5190 2596 5244 ταῦτα
2633 5192 2729 5261 μὲν
2779 5190 2986 5243 ἔθνεσιν
3017 5191 3235 5243 ἀσεϐέσι
3270 5191 3364 5243 καὶ
3416 5193 3669 5252 ἀπίστοις
3712 5191 4005 5258 παρῶμεν,

2430 5283 2649 5354 πονηρῷ
2664 5282 2921 5350 νηπιόθεν
2944 5281 3358 5351 δεδουλωμένοις
3387 5281 3495 5334 ἔθει
3516 5299 3529 5311 ·
3559 5287 3648 5335 καὶ
3671 5282 3742 5344 ὡς
3775 5282 4007 5350 φυσικὰ,

2425 5376 2598 5430 ταῦτα
2637 5374 2881 5446 μετιοῦσι
2920 5377 2988 5427 τὰ
3019 5375 3165 5443 πάθη
3212 5374 3297 5425 διὰ
3351 5375 3449 5441 τὴν
3492 5374 3583 5426 τοῦ
3632 5376 3823 5444 χρόνου
3877 5392 4009 5426 συν-

2427 5470 2649 5539 ήθειαν·
2678 5469 2771 5520 καὶ
2805 5469 2913 5520 οὐδ’
2947 5469 3079 5520 αὐτὸ
3117 5467 3274 5520 τοῦτο
3308 5469 3523 5533 εἰδόσιν,
3550 5468 3623 5530 ὡς
3653 5468 4012 5537 ἁμαρτάνου-

2432 5578 2535 5613 σιν.
2581 5559 2771 5630 Ἡμεῖς
2822 5560 2877 5612 δὲ
2912 5553 2993 5621 οἷς
3043 5563 3071 5612 ὁ
3128 5561 3544 5630 ἐσταυρωμένος
3598 5562 3690 5611 καὶ
3731 5563 3756 5612 ό
3814 5560 4008 5612 τούτου

2433 5651 2662 5720 παυρὸς
2685 5651 2798 5702 ἐστι
2842 5650 2904 5702 τὸ
2928 5651 3402 5721 προσκυνούμενον
3446 5649 3542 5704 καὶ
3587 5649 3897 5719 σεεόμενον,
3954 5652 4009 5703 εί

2431 5741 2647 5812 ἀληθῶς
2676 5741 2786 5811 ἄρα
2807 5743 3133 5813 προσκυνεῖν
3161 5742 3459 5811 ἐθέλοιμεν,
3490 5741 3690 5804 παντὸς
3725 5741 4008 5812 μολυσμοῦ
