4192 6424
198 427 249 491 29
953 426 1236 488 ORATIO
1273 428 1354 489 II.
1390 452 1457 465 -
1490 428 1571 489 ΙΝ
1610 427 1819 487 EXAI.’

1843 429 2199 491 .‘ATIONEM
2238 432 2296 492 S.
2332 432 2624 493 CRUCIS.
3343 426 3416 492 30

204 541 365 613 σαρκὸς
414 541 510 595 καὶ
538 539 850 610 πνεύματος
888 545 1157 617 πρότερον
1189 545 1416 607 ἑαυτοὺς
1452 546 1540 599 διὰ
1570 563 1729 598 πνευ-
1761 546 1809 604 Α

1843 559 2097 603 ualuento
2135 550 2320 602 carnis
2338 560 2395 603 et
2434 551 2664 620 spiritus
2700 563 2799 617 per
2828 546 3135 618 spiritalem
3163 544 3414 601 dilectio-

201 630 391 703 ματυᾱις
416 630 635 699 ἀγάπης
671 630 1137 702 ἐκκαθηράμενοι,
1193 634 1289 685 καὶ
1317 634 1439 687 ὅλον
1469 635 1562 688 τὸν
1591 636 1728 704 Χρι-

199 724 294 776 στὸν
314 722 394 776 διὰ
424 722 608 792 πάσης
654 723 1044 787 είσοικίσαντες
1093 724 1321 795 ἀρετῆς,
1353 725 1524 790 οὕτως
1572 726 1734 779 med-

200 832 303 880 ματι
338 814 731 881 προσκυνῶμεν
758 814 854 867 καὶ
895 815 1143 887 ἀληθείᾳ.
1181 816 1423 885 Πνεῦμα
1462 819 1594 887 γάρ.
1628 836 1734 888 φη-

200 912 281 973 σὶν,
311 912 341 963 ὁ
369 910 536 974 Θεὸς.
572 910 671 961 καὶ
709 907 853 973 τοὺς
892 911 1397 976 προσκυνοῦντας
1439 911 1631 966 αὐτόν
1665 912 1736 964 ἐν

197 1001 450 1068 πνεύματι
482 1000 581 1053 καὶ
603 1000 855 1068 ἀληθείᾳ
887 1002 980 1055 δεῖ
993 1004 1383 1070 προσκυνεῖν.
1406 1005 1516 1057 Καὶ
1543 1003 1735 1074 ὥσπερ

198 1093 695 1163 ότιροσκυνούμενος
725 1095 958 1165 σταυρὸς
989 1095 1103 1164 ἔχει
1137 1099 1235 1165 μέν
1283 1114 1335 1149 τι
1369 1098 1462 1149 καὶ
1496 1113 1738 1167 σωματι-

197 1189 288 1250 xta,
464 1189 573 1239 ἀπὸ
601 1187 704 1257 τῆς
758 1188 862 1256 γῆς
912 1189 1110 1260 δηλαδὴ
1142 1190 1564 1260 λαμϐανομένην
1603 1191 1736 1261 ὓλην

196 1278 309 1345 πρὸς
330 1275 488 1329 αὑτοῦ
536 1280 885 1349 κατασκευήν
910 1296 924 1309 ·
962 1283 1113 1334 πᾶσα
1152 1282 1208 1334 δὲ
1238 1283 1271 1352 ἡ
1300 1282 1424 1346 δόξα
1450 1284 1541 1335 καὶ
1574 1285 1606 1353 ἡ
1640 1301 1736 1354 με-

196 1370 532 1439 γαλοπρέπεια
573 1372 677 1440 τῆς
708 1371 873 1425 αὐτοῦ
926 1373 1213 1442 δυνάμεως
1269 1373 1473 1428 ἔσωθεν
1501 1376 1608 1429 άπὸ
1637 1374 1735 1428 τοῦ

198 1460 476 1530 Πνεῦματος
521 1464 935 1533 ὲπιχορηγεῖται
983 1464 1080 1517 τοῦ
1111 1467 1527 1536 ἐσταυρωμένου
1549 1482 1561 1496 ·
1593 1465 1737 1519 οὕτω

195 1556 279 1624 Χρὴ
304 1554 387 1607 καὶ
417 1556 568 1623 ἡμᾶς
618 1555 805 1624 διττὴν
854 1554 1126 1627 αὐτῷτὴν
1181 1557 1555 1627 προσκύνησιν
1602 1558 1739 1610 ἀπο-

195 1650 366 1717 νέμειν,
395 1648 487 1701 καὶ
528 1648 629 1717 τὴν
664 1650 864 1718 τιμήν·
902 1651 1330 1719 προηγουμένως
1366 1651 1465 1719 μὲν
1489 1690 1504 1715 ,
1544 1650 1644 1720 τὴν
1680 1652 1739 1703 ὲν

195 1738 425 1805 πνεύματι
471 1738 614 1792 κατὰ
667 1738 919 1809 δεύτερον
960 1740 1017 1792 δὲ
1065 1739 1245 1807 λόγον,
1278 1738 1372 1792 καὶ
1401 1736 1502 1809 τὴν
1548 1754 1737 1808 σωμα-

195 1848 293 1898 stur,
301 1850 343 1885 ν.

1836 659 1960 697 nem
1990 642 2256 700 mundati.
2274 658 2339 696 ac
2360 644 2451 711 qui
2478 652 2653 697 totum
2671 641 2971 706 Christum;
2996 639 3177 695 omnis
3197 637 3417 694 virtutis

1838 735 1987 787 cultu
2009 774 2023 796 ,
2067 732 2270 787 mentis
2304 732 2541 801 hospitio
2571 730 2984 801 exceperimus,
3020 731 3098 784 sic
3129 728 3324 799 spiritu
3353 742 3418 781 ac

1837 827 2065 880 veritate
2098 826 2414 879 adoremus.
2453 823 2681 892 Spiritus
2710 824 2881 885 enim,
2924 821 3122 890 inquit.
3152 827 3229 873 es:
3252 818 3413 881 Deus,

1838 926 1888 970 et
1914 934 1999 969 eos
2030 919 2118 987 qui
2149 919 2377 971 adorant
2418 934 2558 977 eum.
2588 919 2641 969 iu
2677 918 2866 987 spiritu
2890 925 2938 967 et
2970 916 3190 968 veritate
3212 920 3415 983 oportet

1840 1011 2067 1065 adorare
2088 1012 2152 1065 ’³.
2205 1013 2284 1066 Ac
2315 1012 2460 1066 sicut
2487 1026 2643 1071 crux,
2681 1026 2801 1079 qum
2831 1010 3111 1065 adoratur.
3140 1006 3255 1075 ipsa
3280 1022 3420 1075 quo-

1839 1121 1946 1174 que
1976 1120 2303 1174 corporeum
2331 1104 2462 1173 quid
2502 1103 2664 1157 habet
2706 1107 3004 1168 (terrenam
3041 1100 3251 1154 scilicet
3282 1098 3415 1151 sub-

1841 1198 2119 1258 stantiam,
2152 1212 2273 1265 qua:
2303 1197 2368 1249 ad
2393 1195 2654 1250 fabricam
2673 1193 2821 1247 illius
2848 1192 3191 1255 assumitur),
3228 1188 3411 1243 omnis

1841 1305 1974 1342 vero
2002 1290 2224 1342 claritas
2251 1299 2307 1343 et
2331 1289 2733 1358 magniﬁcentia
2761 1288 2983 1341 virtutis
3011 1288 3151 1356 ejus,
3185 1283 3418 1338 interius

1840 1380 2150 1435 aCruciiisi
2189 1379 2396 1449 Spiritu
2421 1380 2900 1441 subministratur;
2939 1377 3019 1430 sic
3072 1390 3418 1445 nusquoque

1842 1474 2117 1541 duplicem
2145 1473 2194 1527 ei
2227 1473 2605 1527 adorationem
2642 1488 2705 1525 ac
2734 1472 3000 1524 honorem
3042 1469 3421 1536 impendamus

1843 1576 2069 1615 necesse
2110 1571 2230 1626 est;
2278 1561 2458 1630 primo
2503 1560 2759 1629 quidem,
2799 1558 3173 1613 adoratiouem
3210 1571 3329 1624 qua:
3365 1555 3422 1609 in

1842 1653 2038 1723 spiritu
2080 1662 2196 1714 est,
2238 1650 2599 1721 consequenti
2642 1665 2772 1706 vero
2803 1651 3047 1713 ratione,
3077 1647 3243 1703 etiam
3274 1662 3420 1711 eam,

1842 1758 1965 1812 qua:
2002 1758 2235 1812 COTPOTC
2268 1750 2525 1813 praestatu
2534 1758 2559 1794 Γ

258 1923 555 1989 Ἀποδῶμεν
581 1921 874 1993 τοιγαροῦν
906 1922 967 1977 τὺ
990 1923 1093 1993 τῆς
1126 1924 1550 1994 προσκυνήσεως
1572 1921 1733 1993 χρέος
1760 1902 1809 1963 Β

1912 1916 2228 1973 Reddamus
2274 1917 2443 1986 igitur
2469 1916 2620 1971 cruci
2658 1915 2866 1972 Christi
2900 1914 3239 1971 adorationis
3264 1914 3423 1971 debi-

191 2015 254 2083 τῷ
278 2016 480 2086 σταυρῷ
509 2016 603 2069 τοῦ
638 2015 897 2087 Χριστοῦ.
928 2016 1252 2087 Κάμψωμεν
1281 2016 1429 2086 αὐτῷ
1452 2018 1582 2085 γόνυ
1639 2013 1736 2068 τοῦ

193 2108 439 2175 σώματος·
510 2110 819 2179 κάμψωμεν
875 2110 1008 2162 πολὺ
1061 2110 1327 2180 πρότερον
1372 2112 1464 2161 τὸν
1501 2107 1736 2177 ἀκαμπῆ

188 2202 267 2270 τῆς
303 2202 524 2270 καρδίας
561 2203 791 2271 αὐχένα,
822 2202 915 2255 τὸν
950 2201 1024 2273 μὴ
1070 2202 1369 2272 δυνάμενον
1398 2201 1738 2269 ὑποταγῆναι

189 2294 250 2362 τῷ
273 2296 408 2365 νόμῳ
441 2294 541 2346 τοῦ
596 2295 732 2347 Θεοῦ
756 2311 770 2326 ⁸
824 2297 917 2367 τόν
951 2295 1155 2364 αὐθάδη
1190 2295 1334 2363 λέγω
1368 2297 1463 2347 καὶ
1496 2293 1735 2358 ἀλαζόνα

186 2385 268 2452 τῆς
288 2386 568 2453 φιλαυτίας
594 2383 873 2453 λογισμόν.
920 2384 1123 2437 Τοῦτον
1154 2384 1422 2454 κλίνωμεν
1450 2384 1735 2455 πρότερον,

187 2475 265 2525 καὶ
286 2473 731 2543 κατακάμψωμεν
763 2474 840 2543 τῷ
871 2474 1108 2544 σταυρῷ,
1163 2474 1255 2526 τὸν
1288 2474 1450 2541 ζυγὸν
1478 2474 1737 2544 εὐμαρῶς

185 2567 543 2636 ὑποδεχόμενοι
593 2568 693 2634 τῆς
739 2567 1017 2635 ὑποταγῆς
1059 2566 1153 2620 τοῦ
1188 2565 1426 2636 Χριστοῦ
1452 2582 1467 2596 ’
1515 2566 1611 2618 καὶ
1639 2564 1736 2617 οῦ-

184 2676 273 2722 τιος
299 2662 420 2729 ἡμῖν
468 2662 567 2712 καὶ
603 2660 712 2712 τῶν
739 2661 981 2727 γονάτων
1027 2660 1061 2728 ἡ
1097 2658 1274 2720 κλίσις
1312 2657 1500 2725 δεκτή.
1550 2656 1739 2719 υῦτως

184 2754 624 2823 προσκυνήσωμεν
672 2755 769 2805 καὶ
800 2751 1217 2823 προσπέσωμεν,
1267 2750 1342 2813 ὡς
1373 2750 1522 2819 αὐτῷ
1568 2766 1739 2819 προσ-

190 2846 453 2907 τίπτοντες
498 2845 580 2917 τῷ
640 2844 1044 2915 ἐσταυρωμένῳ
1093 2843 1234 2913 ὑπὲρ
1284 2841 1474 2911 ἡμῶν·
1532 2840 1626 2893 καὶ
1651 2841 1739 2893 δο-

184 2937 410 3007 ξέιαωμεν
454 2941 582 3001 ταῖς
635 2939 930 3001 αινέσεσιν,
986 2937 1082 2989 καὶ
1114 2938 1229 2999 τοῖς
1282 2934 1475 3005 ὕμνοις
1511 2932 1740 3003 ύψὼσω-

185 3047 284 3098 μεν.

254 3121 617 3190 ’Υεῖαώσωμεν
643 3121 833 3176 αὑτὸν
876 3122 947 3174 ὲν
984 3120 1110 3189 τοῖς
1159 3121 1404 3175 ἔθνεσιν
1431 3138 1444 3151 ·
1488 3121 1738 3189 ὑψὼσω-

179 3230 271 3281 μεν
297 3215 482 3267 αὐτὸν
528 3214 601 3266 ἐν
630 3212 705 3279 τῇ
750 3212 849 3282 τῇ.
886 3212 1102 3266 Μᾶλλον
1129 3211 1187 3264 δὲ
1218 3212 1338 3265 καθ’
1375 3212 1613 3281 ἑκάστην
1639 3213 1738 3264 αύ-

183 3310 255 3358 τδν
296 3308 559 3378 ὑψοῦντες
624 3308 720 3361 καὶ
773 3306 1209 3373 προσκυνοῦντες
1269 3306 1342 3375 μὴ
1374 3304 1738 3375 παυσώμεθα,

184 3400 316 3469 ἄχρις
339 3399 403 3451 ἂν
430 3399 526 3451 ὑπ’
552 3398 723 3452 αὑτοῦ
749 3396 1154 3469 κυϐερνώμενοι
1185 3399 1278 3450 καὶ
1304 3398 1739 3469 ποιμαινόμενοι,

183 3491 256 3541 τόν
284 3490 514 3560 πονηρὸν
540 3488 737 3542 τοῦτον
758 3488 929 3542 αἰῶνα
962 3489 1059 3542 καὶ
1090 3490 1189 3553 τὰς
1226 3488 1391 3542 αὐτοῦ
1422 3488 1741 3559 δυσχερείας

183 3582 404 3651 διαϐῆναι
432 3582 782 3653 δυνηθῶμεν.
812 3582 1022 3651 Ὠσπερ
1053 3580 1163 3650 γάρ
1209 3582 1308 3634 οὐκ
1338 3582 1416 3634 ἒνι
1447 3583 1614 3650 χωρὶς
1645 3580 1741 3634 τοῦ

183 3674 378 3743 ἡλιακοῦ
411 3674 577 3729 τοῦδε
629 3674 803 3747 φωτῖς
827 3672 1017 3742 βιωτὸν
1044 3672 1296 3742 γενέσθαι
1326 3673 1418 3726 τὸν
1450 3673 1563 3742 βίον
1588 3673 1740 3741 ἡμῖν,

181 3766 327 3829 οὕτως
357 3768 481 3820 οὐδὲ
520 3766 709 3835 ψυχὴν
734 3766 1025 3836 ἀνθρώπου
1068 3765 1295 3818 δυνατὸν
1324 3766 1450 3819 ἄνευ
1477 3765 1585 3818 τῶν
1629 3781 1743 3817 νοε-

184 3858 272 3926 ρῶν
298 3860 762 3928 ἀπαυγασματων
789 3855 1026 3927 σταυροῦ
1058 3857 1154 3910 τοῦ
1187 3856 1427 3927 Χριστοῦ
1453 3855 1739 3909 διαϐιῶναι

185 3952 300 4004 κατὰ
326 3953 595 4021 Χριστόν.
655 3950 764 4002 Καὶ
802 3948 991 4018 ὥσπερ
1034 3949 1309 4016 ἀναγκαία
1353 3950 1466 4011 τοῖς
1506 3948 1673 4011 ζῶσιν
1711 3949 1743 4017 ὴ

180 4042 256 4095 τοῦ
274 4044 424 4113 dego;
452 4042 735 4111 ἀναπνοὴ,
768 4040 942 4103 οὕτως
971 4041 1321 4112 Χριπιανοῖς
1368 4042 1746 4111 ἀπαραίτητος

182 4137 208 4204 ἠ
233 4137 523 4206 σημείωσις
556 4134 667 4189 τοῦ
694 4135 953 4205 σταυροῦ.

237 4254 465 4323 Σταυρδς
510 4252 576 4307 τὸ
615 4248 842 4323 σημεῖόν
872 4250 989 4301 ἔστι
1020 4247 1115 4301 τοῦ
1143 4246 1275 4301 Υίοῦ
1299 4246 1397 4303 τοῦ
1422 4246 1558 4303 Θεοῦ
1576 4288 1591 4311 ,
1620 4247 1746 4312 δόξα

179 4344 417 4413 Χριστοῦ.
464 4344 691 4413 ῦψωσις
736 4340 952 4412 Ἰησοῦ,
990 4341 1271 4411 σκῆπτρον
1320 4342 1421 4410 τῆς
1468 4340 1746 4409 βασιλείας

178 4434 263 4485 τῶν
308 4434 586 4506 οὐρανῶν,
654 4432 930 4505 βακτηρία
986 4430 1150 4494 Θεοῦ,
1194 4431 1386 4501 ῥάϐδος
1422 4431 1743 4501 εὐθύτητος,

182 4528 343 4594 ῥάεδος
375 4530 723 4598 δυνάμεως,
765 4526 959 4597 ῥάϐδος
993 4527 1058 4596 ἢν
1114 4525 1259 4595 μάλα
1314 4524 1503 4591 σαφῶς
1552 4525 1744 4595 ήΜω-

181 4620 312 4687 nixi]
339 4621 528 4688 ἐκείνη
564 4620 923 4687 προεικόνισε,
956 4615 1170 4686 ῥάϐδος.
1212 4616 1328 4667 Οὐκ
1362 4614 1428 4667 ἄν
1458 4616 1486 4667 ό
1527 4614 1741 4687 Ἰσραὴλ
1776 4614 1819 4669 D

178 4711 350 4775 ἐκεῖνος
372 4712 468 4765 τοῦ
506 4730 571 4764 τε
625 4707 825 4779 Φαραὼ
863 4709 958 4761 καὶ
1001 4708 1109 4761 τῶν
1153 4708 1467 4773 Αἰγυπτίων
1495 4709 1615 4760 τότε
1646 4710 1747 4777 τῆς

180 4807 347 4874 πικρὶς
378 4805 612 4872 ἐκείνης
659 4801 982 4871 δουλοσύνης
1028 4801 1123 4854 καὶ
1148 4800 1521 4871 ταλαιπωρίας
1573 4800 1749 4867 ἀπήλ-

178 4894 313 4947 λακτο
331 4915 344 4928 ·
392 4896 499 4949 οῦκ
535 4896 609 4947 ἂν
637 4894 739 4963 τὴν
772 4892 1047 4945 θάλασσαν
1076 4893 1445 4945 ἀνακοπείσαν
1474 4891 1644 4960 αὐτῷ,
1672 4892 1747 4954 ὡς

179 4988 245 5042 διὰ
269 4990 569 5062 χλοηφόρου
603 4988 845 5042 διέϐαινε
873 4988 1080 5050 πεδίου,
1111 4989 1160 5041 εἰ
1188 4987 1264 5058 μὴ
1290 4990 1322 5057 ἡ
1350 4986 1543 5057 ῥάϐδος
1563 4987 1747 5058 εκείνη

177 5080 223 5128 ἐν
242 5082 371 5149 χειρὶ
396 5080 631 5147 Μωῦσῆ
669 5078 739 5131 τὰ
770 5080 1007 5146 στοιχεῖα
1037 5076 1464 5147 μετεσκεύασεν,
1500 5080 1590 5135 καὶ
1616 5080 1744 5141 τοὺς

178 5170 463 5237 ἀδικοῦντας
506 5172 830 5226 ἀπώλεσεν.
870 5173 976 5223 Καὶ
1002 5170 1101 5223 οὐκ
1136 5170 1203 5222 ἂν
1229 5173 1393 5239 ἡμεῖς
1420 5171 1515 5224 τοῦ
1544 5172 1741 5241 νοητοῦ

178 5262 360 5331 Φαραὼ,
411 5266 513 5319 καὶ
544 5264 672 5317 τῶν
701 5263 791 5315 ὑπ’
819 5262 967 5333 αὐτῷ
1020 5265 1517 5333 στρατηγουμένων
1547 5264 1742 5335 δαιμό-

178 5372 261 5407 νων
286 5359 374 5427 τῆς
400 5356 739 5429 τυραννίδος
788 5356 1189 5426 ἀπηλλάγμεθα
1216 5371 1230 5384 ⁸
1262 5356 1372 5411 οὐδ’
1410 5356 1499 5424 ἂν,
1528 5356 1628 5427 τῆς
1662 5360 1743 5411 εἰ·

180 5443 541 5519 ὅωλολατρείας
586 5449 676 5511 ὡς
720 5448 1047 5519 Ἐρυθραίας
1086 5452 1220 5520 ἡμῖν
1275 5451 1555 5520 ῥαγείσης,
1608 5450 1747 5519 πρὸς

181 5540 371 5604 τὴντῶν
410 5543 689 5611 πατέρων
721 5541 1106 5612 κληρονομίαν,
1159 5544 1278 5613 ἦτοι
1317 5544 1417 5613 τὴν
1466 5542 1560 5595 τοῦ
1606 5542 1744 5595 Θεοῦ

184 5632 333 5687 πίστιν
364 5636 457 5689 καὶ⁵
502 5635 786 5708 ἀληθειαν
840 5635 1119 5705 διέϐημεν,
1154 5638 1205 5689 εί
1237 5635 1313 5707 μὴ
1346 5637 1373 5689 ό
1410 5634 1505 5689 τοῦ
1537 5635 1743 5706 Κυρίου

237 5814 274 5845 ’³
296 5815 443 5873 Joan.
478 5834 555 5884 tv,
585 5815 688 5871 2!.

190 5900 232 5941 lt!
252 5898 341 5945 L‘lL‘.

1842 2022 1980 2066 tum.
2011 2009 2168 2065 Genu
2196 2008 2246 2063 ei
2287 2008 2539 2077 corporis
2570 2008 2878 2074 ﬂectamus,
2913 2010 3075 2079 longe
3108 2023 3241 2063 vero
3269 2008 3425 2077 prius

1841 2105 2095 2160 inﬂexam
2146 2102 2334 2157 cordis
2382 2103 2687 2167 cervicem,
2745 2103 2851 2173 legi
2900 2103 2999 2157 Dei
3068 2101 3267 2172 subjici
3311 2116 3424 2159 nou

1838 2198 2111 2251 valentem
2153 2196 2506 2267 (protervum
2556 2194 2770 2249 scilicet
2809 2203 2866 2249 et
2904 2202 3251 2263 arrogantem
3293 2192 3422 2253 eaad

1840 2290 2045 2345 amoris
2075 2305 2140 2343 ac
2179 2288 2423 2343 libidinis
2453 2299 2699 2348 sensum)
2731 2286 3037 2341 ﬂectamus.
3079 2283 3237 2339 Hunc
3270 2284 3425 2353 prius

1837 2385 1989 2440 cruci
2026 2384 2356 2437 inclinemus
2408 2396 2474 2436 ac
2512 2381 2895 2444 incurvemus,
2935 2378 3029 2449 qui
3062 2379 3251 2448 jugum
3291 2377 3426 2431 sub-

1834 2477 2098 2550 jectionis
2116 2475 2320 2530 Christi
2346 2474 2560 2544 placide
2583 2473 2989 2543 suscipiamus:
3009 2472 3199 2541 sicque
3225 2472 3337 2535 ﬁet,
3366 2480 3427 2526 ut

1838 2569 1987 2638 quod
2028 2569 2196 2623 etiam
2242 2582 2418 2637 genua
2461 2564 2769 2627 ﬂectimus,
2811 2574 3097 2633 acceptum
3138 2562 3422 2617 reddatur.

1839 2662 1933 2717 Sic
1954 2663 2250 2715 adoremus
2264 2675 2328 2713 ac
2354 2658 2725 2729 procidamus,
2754 2658 2904 2712 velut
2923 2658 2996 2723 ei,
3023 2656 3117 2726 qui
3146 2672 3243 2725 pro
3265 2654 3427 2709 nobis

1840 2751 1994 2807 cruci
2028 2751 2223 2805 aﬂixus
2242 2761 2350 2816 est,
2383 2749 2852 2819 procumbamus;
2880 2748 3248 2818 laudibusque
3276 2746 3426 2804 cele-

1840 2842 2070 2897 bremus
2089 2858 2154 2896 ac
2181 2839 2415 2897 canticis
2443 2841 2769 2896 exaltemus.

1911 3120 2220 3177 Exaltemus
2269 3138 2388 3175 eam
2431 3124 2486 3175 in
2536 3122 2773 3192 gentibus
2813 3137 2832 3175 :
2863 3120 3161 3175 exaltemus
3211 3136 3331 3175 eam
3370 3120 3426 3174 in

1843 3216 2066 3269 terra“.
2097 3215 2358 3280 Quinimo
2378 3230 2497 3269 eam
2526 3214 2772 3284 quotidie
2795 3214 3069 3269 exaltandi
3088 3212 3427 3268 etadorandi

1842 3312 2057 3365 nullum
2093 3310 2255 3365 linem
2282 3310 2569 3373 faciamus,
2598 3309 2958 3380 quoadusque
2986 3324 3049 3362 ea
3084 3308 3424 3378 gubernante

1840 3415 2007 3474 atque
2051 3412 2274 3473 regente
2301 3404 2560 3459 saeculum
2590 3404 2694 3457 hoc
2728 3418 2963 3472 nequam
2995 3403 3224 3472 ejusque
3256 3401 3429 3455 mole-

1841 3498 1978 3551 stias
2002 3496 2469 3565 superaverimus.
2500 3493 2977 3561 Quemadmodum
3003 3494 3151 3548 enim
3181 3492 3295 3546 ﬁeri
3317 3507 3428 3546 non

1843 3598 2028 3658 potest
2050 3598 2111 3642 ut
2132 3588 2342 3658 absque
2365 3588 2533 3641 solari
2556 3588 2659 3641 hac
2680 3588 2803 3641 luce
2823 3584 2934 3638 vita
2961 3581 3121 3639 nobis
3146 3583 3429 3638 toleranda

1840 3682 1946 3747 sit,
1992 3680 2071 3738 sic
2102 3696 2281 3751 neque
2318 3680 2557 3735 hominis
2592 3680 2809 3733 animus
2830 3678 3046 3747 absque
3086 3676 3431 3746 spiritalibus

1844 3783 2195 3844 mentemque
2234 3772 2628 3827 irradiantihus
2657 3771 2839 3825 crucis
2871 3769 3076 3824 Christi
3115 3767 3429 3838 splendori-

1844 3865 1948 3919 bus
1975 3864 2285 3921 Christiana
2333 3864 2534 3932 pietate
2572 3862 2788 3915 vixerit.
2823 3861 2900 3914 Ac
2933 3860 3077 3914 sicut
3104 3859 3229 3913 vita:
3264 3873 3429 3913 usura

1844 3956 2154 4012 [ruentibus
2184 3956 2493 4011 necessaria
2525 3954 2670 4009 aeris
2698 3952 2958 4024 spiratio,
2987 3952 3069 4008 sic
3101 3950 3433 4007 Christianis

1847 4049 2185 4107 inevitabilis
2207 4048 2390 4105 crucis
2420 4048 2766 4118 consignatio
2797 4056 2903 4102 est.

1915 4252 2065 4308 Crux
2104 4252 2319 4323 signum
2365 4262 2450 4307 est
2487 4252 2607 4307 Filii
2648 4250 2777 4314 Dei.
2816 4248 3019 4305 Christi
3056 4248 3265 4319 gloria,
3303 4246 3431 4302 Jesu

1845 4346 2138 4408 cxaltatio,
2190 4356 2466 4413 sceptrum
2514 4344 2671 4414 regni
2718 4344 3006 4407 calorum,
3043 4341 3140 4395 Dei
3182 4339 3430 4402 baculus,

1846 4440 1999 4509 virga
2058 4438 2424 4501 directionis,
2480 4438 2629 4505 virga
2685 4437 2955 4491 virtutis:
3022 4435 3211 4504 virga,
3266 4446 3431 4501 quam

1848 4532 2082 4586 Mosaica
2129 4531 2219 4585 illa
2251 4532 2398 4585 clare
2439 4530 2732 4584 admodum
2772 4526 3143 4599 przeﬂguravit
3172 4526 3238 4579 ³⁸.
3278 4524 3431 4578 Nun-

1847 4642 2009 4695 quam
2042 4623 2373 4678 lsraeliticus
2404 4625 2493 4679 ille
2527 4623 2762 4694 populus
2790 4639 2975 4676 amara
3010 4632 3139 4677 tunc
3168 4620 3257 4673 illa
3288 4618 3431 4673 Pha-

1850 4714 2036 4769 raonis
2085 4713 2573 4783 Egyptiorumque
2631 4713 2896 4767 servitute
2953 4722 3117 4780 atque
3176 4724 3426 4763 aerumna

1847 4807 2116 4863 liberatus
2160 4817 2340 4871 esset;
2401 4821 2681 4874 nunquam
2738 4804 3059 4859 intercisum
3125 4802 3201 4857 illi
3258 4816 3427 4865 mare,

1847 4898 2000 4952 velut
2029 4898 2229 4951 virenti
2266 4898 2386 4951 solo
2425 4896 2755 4961 incedendo,
2793 4896 3109 4958 transisset,
3143 4892 3249 4948 nisi
3279 4893 3432 4964 virga

1848 4991 1941 5046 illa
1977 4991 2029 5044 in
2057 5006 2220 5046 manu
2248 4990 2411 5046 lllosis
2443 4990 2715 5045 elementa
2759 4998 3057 5055 mutasset,
3094 4996 3257 5058 atque
3284 4988 3431 5057 inju-

1850 5084 1946 5136 ria:
1971 5091 2226 5137 auctores
2248 5081 2582 5151 perdidisset
2608 5098 2621 5135 :
2648 5096 2752 5135 nec
2775 5097 2907 5135 vero
2932 5097 3033 5136 nos
3054 5096 3295 5151 unquam
3321 5078 3433 5150 spi-

1850 5176 2027 5231 ritalis
2054 5175 2354 5230 Pharaonis
2371 5174 2535 5244 eique
2559 5175 3094 5229 succenturiatorum
3121 5174 3430 5228 daemonum

1853 5265 2197 5337 tyrannidem
2226 5280 2449 5320 eramus
2482 5264 2794 5327 excussuri,
2830 5272 2927 5317 aut
2952 5279 3084 5317 vero
3109 5262 3433 5317 simulacro-

1854 5376 1976 5415 rum
2010 5360 2159 5414 cultu
2190 5361 2341 5413 velut
2370 5360 2506 5414 mari
2531 5356 2719 5413 Rubro
2749 5357 2909 5411 nobis
2940 5356 3183 5426 dirupto.
3224 5354 3292 5409 ad
3336 5371 3429 5423 pa-

1855 5460 1999 5506 trum
2032 5450 2409 5505 hmreditatem
2436 5450 2556 5511 (Dei
2587 5449 2800 5503 scilicet
2826 5449 2985 5502 ﬁdem
3027 5462 3092 5501 ac
3116 5445 3429 5515 veritatem)

1852 5543 2354 5609 commeaturi,nisi
2372 5559 2507 5597 crux
2526 5542 2806 5597 Dominica
2826 5539 3221 5610 nequissimum
3240 5537 3428 5592 mundi

1853 5636 2155 5707 principem
2207 5633 2581 5706 proﬂigasset,
2628 5647 3029 5702 ascensumque
3079 5630 3135 5685 in
3196 5629 3422 5693 cmlum,

769 5813 981 5870 “Psal.
1029 5830 1147 5879 XLV,
1182 5814 1267 5875 ll.
1369 5815 1413 5848 "
1445 5815 1635 5876 Matth.
1695 5832 1841 5881 xxiv,
1897 5814 1996 5880 '50;
2057 5815 2199 5873 Psal.
2249 5834 2377 5883 χιιι,
2434 5815 2489 5883 4,
2542 5824 2597 5870 et
2644 5830 2787 5878 xuv,
2845 5813 2916 5878 5;
2966 5828 3072 5875 cu,
3126 5808 3193 5877 2;
3246 5806 3420 5865 Exod.
