4192 6424
724 393 794 461 31
1939 399 2240 466 meum
2276 405 2807 470 PAPIILAGONIS
3941 404 4026 472 32

727 506 1048 564 Ws
1101 521 1226 564 cum
1254 513 1431 574 esset,
1489 521 1773 564 accessum
1821 511 2138 568 volentibus
2177 529 2318 584 prac-

2435 517 2662 586 τταυρὸς
2688 518 2780 568 τὸν
3049 516 3286 587 ἄρχοντα
3312 514 3652 569 καταλέλυκε
3668 513 3768 569 τοῦ
3783 515 4024 588 κόσμου,

726 610 970 658 Μ’
835 610 846 614 ⁷
977 642 990 657 ,
1095 645 1099 648 .

809 784 982 847 Crux,
1024 783 1290 840 Ecclesia
1351 783 1642 842 catholica
1682 787 1945 857 splendor
1981 788 2324 858 illustrisque

729 889 984 938 ornatus.
1020 882 1398 950 apostolorum
1446 881 1653 952 gloria,
1698 883 2048 938 sacerdotum
2081 885 2326 939 sanctiﬁ-

727 972 912 1035 catio,
957 981 1260 1042 martyrum
1306 973 1477 1036 nitor,
1519 983 1887 1042 constansque
1931 977 2196 1032 adversus
2225 994 2324 1033 ne-

736 1064 1038 1130 quissimos
1069 1064 1356 1132 patientia.
1382 1065 1605 1119 Piorum
1637 1081 1700 1119 ac
1730 1067 2124 1121 monachorum
2155 1068 2328 1123 ﬁrmi-

731 1165 842 1216 tas.
869 1157 1228 1227 omniumque
1247 1158 1524 1227 justorum
1552 1157 1686 1210 ﬁdes
1704 1165 1869 1226 atque
1892 1173 2046 1228 spes,
2075 1159 2324 1213 omnium

736 1249 976 1316 denique
993 1259 1311 1302 sanctorum
1335 1250 1593 1318 gaudium
1616 1259 1673 1303 et
1692 1264 1896 1303 corona
1919 1251 2323 1306 exsultationis.

729 1338 815 1395 Ne
848 1342 932 1394 lex
965 1341 1190 1410 quidem
1217 1358 1417 1411 expers
1451 1343 1677 1397 virtutis
1708 1345 1926 1398 crucis:
1956 1360 2057 1399 nec
2085 1345 2178 1414 qui
2203 1362 2327 1416 gra-

729 1443 848 1487 tam
880 1450 1210 1503 praeesse-re
1238 1436 1413 1490 sancti
1447 1437 1656 1506 absque
1688 1453 1752 1492 ea
1785 1437 2140 1493 admirabiles
2170 1457 2183 1492 :
2216 1439 2318 1494 sed

727 1536 794 1582 et
827 1528 881 1582 in
915 1529 1024 1582 illis
1046 1529 1310 1598 paulatim
1334 1529 1586 1583 obscuris
1609 1531 1765 1599 quasi
1793 1530 2006 1584 umbris
2028 1531 2324 1596 delineata,

731 1636 894 1674 suam
924 1622 1156 1691 gloriam
1185 1623 1407 1691 vimque
1445 1622 1916 1676 submonstrabat.
1949 1621 2083 1675 Nam
2119 1632 2176 1676 et
2209 1638 2327 1676 ma-

734 1728 880 1781 gnus
908 1714 1185 1782 quondam
1222 1715 1398 1768 Moses
1437 1714 1692 1767 manibus
1727 1713 1780 1766 in
1818 1714 2018 1766 caelum
2059 1714 2240 1769 crucis
2266 1712 2329 1767 ﬁ-

736 1821 874 1876 gura
905 1807 1170 1871 extensis,
1203 1806 1520 1861 Amalecum
1553 1805 1760 1875 fugavit
1795 1820 1858 1859 ac
1892 1804 2036 1858 fudit
2057 1805 2123 1859 ".

811 1985 959 2042 Crux
980 1993 1260 2039 armatura
1279 1982 1614 2039 Christianis
1633 1981 1891 2036 omnibus
1909 1980 2327 2036 invulnerabilis

739 2093 806 2134 ac
836 2078 1298 2148 inexpugnabilis.
1341 2075 1530 2130 Murus
1558 2090 1764 2137 :eneus,
1801 2075 2017 2128 cunctis
2050 2074 2327 2129 latronum

737 2172 1047 2228 insultibus
1078 2170 1490 2240 insuperabilis.
1526 2169 1720 2222 Turris
1761 2167 2103 2222 fortitudinis
2128 2183 2158 2221 a
2188 2167 2327 2223 facie

738 2267 1113 2323 inimicorum.
1147 2264 1502 2334 Signaculnm
1530 2264 1740 2332 regium
1773 2261 2092 2316 inviolabile
2124 2276 2188 2315 ac
2241 2262 2327 2315 in-

736 2361 1100 2416 adulterabilc
1124 2361 1307 2413 :locus
1334 2359 1580 2412 munitus
1605 2373 1668 2411 ac
1693 2367 1845 2410 tutus
1869 2356 1935 2410 ad
1961 2357 2215 2415 salutem.
2243 2355 2331 2410 his

741 2455 838 2524 qui
875 2457 1323 2524 persecutionem
1389 2454 1719 2523 patiuntur:
1757 2453 1954 2506 domus
1994 2451 2213 2520 refugii,
2244 2449 2331 2504 bis

739 2548 836 2618 qui
871 2563 900 2601 a
935 2561 1164 2617 peccato
1196 2546 1592 2616 impugnantur
1621 2564 1632 2598 :
1665 2546 1790 2599 vita:
1819 2545 2205 2614 pbarmacum,
2243 2543 2330 2599 his

739 2656 978 2711 quorum
1015 2641 1123 2693 vita
1156 2641 1208 2692 in
1242 2640 1495 2708 periculo
1521 2649 1774 2692 versatur
1799 2640 1868 2691 ’⁷.

811 2733 1010 2788 Crucis
1044 2734 1265 2804 signum
1296 2733 1473 2788 Moses
1503 2731 1793 2802 efﬁngebat
1813 2773 1827 2796 ,
1863 2748 1989 2788 cum
2025 2733 2080 2787 in
2111 2732 2332 2788 deserto

742 2825 877 2880 olim
913 2842 944 2880 e
976 2838 1130 2880 recto
1157 2827 1307 2896 ligno
1333 2825 1486 2880 velut
1521 2826 1686 2888 malo,
1708 2834 2020 2895 serpentem
2055 2835 2331 2880 transver-

742 2935 865 2976 sum
888 2929 1227 2990 exponeret:
1261 2935 1326 2975 ac
1348 2919 1393 2974 si
1417 2919 1562 2989 quod
1587 2919 1905 2974 letlnferum
1931 2920 2082 2972 virus
2103 2934 2332 2988 serpens

742 3027 928 3066 morsu
953 3011 1288 3075 immisisset,
1320 3026 1389 3066 eo
1420 3011 1603 3074 Ιεεειιε,
1631 3011 1687 3064 in
1717 3026 1837 3064 eam
1867 3013 2052 3064 statim
2078 3011 2243 3080 pilam
2268 3027 2332 3065 ac

742 3103 1097 3158 simulacrum
1130 3104 1378 3173 aspicere
1405 3103 1722 3172 jubebatur.
1757 3103 1876 3157 Mox
1909 3104 2075 3173 igitur
2100 3118 2165 3158 ac
2191 3118 2322 3172 per-

742 3211 944 3251 cussus
968 3196 1152 3251 crucis
1181 3198 1340 3267 signo
1364 3196 1666 3250 adhibebat
1688 3197 1933 3257 oculum,
1963 3197 2131 3250 etiam
2159 3211 2328 3250 vene-

2427 611 2522 660 καὶ
2545 610 2641 678 τὴν
2669 611 2809 679 πρὸς
2847 609 3078 678 οὐρανὸν
3105 607 3313 670 ἄνοδον,
3339 607 3547 661 ᾶὸατον
3574 603 3766 673 οὖσαν,
3821 609 4021 678 είργὰ-

2428 718 2560 754 σατο
2585 705 2700 762 τοίς
2734 700 3302 770 βωλομένοιςίβατήν.
4040 698 4044 700 ’

2499 795 2738 864 Σταυρὸς
2768 795 2870 863 τῆς
2897 794 3190 863 καθοὶικῆς
3226 792 3558 862 Ἐκκλησίας
3582 795 3613 846 ὁ
3641 793 4026 865 λαμπρυσμός

2424 905 2485 941 τε
2514 890 2610 941 καὶ
2653 888 2973 956 στολισμός·
3000 888 3111 941 τῶν
3158 888 3474 940 ἀποστόλων
3515 890 3545 939 ὁ
3573 889 3971 955 mammas;
3999 905 4018 921 ·

2424 982 2534 1034 τῶν
2564 983 2755 1051 ἱερέων
2785 982 2815 1032 ὁ
2846 982 3120 1050 ἁγιασμδς
3140 996 3158 1009 °
3182 980 3294 1032 τῶν
3322 980 3620 1050 μαρτψων
3642 984 3668 1032 δ
3691 981 4026 1051 ἀγλαὶσμὸς,

2427 1073 2525 1127 καὶ
2551 1076 2586 1142 ἡ
2618 1074 2754 1142 πρὸς
2799 1073 2925 1134 τοὺς
2973 1073 3245 1142 πονηροὺς
3270 1071 3552 1133 ἀνένδπος
3582 1071 3833 1142 ὑπομονὴ
3860 1087 3874 1100 ’
3909 1071 4029 1125 τῶν

2425 1165 2589 1217 ὁσίων
2609 1168 2637 1219 ὁ
2660 1165 2983 1235 στηριγμὸς,
3011 1165 3103 1216 καὶ
3134 1165 3353 1216 πάντων
3370 1163 3482 1215 τῶν
3510 1165 3742 1217 δικαίων
3759 1167 3794 1234 ἡ
3826 1167 4023 1226 πίστις

2427 1259 2523 1310 καὶ
2556 1261 2588 1326 ἡ
2613 1261 2785 1324 sin-St;
2821 1261 2918 1310 καὶ
2955 1260 3174 1311 πάντων
3207 1260 3380 1324 ἁγίων
3423 1260 3570 1328 χαρὰ
3621 1261 3716 1310 καὶ
3745 1259 4020 1326 στέφανος

2427 1349 2769 1415 καυχήσεως.
2803 1349 2938 1400 Οὐδὲ
2967 1351 2996 1400 ὁ
3024 1350 3187 1418 νόμος
3216 1351 3446 1417 ἄμοιρος
3475 1349 3576 1416 τῆς
3600 1347 3892 1417 δυνάμεως
3919 1351 4024 1404 τοῦ

2428 1439 2666 1510 σταυροῦ
2685 1456 2696 1467 ·
2733 1439 2854 1492 οὐδὲ
2878 1442 2928 1492 οἱ
2951 1441 3056 1510 πρὸ
3078 1441 3177 1508 τῆς
3199 1441 3422 1510 χάριτος
3447 1441 3594 1508 ἅγιοι
3617 1441 3816 1494 τούτου
3846 1445 4027 1513 popl;

2428 1532 2771 1602 θαυμαστοί·
2818 1532 2955 1586 ἀλλὰ
3005 1533 3101 1584 καὶ
3136 1535 3195 1584 ὲν
3235 1533 3468 1597 ἐκείνοις
3518 1536 3708 1605 ἠρέμα
3742 1551 4024 1604 σκιαγρα-

2429 1625 2718 1694 φούμενος,
2750 1624 2849 1694 τὴν
2884 1625 3018 1676 ἰδίαν
3040 1623 3199 1687 δοξαν
3245 1625 3510 1692 ὑπέφαινε
3530 1629 3626 1679 καὶ
3656 1627 3835 1692 ἰσχύν.
3855 1628 4019 1679 ἐπεὶ

2430 1717 2525 1768 καὶ
2553 1715 2758 1783 Μωσῆς
2798 1718 2827 1767 δ
2860 1716 3031 1784 μέγας
3088 1715 3219 1766 ποτὲ
3261 1717 3628 1786 σταυροειδῶς
3684 1719 3787 1779 τὰς
3833 1720 4028 1788 χεῖρας

2432 1807 2569 1877 πρὸς
2601 1807 2829 1878 οὐρανὸν
2872 1808 3244 1876 ἐπιτεινόμενος
3334 1809 3427 1861 τὸν
3463 1809 3716 1878 ’Δμαλὴκ
3766 1810 4024 1882 hmani:-

2364 1886 2410 1946 Β
2441 1919 2590 1954 σατο.

2503 1993 2761 2062 Στανρὸς,
2794 1994 2959 2047 ὅπλον
2990 1995 3340 2065 Χριστιανοίς
3369 1997 3538 2048 πᾶσιν
3584 1993 3896 2063 ἄθραυστον
3925 1994 4030 2048 καὶ

2428 2086 2785 2155 ἀπρόσμαχον
2805 2100 2819 2113 °
2850 2088 3028 2155 τεῖχος
3049 2085 3304 2155 χαλκοῦν,
3329 2086 3530 2148 πάσαις
3558 2086 3772 2152 ἐφόδοις
3805 2086 4029 2158 λῃστρι-

2429 2181 2551 2240 xai;
2608 2177 2977 2231 ἀνεπίϐατον·
3038 2179 3249 2248 πύργος
3313 2177 3496 2247 ἰσχύος
3555 2179 3666 2231 ἀπὸ
3725 2180 4028 2246 προσώπου

2428 2273 2657 2341 ἐχθρῶν.
2700 2272 2959 2343 Baeti.th
2987 2274 3222 2341 σφραγὶς
3252 2274 3655 2342 ἀπαράτρωτος
3676 2275 3770 2325 καὶ
3796 2276 4025 2345 ἀπαρα-

2431 2367 2652 2435 ποίητος
2674 2380 2687 2392 ·
2722 2368 2888 2427 τόπος
2923 2366 3118 2434 ὀχυρὸς
3157 2368 3267 2427 τοῖς
3302 2365 3660 2434 διωκομένοις
3713 2369 3796 2429 είς
3841 2385 4028 2439 σωτη-

2433 2459 2553 2528 ρίαν
2573 2476 2585 2486 ·
2621 2454 2767 2520 οἶκος
2798 2460 3144 2528 καταφυγῆς,
3175 2462 3288 2520 τοῖς
3319 2458 3380 2523 ἐξ
3423 2460 3700 2530 ἁμαρτίας
3747 2460 4024 2532 πολεμου-

2434 2553 2649 2622 μένοις·
2689 2552 2839 2622 ζωῆς
2889 2552 3205 2623 φάρμακον,
3248 2554 3365 2617 τοῖς
3416 2553 3500 2617 είς
3538 2551 3777 2608 θάνατον
3827 2555 3991 2610 κινδυ
4017 2591 4029 2598 -

2430 2644 2698 2699 νεύουσιν.

2503 2737 2743 2804 Σταυρὸν
2797 2736 3001 2791 ἐτύπου
3060 2737 3287 2806 Μωσῆς,
3339 2736 3510 2809 ὀρθίῳ
3563 2737 3708 2806 ξύλῳ
3764 2740 4027 2814 καθάπερ

2432 2829 2565 2900 ίστῷ
2593 2829 2827 2899 χαλκοῦν
2855 2831 2979 2899 δφιν
3007 2830 3302 2897 ὲγκάρσιον
3322 2831 3415 2882 ἐπὶ
3435 2830 3536 2898 τῆς
3564 2831 3776 2900 ἐρήμου
3808 2833 3871 2887 τὸ
3894 2836 4032 2906 πρὶν

2431 2920 2770 2984 ἐκδεδωκώς·
2809 2920 2902 2973 καὶ
2935 2921 2989 2974 εί
3015 2939 3068 2973 τι
3117 2921 3494 2991 θανατηφόρον
3549 2921 3626 2975 ίὸν
3666 2923 3792 2992 ὄφις
3854 2925 4033 2980 ἐναπ-

2437 3012 2613 3080 ήμεσε
2661 3010 2862 3072 δακὼν,
2886 3013 3071 3082 ἐκείνη
3122 3011 3487 3082 προσϐλέπειν
3533 3013 3696 3075 εύθίις
3728 3017 3796 3086 τῇ
3852 3017 4031 3088 στήλῃ

2432 3103 2804 3174 παρήγγελτο.
2843 3104 2998 3174 Ἀμα
3053 3105 3233 3155 τοίνυν
3278 3103 3359 3173 τῷ
3411 3103 3570 3175 τύπῳ
3624 3105 3721 3159 τοῦ
3785 3108 4028 3178 σταυροῦ

2433 3197 2711 3265 προσεῖχε,
2741 3195 2836 3248 καὶ
2876 3196 2937 3247 τὸ
2971 3195 3175 3247 ίοὸὀλον
3223 3195 3535 3265 ἠμϐλύνετο
3578 3198 3785 3269 δῆγμα,
3815 3199 3911 3252 καὶ
3963 3199 4032 3252 τὸ

742 3289 856 3344 nati
889 3291 970 3344 vis
1011 3305 1228 3344 morsus
1250 3288 1680 3360 elanguescebat
1710 3329 1725 3352 ,
1770 3303 2021 3356 noxaque
2048 3288 2332 3342 interitum

2437 3287 2785 3357 ὀλεθροτόκον
2834 3286 3022 3339 ἐλύετο
3054 3287 3216 3354 πῆμα
3240 3303 3257 3318 ο
3290 3287 3386 3340 καὶ
3420 3288 3652 3358 ἄμισθον
3681 3288 3882 3344 αὐτίκα
3923 3291 4034 3361 τὴν

741 3383 985 3439 afferens
1013 3383 1350 3449 facessebat;
1377 3398 1441 3438 ac
1461 3382 1753 3437 confestim
1777 3382 1871 3452 qui
1899 3397 2112 3435 morsus
2134 3381 2333 3444 fuerat,

745 3477 1001 3532 sanitatis
1042 3476 1349 3531 remedium
1391 3477 1538 3530 ultro
1588 3490 1912 3530 concessum
1951 3474 2243 3529 referebat.
2279 3473 2336 3528 Si

747 3555 957 3625 autem.
998 3570 1180 3624 crucis
1231 3568 1402 3640 figura
1470 3568 1742 3623 vivificam
1786 3568 1923 3622 adeo
1960 3569 2336 3636 Operationem

749 3663 1030 3728 prmbcbat
1050 3705 1064 3726 ,
1097 3663 1269 3717 multo
1313 3662 1486 3733 magis
1515 3677 1649 3716 crux
1685 3661 1822 3731 ipsa.
1851 3660 1908 3714 Si
1937 3659 2160 3729 quidem
2187 3658 2338 3711 enim

749 3754 900 3810 Petri
946 3755 1140 3809 umbra
1179 3753 1428 3808 infirmos
1461 3752 1692 3807 sanabat
1734 3751 1834 3822 (uti
1867 3766 2024 3805 sacro
2059 3751 2338 3820 proditum

748 3847 972 3917 eloquio
993 3863 1057 3902 ac
1076 3847 1350 3902 creditum
1372 3848 1502 3915 est),
1518 3847 1676 3915 longe
1704 3845 1888 3914 potius
1911 3845 2026 3912 ipse
2052 3844 2246 3898 Petrus
2269 3843 2338 3897 ".

821 3937 971 3993 Crux
1023 3936 1318 3992 sacerdotii
1374 3934 1786 3990 consummatio
1838 3949 1904 3988 ac
1955 3934 2337 4004 signaculum,

753 4031 969 4102 imperii
1003 4031 1170 4084 robur
1205 4046 1268 4084 ac
1300 4029 1740 4091 fundamentum,
1775 4036 2017 4098 potestas
2053 4027 2340 4097 magistra-

753 4133 932 4187 tuum,
960 4133 1238 4177 armatura
1262 4122 1491 4184 ducum,
1527 4123 1754 4176 victoria
1793 4123 2026 4179 militum
2067 4140 2132 4178 ac
2162 4125 2339 4178 vieto-

754 4216 851 4271 ria:
875 4225 1162 4284 tropaeum,
1215 4224 1331 4268 tuta
1355 4216 1506 4268 salus
1533 4229 1634 4284 pro
1660 4215 1893 4284 imperio
1913 4217 2339 4280 dominantium,

755 4311 1104 4367 subditorum
1143 4311 1472 4380 compositio
1506 4325 1570 4363 ac
1603 4312 1936 4365 constantia.
1969 4311 2115 4366 Crux
2151 4312 2342 4366 erudi-

757 4414 938 4458 torum
987 4403 1291 4472 sapientia,
1329 4402 1708 4471 insipientium
1747 4402 2064 4472 disciplina,
2107 4404 2340 4458 divitum

755 4495 1140 4551 fulcimentum
1177 4509 1241 4548 ac
1274 4492 1707 4559 firmamentum,
1750 4509 2051 4563 pauperum
2091 4494 2344 4565 gloriatio

755 4597 814 4643 et
841 4588 1121 4649 solatium,
1161 4601 1353 4640 eorum
1383 4585 1477 4655 qui
1504 4593 1798 4640 versantur
1828 4585 1882 4638 in
1910 4601 2176 4649 aerumna,
2208 4601 2342 4655 gau-

2439 3379 2585 3433 τασιν
2611 3377 2639 3428 ὁ
2667 3377 2886 3447 δηχθεὶς
2918 3377 3227 3447 ἐκομίζετο.
3260 3377 3321 3431 Ei
3371 3377 3427 3431 δὲ
3473 3381 3501 3432 ὁ
3527 3379 3623 3432 τοῦ
3656 3382 3893 3449 σταυροῦ
3925 3383 4033 3434 τύ-

2439 3488 2542 3534 πος
2572 3469 2835 3534 ζωοποιὸν
2856 3469 2999 3522 οὓτω
3028 3472 3296 3539 παρεῖχεν
3341 3470 3644 3541 ἐνέργειαν,
3676 3472 3860 3543 πολλῷ
3887 3475 4036 3542 μᾶλ-

2437 3563 2527 3616 λον
2555 3566 2583 3616 ὁ
2613 3564 2843 3633 σταυρὸς
2871 3563 3032 3626 αὑτός
3056 3579 3070 3592 ·
3099 3565 3147 3614 εἱ
3179 3564 3286 3631 γὰρ
3316 3565 3348 3632 ἡ
3382 3565 3513 3618 σκιὰ
3537 3564 3633 3617 τοῦ
3662 3566 3874 3638 Πέτρου
3899 3567 4036 3632 τοὺς

2438 3655 2798 3720 ἀσθενοῦντας
2859 3655 3045 3709 ἰᾶσθαι
3102 3655 3197 3708 καὶ
3258 3657 3685 3728 μεμαρτύρηται
3731 3660 3826 3712 καὶ
3854 3659 4037 3713 πεπί-

2440 3766 2685 3814 στευται,
2719 3748 2853 3802 πολὺ
2892 3747 3110 3819 πρῶτον
3136 3749 3165 3800 ὁ
3201 3748 3401 3819 Πέτρος
3434 3750 3616 3812 αὐτὸς.

2512 3934 2756 4003 Σταυρδς
2785 3933 2885 4002 τῆς
2926 3931 3228 4002 ἱερωσύνης
3260 3933 3294 4001 ή
3325 3931 3603 3995 τελείωσις
3631 3933 3726 3985 καὶ
3757 3933 4042 4004 σφραγίς⁸

2439 4028 2536 4096 τῆς
2573 4024 2844 4096 βασιλείας
2885 4026 2919 4096 ἡ
2953 4025 3288 4095 κραταίωσις
3317 4024 3412 4077 καὶ
3445 4025 3652 4095 κρηπίς
3676 4042 3691 4056 ο
3730 4026 3764 4098 ἡ
3794 4025 4042 4095 δύναμις

2440 4116 2549 4168 τῶν
2577 4115 2877 4176 δυναστῶν,
2933 4115 2968 4184 ἡ
2997 4112 3271 4166 πανοπλία
3298 4111 3409 4165 τῶν
3437 4113 3782 4182 στρατηγῶν,
3825 4115 3865 4183 ,ἡ
3901 4115 4040 4186 νίκη

2442 4201 2550 4253 τῶν
2585 4200 2929 4272 στρατιωτῶν
2981 4200 3077 4254 καὶ
3117 4200 3217 4270 τῆς
3269 4199 3430 4270 νίκης
3466 4201 3526 4254 τὸ
3567 4202 3865 4271 τρόπαιον’
3915 4204 4042 4259 τῶν

2445 4292 2780 4364 ἀρχόντωνὴ
2812 4293 3081 4362 ἀσφάλεια
3119 4292 3219 4362 τῆς
3245 4292 3442 4362 ἀρχῆς,
3495 4293 3603 4345 τῶν
3639 4294 3964 4363 ἀρχομένων
3995 4300 4036 4368 ἡ

2444 4385 2664 4451 εὐταξία
2695 4402 2754 4439 τε
2788 4385 2886 4439 καὶ
2929 4385 3242 4440 εὐπάθεια.
3307 4384 3546 4456 Σταυρὸς
3593 4385 3702 4439 τῶν
3731 4387 4041 4442 πεπαιδευ-

2458 4478 2635 4547 μένων
2655 4481 2688 4548 ή
2722 4477 2906 4546 σοφία,
2936 4477 3045 4531 τῶν
3070 4478 3291 4545 ἀσόφων
3323 4479 3357 4547 ἡ
3393 4476 3693 4540 παίδευσις,
3723 4477 3834 4531 τῶν
3861 4477 4041 4534 πλου-

2448 4571 2581 4624 σίων
2612 4570 2845 4641 ἔρεισμα
2868 4570 2965 4624 καὶ
2993 4570 3339 4640 κραταίωμα,
3359 4569 3468 4622 τῶν
3493 4571 3744 4639 πενήτων
3765 4571 4044 4641 καύχημά

757 4675 912 4730 dium
934 4675 1322 4741 etexsultatio,
1363 4647 1556 4730 eorum
1585 4677 1679 4746 qui
1705 4675 1914 4729 morbis
1933 4647 2332 4741 conﬂictantur,

2445 4680 2506 4716 τε
2559 4663 2652 4716 καὶ
2692 4663 3090 4734 παρηγόρημα,
3120 4662 3230 4713 τῶν
3289 4663 3348 4713 έν
3410 4660 3654 4730 ολίψεσιν
3705 4662 4041 4735 χαρμοσύνη

759 4770 969 4825 sanitas
993 4778 1050 4823 et
1085 4768 1435 4839 refrigerium
1459 4810 1473 4833 ,
1521 4784 1713 4823 eorum
1742 4769 1836 4837 qui
1877 4768 1930 4822 in
1968 4770 2185 4823 cunctis
2218 4769 2343 4824 vitm

761 4864 921 4918 malis
975 4871 1178 4933 agunt,
1232 4860 1525 4915 aedificatio
1576 4859 1991 4928 extim-Latioque
2044 4870 2102 4913 ct
2149 4875 2344 4914 conso-

760 4957 914 5012 latio.

832 5049 978 5104 Crux
1006 5047 1254 5102 omnium
1307 5057 1623 5102 sanctorum
1660 5046 1977 5114 angelorum
2011 5044 2264 5114 gloriatio
2284 5052 2341 5099 et

758 5155 1001 5204 corona,
1045 5139 1355 5192 daemonum
1395 5138 1645 5192 omnium
1693 5140 1846 5208 plaga
1885 5155 1950 5194 ac
1979 5139 2296 5203 ,confractio
2321 5180 2337 5205 ,

757 5230 1074 5284 Jud:eorum
1103 5230 1334 5284 offensio
1352 5240 1408 5284 et
1429 5231 1650 5285 aﬂlictio
1669 5273 1683 5295 ,
1717 5231 2017 5285 infidelium
2039 5231 2339 5286 confutatio

757 5334 814 5378 et
838 5322 1252 5387 condemnatio,
1282 5321 1525 5377 fidelium
1551 5324 1897 5378 conservatio
1920 5334 1977 5379 et
1999 5323 2340 5395 justiﬁeatio,

757 5416 1079 5471 cadentium
1113 5415 1397 5481 excitatio,
1431 5415 1695 5471 elisorum
1723 5416 1930 5471 erectio
1953 5418 2021 5470 ”.

832 5665 980 5731 Crux'
1001 5683 1382 5732 cmortuorum
1403 5675 1534 5738 vita.
1564 5673 1942 5746 depositorum
1967 5691 2113 5748 spes,
2139 5677 2340 5734 virtute

837 5883 880 5914 "
910 5883 1083 5942 Elod.
1113 5903 1242 5957 svnt,
1276 5890 1360 5945 Η.
1442 5889 1490 5924 ’⁷
1520 5888 1661 5944 Psal.
1690 5905 1772 5956 ιι,
1809 5890 1872 5956 ι;
1911 5891 2050 5946 Psal.
2090 5906 2212 5957 Lxx,
2248 5890 2302 5958 5;

2435 5893 2485 5948 il.
2521 5910 2643 5960 xxx,
2680 5893 2733 5948 '5.

2448 4757 2541 4809 καὶ
2569 4755 2886 4823 ἀγαλλίασις
2907 4796 2921 4821 ,
2956 4756 3063 4807 τῶν
3098 4759 3154 4807 ὲν
3184 4757 3485 4825 νοσήμασιν
3520 4755 3662 4817 ἴασις
3695 4757 3788 4808 καὶ
3819 4756 4043 4825 ἀνάψυ-

2448 4848 2557 4914 ξις,
2615 4850 2725 4901 τῶν
2755 4851 2813 4902 ἑν
2841 4853 3008 4902 πᾶσιν
3043 4849 3450 4918 ἐξεταζομένων
3505 4849 3600 4902 τοῦ
3658 4850 3774 4919 βίου
3839 4853 4043 4914 κακοῖς

2444 4940 2702 5010 οίκοδομὴ
2743 4941 2836 4992 καὶ
2868 4941 3216 5010 παράκλησις
3247 4941 3341 4992 καὶ
3375 4940 3722 5011 παραμνίιία.

2513 5033 2751 5104 Σταυρὸς
2801 5033 2912 5085 τῶν
2964 5032 3136 5099 ἁγίων
3182 5031 3429 5100 ἀγγέλων
3477 5033 3700 5084 πάντων
3755 5031 3816 5085 τὸ
3846 5032 4039 5099 ἀγαλ-

2446 5121 2618 5193 λίαμα
2670 5125 2765 5176 καὶ
2823 5125 3202 5192 στεφάνωμα,
3258 5123 3368 5177 τῶν
3432 5123 3708 5192 δαιμόνων
3769 5125 4041 5179 ἁπάντων

2448 5216 2705 5287 Οραῦσμα
2731 5218 2825 5270 καὶ
2849 5217 3208 5287 συντριμμδς,
3240 5217 3347 5270 τῶν
3388 5218 3661 5270 Ἰουδαίων
3695 5211 4042 5287 πρόσκομμα

2444 5309 2543 5363 καὶ
2573 5308 2829 5380 θλιμμδς,
2857 5308 2969 5362 τῶν
3009 5309 3257 5362 ἀπίστων
3287 5309 3499 5376 ἔλεγξις
3535 5310 3628 5361 καὶ
3673 5309 4039 5379 κατάκρισις,

2442 5402 2554 5453 τῶν
2582 5402 2790 5455 πιστῶν
2831 5403 3160 5472 συντήρησις
3208 5401 3303 5454 καὶ
3332 5401 3652 5468 δικαίωσις,
3695 5400 3805 5454 τῶν
3853 5418 4042 5454 κατα-

2445 5496 2754 5549 πιπτόντων
2785 5496 3102 5562 ἀνάστασις,
3136 5496 3247 5551 τῶν
3297 5494 3836 5569 καταῤῥηγνυμένων
3869 5493 4044 5569 ἀνόρ-

2449 5586 2637 5649 οωσις.

2519 5679 2762 5750 Σταυρδς
2791 5677 2903 5750 ζωὴ
2922 5678 3415 5751 τεθανατωμένων,
3440 5679 3599 5744 ἐλπὶς
3627 5679 3739 5734 τῶν
3767 5682 4040 5754 ἀπεγνω-

2801 5893 2846 5925 ²⁸
2882 5893 3003 5949 Act.
3032 5911 3085 5962 v,
3120 5896 3202 5952 15.
3279 5897 3322 5928 ’³
3355 5894 3495 5951 l‘sal.
3519 5908 3696 5960 cxuv,
3730 5895 3813 5950 H.
