4192 6424
185 397 237 462 33
948 406 1228 467 ORATIO
1265 409 1346 468 II.
1373 410 1541 472 -IN
1582 413 2168 482 EXALTATIONEM
2207 422 2265 482 S.
2305 423 2598 486 CRUCIS.
3333 430 3409 498 3-1

183 512 390 579 συὲνων,
432 514 538 567 τῶν
590 518 1008 586 κατορθούντων
1055 523 1256 594 κλίμαξ
1315 525 1525 595 ὑψοῦσα
1575 531 1710 602 πρὸς
1743 544 1786 598 Α
1814 552 1838 590 v

1746 544 1786 598 Α
1814 536 2118 592 viventium
2144 541 2287 594 scala
2312 543 2364 594 in
2393 543 2594 595 cmlum
2623 541 2942 608 sublevans,
2964 543 3401 603 discordantium

180 609 384 681 σῦρανὺν,
426 609 537 662 τῶν
583 610 893 667 διεστώτων
925 619 1294 686 συναγωγεὺς,
1325 620 1434 672 τῶν
1493 625 1719 694 ὀρθοπο-

178 703 373 755 δούντων
399 703 739 773 εύθυδρομία
786 710 883 759 καὶ
908 711 1182 768 συντονία.
1216 711 1326 762 τῶν
1356 713 1719 768 ἐκκλινάντων

179 794 420 863 διόρθωσις
449 798 547 849 καὶ
595 799 964 870 χειραγωγία,
995 799 1106 854 τῶν
1140 804 1554 871 μετανοούντων
1585 809 1719 862 ἀνα-

178 889 397 951 καίνωσις
425 891 520 942 καὶ
549 891 859 960 ἀναγωγία.

231 981 463 1051 Σταυρὸς,
519 982 632 1036 τῶν
679 984 817 1036 ὅλων
857 986 954 1038 τοῦ
1005 987 1153 1042 θείου
1196 989 1517 1061 Πνεύματος
1557 1011 1716 1065 χαρι-

187 1073 370 1142 σμάτων
398 1074 635 1144 βραϐεὺς
659 1077 754 1130 καὶ
773 1077 960 1148 δοτήρ.
996 1081 1139 1134 Ὅσα
1164 1082 1272 1153 γὰρ
1299 1085 1356 1135 ὲν
1381 1085 1459 1156 τῷ
1493 1086 1716 1158 Χριστῷ

176 1166 370 1232 μένοντα
399 1170 510 1229 τοῖς
533 1166 708 1231 ἀξίοις
755 1171 1190 1242 ἐπιχορηγεῖται,
1218 1176 1304 1230 διὰ
1345 1178 1584 1241 πίστεως
1622 1181 1715 1232 καὶ

173 1258 413 1327 δυνάμεως
448 1260 867 1332 ἐπιχορηγείται
897 1264 991 1317 τοῦ
1029 1269 1284 1339 σταυροῦ.
1325 1270 1585 1338 Σταυρὸς,
1615 1272 1715 1340 φό-

173 1351 258 1402 ϐων
292 1354 636 1423 νυκτερινῶν,
681 1354 856 1425 βελῶν
883 1358 1181 1428 ἡμερινῶν,
1213 1361 1306 1413 καὶ
1345 1363 1546 1424 παντὸς
1572 1364 1715 1434 πρά-

172 1460 345 1511 γματος
373 1445 427 1498 ἐν
466 1446 646 1500 σκότει
676 1446 1144 1520 διαπορευομένου
1169 1493 1184 1516 ,
1226 1453 1322 1505 καὶ
1365 1455 1714 1525 συμπτώμα-

171 1551 241 1595 τος
273 1535 461 1599 παντὸς
499 1539 595 1590 καὶ
637 1538 918 1610 δαιμονίου
959 1543 1183 1609 παντὸς,
1218 1543 1279 1597 ού
1333 1547 1711 1619 μεσημϐρινοῦ

172 1627 321 1696 μόνον,
360 1633 470 1693 τοῖς
510 1631 695 1695 καλῶς
740 1633 905 1686 αὐτὸν
951 1634 1338 1706 ὡπλισμένοις,
1385 1639 1504 1710 ῆτοι
1547 1657 1711 1712 σεση-

170 1721 457 1788 μειωμένοις
480 1762 495 1788 ,
529 1722 878 1794 ἀναιρετικός
910 1725 968 1777 τὲ
1016 1727 1131 1780 ἐστι
1183 1730 1279 1781 καὶ
1313 1730 1707 1801 ἁποτρόπαιος.

221 1811 456 1883 Σταυρδς,
491 1816 545 1866 τί
567 1814 650 1867 δεῖ
679 1820 1091 1890 μακρηγορείν;
1122 1819 1232 1872 τῶν
1264 1823 1594 1892 παναγάθων
1615 1825 1708 1878 τοῦ

1820 636 2168 700 conciliatio,
2213 653 2364 693 recto
2403 641 2540 710 pede
2585 639 2961 696 incedentium
2994 651 3178 697 rectus
3206 658 3404 700 cursus

1818 744 1882 782 ac
1913 730 2193 783 contentio
2215 769 2231 792 ,
2260 731 2657 786 declinantium
2684 733 3000 788 emendatio
3016 734 3407 791 eLmanuduc-

1820 822 1924 886 tio,
1963 824 2348 892 poenitentium
2376 826 2661 881 renovatio
2690 835 2747 881 et
2773 826 3078 882 subvectio.

1888 1005 2034 1061 Crux
2059 1007 2306 1062 omnium
2339 1007 2509 1062 divini
2534 1009 2770 1080 Spiritus
2800 1011 3074 1066 donorum
3103 1014 3310 1069 arbitra
3335 1031 3403 1072 ac

1817 1096 2017 1150 datrix.
2041 1096 2394 1167 Quzecnnque
2417 1100 2564 1152 enim
2590 1102 2642 1153 in
2666 1101 2888 1156 Christo
2913 1105 3190 1158 manentia
3216 1105 3404 1175 dignis

1817 1187 2341 1252 subministrantur,
2394 1206 2493 1259 per
2539 1193 2723 1246 crucis
2769 1193 2928 1247 iidem
2977 1210 3042 1248 ac
3097 1198 3402 1265 potentiam

1815 1280 2328 1335 subministrantur.
2371 1282 2568 1337 Crucis
2595 1298 2658 1337 ea
2687 1285 2789 1346 vis,
2824 1293 2884 1337 ut
2909 1285 2974 1339 iis
3004 1286 3099 1355 qui
3132 1302 3196 1340 ea
3227 1288 3401 1356 probe

1815 1374 2008 1427 armati
2040 1384 2168 1428 sunt
2197 1390 2292 1427 seu
2317 1375 2644 1445 consignati,
2679 1376 2909 1430 timores
2935 1387 3257 1441 nocturnos,
3286 1379 3402 1434 diei

1814 1465 2058 1534 sagittas,
2098 1481 2323 1534 remque
2351 1482 2569 1520 onmem
2613 1468 2667 1521 in
2712 1468 2957 1523 tenebris
2996 1470 3396 1536 ambulantem,

1815 1569 1882 1607 ac
1912 1569 2104 1607 casum
2157 1569 2417 1619 omnem,
2467 1571 2739 1626 omneque
2798 1556 3129 1612 daemonium
3158 1559 3399 1629 (nedum

1813 1645 2207 1718 meridianum)
2233 1647 2520 1703 interimat
2548 1648 2916 1719 proﬂigetque
2939 1650 3006 1704 ³ο.

1881 1825 2027 1881 Crux
2066 1825 2429 1897 (quid'refert
2459 1828 2730 1896 prolixius
2763 1828 3022 1899 dicere?)
3056 1830 3394 1900 Optimorum

165 1903 274 1955 Θεοῦ
296 1906 538 1976 ,δωρεῶν,
575 1902 652 1962 ὧν
691 1911 750 1975 ἐξ
796 1912 991 1975 αίῶνος
1032 1912 1341 1984 ἀνθρώποις
1372 1916 1706 1988 ἐδωρήσατο,
1738 1891 1820 1972 Β]

1742 1891 1784 1949 Β
1812 1917 1907 1972 Dei
1933 1918 2228 1983 donorum,
2249 1933 2368 1986 quae
2388 1933 2417 1971 a
2438 1920 2642 1974 saaculo
2660 1921 2985 1975 mortalibus
3004 1923 3268 1992 elargitus
3289 1933 3397 1987 est,

164 1993 210 2044 τὺ
241 1992 698 2065 Θεοπρεπέστατον
745 2000 842 2051 καὶ
869 2001 1229 2056 τελειότατον.
1275 1997 1443 2067 Οὗτος
1482 2005 1572 2057 τὸν
1602 2005 1710 2058 ὄλι-

166 2085 265 2138 σθον
285 2088 370 2140 τοῦ
399 2091 743 2160 προπάτορος
773 2092 1164 2159 ἀνεκαλέσατο,
1207 2095 1303 2147 καὶ
1338 2096 1440 2167 τὴν
1470 2098 1708 2168 ἀρχαίαν

164 2180 412 2249 ὑπήνοιξεν
449 2182 546 2236 τοῦ
595 2185 931 2254 παραδείσου
979 2189 1214 2259 τρυφήν.
1267 2183 1436 2254 Οὗτος
1477 2191 1576 2262 τὴν
1618 2192 1708 2245 διὰ

161 2273 232 2322 τοῦ
274 2273 420 2336 ξύλου
453 2276 733 2347 κατάραν,
777 2279 858 2340 εἰς
902 2279 1178 2348 εύλογίανο
1214 2280 1314 2352 τὴν
1355 2281 1586 2353 φθορὰν,
1626 2284 1706 2348 εἰς

159 2365 456 2436 ἀφθαρσίαν·
503 2369 605 2440 τὴν
652 2373 903 2441 πικρίαν,
958 2375 1039 2437 είς
1084 2373 1399 2445 γλυκύτητα
1426 2391 1440 2406 ο
1478 2377 1572 2428 καὶ
1600 2377 1704 2446 τὴν

163 2459 437 2528 ὑπερορίαν,
506 2463 590 2525 είς
637 2462 917 2532 βασιλείαν
953 2481 967 2496 ·
1018 2467 1115 2518 καὶ
1164 2466 1259 2519 τὸν
1309 2466 1541 2521 Θάνατον
1574 2486 1706 2538 μετ-

161 2551 418 2605 εσκεύασεν
466 2556 546 2617 εἰς
590 2555 759 2626 ζωήν.
794 2549 984 2622 Οὗτος,
1015 2558 1078 2609 ού
1110 2559 1270 2629 μόνον
1306 2560 1446 2631 πρὸς
1476 2561 1567 2614 τὸν
1593 2562 1704 2615 ἄνω

159 2642 444 2712 παράδεισον
474 2645 686 2707 εἴσοδος
718 2649 814 2702 καί⁵
848 2650 1214 2719 είσαγωγεὺς,
1247 2651 1383 2706 ἀλλὰ
1420 2653 1516 2706 καὶ
1554 2653 1703 2723 ζωῆς

155 2735 288 2800 ὅντως
327 2737 526 2804 ξύλον,
551 2741 742 2813 ὥσπερ
791 2742 871 2814 τῷ
905 2743 1078 2815 λῃστῇ
1121 2745 1413 2817 πρότερον,
1439 2747 1584 2800 οὕτω
1611 2748 1703 2801 καὶ

156 2827 258 2880 πᾶσι
301 2828 628 2885 καθίσταται
678 2834 797 2897 τοῖς
824 2833 941 2905 λτὴν
989 2836 1176 2890 πίστιν
1232 2835 1446 2891 ἐκείνου
1497 2855 1700 2910 μιμου-

156 2919 322 2986 μένοις.

205 3011 383 3068 Τοῦτον
404 3016 432 3068 δ
469 3016 655 3086 μέγας
693 3017 904 3091 Πέτρος
936 3021 1157 3092 κρατῶν
1192 3025 1256 3094 τῇ
1289 3023 1455 3095 χειρὶ,
1496 3025 1591 3077 καὶ
1622 3026 1700 3088 ὡς

154 3103 296 3175 ῥάϐδῳ
327 3113 664 3180 ποιμαντικῇ
722 3111 900 3182 τούτῳ
944 3116 1404 3186 σκηριπτόμενος,
1454 3117 1695 3170 ἀπεϐου-

151 3196 304 3265 ad}.an
351 3199 450 3268 μὲν
504 3202 608 3267 τῆς
651 3202 980 3274 Ἑκκλησίας
1012 3205 1088 3268 ὡς
1137 3205 1428 3260 ἐπίὸουλον
1470 3208 1693 3277 Σίμωνα

150 3285 216 3336 τὸν
242 3290 440 3357 Μάγον,
484 3293 586 3345 καὶ
635 3295 762 3358 τοὺς
809 3295 1008 3360 λύκους
1059 3296 1314 3368 ὲξέτριψε
1358 3299 1457 3367 τῆς
1529 3300 1694 3370 Ἀρα-

149 3377 256 3441 6ίιις·
281 3384 334 3434 ὲν
364 3384 516 3455 αύτῷ
561 3385 622 3438 δὲ
653 3387 722 3439 τὰ
766 3386 1022 3456 πρόσατα
1065 3389 1364 3460 προθύμως
1393 3390 1690 3460 ὲποίμανεν

148 3474 217 3521 καὶ
236 3475 499 3544 ποιμαίνει
532 3477 800 3546 Χριστοῦ.
841 3478 1147 3549 Λήψομαι,
1189 3483 1358 3553 φησὶν
1417 3485 1446 3537 ὁ
1494 3483 1694 3536 Θεσπέ-

148 3579 232 3626 σιος
256 3568 544 3639 Ζαχαρίας,
574 3572 694 3638 τὴν
731 3571 961 3640 ῥάϐδον
1016 3591 1136 3644 μου
1187 3577 1304 3643 τὴν
1331 3577 1532 3644 καλὴν
1573 3577 1686 3649 (τὸν

149 3661 336 3726 σταυρὸν
361 3663 484 3730 ἐμοὶ
509 3663 695 3716 δοκεῖν
724 3665 923 3736 λέγων)
948 3707 963 3732 ,
990 3666 1091 3720 καὶ
1112 3667 1274 3735 ῥίψω
1295 3666 1501 3736 καύτὴν
1521 3668 1698 3721 ἐναν-

147 3751 243 3800 τίον
275 3751 383 3805 τῶν
412 3754 682 3823 ἐχθρῶν,
714 3757 819 3811 καὶ
847 3758 1116 3828 ποιμανῶ
1152 3762 1226 3813 τὰ
1255 3758 1521 3828 πρόϐατά
1555 3777 1699 3829 μου,

144 3840 216 3892 καὶ
244 3841 630 3901 διασκεδάσω
681 3850 799 3917 τὴν
823 3849 986 3922 [Sixt.
1035 3850 1209 3923 αὐτὴν
1228 3851 1323 3904 τοῦ
1346 3853 1703 3906 διασκευάσαι

1810 2011 2260 2081 augustissimum
2293 2011 2894 2083 perfectissimumque.
2932 2014 3063 2068 Haec
3098 2016 3260 2084 primi
3299 2033 3400 2086 pa-

1810 2104 1986 2158 rentis
2016 2103 2232 2157 ruinam
2283 2105 2615 2160 instauravit
2647 2121 2710 2160 ac
2752 2105 2991 2176 paradisi
3017 2107 3275 2176 antiquas
3299 2108 3400 2163 de-

1809 2193 1964 2247 licias
2024 2195 2366 2264 subaperuit.
2434 2196 2559 2250 llaec
2629 2196 2896 2250 invectam
2952 2212 2982 2250 a
3027 2197 3178 2266 ligno
3224 2199 3401 2252 male-

1808 2286 2106 2342 dictionem
2172 2288 2226 2341 in
2299 2288 2793 2353 benedictionem,
2858 2290 3270 2358 corruptionem
3338 2290 3398 2347 in

1808 2375 2278 2446 incorruptionem
2320 2419 2334 2442 ,
2390 2377 2816 2432 amaritudinem
2882 2377 2939 2432 in
2993 2378 3340 2435 dulcedinem
3375 2420 3396 2447 ,

1805 2467 2143 2536 exiliumque
2181 2469 2236 2522 in
2270 2485 2500 2539 regnum
2525 2511 2540 2536 ,
2578 2485 2643 2525 ac
2683 2478 2916 2524 mortem
2952 2471 3006 2525 in
3036 2472 3204 2527 vitam
3244 2490 3398 2528 com-

1804 2561 2059 2614 mutavit.
2091 2558 2217 2614 Haec
2267 2561 2468 2614 nedum
2512 2561 2791 2631 ingressus
2819 2578 2883 2617 ac
2917 2563 3181 2618 admissio
3207 2573 3295 2619 ost
3321 2565 3392 2620 ad

1804 2665 2107 2721 supernum
2158 2653 2510 2721 paradisum,
2549 2653 2646 2707 sed
2686 2661 2744 2707 et
2784 2654 2947 2723 plane
2988 2655 3196 2726 lignum
3240 2656 3389 2723 vitae,

1803 2744 1884 2798 uti
1924 2745 2080 2814 prius
2109 2745 2340 2812 latroni,
2373 2745 2456 2801 sic
2491 2755 2550 2802 et
2580 2747 2920 2818 cunctis'qui
2949 2750 3071 2821 ejus
3101 2749 3392 2806 imitantur

1811 2836 1977 2893 ﬁdem
2008 2837 2075 2889 ³⁸.

1876 3019 2027 3074 Hanc
2075 3033 2308 3089 magnus
2349 3019 2439 3074 ille
2486 3019 2684 3073 Petrus
2725 3034 2892 3074 manu
2933 3027 3147 3085 tenens,
3186 3019 3388 3090 illaque

1799 3115 2058 3178 tanquam
2096 3110 2246 3179 virga
2281 3109 2541 3178 pastorali
2580 3108 2778 3173 nixus,
2824 3109 3103 3164 Simonem
3144 3125 3385 3181 magum,

1799 3202 1952 3255 velut
1976 3201 2070 3270 qui
2119 3202 2375 3256 Ecclesia:
2418 3201 2813 3266 insidiaretur,
2854 3202 3067 3273 abegit,
3116 3203 3386 3274 luposque

1800 3291 2014 3346 Arabiae
2037 3291 2283 3355 extrivit,
2323 3300 2491 3360 atque
2526 3291 2581 3345 in
2603 3292 2694 3345 illa
2729 3307 3001 3362 propense
3026 3294 3229 3349 Christi
3254 3310 3388 3351 oves

1799 3386 1942 3440 rexit
1984 3400 2046 3439 ac
2091 3385 2231 3455 regit
2256 3385 2346 3438 ³⁸⁸.
2382 3383 2638 3450 Sumam,
2687 3387 2765 3439 ait
2806 3385 3028 3440 divinus
3067 3387 3387 3456 Zacharias,

1793 3480 1996 3548 virgam
2013 3493 2183 3530 meam
2202 3476 2475 3546 pulchram
2491 3483 2734 3548 (crucem
2751 3494 2877 3533 eum
2894 3479 3078 3533 dicere
3098 3480 3386 3549 arbitror),

1797 3577 1846 3621 et
1862 3568 2141 3638 projiciam
2162 3584 2275 3622 eam
2297 3576 2482 3622 contra
2500 3569 2760 3635 inimicos,
2779 3579 2828 3622 et
2845 3588 3062 3640 pascam
3078 3588 3192 3624 oves
3215 3588 3383 3638 meas,

1800 3670 1849 3716 et
1871 3661 2134 3731 dissipabo
2164 3662 2328 3731 [trdus
2354 3679 2548 3727 nteant,
2573 3663 2712 3733 quod
2739 3672 2924 3733 pactus
2953 3679 3069 3716 sum
3101 3663 3172 3717 ad
3201 3680 3379 3718 omnes

1803 3753 2023 3824 populos
2050 3754 2114 3807 ³².
2150 3753 2209 3807 In
2243 3769 2408 3808 cruce
2445 3755 2593 3808 enim
2632 3755 2897 3824 dissipata
2937 3753 3160 3824 quidem
3201 3755 3382 3811 littera

1801 3855 1915 3911 est;
1948 3845 2194 3901 reﬂoruit
2221 3862 2358 3902 vero
2399 3862 2461 3902 ac
2509 3863 2566 3901 se
2598 3848 2774 3918 palam
2803 3848 3032 3918 spiritus
3066 3848 3273 3920 prodit.

144 3935 234 4006 τὴν]
281 3937 574 4010 διαθήκην
610 3959 756 4011 μου,
803 3943 883 4010 ἢν
919 3943 1198 4013 διεθέμην
1257 3943 1408 4010 πρὸς
1458 3943 1691 4009 πάντας
1727 3939 1870 4004 τοὺς
1940 3938 2161 4004 λαούς-ο
2213 3939 2271 3992 ὲν
2341 3940 2420 4009 τῷ
2468 3939 2686 4010 σταυρῷ
2716 3940 2845 4011 γὰρ,
2900 3940 2962 3994 τὸ
3010 3942 3243 4012 γράμμα
3285 3940 3384 4012 μὲν

144 4027 505 4102 διεσκέδασται,
564 4037 796 4092 ἁνέθαὶε
863 4039 922 4093 δὲ
976 4039 1070 4092 καὶ
1119 4040 1561 4110 παρρησιάζεται
1618 4038 1680 4091 τὸ
1719 4033 1961 4104 πνεῦμα.

195 4127 372 4183 Τοῦτον
403 4135 502 4186 καὶ
556 4135 587 4186 ὁ
616 4133 1015 4204 ούρανοφοίτης
1049 4135 1265 4197 Παῦλος
1290 4135 1490 4205 ἄριστα
1531 4151 1690 4203 περι·

143 4222 377 4289 φραχθεὶς,
403 4227 595 4280 πᾶσαν
623 4225 990 4295 περιώδευσεν
1016 4228 1116 4299 τὴν
1161 4228 1512 4298 οἰκουμένην,
1543 4227 1690 4296 λογι-

1864 4131 1974 4185 llac
2019 4145 2280 4200 quoque,
2330 4130 2424 4200 qui
2482 4129 2537 4184 in
2591 4129 2731 4184 ccelo
2780 4140 3126 4195 versaretur,
3180 4129 3382 4185 Paulus

1789 4222 1999 4293 Optime
2024 4223 2349 4285 instructus,
2390 4221 2710 4275 universum
2745 4230 3018 4275 terrarum
3054 4221 3244 4275 orbem
3273 4221 3380 4276 cir-

143 4314 275 4376 σμοὺς
325 4318 379 4368 ἐν
411 4317 568 4387 αύτῷ
607 4318 916 4390 καθαιρῶν,
948 4319 1044 4372 καὶ
1085 4321 1192 4374 πᾶν
1225 4319 1429 4390 ὕψωμα
1465 4321 1688 4390 ἑπαιρό-
1785 4329 1798 4367 1

1785 4313 1977 4377 cuivit,
1996 4312 2291 4368 destruens
2315 4314 2370 4366 in
2399 4328 2466 4368 eo
2495 4313 2856 4382 cogitationes
2883 4322 2940 4368 et
2963 4329 3180 4368 omnem
3209 4314 3379 4368 subli-

144 4417 268 4466 μενον
304 4408 439 4461 κατὰ
488 4408 597 4478 τῆς
634 4409 891 4477 γνώσεως
911 4410 1006 4464 τοῦ
1041 4411 1198 4464 Θεοῦ·
1230 4414 1324 4465 καὶ
1345 4411 1685 4482 αἱχμαλωτί-
1785 4423 1799 4461 1

1785 4407 2031 4461 mitatem
2064 4405 2417 4461 extollentem
2452 4421 2509 4459 se
2547 4405 2811 4460 adversus
2835 4405 3122 4460 scientiam
3149 4407 3244 4462 Dei
3279 4445 3294 4468 ,
3323 4414 3379 4460 et

143 4490 223 4554 ξων
247 4501 343 4553 πᾶν
371 4502 556 4572 νόημα
589 4503 673 4566 εἰς
705 4505 806 4573 τὴν
846 4504 1099 4576 ὑπακοὴν
1147 4504 1243 4558 τοῦ
1290 4503 1551 4573 Χριστοῦ.

190 4589 274 4642 Τὸν
319 4596 553 4666 σταυρὸν
605 4596 704 4649 καὶ
743 4596 943 4660 πάντες
992 4597 1282 4650 ἀπόστολοι
1347 4598 1441 4650 καὶ
1484 4596 1683 4660 πάντες

143 4681 385 4755 μᾶρτυρες,
420 4688 596 4759 ίερεῖς
648 4704 711 4740 τε
767 4688 977 4759 Κυρίου
1043 4692 1246 4754 πάντες
1277 4731 1293 4755 ,
1327 4692 1422 4742 καὶ
1482 4689 1684 4753 πάντες

141 4772 242 4826 ὅσιοι
262 4779 460 4846 νοητῶς
482 4779 976 4849 καθοπλιζόμενοιο
1013 4782 1060 4835 oi
1093 4782 1197 4852 μὲν
1222 4782 1364 4835 κατὰ
1401 4782 1501 4852 τῆς
1532 4783 1687 4835 είδωο

1785 4498 2072 4568 captivans
2096 4513 2314 4552 omnem
2337 4513 2558 4552 sensum
2608 4496 2662 4551 in
2692 4498 3016 4568 obsequium
3043 4498 3248 4553 Christi
3278 4499 3378 4557 ³⁸⁸.

1857 4591 2033 4647 Cruce
2068 4605 2260 4646 omnes
2303 4599 2417 4644 tum
2445 4589 2676 4660 apostoli
2704 4601 2817 4646 tum
2862 4599 3152 4661 martyres,
3196 4607 3378 4646 sacer-

1789 4683 2055 4754 dotesque
2098 4682 2314 4737 Domini
2360 4698 2589 4746 omnes,
2637 4697 2701 4736 ac
2745 4682 2818 4752 pii
2866 4697 3061 4737 omnes
3099 4693 3156 4737 et
3198 4682 3374 4737 sancti

1790 4775 2111 4846 spiritaliter
2135 4774 2368 4840 armati;
2403 4774 2616 4843 priores
2634 4775 2880 4844 quidem,
2905 4774 3170 4830 adversus
3197 4775 3372 4830 simu-

141 4861 409 4938 ὶολατρείας
431 4869 724 4942 λαμπρῶς
745 4871 1149 4942 ἀριστεύοντες·
1176 4874 1224 4926 οἱ
1252 4873 1309 4926 δὲ
1334 4873 1475 4926 κατὰ
1502 4874 1686 4943 πάσης
1717 4852 1761 4908 D
1788 4868 1796 4922 Ι

1718 4852 1761 4908 Ῐ)
1788 4868 2062 4924 lacrorum
2105 4867 2348 4932 cultum,
2401 4867 2558 4920 alteri
2607 4878 2826 4933 autem,
2872 4866 3140 4921 adversus
3180 4879 3373 4922 omnes

141 4953 342 5025 ἀνομίας,
376 4961 661 5026 ποικίλοις
694 4963 978 5034 τροπαίοις
1007 4964 1166 5034 νίκης
1195 4965 1292 5018 τὸν
1331 4964 1683 5036 ἐσταυρωμέ-

139 5061 202 5096 νον
231 5048 305 5104 διὰ
331 5051 428 5121 τῆς
457 5053 760 5123 δυνάμεως
790 5054 1107 5120 δοξάζουσιν
1132 5056 1229 5110 τοῦ
1265 5054 1526 5128 σταυροῦ.

186 5226 271 5282 τὸν
300 5232 529 5305 σταυρὸν
579 5232 687 5285 καὶ
733 5233 1142 5297 Κωνσταντίνος
1195 5234 1389 5305 πρώην
1427 5235 1457 5288 ὀ
1500 5237 1678 5305 μέγας

142 5319 243 5383 φωτὶ
280 5327 704 5398 μορφαζόμενον
753 5328 810 5378 ὲν
865 5326 1079 5398 οὐρανῷ
1129 5326 1385 5390 κατιδὼν,
1440 5327 1535 5380 καὶ
1585 5327 1683 5398 τὴν

143 5415 265 5470 αὑτοῦ
297 5421 523 5494 δύναμιν
575 5423 677 5476 διὰ
731 5423 827 5476 τοῦ
873 5423 1044 5477 τύπου
1084 5425 1287 5488 συνεὶς,
1322 5423 1551 5492 ὕστερον
1588 5425 1684 5478 καὶ

143 5505 236 5588 ξῦτὸ
259 5513 418 5570 ἒκεῖνο
465 5517 530 5570 τὸ
574 5516 942 5588 πρωτότυπον
979 5514 1072 5569 τοῦ
1120 5516 1354 5588 σταυροῦ
1393 5516 1550 5581 ξύλον
1573 5556 1590 5581 ,
1627 5517 1684 5568 ὲν

144 5585 606 5678 ᾦπροσηλούμενος
627 5585 642 5588 ⁷
667 5606 948 5678 κατετάθη
977 5605 1215 5677 Χριστὸς
1231 5585 1394 5676 ,νγῆς
1432 5624 1681 5676 κατορω-

1791 4961 2062 5027 haereses,
2094 4961 2362 5030 postremi
2404 4959 2462 5016 αξ
2479 4976 2669 5015 versus
2707 4975 2925 5015 omnem
2958 4958 3373 5030 improbitatem

1788 5063 2014 5109 strenue
2034 5053 2382 5118 dimicantes,
2407 5054 2574 5108 variis
2594 5052 2839 5108 victoria:
2869 5052 3088 5123 trepaais
3110 5066 3210 5121 per
3245 5066 3374 5105 cru-

1787 5149 1866 5202 eis
1905 5147 2209 5218 potentiam
2239 5147 2564 5202 cruciﬁxum
2589 5145 2916 5201 clariﬁcant.

1858 5240 2094 5296 Crucem
2127 5255 2348 5316 quoque
2392 5239 2782 5309 magnusolim
2824 5234 3222 5292 Constantinus
3252 5234 3374 5289 luce

1791 5334 2079 5390 formatam
2113 5350 2241 5390 cum
2274 5333 2328 5386 in
2358 5332 2501 5388 etelo
2529 5331 2780 5396 vidisset,
2805 5347 2981 5400 exque
3004 5330 3200 5400 ﬁgura,
3225 5328 3372 5383 illius

1791 5429 2095 5496 potentiam
2135 5424 2528 5488 intellexisset,
2576 5434 2764 5495 postea
2798 5425 2932 5478 illud
2969 5424 3148 5494 ipsum
3189 5431 3377 5493 proto-

1794 5528 1979 5589 typum
2022 5519 2268 5587 lignum,
2311 5517 2366 5570 in
2410 5531 2522 5586 quo
2559 5515 2815 5570 Christus
2857 5516 3133 5571 distentus
3171 5513 3373 5577 fuerat,

1791 5611 1899 5663 alta
1919 5610 2195 5665 defossum
2220 5609 2410 5673 humo,
2432 5621 2532 5677 per
2554 5607 2922 5662 beatissimam
2944 5607 3114 5677 ipsius
3140 5615 3372 5661 matrem

397 5811 736 5886 ιιηδηει-θ.
815 5814 855 5845 ³⁸
894 5812 1018 5886 Pro.
1051 5830 1132 5879 Ill,
1164 5814 1250 5880 l8;
1286 5814 1420 5871 Luc.
1456 5829 1613 5882 xxiii,
1648 5816 1735 5871 45.
1832 5815 1846 5848 ³

1712 5819 1735 5868 ι.
1832 5815 1910 5848 ³η*
1934 5814 2138 5872 llabac.
2170 5833 2206 5882 t,
2231 5816 2283 5870 8.
2309 5772 2467 5886 Vulg.
2497 5814 2844 5884 vespertinas.
2922 5813 2966 5846 ⁸¹
2990 5812 3132 5869 Zaclt
3178 5828 3248 5875 xu,
3279 5809 3367 5870 10·

145 5867 320 5936 ‘"Phu.
346 5899 420 5949 ιιι,
441 5867 515 5938 2'0
531 5867 553 5948 ;’
575 5883 614 5937 ιι
646 5882 779 5938 Cor.
800 5899 856 5950 ι,
881 5884 933 5938 ι.
