  <div class='ocr_page' id='page_1' title='image "/cluster/home/n/w/nwhite01/storage/ocr_20150623/105/nnc1.0046980105/025.png"; bbox 0 0 4192 6424; ppageno 0'>
   <div class='ocr_carea' id='block_1_1' title="bbox 760 407 2353 479">
    <p class='ocr_par' dir='ltr' id='par_1_1' title="bbox 760 409 2353 479">
     <span class='ocr_line' id='line_1_1' title="bbox 760 409 2353 479; baseline -0.006 0"><span class='ocrx_word' id='word_1_1' title='bbox 760 415 831 479; x_wconf 88' lang='grc'><strong>35</strong></span> <span class='ocrx_word' id='word_1_2' title='bbox 1974 409 2265 471; x_wconf 71' lang='grc' dir='ltr'><strong>ΝΙΟΕΤᾸΞ</strong></span> <span class='ocrx_word' id='word_1_3' title='bbox 2300 410 2353 470; x_wconf 86' lang='grc' dir='ltr'><strong>Ρ.</strong></span> 
     </span>
    </p>
   </div>
   <div class='ocr_carea' id='block_1_2' title="bbox 2448 407 4019 479">
    <p class='ocr_par' dir='ltr' id='par_1_2' title="bbox 2448 407 4019 472">
     <span class='ocr_line' id='line_1_2' title="bbox 2448 407 4019 472; baseline 0.001 -1"><span class='ocrx_word' id='word_1_4' title='bbox 2448 410 2826 472; x_wconf 74' lang='lat' dir='ltr'><strong>HLAGONIS</strong></span> <span class='ocrx_word' id='word_1_5' title='bbox 3944 407 4019 472; x_wconf 80' lang='lat'><strong><em>35</em></strong></span> 
     </span>
    </p>
   </div>
   <div class='ocr_carea' id='block_1_3' title="bbox 754 524 2353 603">
    <p class='ocr_par' dir='ltr' id='par_1_3' title="bbox 754 526 2328 603">
     <span class='ocr_line' id='line_1_3' title="bbox 754 526 2328 603; baseline -0.004 -17"><span class='ocrx_word' id='word_1_6' title='bbox 754 530 1225 603; x_wconf 72' lang='lat' dir='ltr'><strong>(augustissimam</strong></span> <span class='ocrx_word' id='word_1_7' title='bbox 1252 528 1463 584; x_wconf 91' lang='lat' dir='ltr'><strong>scilicet</strong></span> <span class='ocrx_word' id='word_1_8' title='bbox 1488 526 1773 596; x_wconf 80' lang='lat' dir='ltr'><strong>Helenam)</strong></span> <span class='ocrx_word' id='word_1_9' title='bbox 1803 526 2099 598; x_wconf 93' lang='lat' dir='ltr'><strong>diligenter</strong></span> <span class='ocrx_word' id='word_1_10' title='bbox 2124 538 2328 581; x_wconf 89' lang='lat' dir='ltr'><strong>scruta-</strong></span> 
     </span>
    </p>
   </div>
   <div class='ocr_carea' id='block_1_4' title="bbox 2448 524 4019 603">
    <p class='ocr_par' dir='ltr' id='par_1_4' title="bbox 2448 524 4019 599">
     <span class='ocr_line' id='line_1_4' title="bbox 2448 524 4019 599; baseline -0.001 -20"><span class='ocrx_word' id='word_1_11' title='bbox 2448 528 2715 599; x_wconf 82' lang='grc' dir='ltr'>ρυγμένον</span> <span class='ocrx_word' id='word_1_12' title='bbox 2745 526 2986 598; x_wconf 83' lang='grc' dir='ltr'><strong>βάθεσιν,</strong></span> <span class='ocrx_word' id='word_1_13' title='bbox 3023 526 3113 580; x_wconf 79' lang='grc' dir='ltr'><strong>διὰ</strong></span> <span class='ocrx_word' id='word_1_14' title='bbox 3136 525 3236 596; x_wconf 82' lang='grc' dir='ltr'>τῆς</span> <span class='ocrx_word' id='word_1_15' title='bbox 3273 524 3567 588; x_wconf 63' lang='grc' dir='ltr'>πανολᾶας</span> <span class='ocrx_word' id='word_1_16' title='bbox 3590 524 3756 580; x_wconf 77' lang='grc' dir='ltr'>αὐτοῦ</span> <span class='ocrx_word' id='word_1_17' title='bbox 3788 527 4019 597; x_wconf 64' lang='grc' dir='ltr'>μητρις,</span> 
     </span>
    </p>
   </div>
   <div class='ocr_carea' id='block_1_5' title="bbox 754 619 2340 693">
    <p class='ocr_par' dir='ltr' id='par_1_5' title="bbox 754 619 2340 693">
     <span class='ocr_line' id='line_1_5' title="bbox 754 619 2340 693; baseline -0.003 -16"><span class='ocrx_word' id='word_1_18' title='bbox 754 634 846 677; x_wconf 89' lang='lat' dir='ltr'><strong>tus</strong></span> <span class='ocrx_word' id='word_1_19' title='bbox 872 622 1114 693; x_wconf 87' lang='lat' dir='ltr'><strong>reperit,</strong></span> <span class='ocrx_word' id='word_1_20' title='bbox 1157 631 1548 691; x_wconf 89' lang='lat' dir='ltr'><strong>repertumque</strong></span> <span class='ocrx_word' id='word_1_21' title='bbox 1593 619 1845 689; x_wconf 78' lang='lat' dir='ltr'><strong>religiose</strong></span> <span class='ocrx_word' id='word_1_22' title='bbox 1896 619 2036 674; x_wconf 87' lang='lat' dir='ltr'><strong>adeo</strong></span> <span class='ocrx_word' id='word_1_23' title='bbox 2077 620 2249 674; x_wconf 92' lang='lat' dir='ltr'><strong>coluit</strong></span> <span class='ocrx_word' id='word_1_24' title='bbox 2283 628 2340 674; x_wconf 92' lang='lat' dir='ltr'><strong>et</strong></span> 
     </span>
    </p>
   </div>
   <div class='ocr_carea' id='block_1_6' title="bbox 753 710 2337 785">
    <p class='ocr_par' dir='ltr' id='par_1_6' title="bbox 753 710 2337 785">
     <span class='ocr_line' id='line_1_6' title="bbox 753 710 2337 785; baseline -0.005 -14"><span class='ocrx_word' id='word_1_25' title='bbox 753 715 1051 779; x_wconf 85' lang='lat' dir='ltr'><strong>exaltavit,</strong></span> <span class='ocrx_word' id='word_1_26' title='bbox 1106 721 1167 767; x_wconf 90' lang='lat' dir='ltr'><strong>ut</strong></span> <span class='ocrx_word' id='word_1_27' title='bbox 1195 713 1316 785; x_wconf 83' lang='lat' dir='ltr'><strong>ejus</strong></span> <span class='ocrx_word' id='word_1_28' title='bbox 1346 713 1508 785; x_wconf 85' lang='lat' dir='ltr'><strong>longe</strong></span> <span class='ocrx_word' id='word_1_29' title='bbox 1538 711 1760 767; x_wconf 75' lang='lat' dir='ltr'><strong>claritas</strong></span> <span class='ocrx_word' id='word_1_30' title='bbox 1801 710 1857 766; x_wconf 94' lang='lat' dir='ltr'><strong>in</strong></span> <span class='ocrx_word' id='word_1_31' title='bbox 1890 726 2111 766; x_wconf 91' lang='lat' dir='ltr'><strong>omnem</strong></span> <span class='ocrx_word' id='word_1_32' title='bbox 2149 710 2337 765; x_wconf 89' lang='lat' dir='ltr'><strong>orbem</strong></span> 
     </span>
    </p>
   </div>
   <div class='ocr_carea' id='block_1_7' title="bbox 752 804 1042 858">
    <p class='ocr_par' dir='ltr' id='par_1_7' title="bbox 752 804 1042 858">
     <span class='ocr_line' id='line_1_7' title="bbox 752 804 1042 858; baseline -0.01 0"><span class='ocrx_word' id='word_1_33' title='bbox 752 804 1042 858; x_wconf 85' lang='lat' dir='ltr'><strong>exuberet.</strong></span> 
     </span>
    </p>
   </div>
   <div class='ocr_carea' id='block_1_8' title="bbox 821 981 2332 1055">
    <p class='ocr_par' dir='ltr' id='par_1_8' title="bbox 821 981 2332 1055">
     <span class='ocr_line' id='line_1_8' title="bbox 821 981 2332 1055; baseline -0.005 -14"><span class='ocrx_word' id='word_1_34' title='bbox 821 986 958 1053; x_wconf 82' lang='lat' dir='ltr'><strong>Quis</strong></span> <span class='ocrx_word' id='word_1_35' title='bbox 990 1000 1123 1039; x_wconf 87' lang='lat' dir='ltr'><strong>vero</strong></span> <span class='ocrx_word' id='word_1_36' title='bbox 1148 985 1225 1040; x_wconf 90' lang='lat' dir='ltr'><strong>illi</strong></span> <span class='ocrx_word' id='word_1_37' title='bbox 1250 1000 1349 1055; x_wconf 76' lang='lat' dir='ltr'><strong>spe</strong></span> <span class='ocrx_word' id='word_1_38' title='bbox 1383 984 1692 1048; x_wconf 84' lang='lat' dir='ltr'><strong>devinctus,</strong></span> <span class='ocrx_word' id='word_1_39' title='bbox 1716 983 1783 1037; x_wconf 87' lang='lat' dir='ltr'><strong>ad</strong></span> <span class='ocrx_word' id='word_1_40' title='bbox 1807 983 1928 1053; x_wconf 87' lang='lat' dir='ltr'><strong>ejus</strong></span> <span class='ocrx_word' id='word_1_41' title='bbox 1953 981 2332 1037; x_wconf 89' lang='lat' dir='ltr'><strong>adorationem</strong></span> 
     </span>
    </p>
   </div>
   <div class='ocr_carea' id='block_1_9' title="bbox 752 1073 2339 1146">
    <p class='ocr_par' dir='ltr' id='par_1_9' title="bbox 752 1073 2339 1146">
     <span class='ocr_line' id='line_1_9' title="bbox 752 1073 2339 1146; baseline -0.004 -13"><span class='ocrx_word' id='word_1_42' title='bbox 752 1096 862 1133; x_wconf 87' lang='lat' dir='ltr'><strong>non</strong></span> <span class='ocrx_word' id='word_1_43' title='bbox 897 1079 1339 1144; x_wconf 84' lang='lat' dir='ltr'><strong>occurrit?Quis</strong></span> <span class='ocrx_word' id='word_1_44' title='bbox 1369 1094 1478 1131; x_wconf 89' lang='lat' dir='ltr'><strong>non</strong></span> <span class='ocrx_word' id='word_1_45' title='bbox 1512 1078 1899 1146; x_wconf 77' lang='lat' dir='ltr'><strong>exaltatatque</strong></span> <span class='ocrx_word' id='word_1_46' title='bbox 1916 1074 2107 1130; x_wconf 88' lang='lat' dir='ltr'><strong>adorat</strong></span> <span class='ocrx_word' id='word_1_47' title='bbox 2125 1073 2339 1129; x_wconf 89' lang='lat' dir='ltr'><strong>scabel-</strong></span> 
     </span>
    </p>
   </div>
   <div class='ocr_carea' id='block_1_10' title="bbox 752 1167 2339 1245">
    <p class='ocr_par' dir='ltr' id='par_1_10' title="bbox 752 1167 2339 1245">
     <span class='ocr_line' id='line_1_10' title="bbox 752 1167 2339 1245; baseline -0.004 -17"><span class='ocrx_word' id='word_1_48' title='bbox 752 1174 866 1228; x_wconf 85' lang='lat' dir='ltr'><strong>lum</strong></span> <span class='ocrx_word' id='word_1_49' title='bbox 902 1174 1102 1245; x_wconf 90' lang='lat' dir='ltr'><strong>pedum</strong></span> <span class='ocrx_word' id='word_1_50' title='bbox 1134 1173 1345 1227; x_wconf 80' lang='lat' dir='ltr'><strong>Domini</strong></span> <span class='ocrx_word' id='word_1_51' title='bbox 1383 1173 1478 1226; x_wconf 89' lang='lat' dir='ltr'><strong>Dei</strong></span> <span class='ocrx_word' id='word_1_52' title='bbox 1506 1172 1700 1229; x_wconf 85' lang='lat' dir='ltr'><strong>nostri.</strong></span> <span class='ocrx_word' id='word_1_53' title='bbox 1727 1171 1855 1240; x_wconf 85' lang='lat' dir='ltr'><strong>quia</strong></span> <span class='ocrx_word' id='word_1_54' title='bbox 1896 1179 2121 1225; x_wconf 81' lang='lat' dir='ltr'><strong>sanctus</strong></span> <span class='ocrx_word' id='word_1_55' title='bbox 2148 1178 2231 1223; x_wconf 89' lang='lat' dir='ltr'><strong>est</strong></span> <span class='ocrx_word' id='word_1_56' title='bbox 2254 1167 2339 1221; x_wconf 83' lang='lat'><strong>”?</strong></span> 
     </span>
    </p>
   </div>
   <div class='ocr_carea' id='block_1_11' title="bbox 752 1264 2335 1333">
    <p class='ocr_par' dir='ltr' id='par_1_11' title="bbox 752 1264 2335 1333">
     <span class='ocr_line' id='line_1_11' title="bbox 752 1264 2335 1333; baseline -0.005 -12"><span class='ocrx_word' id='word_1_57' title='bbox 752 1266 890 1333; x_wconf 83' lang='lat' dir='ltr'><strong>Quis</strong></span> <span class='ocrx_word' id='word_1_58' title='bbox 918 1282 1022 1319; x_wconf 89' lang='lat' dir='ltr'><strong>non</strong></span> <span class='ocrx_word' id='word_1_59' title='bbox 1053 1264 1239 1319; x_wconf 86' lang='lat' dir='ltr'><strong>laudat</strong></span> <span class='ocrx_word' id='word_1_60' title='bbox 1266 1281 1347 1319; x_wconf 59' lang='lat' dir='ltr'><strong>\ac</strong></span> <span class='ocrx_word' id='word_1_61' title='bbox 1382 1264 1849 1333; x_wconf 80' lang='lat' dir='ltr'><strong>magnificatcam,</strong></span> <span class='ocrx_word' id='word_1_62' title='bbox 1874 1278 1997 1331; x_wconf 72' lang='lat' dir='ltr'><strong>qua:</strong></span> <span class='ocrx_word' id='word_1_63' title='bbox 2024 1269 2335 1316; x_wconf 86' lang='lat' dir='ltr'><strong>emortuum</strong></span> 
     </span>
    </p>
   </div>
   <div class='ocr_carea' id='block_1_12' title="bbox 754 1352 2333 1429">
    <p class='ocr_par' dir='ltr' id='par_1_12' title="bbox 754 1352 2333 1429">
     <span class='ocr_line' id='line_1_12' title="bbox 754 1352 2333 1429; baseline -0.004 -17"><span class='ocrx_word' id='word_1_64' title='bbox 754 1370 929 1429; x_wconf 80' lang='lat' dir='ltr'><strong>genus</strong></span> <span class='ocrx_word' id='word_1_65' title='bbox 953 1366 1201 1412; x_wconf 92' lang='lat' dir='ltr'><strong>nostrum</strong></span> <span class='ocrx_word' id='word_1_66' title='bbox 1236 1372 1302 1410; x_wconf 74' lang='lat' dir='ltr'><strong>ex</strong></span> <span class='ocrx_word' id='word_1_67' title='bbox 1329 1367 1503 1410; x_wconf 84' lang='lat' dir='ltr'><strong>morte</strong></span> <span class='ocrx_word' id='word_1_68' title='bbox 1529 1365 1585 1410; x_wconf 90' lang='lat' dir='ltr'><strong>ct</strong></span> <span class='ocrx_word' id='word_1_69' title='bbox 1623 1354 1824 1408; x_wconf 84' lang='lat' dir='ltr'><strong>inferni</strong></span> <span class='ocrx_word' id='word_1_70' title='bbox 1848 1354 2158 1424; x_wconf 87' lang='lat' dir='ltr'><strong>perditione</strong></span> <span class='ocrx_word' id='word_1_71' title='bbox 2182 1352 2333 1407; x_wconf 83' lang='lat' dir='ltr'><strong>exal-</strong></span> 
     </span>
    </p>
   </div>
   <div class='ocr_carea' id='block_1_13' title="bbox 757 1446 2335 1516">
    <p class='ocr_par' dir='ltr' id='par_1_13' title="bbox 757 1446 2335 1516">
     <span class='ocr_line' id='line_1_13' title="bbox 757 1446 2335 1516; baseline -0.003 -12"><span class='ocrx_word' id='word_1_72' title='bbox 757 1449 897 1504; x_wconf 87' lang='lat' dir='ltr'><strong>tavit</strong></span> <span class='ocrx_word' id='word_1_73' title='bbox 942 1456 1001 1502; x_wconf 89' lang='lat' dir='ltr'><strong>et</strong></span> <span class='ocrx_word' id='word_1_74' title='bbox 1051 1447 1397 1502; x_wconf 85' lang='lat' dir='ltr'><strong>vivificavit?</strong></span> <span class='ocrx_word' id='word_1_75' title='bbox 1444 1447 1600 1502; x_wconf 86' lang='lat' dir='ltr'><strong>Nunc</strong></span> <span class='ocrx_word' id='word_1_76' title='bbox 1655 1446 1896 1515; x_wconf 75' lang='lat' dir='ltr'><strong>gaudent</strong></span> <span class='ocrx_word' id='word_1_77' title='bbox 1946 1446 2124 1516; x_wconf 80' lang='lat' dir='ltr'><strong>angeli</strong></span> <span class='ocrx_word' id='word_1_78' title='bbox 2171 1453 2335 1515; x_wconf 90' lang='lat' dir='ltr'><strong>atque</strong></span> 
     </span>
    </p>
   </div>
   <div class='ocr_carea' id='block_1_14' title="bbox 752 1538 2335 1608">
    <p class='ocr_par' dir='ltr' id='par_1_14' title="bbox 752 1538 2335 1608">
     <span class='ocr_line' id='line_1_14' title="bbox 752 1538 2335 1608; baseline -0.003 -11"><span class='ocrx_word' id='word_1_79' title='bbox 752 1540 1030 1597; x_wconf 80' lang='lat' dir='ltr'><strong>exsultant</strong></span> <span class='ocrx_word' id='word_1_80' title='bbox 1075 1539 1407 1608; x_wconf 83' lang='lat' dir='ltr'><strong>archangeli,</strong></span> <span class='ocrx_word' id='word_1_81' title='bbox 1442 1554 1565 1591; x_wconf 92' lang='lat' dir='ltr'><strong>eum</strong></span> <span class='ocrx_word' id='word_1_82' title='bbox 1594 1540 1797 1607; x_wconf 88' lang='lat' dir='ltr'><strong>quibus</strong></span> <span class='ocrx_word' id='word_1_83' title='bbox 1820 1538 1982 1592; x_wconf 89' lang='lat' dir='ltr'><strong>etiam</strong></span> <span class='ocrx_word' id='word_1_84' title='bbox 2008 1538 2207 1592; x_wconf 87' lang='lat' dir='ltr'><strong>choros</strong></span> <span class='ocrx_word' id='word_1_85' title='bbox 2229 1538 2335 1592; x_wconf 88' lang='lat' dir='ltr'><strong>du—</strong></span> 
     </span>
    </p>
   </div>
   <div class='ocr_carea' id='block_1_15' title="bbox 752 1632 2330 1703">
    <p class='ocr_par' dir='ltr' id='par_1_15' title="bbox 752 1632 2330 1703">
     <span class='ocr_line' id='line_1_15' title="bbox 752 1632 2330 1703; baseline -0.002 -15"><span class='ocrx_word' id='word_1_86' title='bbox 752 1642 887 1689; x_wconf 88' lang='lat' dir='ltr'><strong>cunt</strong></span> <span class='ocrx_word' id='word_1_87' title='bbox 914 1632 1345 1703; x_wconf 87' lang='lat' dir='ltr'><strong>supermundani</strong></span> <span class='ocrx_word' id='word_1_88' title='bbox 1383 1632 1725 1701; x_wconf 84' lang='lat' dir='ltr'><strong>principatus</strong></span> <span class='ocrx_word' id='word_1_89' title='bbox 1770 1640 1826 1685; x_wconf 91' lang='lat' dir='ltr'><strong>et</strong></span> <span class='ocrx_word' id='word_1_90' title='bbox 1862 1640 2181 1700; x_wconf 81' lang='lat' dir='ltr'><strong>potestates,</strong></span> <span class='ocrx_word' id='word_1_91' title='bbox 2210 1646 2330 1685; x_wconf 90' lang='lat' dir='ltr'><strong>om—</strong></span> 
     </span>
    </p>
   </div>
   <div class='ocr_carea' id='block_1_16' title="bbox 753 1721 2332 1794">
    <p class='ocr_par' dir='ltr' id='par_1_16' title="bbox 753 1721 2332 1794">
     <span class='ocr_line' id='line_1_16' title="bbox 753 1721 2332 1794; baseline -0.001 -16"><span class='ocrx_word' id='word_1_92' title='bbox 753 1741 961 1794; x_wconf 86' lang='lat' dir='ltr'><strong>nesque</strong></span> <span class='ocrx_word' id='word_1_93' title='bbox 995 1726 1258 1779; x_wconf 67' lang='lat' dir='ltr'><strong>caelorum</strong></span> <span class='ocrx_word' id='word_1_94' title='bbox 1292 1724 1523 1777; x_wconf 78' lang='lat' dir='ltr'><strong>virtutes</strong></span> <span class='ocrx_word' id='word_1_95' title='bbox 1552 1765 1566 1788; x_wconf 93' lang='lat'><strong>,</strong></span> <span class='ocrx_word' id='word_1_96' title='bbox 1599 1721 1977 1792; x_wconf 86' lang='lat' dir='ltr'><strong>invisibilique</strong></span> <span class='ocrx_word' id='word_1_97' title='bbox 2017 1723 2332 1791; x_wconf 63' lang='lat' dir='ltr'><strong>prasentia,</strong></span> 
     </span>
    </p>
   </div>
   <div class='ocr_carea' id='block_1_17' title="bbox 755 1814 2332 1883">
    <p class='ocr_par' dir='ltr' id='par_1_17' title="bbox 755 1814 2332 1883">
     <span class='ocr_line' id='line_1_17' title="bbox 755 1814 2332 1883; baseline -0.003 -11"><span class='ocrx_word' id='word_1_98' title='bbox 755 1819 1051 1873; x_wconf 82' lang='lat' dir='ltr'><strong>salutarem</strong></span> <span class='ocrx_word' id='word_1_99' title='bbox 1087 1824 1205 1869; x_wconf 93' lang='lat' dir='ltr'><strong>toto</strong></span> <span class='ocrx_word' id='word_1_100' title='bbox 1231 1814 1367 1868; x_wconf 88' lang='lat' dir='ltr'><strong>orbe</strong></span> <span class='ocrx_word' id='word_1_101' title='bbox 1400 1814 1619 1869; x_wconf 87' lang='lat' dir='ltr'><strong>adorari</strong></span> <span class='ocrx_word' id='word_1_102' title='bbox 1649 1823 1814 1883; x_wconf 89' lang='lat' dir='ltr'><strong>atque</strong></span> <span class='ocrx_word' id='word_1_103' title='bbox 1854 1814 2082 1867; x_wconf 81' lang='lat' dir='ltr'><strong>exaltari</strong></span> <span class='ocrx_word' id='word_1_104' title='bbox 2111 1828 2332 1868; x_wconf 90' lang='lat' dir='ltr'><strong>crucem</strong></span> 
     </span>
    </p>
   </div>
   <div class='ocr_carea' id='block_1_18' title="bbox 2441 619 4025 691">
    <p class='ocr_par' dir='ltr' id='par_1_18' title="bbox 2441 619 4025 691">
     <span class='ocr_line' id='line_1_18' title="bbox 2441 619 4025 691; baseline -0.002 -18"><span class='ocrx_word' id='word_1_105' title='bbox 2441 621 2542 691; x_wconf 81' lang='grc' dir='ltr'>τῆς</span> <span class='ocrx_word' id='word_1_106' title='bbox 2581 619 2971 691; x_wconf 81' lang='grc' dir='ltr'>κοσμιωτάτης</span> <span class='ocrx_word' id='word_1_107' title='bbox 2999 619 3216 687; x_wconf 79' lang='grc' dir='ltr'>Ἑλένης</span> <span class='ocrx_word' id='word_1_108' title='bbox 3250 619 3415 688; x_wconf 83' lang='grc' dir='ltr'>λέγω,</span> <span class='ocrx_word' id='word_1_109' title='bbox 3463 619 3765 688; x_wconf 75' lang='grc' dir='ltr'><strong>φιλοπόνως</strong></span> <span class='ocrx_word' id='word_1_110' title='bbox 3794 619 4025 688; x_wconf 80' lang='grc' dir='ltr'>ἀνερευ-</span> 
     </span>
    </p>
   </div>
   <div class='ocr_carea' id='block_1_19' title="bbox 2440 707 4021 783">
    <p class='ocr_par' dir='ltr' id='par_1_19' title="bbox 2440 707 4021 783">
     <span class='ocr_line' id='line_1_19' title="bbox 2440 707 4021 783; baseline -0.001 -18"><span class='ocrx_word' id='word_1_111' title='bbox 2440 712 2745 783; x_wconf 81' lang='grc' dir='ltr'>νησάμενος</span> <span class='ocrx_word' id='word_1_112' title='bbox 2773 707 2967 783; x_wconf 68' lang='grc' dir='ltr'>εῦρεψ</span> <span class='ocrx_word' id='word_1_113' title='bbox 2999 713 3093 765; x_wconf 78' lang='grc' dir='ltr'>καὶ</span> <span class='ocrx_word' id='word_1_114' title='bbox 3128 712 3327 781; x_wconf 82' lang='grc' dir='ltr'>εὑρὼν,</span> <span class='ocrx_word' id='word_1_115' title='bbox 3367 712 3633 781; x_wconf 80' lang='grc' dir='ltr'>φιλοθέως</span> <span class='ocrx_word' id='word_1_116' title='bbox 3669 710 3930 780; x_wconf 77' lang='grc' dir='ltr'>ὲτίμησίν</span> <span class='ocrx_word' id='word_1_117' title='bbox 3956 728 4021 763; x_wconf 75' lang='grc' dir='ltr'><strong>τε</strong></span> 
     </span>
    </p>
   </div>
   <div class='ocr_carea' id='block_1_20' title="bbox 2439 805 4021 876">
    <p class='ocr_par' dir='ltr' id='par_1_20' title="bbox 2439 805 4021 876">
     <span class='ocr_line' id='line_1_20' title="bbox 2439 805 4021 876; baseline -0.001 -15"><span class='ocrx_word' id='word_1_118' title='bbox 2439 808 2535 861; x_wconf 58' lang='grc' dir='ltr'><strong>καὶ⁵</strong></span> <span class='ocrx_word' id='word_1_119' title='bbox 2568 806 2784 875; x_wconf 78' lang='grc' dir='ltr'><strong>ὕψωσεν</strong></span> <span class='ocrx_word' id='word_1_120' title='bbox 2817 807 2911 860; x_wconf 75' lang='grc' dir='ltr'><strong>ἐπὶ</strong></span> <span class='ocrx_word' id='word_1_121' title='bbox 2939 805 3227 871; x_wconf 88' lang='grc' dir='ltr'>τοσοῦτον,</span> <span class='ocrx_word' id='word_1_122' title='bbox 3261 805 3337 869; x_wconf 82' lang='grc' dir='ltr'>ὡς</span> <span class='ocrx_word' id='word_1_123' title='bbox 3384 807 3485 876; x_wconf 78' lang='grc' dir='ltr'><strong>τὴν</strong></span> <span class='ocrx_word' id='word_1_124' title='bbox 3526 805 3693 860; x_wconf 83' lang='grc' dir='ltr'>αὑτοῦ</span> <span class='ocrx_word' id='word_1_125' title='bbox 3727 805 3886 871; x_wconf 80' lang='grc' dir='ltr'>δόξαν</span> <span class='ocrx_word' id='word_1_126' title='bbox 3932 806 4021 869; x_wconf 82' lang='grc' dir='ltr'><strong>είς</strong></span> 
     </span>
    </p>
   </div>
   <div class='ocr_carea' id='block_1_21' title="bbox 2439 897 3454 971">
    <p class='ocr_par' dir='ltr' id='par_1_21' title="bbox 2439 897 3454 971">
     <span class='ocr_line' id='line_1_21' title="bbox 2439 897 3454 971; baseline -0.002 -17"><span class='ocrx_word' id='word_1_127' title='bbox 2439 902 2621 954; x_wconf 78' lang='grc' dir='ltr'>πᾶσαν</span> <span class='ocrx_word' id='word_1_128' title='bbox 2655 899 3148 971; x_wconf 83' lang='grc' dir='ltr'>ύπερπερισσεύειν</span> <span class='ocrx_word' id='word_1_129' title='bbox 3190 897 3289 964; x_wconf 77' lang='grc' dir='ltr'>τὴν</span> <span class='ocrx_word' id='word_1_130' title='bbox 3326 898 3454 967; x_wconf 78' lang='grc' dir='ltr'>γῆν.</span> 
     </span>
    </p>
   </div>
   <div class='ocr_carea' id='block_1_22' title="bbox 2508 990 4029 1066">
    <p class='ocr_par' dir='ltr' id='par_1_22' title="bbox 2508 990 4029 1066">
     <span class='ocr_line' id='line_1_22' title="bbox 2508 990 4029 1066; baseline 0.001 -21"><span class='ocrx_word' id='word_1_131' title='bbox 2508 992 2618 1045; x_wconf 74' lang='grc' dir='ltr'><strong>Καὶ</strong></span> <span class='ocrx_word' id='word_1_132' title='bbox 2669 992 2752 1055; x_wconf 87' lang='grc' dir='ltr'><strong>τίς</strong></span> <span class='ocrx_word' id='word_1_133' title='bbox 2798 991 2908 1044; x_wconf 84' lang='grc' dir='ltr'><strong>τῶν</strong></span> <span class='ocrx_word' id='word_1_134' title='bbox 2949 994 3030 1055; x_wconf 79' lang='grc' dir='ltr'><strong>είς</strong></span> <span class='ocrx_word' id='word_1_135' title='bbox 3082 990 3247 1045; x_wconf 74' lang='grc' dir='ltr'>αὐτὸν</span> <span class='ocrx_word' id='word_1_136' title='bbox 3291 992 3606 1061; x_wconf 76' lang='grc' dir='ltr'>ὴλπικότων</span> <span class='ocrx_word' id='word_1_137' title='bbox 3650 994 3752 1047; x_wconf 80' lang='grc' dir='ltr'>οὐκ</span> <span class='ocrx_word' id='word_1_138' title='bbox 3799 995 4029 1066; x_wconf 78' lang='grc' dir='ltr'><strong>ἀπαντᾷ</strong></span> 
     </span>
    </p>
   </div>
   <div class='ocr_carea' id='block_1_23' title="bbox 2438 1083 4027 1157">
    <p class='ocr_par' dir='ltr' id='par_1_23' title="bbox 2438 1083 4027 1157">
     <span class='ocr_line' id='line_1_23' title="bbox 2438 1083 4027 1157; baseline 0 -18"><span class='ocrx_word' id='word_1_139' title='bbox 2438 1086 2576 1157; x_wconf 79' lang='grc' dir='ltr'>πρὸς</span> <span class='ocrx_word' id='word_1_140' title='bbox 2624 1085 2721 1153; x_wconf 87' lang='grc' dir='ltr'>τὴν</span> <span class='ocrx_word' id='word_1_141' title='bbox 2771 1083 2965 1138; x_wconf 88' lang='grc' dir='ltr'>τούτου</span> <span class='ocrx_word' id='word_1_142' title='bbox 3019 1085 3441 1156; x_wconf 82' lang='grc' dir='ltr'>προσκύνησιν;</span> <span class='ocrx_word' id='word_1_143' title='bbox 3474 1085 3570 1148; x_wconf 85' lang='grc' dir='ltr'>Τίς</span> <span class='ocrx_word' id='word_1_144' title='bbox 3615 1086 3713 1155; x_wconf 79' lang='grc' dir='ltr'><strong>οὐχ</strong></span> <span class='ocrx_word' id='word_1_145' title='bbox 3753 1087 3880 1156; x_wconf 79' lang='grc' dir='ltr'>ύψοῖ</span> <span class='ocrx_word' id='word_1_146' title='bbox 3926 1090 4027 1141; x_wconf 75' lang='grc' dir='ltr'>καὶ</span> 
     </span>
    </p>
   </div>
   <div class='ocr_carea' id='block_1_24' title="bbox 2437 1177 4028 1249">
    <p class='ocr_par' dir='ltr' id='par_1_24' title="bbox 2437 1177 4028 1249">
     <span class='ocr_line' id='line_1_24' title="bbox 2437 1177 4028 1249; baseline 0.002 -19"><span class='ocrx_word' id='word_1_147' title='bbox 2437 1181 2734 1249; x_wconf 86' lang='grc' dir='ltr'>προσκυνεῖ</span> <span class='ocrx_word' id='word_1_148' title='bbox 2764 1177 2846 1247; x_wconf 84' lang='grc' dir='ltr'><strong>τῷ</strong></span> <span class='ocrx_word' id='word_1_149' title='bbox 2874 1178 3155 1245; x_wconf 80' lang='grc' dir='ltr'>ὑποποδίῳ</span> <span class='ocrx_word' id='word_1_150' title='bbox 3194 1178 3402 1248; x_wconf 83' lang='grc' dir='ltr'>Κυρίου</span> <span class='ocrx_word' id='word_1_151' title='bbox 3436 1178 3531 1231; x_wconf 87' lang='grc' dir='ltr'><strong>τοῦ</strong></span> <span class='ocrx_word' id='word_1_152' title='bbox 3560 1177 3696 1230; x_wconf 87' lang='grc' dir='ltr'>Θεοῦ</span> <span class='ocrx_word' id='word_1_153' title='bbox 3733 1180 3913 1249; x_wconf 81' lang='grc' dir='ltr'>ήμῶν,</span> <span class='ocrx_word' id='word_1_154' title='bbox 3937 1182 4028 1233; x_wconf 84' lang='grc' dir='ltr'>ὅτι</span> 
     </span>
    </p>
   </div>
   <div class='ocr_carea' id='block_1_25' title="bbox 2437 1265 4028 1337">
    <p class='ocr_par' dir='ltr' id='par_1_25' title="bbox 2437 1265 4028 1337">
     <span class='ocr_line' id='line_1_25' title="bbox 2437 1265 4028 1337; baseline -0.002 -14"><span class='ocrx_word' id='word_1_155' title='bbox 2437 1269 2592 1337; x_wconf 75' lang='grc' dir='ltr'>ἅγιός</span> <span class='ocrx_word' id='word_1_156' title='bbox 2629 1271 2821 1333; x_wconf 71' lang='lat' dir='ltr'><strong>iac-rw;</strong></span> <span class='ocrx_word' id='word_1_157' title='bbox 2858 1269 2952 1331; x_wconf 88' lang='grc' dir='ltr'>Τίς</span> <span class='ocrx_word' id='word_1_158' title='bbox 3007 1268 3070 1320; x_wconf 81' lang='grc' dir='ltr'><strong>ού</strong></span> <span class='ocrx_word' id='word_1_159' title='bbox 3106 1265 3320 1332; x_wconf 74' lang='grc' dir='ltr'>δοξάζει</span> <span class='ocrx_word' id='word_1_160' title='bbox 3373 1267 3467 1320; x_wconf 74' lang='grc' dir='ltr'><strong>καὶ</strong></span> <span class='ocrx_word' id='word_1_161' title='bbox 3506 1266 3798 1336; x_wconf 85' lang='grc' dir='ltr'>μεγαλύνει</span> <span class='ocrx_word' id='word_1_162' title='bbox 3830 1268 3923 1321; x_wconf 78' lang='grc' dir='ltr'>τὸν</span> <span class='ocrx_word' id='word_1_163' title='bbox 3957 1269 4028 1320; x_wconf 80' lang='grc' dir='ltr'>ἐκ</span> 
     </span>
    </p>
   </div>
   <div class='ocr_carea' id='block_1_26' title="bbox 2439 1357 4029 1429">
    <p class='ocr_par' dir='ltr' id='par_1_26' title="bbox 2439 1357 4029 1429">
     <span class='ocr_line' id='line_1_26' title="bbox 2439 1357 4029 1429; baseline -0.003 -15"><span class='ocrx_word' id='word_1_164' title='bbox 2439 1361 2667 1415; x_wconf 87' lang='grc' dir='ltr'>θανάτου</span> <span class='ocrx_word' id='word_1_165' title='bbox 2717 1362 2812 1414; x_wconf 75' lang='grc' dir='ltr'>καὶ</span> <span class='ocrx_word' id='word_1_166' title='bbox 2858 1359 3133 1422; x_wconf 74' lang='grc' dir='ltr'>ἀπωλείας</span> <span class='ocrx_word' id='word_1_167' title='bbox 3162 1357 3309 1429; x_wconf 73' lang='grc' dir='ltr'>ᾅδου,</span> <span class='ocrx_word' id='word_1_168' title='bbox 3344 1357 3446 1427; x_wconf 85' lang='grc' dir='ltr'>τὴν</span> <span class='ocrx_word' id='word_1_169' title='bbox 3484 1359 3765 1427; x_wconf 76' lang='grc' dir='ltr'><strong>ἡμετέραν</strong></span> <span class='ocrx_word' id='word_1_170' title='bbox 3804 1357 4029 1425; x_wconf 71' lang='grc' dir='ltr'>ἁνυψῶ-</span> 
     </span>
    </p>
   </div>
   <div class='ocr_carea' id='block_1_27' title="bbox 2440 1449 4027 1521">
    <p class='ocr_par' dir='ltr' id='par_1_27' title="bbox 2440 1449 4027 1521">
     <span class='ocr_line' id='line_1_27' title="bbox 2440 1449 4027 1521; baseline -0.002 -15"><span class='ocrx_word' id='word_1_171' title='bbox 2440 1471 2608 1507; x_wconf 82' lang='grc' dir='ltr'><strong>σαντα</strong></span> <span class='ocrx_word' id='word_1_172' title='bbox 2660 1454 2755 1507; x_wconf 74' lang='grc' dir='ltr'>καὶ</span> <span class='ocrx_word' id='word_1_173' title='bbox 2791 1452 3083 1515; x_wconf 78' lang='grc' dir='ltr'>ζωώσαντα</span> <span class='ocrx_word' id='word_1_174' title='bbox 3146 1451 3444 1521; x_wconf 87' lang='grc' dir='ltr'>νέκρωσιν;</span> <span class='ocrx_word' id='word_1_175' title='bbox 3476 1449 3592 1503; x_wconf 84' lang='grc' dir='ltr'>Νῦν</span> <span class='ocrx_word' id='word_1_176' title='bbox 3632 1450 3853 1517; x_wconf 81' lang='grc' dir='ltr'>ἄγγελοι</span> <span class='ocrx_word' id='word_1_177' title='bbox 3899 1451 4027 1519; x_wconf 83' lang='grc' dir='ltr'>χαί-</span> 
     </span>
    </p>
   </div>
   <div class='ocr_carea' id='block_1_28' title="bbox 2438 1540 4030 1617">
    <p class='ocr_par' dir='ltr' id='par_1_28' title="bbox 2438 1540 4030 1617">
     <span class='ocr_line' id='line_1_28' title="bbox 2438 1540 4030 1617; baseline -0.003 -20"><span class='ocrx_word' id='word_1_178' title='bbox 2438 1561 2613 1617; x_wconf 87' lang='grc' dir='ltr'>ρουσι,</span> <span class='ocrx_word' id='word_1_179' title='bbox 2672 1546 2765 1597; x_wconf 78' lang='grc' dir='ltr'>καὶ</span> <span class='ocrx_word' id='word_1_180' title='bbox 2811 1544 3107 1614; x_wconf 82' lang='grc' dir='ltr'><strong>σκιρτῶσιν</strong></span> <span class='ocrx_word' id='word_1_181' title='bbox 3158 1540 3521 1613; x_wconf 81' lang='grc' dir='ltr'>ἀρχάγγελοι,</span> <span class='ocrx_word' id='word_1_182' title='bbox 3585 1542 3775 1611; x_wconf 82' lang='grc' dir='ltr'>Ἀρχαί</span> <span class='ocrx_word' id='word_1_183' title='bbox 3813 1558 3873 1594; x_wconf 86' lang='grc' dir='ltr'><strong>τε</strong></span> <span class='ocrx_word' id='word_1_184' title='bbox 3923 1542 4030 1595; x_wconf 80' lang='grc' dir='ltr'>σὺν</span> 
     </span>
    </p>
   </div>
   <div class='ocr_carea' id='block_1_29' title="bbox 2433 1632 4025 1706">
    <p class='ocr_par' dir='ltr' id='par_1_29' title="bbox 2433 1632 4025 1706">
     <span class='ocr_line' id='line_1_29' title="bbox 2433 1632 4025 1706; baseline -0.004 -16"><span class='ocrx_word' id='word_1_185' title='bbox 2433 1636 2645 1700; x_wconf 80' lang='grc' dir='ltr'><strong>τούτοις</strong></span> <span class='ocrx_word' id='word_1_186' title='bbox 2678 1637 3046 1706; x_wconf 80' lang='grc' dir='ltr'>ὑπερκόσμιαι</span> <span class='ocrx_word' id='word_1_187' title='bbox 3095 1637 3187 1689; x_wconf 76' lang='grc' dir='ltr'>καὶ</span> <span class='ocrx_word' id='word_1_188' title='bbox 3219 1633 3513 1701; x_wconf 76' lang='grc' dir='ltr'>Ἐξουσίαι,</span> <span class='ocrx_word' id='word_1_189' title='bbox 3536 1634 3630 1687; x_wconf 73' lang='grc' dir='ltr'>καὶ</span> <span class='ocrx_word' id='word_1_190' title='bbox 3675 1636 3851 1686; x_wconf 77' lang='grc' dir='ltr'>πᾶσαι</span> <span class='ocrx_word' id='word_1_191' title='bbox 3908 1632 4025 1685; x_wconf 88' lang='grc' dir='ltr'><strong>τῶν</strong></span> 
     </span>
    </p>
   </div>
   <div class='ocr_carea' id='block_1_30' title="bbox 2434 1726 4029 1802">
    <p class='ocr_par' dir='ltr' id='par_1_30' title="bbox 2434 1726 4029 1802">
     <span class='ocr_line' id='line_1_30' title="bbox 2434 1726 4029 1802; baseline -0.004 -17"><span class='ocrx_word' id='word_1_192' title='bbox 2434 1731 2680 1802; x_wconf 78' lang='grc' dir='ltr'><strong>οὐρανῶν</strong></span> <span class='ocrx_word' id='word_1_193' title='bbox 2724 1732 2777 1784; x_wconf 87' lang='grc' dir='ltr'>αἱ</span> <span class='ocrx_word' id='word_1_194' title='bbox 2808 1730 3079 1799; x_wconf 80' lang='grc' dir='ltr'><strong>Δυνάμεις</strong></span> <span class='ocrx_word' id='word_1_195' title='bbox 3123 1729 3430 1799; x_wconf 73' lang='grc' dir='ltr'><strong>χορεύουσι,</strong></span> <span class='ocrx_word' id='word_1_196' title='bbox 3467 1726 3565 1780; x_wconf 70' lang='grc' dir='ltr'><strong>καὶ⁵</strong></span> <span class='ocrx_word' id='word_1_197' title='bbox 3603 1728 3850 1798; x_wconf 71' lang='grc' dir='ltr'>ἀοράτως</span> <span class='ocrx_word' id='word_1_198' title='bbox 3877 1744 4029 1797; x_wconf 64' lang='grc' dir='ltr'>παρα</span> 
     </span>
    </p>
   </div>
   <div class='ocr_carea' id='block_1_31' title="bbox 2437 1820 4029 1891">
    <p class='ocr_par' dir='ltr' id='par_1_31' title="bbox 2437 1820 4029 1891">
     <span class='ocr_line' id='line_1_31' title="bbox 2437 1820 4029 1891; baseline -0.003 -15"><span class='ocrx_word' id='word_1_199' title='bbox 2437 1824 2691 1882; x_wconf 81' lang='grc' dir='ltr'>εστῶσαι,</span> <span class='ocrx_word' id='word_1_200' title='bbox 2725 1824 2817 1875; x_wconf 80' lang='grc' dir='ltr'>καὶ</span> <span class='ocrx_word' id='word_1_201' title='bbox 2872 1822 2963 1875; x_wconf 73' lang='grc' dir='ltr'>τὸν</span> <span class='ocrx_word' id='word_1_202' title='bbox 3014 1823 3279 1891; x_wconf 82' lang='grc' dir='ltr'>σωτήριον</span> <span class='ocrx_word' id='word_1_203' title='bbox 3320 1824 3377 1873; x_wconf 82' lang='grc' dir='ltr'>ἐν</span> <span class='ocrx_word' id='word_1_204' title='bbox 3407 1820 3556 1891; x_wconf 78' lang='grc' dir='ltr'>πάσῃ</span> <span class='ocrx_word' id='word_1_205' title='bbox 3578 1823 3641 1890; x_wconf 80' lang='grc' dir='ltr'><strong>τῇ</strong></span> <span class='ocrx_word' id='word_1_206' title='bbox 3672 1822 3742 1890; x_wconf 81' lang='grc' dir='ltr'>γῇ</span> <span class='ocrx_word' id='word_1_207' title='bbox 3777 1836 4029 1887; x_wconf 85' lang='grc' dir='ltr'>προσκυ-</span> 
     </span>
    </p>
   </div>
   <div class='ocr_carea' id='block_1_32' title="bbox 758 1883 2353 1985">
    <p class='ocr_par' dir='ltr' id='par_1_32' title="bbox 758 1904 2334 1974">
     <span class='ocr_line' id='line_1_32' title="bbox 758 1904 2334 1974; baseline -0.003 -11"><span class='ocrx_word' id='word_1_208' title='bbox 758 1909 1028 1971; x_wconf 88' lang='lat' dir='ltr'><strong>videntes,</strong></span> <span class='ocrx_word' id='word_1_209' title='bbox 1051 1922 1176 1962; x_wconf 91' lang='lat' dir='ltr'><strong>cum</strong></span> <span class='ocrx_word' id='word_1_210' title='bbox 1192 1906 1455 1962; x_wconf 82' lang='lat' dir='ltr'><strong>Ecclesiis</strong></span> <span class='ocrx_word' id='word_1_211' title='bbox 1476 1906 1571 1960; x_wconf 88' lang='lat' dir='ltr'><strong>Dei</strong></span> <span class='ocrx_word' id='word_1_212' title='bbox 1589 1906 1952 1959; x_wconf 67' lang='lat' dir='ltr'><strong>collaetantur.</strong></span> <span class='ocrx_word' id='word_1_213' title='bbox 1977 1904 2166 1974; x_wconf 78' lang='lat' dir='ltr'><strong>Neque</strong></span> <span class='ocrx_word' id='word_1_214' title='bbox 2188 1904 2334 1959; x_wconf 91' lang='lat' dir='ltr'><strong>enim</strong></span> 
     </span>
    </p>
   </div>
   <div class='ocr_carea' id='block_1_33' title="bbox 2448 1883 4025 1985">
    <p class='ocr_par' dir='ltr' id='par_1_33' title="bbox 2448 1913 4025 1985">
     <span class='ocr_line' id='line_1_33' title="bbox 2448 1913 4025 1985; baseline -0.003 -16"><span class='ocrx_word' id='word_1_215' title='bbox 2448 1916 2532 1969; x_wconf 81' lang='grc' dir='ltr'><strong>νού</strong></span> <span class='ocrx_word' id='word_1_216' title='bbox 2541 1933 2700 1985; x_wconf 86' lang='grc' dir='ltr'>μενον</span> <span class='ocrx_word' id='word_1_217' title='bbox 2716 1916 2809 1968; x_wconf 72' lang='grc' dir='ltr'>καὶ</span> <span class='ocrx_word' id='word_1_218' title='bbox 2830 1914 2962 1984; x_wconf 71' lang='grc' dir='ltr'>ὑψού</span> <span class='ocrx_word' id='word_1_219' title='bbox 2972 1931 3130 1984; x_wconf 90' lang='grc' dir='ltr'>μενον</span> <span class='ocrx_word' id='word_1_220' title='bbox 3146 1913 3348 1984; x_wconf 84' lang='grc' dir='ltr'>ὁρῶσαι</span> <span class='ocrx_word' id='word_1_221' title='bbox 3368 1914 3622 1982; x_wconf 81' lang='grc' dir='ltr'>σταυρὸν,</span> <span class='ocrx_word' id='word_1_222' title='bbox 3646 1916 3768 1975; x_wconf 81' lang='grc' dir='ltr'>ταῖς</span> <span class='ocrx_word' id='word_1_223' title='bbox 3784 1914 4025 1983; x_wconf 76' lang='grc' dir='ltr'>Ἐκκλη-</span> 
     </span>
    </p>
   </div>
   <div class='ocr_carea' id='block_1_34' title="bbox 758 1995 2340 2069">
    <p class='ocr_par' dir='ltr' id='par_1_34' title="bbox 758 1995 2340 2069">
     <span class='ocr_line' id='line_1_34' title="bbox 758 1995 2340 2069; baseline -0.003 -13"><span class='ocrx_word' id='word_1_224' title='bbox 758 2003 868 2057; x_wconf 87' lang='lat' dir='ltr'><strong>ulla</strong></span> <span class='ocrx_word' id='word_1_225' title='bbox 895 2001 1000 2056; x_wconf 86' lang='lat' dir='ltr'><strong>alia</strong></span> <span class='ocrx_word' id='word_1_226' title='bbox 1028 2008 1113 2053; x_wconf 89' lang='lat' dir='ltr'><strong>est</strong></span> <span class='ocrx_word' id='word_1_227' title='bbox 1148 1999 1310 2055; x_wconf 91' lang='lat' dir='ltr'><strong>bonis</strong></span> <span class='ocrx_word' id='word_1_228' title='bbox 1340 1998 1549 2069; x_wconf 79' lang='lat' dir='ltr'><strong>angelis</strong></span> <span class='ocrx_word' id='word_1_229' title='bbox 1576 2012 1730 2067; x_wconf 70' lang='lat' dir='ltr'><strong>teque</strong></span> <span class='ocrx_word' id='word_1_230' title='bbox 1761 1995 1955 2051; x_wconf 87' lang='lat' dir='ltr'><strong>festiva</strong></span> <span class='ocrx_word' id='word_1_231' title='bbox 1995 1996 2227 2067; x_wconf 71' lang='lat' dir='ltr'><strong>laetaque</strong></span> <span class='ocrx_word' id='word_1_232' title='bbox 2250 2011 2340 2051; x_wconf 89' lang='lat' dir='ltr'><strong>so-</strong></span> 
     </span>
    </p>
   </div>
   <div class='ocr_carea' id='block_1_35' title="bbox 756 2089 2339 2163">
    <p class='ocr_par' dir='ltr' id='par_1_35' title="bbox 756 2089 2339 2163">
     <span class='ocr_line' id='line_1_35' title="bbox 756 2089 2339 2163; baseline -0.004 -10"><span class='ocrx_word' id='word_1_233' title='bbox 756 2095 1035 2159; x_wconf 83' lang='lat' dir='ltr'><strong>lemnitas,</strong></span> <span class='ocrx_word' id='word_1_234' title='bbox 1056 2108 1119 2148; x_wconf 88' lang='lat' dir='ltr'><strong>ac</strong></span> <span class='ocrx_word' id='word_1_235' title='bbox 1136 2107 1259 2163; x_wconf 74' lang='lat' dir='ltr'><strong>qua:</strong></span> <span class='ocrx_word' id='word_1_236' title='bbox 1276 2091 1471 2147; x_wconf 84' lang='lat' dir='ltr'><strong>salutis</strong></span> <span class='ocrx_word' id='word_1_237' title='bbox 1490 2089 1777 2145; x_wconf 87' lang='lat' dir='ltr'><strong>hominum</strong></span> <span class='ocrx_word' id='word_1_238' title='bbox 1793 2098 2116 2161; x_wconf 85' lang='lat' dir='ltr'><strong>argumento</strong></span> <span class='ocrx_word' id='word_1_239' title='bbox 2137 2089 2339 2161; x_wconf 83' lang='lat' dir='ltr'><strong>agitur.</strong></span> 
     </span>
    </p>
   </div>
   <div class='ocr_carea' id='block_1_36' title="bbox 828 2373 2340 2450">
    <p class='ocr_par' dir='ltr' id='par_1_36' title="bbox 828 2373 2340 2450">
     <span class='ocr_line' id='line_1_36' title="bbox 828 2373 2340 2450; baseline -0.005 -13"><span class='ocrx_word' id='word_1_240' title='bbox 828 2380 991 2438; x_wconf 80' lang='lat' dir='ltr'><strong>Nunc</strong></span> <span class='ocrx_word' id='word_1_241' title='bbox 1042 2377 1275 2450; x_wconf 84' lang='lat' dir='ltr'><strong>apostoli</strong></span> <span class='ocrx_word' id='word_1_242' title='bbox 1307 2376 1653 2437; x_wconf 83' lang='lat' dir='ltr'><strong>clarescunt,</strong></span> <span class='ocrx_word' id='word_1_243' title='bbox 1686 2384 1741 2427; x_wconf 91' lang='lat' dir='ltr'><strong>et</strong></span> <span class='ocrx_word' id='word_1_244' title='bbox 1769 2374 2071 2444; x_wconf 74' lang='lat' dir='ltr'><strong>prophetze,</strong></span> <span class='ocrx_word' id='word_1_245' title='bbox 2103 2373 2192 2427; x_wconf 81' lang='lat' dir='ltr'><strong>his</strong></span> <span class='ocrx_word' id='word_1_246' title='bbox 2217 2389 2340 2443; x_wconf 68' lang='lat' dir='ltr'><strong>qum</strong></span> 
     </span>
    </p>
   </div>
   <div class='ocr_carea' id='block_1_37' title="bbox 762 2465 2342 2544">
    <p class='ocr_par' dir='ltr' id='par_1_37' title="bbox 762 2465 2342 2544">
     <span class='ocr_line' id='line_1_37' title="bbox 762 2465 2342 2544; baseline -0.006 -15"><span class='ocrx_word' id='word_1_247' title='bbox 762 2481 1059 2544; x_wconf 83' lang='lat' dir='ltr'><strong>geruntur,</strong></span> <span class='ocrx_word' id='word_1_248' title='bbox 1102 2468 1389 2539; x_wconf 81' lang='lat' dir='ltr'><strong>magniﬁce</strong></span> <span class='ocrx_word' id='word_1_249' title='bbox 1429 2465 1841 2535; x_wconf 83' lang='lat' dir='ltr'><strong>splendescunt.</strong></span> <span class='ocrx_word' id='word_1_250' title='bbox 1883 2465 2041 2520; x_wconf 78' lang='lat' dir='ltr'><strong>Nunc</strong></span> <span class='ocrx_word' id='word_1_251' title='bbox 2074 2477 2342 2537; x_wconf 79' lang='lat' dir='ltr'><strong>martyres</strong></span> 
     </span>
    </p>
   </div>
   <div class='ocr_carea' id='block_1_38' title="bbox 757 2557 2341 2639">
    <p class='ocr_par' dir='ltr' id='par_1_38' title="bbox 757 2557 2341 2639">
     <span class='ocr_line' id='line_1_38' title="bbox 757 2557 2341 2639; baseline -0.006 -19"><span class='ocrx_word' id='word_1_252' title='bbox 757 2562 1155 2639; x_wconf 85' lang='lat' dir='ltr'><strong>jucundantur,</strong></span> <span class='ocrx_word' id='word_1_253' title='bbox 1180 2576 1244 2616; x_wconf 89' lang='lat' dir='ltr'><strong>ac</strong></span> <span class='ocrx_word' id='word_1_254' title='bbox 1270 2559 1603 2615; x_wconf 86' lang='lat' dir='ltr'><strong>decorantur</strong></span> <span class='ocrx_word' id='word_1_255' title='bbox 1659 2557 1995 2612; x_wconf 85' lang='lat' dir='ltr'><strong>sacerdotes.</strong></span> <span class='ocrx_word' id='word_1_256' title='bbox 2026 2558 2185 2613; x_wconf 85' lang='lat' dir='ltr'><strong>Nunc</strong></span> <span class='ocrx_word' id='word_1_257' title='bbox 2214 2558 2341 2612; x_wconf 84' lang='lat' dir='ltr'><strong>reli-</strong></span> 
     </span>
    </p>
   </div>
   <div class='ocr_carea' id='block_1_39' title="bbox 761 2649 2339 2728">
    <p class='ocr_par' dir='ltr' id='par_1_39' title="bbox 761 2649 2339 2728">
     <span class='ocr_line' id='line_1_39' title="bbox 761 2649 2339 2728; baseline -0.005 -17"><span class='ocrx_word' id='word_1_258' title='bbox 761 2658 1041 2728; x_wconf 83' lang='lat' dir='ltr'><strong>giosorum</strong></span> <span class='ocrx_word' id='word_1_259' title='bbox 1076 2660 1501 2723; x_wconf 86' lang='lat' dir='ltr'><strong>sanctorumque</strong></span> <span class='ocrx_word' id='word_1_260' title='bbox 1534 2650 1687 2704; x_wconf 88' lang='lat' dir='ltr'><strong>ebori</strong></span> <span class='ocrx_word' id='word_1_261' title='bbox 1741 2666 1933 2705; x_wconf 86' lang='lat' dir='ltr'><strong>omnes</strong></span> <span class='ocrx_word' id='word_1_262' title='bbox 1961 2649 2105 2705; x_wconf 88' lang='lat' dir='ltr'><strong>diem</strong></span> <span class='ocrx_word' id='word_1_263' title='bbox 2140 2650 2339 2706; x_wconf 87' lang='lat' dir='ltr'><strong>festum</strong></span> 
     </span>
    </p>
   </div>
   <div class='ocr_carea' id='block_1_40' title="bbox 762 2742 2342 2819">
    <p class='ocr_par' dir='ltr' id='par_1_40' title="bbox 762 2742 2342 2819">
     <span class='ocr_line' id='line_1_40' title="bbox 762 2742 2342 2819; baseline -0.004 -18"><span class='ocrx_word' id='word_1_264' title='bbox 762 2756 933 2819; x_wconf 84' lang='lat' dir='ltr'><strong>agunt</strong></span> <span class='ocrx_word' id='word_1_265' title='bbox 974 2746 1328 2817; x_wconf 83' lang='lat' dir='ltr'><strong>gestiuntque</strong></span> <span class='ocrx_word' id='word_1_266' title='bbox 1350 2778 1366 2809; x_wconf 84' lang='grc'><strong>,</strong></span> <span class='ocrx_word' id='word_1_267' title='bbox 1399 2744 1494 2813; x_wconf 85' lang='lat' dir='ltr'><strong>qui</strong></span> <span class='ocrx_word' id='word_1_268' title='bbox 1530 2743 1792 2796; x_wconf 83' lang='lat' dir='ltr'><strong>nimirum</strong></span> <span class='ocrx_word' id='word_1_269' title='bbox 1823 2758 1987 2812; x_wconf 83' lang='lat' dir='ltr'><strong>quam</strong></span> <span class='ocrx_word' id='word_1_270' title='bbox 2028 2742 2104 2796; x_wconf 90' lang='lat' dir='ltr'><strong>illi</strong></span> <span class='ocrx_word' id='word_1_271' title='bbox 2139 2742 2342 2797; x_wconf 81' lang='lat' dir='ltr'><strong>clarifi-</strong></span> 
     </span>
    </p>
   </div>
   <div class='ocr_carea' id='block_1_41' title="bbox 763 2834 2342 2907">
    <p class='ocr_par' dir='ltr' id='par_1_41' title="bbox 763 2834 2342 2907">
     <span class='ocr_line' id='line_1_41' title="bbox 763 2834 2342 2907; baseline -0.003 -14"><span class='ocrx_word' id='word_1_272' title='bbox 763 2848 982 2905; x_wconf 89' lang='lat' dir='ltr'><strong>carunt,</strong></span> <span class='ocrx_word' id='word_1_273' title='bbox 1015 2846 1073 2893; x_wconf 88' lang='lat' dir='ltr'><strong>et</strong></span> <span class='ocrx_word' id='word_1_274' title='bbox 1099 2854 1221 2907; x_wconf 70' lang='lat' dir='ltr'><strong>qua:</strong></span> <span class='ocrx_word' id='word_1_275' title='bbox 1257 2852 1354 2891; x_wconf 85' lang='lat' dir='ltr'><strong>eos</strong></span> <span class='ocrx_word' id='word_1_276' title='bbox 1391 2834 1734 2897; x_wconf 78' lang='lat' dir='ltr'><strong>clarificavit,</strong></span> <span class='ocrx_word' id='word_1_277' title='bbox 1780 2850 1937 2889; x_wconf 81' lang='lat' dir='ltr'><strong>sacro</strong></span> <span class='ocrx_word' id='word_1_278' title='bbox 1971 2834 2080 2887; x_wconf 90' lang='lat' dir='ltr'><strong>ritu</strong></span> <span class='ocrx_word' id='word_1_279' title='bbox 2121 2849 2342 2889; x_wconf 91' lang='lat' dir='ltr'><strong>crucem</strong></span> 
     </span>
    </p>
   </div>
   <div class='ocr_carea' id='block_1_42' title="bbox 764 2926 2342 2998">
    <p class='ocr_par' dir='ltr' id='par_1_42' title="bbox 764 2926 2342 2998">
     <span class='ocr_line' id='line_1_42' title="bbox 764 2926 2342 2998; baseline -0.004 -13"><span class='ocrx_word' id='word_1_280' title='bbox 764 2931 1058 2987; x_wconf 78' lang='lat' dir='ltr'><strong>clariﬁcari</strong></span> <span class='ocrx_word' id='word_1_281' title='bbox 1090 2930 1336 2988; x_wconf 89' lang='lat' dir='ltr'><strong>videant.</strong></span> <span class='ocrx_word' id='word_1_282' title='bbox 1368 2938 1533 2998; x_wconf 91' lang='lat' dir='ltr'><strong>atque</strong></span> <span class='ocrx_word' id='word_1_283' title='bbox 1565 2944 1595 2982; x_wconf 91' lang='lat' dir='ltr'><strong>e</strong></span> <span class='ocrx_word' id='word_1_284' title='bbox 1625 2937 1767 2983; x_wconf 86' lang='lat' dir='ltr'><strong>terra</strong></span> <span class='ocrx_word' id='word_1_285' title='bbox 1803 2928 1975 2981; x_wconf 89' lang='lat' dir='ltr'><strong>sacris</strong></span> <span class='ocrx_word' id='word_1_286' title='bbox 2004 2927 2258 2980; x_wconf 87' lang='lat' dir='ltr'><strong>manibus</strong></span> <span class='ocrx_word' id='word_1_287' title='bbox 2287 2926 2342 2980; x_wconf 89' lang='lat' dir='ltr'><strong>in</strong></span> 
     </span>
    </p>
   </div>
   <div class='ocr_carea' id='block_1_43' title="bbox 764 3020 2341 3091">
    <p class='ocr_par' dir='ltr' id='par_1_43' title="bbox 764 3020 2341 3091">
     <span class='ocr_line' id='line_1_43' title="bbox 764 3020 2341 3091; baseline -0.003 -13"><span class='ocrx_word' id='word_1_288' title='bbox 764 3026 937 3078; x_wconf 87' lang='lat' dir='ltr'><strong>altum</strong></span> <span class='ocrx_word' id='word_1_289' title='bbox 974 3022 1133 3077; x_wconf 87' lang='lat' dir='ltr'><strong>tolli:</strong></span> <span class='ocrx_word' id='word_1_290' title='bbox 1163 3037 1288 3077; x_wconf 84' lang='lat' dir='ltr'><strong>cum</strong></span> <span class='ocrx_word' id='word_1_291' title='bbox 1330 3038 1437 3091; x_wconf 81' lang='lat' dir='ltr'><strong>qua</strong></span> <span class='ocrx_word' id='word_1_292' title='bbox 1490 3021 1697 3091; x_wconf 85' lang='lat' dir='ltr'><strong>pariter</strong></span> <span class='ocrx_word' id='word_1_293' title='bbox 1745 3020 1981 3084; x_wconf 86' lang='lat' dir='ltr'><strong>sublati,</strong></span> <span class='ocrx_word' id='word_1_294' title='bbox 2032 3036 2132 3089; x_wconf 89' lang='lat' dir='ltr'><strong>per</strong></span> <span class='ocrx_word' id='word_1_295' title='bbox 2177 3035 2341 3089; x_wconf 88' lang='lat' dir='ltr'><strong>quam</strong></span> 
     </span>
    </p>
   </div>
   <div class='ocr_carea' id='block_1_44' title="bbox 765 3113 2343 3186">
    <p class='ocr_par' dir='ltr' id='par_1_44' title="bbox 765 3113 2343 3186">
     <span class='ocr_line' id='line_1_44' title="bbox 765 3113 2343 3186; baseline -0.002 -16"><span class='ocrx_word' id='word_1_296' title='bbox 765 3117 913 3171; x_wconf 83' lang='lat' dir='ltr'><strong>bono</strong></span> <span class='ocrx_word' id='word_1_297' title='bbox 968 3116 1213 3170; x_wconf 90' lang='lat' dir='ltr'><strong>o&#39;mnium</strong></span> <span class='ocrx_word' id='word_1_298' title='bbox 1268 3115 1539 3170; x_wconf 87' lang='lat' dir='ltr'><strong>Salvatori</strong></span> <span class='ocrx_word' id='word_1_299' title='bbox 1584 3116 1881 3186; x_wconf 84' lang='lat' dir='ltr'><strong>gratiarum</strong></span> <span class='ocrx_word' id='word_1_300' title='bbox 1930 3117 2201 3172; x_wconf 89' lang='lat' dir='ltr'><strong>actionem</strong></span> <span class='ocrx_word' id='word_1_301' title='bbox 2261 3113 2343 3168; x_wconf 87' lang='lat' dir='ltr'><strong>in-</strong></span> 
     </span>
    </p>
   </div>
   <div class='ocr_carea' id='block_1_45' title="bbox 2441 2003 4026 2077">
    <p class='ocr_par' dir='ltr' id='par_1_45' title="bbox 2441 2003 4026 2077">
     <span class='ocr_line' id='line_1_45' title="bbox 2441 2003 4026 2077; baseline -0.002 -18"><span class='ocrx_word' id='word_1_302' title='bbox 2441 2007 2587 2072; x_wconf 87' lang='grc' dir='ltr'>σίαις</span> <span class='ocrx_word' id='word_1_303' title='bbox 2624 2007 3121 2077; x_wconf 79' lang='grc' dir='ltr'>συνευφραίνονται</span> <span class='ocrx_word' id='word_1_304' title='bbox 3170 2004 3267 2059; x_wconf 90' lang='grc' dir='ltr'><strong>τοῦ</strong></span> <span class='ocrx_word' id='word_1_305' title='bbox 3318 2003 3478 2060; x_wconf 74' lang='grc' dir='ltr'>θεοῦ.</span> <span class='ocrx_word' id='word_1_306' title='bbox 3518 2005 3655 2059; x_wconf 73' lang='grc' dir='ltr'><strong>Οὐδὲ</strong></span> <span class='ocrx_word' id='word_1_307' title='bbox 3710 2005 3819 2076; x_wconf 81' lang='grc' dir='ltr'><strong>γάρ</strong></span> <span class='ocrx_word' id='word_1_308' title='bbox 3869 2006 4026 2057; x_wconf 77' lang='grc' dir='ltr'>ἐστιν</span> 
     </span>
    </p>
   </div>
   <div class='ocr_carea' id='block_1_46' title="bbox 2440 2097 4028 2170">
    <p class='ocr_par' dir='ltr' id='par_1_46' title="bbox 2440 2097 4028 2170">
     <span class='ocr_line' id='line_1_46' title="bbox 2440 2097 4028 2170; baseline -0.003 -16"><span class='ocrx_word' id='word_1_309' title='bbox 2440 2099 2575 2170; x_wconf 77' lang='grc' dir='ltr'>ἄλλη</span> <span class='ocrx_word' id='word_1_310' title='bbox 2617 2102 2731 2163; x_wconf 86' lang='grc' dir='ltr'>τοῖς</span> <span class='ocrx_word' id='word_1_311' title='bbox 2778 2099 3006 2166; x_wconf 81' lang='grc' dir='ltr'><strong>ἀγαθοῖς</strong></span> <span class='ocrx_word' id='word_1_312' title='bbox 3057 2098 3312 2167; x_wconf 77' lang='grc' dir='ltr'><strong>ἀγγέλοις</strong></span> <span class='ocrx_word' id='word_1_313' title='bbox 3377 2097 3551 2161; x_wconf 87' lang='grc' dir='ltr'>οῦτως</span> <span class='ocrx_word' id='word_1_314' title='bbox 3604 2099 3764 2170; x_wconf 80' lang='grc' dir='ltr'>ἑορτή</span> <span class='ocrx_word' id='word_1_315' title='bbox 3822 2115 3882 2150; x_wconf 87' lang='grc' dir='ltr'><strong>τε</strong></span> <span class='ocrx_word' id='word_1_316' title='bbox 3924 2099 4028 2150; x_wconf 71' lang='grc' dir='ltr'>καὶ</span> 
     </span>
    </p>
   </div>
   <div class='ocr_carea' id='block_1_47' title="bbox 2442 2189 4029 2263">
    <p class='ocr_par' dir='ltr' id='par_1_47' title="bbox 2442 2189 4029 2263">
     <span class='ocr_line' id='line_1_47' title="bbox 2442 2189 4029 2263; baseline -0.002 -19"><span class='ocrx_word' id='word_1_317' title='bbox 2442 2190 2712 2263; x_wconf 78' lang='grc' dir='ltr'>χαρμονὴ,</span> <span class='ocrx_word' id='word_1_318' title='bbox 2741 2190 2816 2253; x_wconf 83' lang='grc' dir='ltr'>ὡς</span> <span class='ocrx_word' id='word_1_319' title='bbox 2858 2192 2892 2262; x_wconf 75' lang='grc' dir='ltr'>ὴ</span> <span class='ocrx_word' id='word_1_320' title='bbox 2927 2190 3022 2242; x_wconf 76' lang='grc' dir='ltr'><strong>ἐπὶ</strong></span> <span class='ocrx_word' id='word_1_321' title='bbox 3054 2189 3302 2261; x_wconf 75' lang='grc' dir='ltr'><strong>σωτηρίᾳ</strong></span> <span class='ocrx_word' id='word_1_322' title='bbox 3338 2189 3639 2261; x_wconf 84' lang='grc' dir='ltr'>τελουμένη</span> <span class='ocrx_word' id='word_1_323' title='bbox 3680 2190 3789 2243; x_wconf 86' lang='grc' dir='ltr'><strong>τῶν</strong></span> <span class='ocrx_word' id='word_1_324' title='bbox 3815 2189 4029 2260; x_wconf 77' lang='grc' dir='ltr'>ἀνθρω-</span> 
     </span>
    </p>
   </div>
   <div class='ocr_carea' id='block_1_48' title="bbox 2441 2280 2847 2351">
    <p class='ocr_par' dir='ltr' id='par_1_48' title="bbox 2441 2280 2847 2351">
     <span class='ocr_line' id='line_1_48' title="bbox 2441 2280 2847 2351; baseline 0.002 -16"><span class='ocrx_word' id='word_1_325' title='bbox 2441 2281 2615 2335; x_wconf 83' lang='grc' dir='ltr'>πίνων</span> <span class='ocrx_word' id='word_1_326' title='bbox 2639 2280 2847 2351; x_wconf 70' lang='grc' dir='ltr'>ψυχῶν.</span> 
     </span>
    </p>
   </div>
   <div class='ocr_carea' id='block_1_49' title="bbox 2513 2370 4029 2443">
    <p class='ocr_par' dir='ltr' id='par_1_49' title="bbox 2513 2370 4029 2443">
     <span class='ocr_line' id='line_1_49' title="bbox 2513 2370 4029 2443; baseline 0.002 -19"><span class='ocrx_word' id='word_1_327' title='bbox 2513 2370 2628 2424; x_wconf 83' lang='grc' dir='ltr'>Νῦν</span> <span class='ocrx_word' id='word_1_328' title='bbox 2703 2370 2991 2425; x_wconf 75' lang='grc' dir='ltr'>ἀπόστολοι</span> <span class='ocrx_word' id='word_1_329' title='bbox 3066 2370 3569 2443; x_wconf 76' lang='grc' dir='ltr'>ἑλλαμπρύνονται,</span> <span class='ocrx_word' id='word_1_330' title='bbox 3604 2372 3700 2425; x_wconf 74' lang='grc' dir='ltr'>καὶ</span> <span class='ocrx_word' id='word_1_331' title='bbox 3744 2374 4029 2443; x_wconf 77' lang='grc' dir='ltr'>προφῆται</span> 
     </span>
    </p>
   </div>
   <div class='ocr_carea' id='block_1_50' title="bbox 2443 2463 4026 2536">
    <p class='ocr_par' dir='ltr' id='par_1_50' title="bbox 2443 2463 4026 2536">
     <span class='ocr_line' id='line_1_50' title="bbox 2443 2463 4026 2536; baseline 0.001 -18"><span class='ocrx_word' id='word_1_332' title='bbox 2443 2467 2557 2527; x_wconf 90' lang='grc' dir='ltr'>τοῖς</span> <span class='ocrx_word' id='word_1_333' title='bbox 2586 2463 2858 2535; x_wconf 77' lang='grc' dir='ltr'>παροῦσιν</span> <span class='ocrx_word' id='word_1_334' title='bbox 2900 2464 3337 2532; x_wconf 77' lang='grc' dir='ltr'>ὲναγλαῖζονται.</span> <span class='ocrx_word' id='word_1_335' title='bbox 3370 2465 3486 2518; x_wconf 85' lang='grc' dir='ltr'>Νῦν</span> <span class='ocrx_word' id='word_1_336' title='bbox 3530 2465 3582 2519; x_wconf 84' lang='grc' dir='ltr'><strong>οί</strong></span> <span class='ocrx_word' id='word_1_337' title='bbox 3623 2466 3894 2536; x_wconf 80' lang='grc' dir='ltr'>μάρτυρες</span> <span class='ocrx_word' id='word_1_338' title='bbox 3918 2483 4026 2520; x_wconf 87' lang='grc' dir='ltr'>κα-</span> 
     </span>
    </p>
   </div>
   <div class='ocr_carea' id='block_1_51' title="bbox 2442 2556 4033 2630">
    <p class='ocr_par' dir='ltr' id='par_1_51' title="bbox 2442 2556 4033 2630">
     <span class='ocr_line' id='line_1_51' title="bbox 2442 2556 4033 2630; baseline 0.001 -21"><span class='ocrx_word' id='word_1_339' title='bbox 2442 2556 2821 2628; x_wconf 85' lang='grc' dir='ltr'>τατέρπονται,</span> <span class='ocrx_word' id='word_1_340' title='bbox 2853 2558 2950 2611; x_wconf 77' lang='grc' dir='ltr'>καὶ</span> <span class='ocrx_word' id='word_1_341' title='bbox 2998 2559 3048 2612; x_wconf 85' lang='grc' dir='ltr'><strong>οί</strong></span> <span class='ocrx_word' id='word_1_342' title='bbox 3104 2559 3271 2629; x_wconf 79' lang='grc' dir='ltr'>ἱερεῖς</span> <span class='ocrx_word' id='word_1_343' title='bbox 3299 2556 3647 2630; x_wconf 74' lang='grc' dir='ltr'>ὡραῖζονται.</span> <span class='ocrx_word' id='word_1_344' title='bbox 3682 2558 3796 2611; x_wconf 87' lang='grc' dir='ltr'>Νῦν</span> <span class='ocrx_word' id='word_1_345' title='bbox 3825 2560 4033 2621; x_wconf 76' lang='grc' dir='ltr'>πάντες</span> 
     </span>
    </p>
   </div>
   <div class='ocr_carea' id='block_1_52' title="bbox 2442 2648 4027 2725">
    <p class='ocr_par' dir='ltr' id='par_1_52' title="bbox 2442 2648 4027 2725">
     <span class='ocr_line' id='line_1_52' title="bbox 2442 2648 4027 2725; baseline 0 -24"><span class='ocrx_word' id='word_1_346' title='bbox 2442 2648 2608 2703; x_wconf 81' lang='grc' dir='ltr'>ὁσίων</span> <span class='ocrx_word' id='word_1_347' title='bbox 2638 2650 2734 2725; x_wconf 63' lang='grc' dir='ltr'><strong>καὶ⁵</strong></span> <span class='ocrx_word' id='word_1_348' title='bbox 2765 2649 2940 2715; x_wconf 89' lang='grc' dir='ltr'>ἀγίων</span> <span class='ocrx_word' id='word_1_349' title='bbox 2970 2649 3291 2721; x_wconf 75' lang='grc' dir='ltr'>ἑορτάζουσι</span> <span class='ocrx_word' id='word_1_350' title='bbox 3319 2651 3414 2703; x_wconf 74' lang='grc' dir='ltr'>καὶ</span> <span class='ocrx_word' id='word_1_351' title='bbox 3437 2650 3737 2719; x_wconf 76' lang='grc' dir='ltr'>γεγήθασιν</span> <span class='ocrx_word' id='word_1_352' title='bbox 3771 2652 3821 2703; x_wconf 84' lang='grc' dir='ltr'>οἱ</span> <span class='ocrx_word' id='word_1_353' title='bbox 3849 2651 4027 2720; x_wconf 74' lang='grc' dir='ltr'>χοροὶ,</span> 
     </span>
    </p>
   </div>
   <div class='ocr_carea' id='block_1_53' title="bbox 2442 2742 4032 2814">
    <p class='ocr_par' dir='ltr' id='par_1_53' title="bbox 2442 2742 4032 2814">
     <span class='ocr_line' id='line_1_53' title="bbox 2442 2742 4032 2814; baseline -0.001 -17"><span class='ocrx_word' id='word_1_354' title='bbox 2442 2744 2534 2797; x_wconf 76' lang='grc' dir='ltr'>τὸν</span> <span class='ocrx_word' id='word_1_355' title='bbox 2565 2743 2659 2797; x_wconf 82' lang='grc' dir='ltr'><strong>ὑπ’</strong></span> <span class='ocrx_word' id='word_1_356' title='bbox 2682 2742 2861 2797; x_wconf 78' lang='grc' dir='ltr'>αὐτῶν</span> <span class='ocrx_word' id='word_1_357' title='bbox 2894 2742 3303 2814; x_wconf 77' lang='grc' dir='ltr'>δεδοξασμένον,</span> <span class='ocrx_word' id='word_1_358' title='bbox 3348 2745 3440 2796; x_wconf 74' lang='grc' dir='ltr'>καὶ</span> <span class='ocrx_word' id='word_1_359' title='bbox 3484 2744 3681 2806; x_wconf 78' lang='grc' dir='ltr'>αὐτοὺς</span> <span class='ocrx_word' id='word_1_360' title='bbox 3701 2743 4032 2807; x_wconf 76' lang='grc' dir='ltr'>δοξάσαντσ,</span> 
     </span>
    </p>
   </div>
   <div class='ocr_carea' id='block_1_54' title="bbox 2446 2831 4038 2907">
    <p class='ocr_par' dir='ltr' id='par_1_54' title="bbox 2446 2831 4038 2907">
     <span class='ocr_line' id='line_1_54' title="bbox 2446 2831 4038 2907; baseline 0.004 -22"><span class='ocrx_word' id='word_1_361' title='bbox 2446 2831 2737 2903; x_wconf 84' lang='grc' dir='ltr'>βλέποντες</span> <span class='ocrx_word' id='word_1_362' title='bbox 2775 2835 3012 2905; x_wconf 82' lang='grc' dir='ltr'>σταυρὸν</span> <span class='ocrx_word' id='word_1_363' title='bbox 3052 2835 3213 2906; x_wconf 80' lang='grc' dir='ltr'>ίερῶς</span> <span class='ocrx_word' id='word_1_364' title='bbox 3249 2834 3629 2907; x_wconf 72' lang='grc' dir='ltr'>δοξαζόμενον,</span> <span class='ocrx_word' id='word_1_365' title='bbox 3653 2837 3749 2892; x_wconf 76' lang='grc' dir='ltr'><strong>καί</strong></span> <span class='ocrx_word' id='word_1_366' title='bbox 3788 2836 3895 2890; x_wconf 82' lang='grc' dir='ltr'>ἀπὸ</span> <span class='ocrx_word' id='word_1_367' title='bbox 3920 2836 4038 2905; x_wconf 73' lang='grc' dir='ltr'>γῆς</span> 
     </span>
    </p>
   </div>
   <div class='ocr_carea' id='block_1_55' title="bbox 2449 2926 4039 2998">
    <p class='ocr_par' dir='ltr' id='par_1_55' title="bbox 2449 2926 4039 2998">
     <span class='ocr_line' id='line_1_55' title="bbox 2449 2926 4039 2998; baseline 0.001 -20"><span class='ocrx_word' id='word_1_368' title='bbox 2449 2928 2622 2994; x_wconf 79' lang='grc' dir='ltr'>ἱεραῖς</span> <span class='ocrx_word' id='word_1_369' title='bbox 2653 2927 2843 2996; x_wconf 86' lang='grc' dir='ltr'>χερσὶν</span> <span class='ocrx_word' id='word_1_370' title='bbox 2881 2928 2963 2987; x_wconf 82' lang='grc' dir='ltr'><strong>είς</strong></span> <span class='ocrx_word' id='word_1_371' title='bbox 3006 2926 3137 2995; x_wconf 79' lang='grc' dir='ltr'>ὕψος</span> <span class='ocrx_word' id='word_1_372' title='bbox 3186 2928 3511 2997; x_wconf 83' lang='grc' dir='ltr'>αἰρόμενον·</span> <span class='ocrx_word' id='word_1_373' title='bbox 3564 2930 3660 2982; x_wconf 84' lang='grc' dir='ltr'>καὶ</span> <span class='ocrx_word' id='word_1_374' title='bbox 3706 2927 3855 2998; x_wconf 81' lang='grc' dir='ltr'><strong>αύτῷ</strong></span> <span class='ocrx_word' id='word_1_375' title='bbox 3905 2943 4039 2979; x_wconf 85' lang='grc' dir='ltr'>συν-</span> 
     </span>
    </p>
   </div>
   <div class='ocr_carea' id='block_1_56' title="bbox 2448 3017 4043 3091">
    <p class='ocr_par' dir='ltr' id='par_1_56' title="bbox 2448 3017 4043 3091">
     <span class='ocr_line' id='line_1_56' title="bbox 2448 3017 4043 3091; baseline 0.003 -19"><span class='ocrx_word' id='word_1_376' title='bbox 2448 3019 2805 3088; x_wconf 84' lang='grc' dir='ltr'>επαιρόμενοι</span> <span class='ocrx_word' id='word_1_377' title='bbox 2829 3057 2845 3082; x_wconf 93' lang='grc'><strong>,</strong></span> <span class='ocrx_word' id='word_1_378' title='bbox 2878 3017 2956 3089; x_wconf 83' lang='grc' dir='ltr'><strong>τῷ</strong></span> <span class='ocrx_word' id='word_1_379' title='bbox 2990 3020 3293 3089; x_wconf 62' lang='grc' dir='ltr'>παηγάθῳ</span> <span class='ocrx_word' id='word_1_380' title='bbox 3326 3020 3436 3074; x_wconf 85' lang='grc' dir='ltr'><strong>τῶν</strong></span> <span class='ocrx_word' id='word_1_381' title='bbox 3489 3021 3627 3074; x_wconf 83' lang='grc' dir='ltr'>ὅλων</span> <span class='ocrx_word' id='word_1_382' title='bbox 3674 3023 3889 3091; x_wconf 84' lang='grc' dir='ltr'>Σωτῆρι</span> <span class='ocrx_word' id='word_1_383' title='bbox 3936 3022 4043 3077; x_wconf 77' lang='grc' dir='ltr'>τὸν</span> 
     </span>
    </p>
   </div>
   <div class='ocr_carea' id='block_1_57' title="bbox 2448 3113 4045 3184">
    <p class='ocr_par' dir='ltr' id='par_1_57' title="bbox 2448 3113 4045 3184">
     <span class='ocr_line' id='line_1_57' title="bbox 2448 3113 4045 3184; baseline 0.001 -18"><span class='ocrx_word' id='word_1_384' title='bbox 2448 3114 2800 3184; x_wconf 81' lang='grc' dir='ltr'>χαριστήριον</span> <span class='ocrx_word' id='word_1_385' title='bbox 2845 3113 3288 3176; x_wconf 77' lang='grc' dir='ltr'>ἀκαταπαύστοις</span> <span class='ocrx_word' id='word_1_386' title='bbox 3347 3114 3442 3166; x_wconf 72' lang='grc' dir='ltr'>καὶ</span> <span class='ocrx_word' id='word_1_387' title='bbox 3485 3116 3772 3183; x_wconf 78' lang='grc' dir='ltr'>μυστικαῖς</span> <span class='ocrx_word' id='word_1_388' title='bbox 3798 3114 4045 3183; x_wconf 76' lang='grc' dir='ltr'>ἀναμέλ-</span> 
     </span>
    </p>
   </div>
   <div class='ocr_carea' id='block_1_58' title="bbox 765 3208 2353 3302">
    <p class='ocr_par' dir='ltr' id='par_1_58' title="bbox 765 3208 2344 3280">
     <span class='ocr_line' id='line_1_58' title="bbox 765 3208 2344 3280; baseline -0.003 -14"><span class='ocrx_word' id='word_1_389' title='bbox 765 3209 1125 3266; x_wconf 83' lang='lat' dir='ltr'><strong>cessahilihus</strong></span> <span class='ocrx_word' id='word_1_390' title='bbox 1163 3208 1517 3280; x_wconf 85' lang='lat' dir='ltr'><strong>mysticisque</strong></span> <span class='ocrx_word' id='word_1_391' title='bbox 1568 3209 1799 3263; x_wconf 77' lang='lat' dir='ltr'><strong>vocibus</strong></span> <span class='ocrx_word' id='word_1_392' title='bbox 1866 3208 2221 3263; x_wconf 89' lang='lat' dir='ltr'><strong>modulantur</strong></span> <span class='ocrx_word' id='word_1_393' title='bbox 2279 3222 2344 3262; x_wconf 90' lang='lat' dir='ltr'><strong>ac</strong></span> 
     </span>
    </p>
   </div>
   <div class='ocr_carea' id='block_1_59' title="bbox 2448 3208 3019 3302">
    <p class='ocr_par' dir='ltr' id='par_1_59' title="bbox 2454 3208 3019 3275">
     <span class='ocr_line' id='line_1_59' title="bbox 2454 3208 3019 3275; baseline 0.004 -16"><span class='ocrx_word' id='word_1_394' title='bbox 2454 3222 2620 3259; x_wconf 81' lang='grc' dir='ltr'>πουσι</span> <span class='ocrx_word' id='word_1_395' title='bbox 2648 3208 2766 3270; x_wconf 85' lang='grc' dir='ltr'>ταῖς</span> <span class='ocrx_word' id='word_1_396' title='bbox 2796 3208 3019 3275; x_wconf 75' lang='grc' dir='ltr'>φωναῖς.</span> 
     </span>
    </p>
   </div>
   <div class='ocr_carea' id='block_1_60' title="bbox 764 3309 1052 3374">
    <p class='ocr_par' dir='ltr' id='par_1_60' title="bbox 764 3309 1052 3374">
     <span class='ocr_line' id='line_1_60' title="bbox 764 3309 1052 3374; baseline -0.003 -18"><span class='ocrx_word' id='word_1_397' title='bbox 764 3309 1052 3374; x_wconf 91' lang='lat' dir='ltr'><strong>promunt.</strong></span> 
     </span>
    </p>
   </div>
   <div class='ocr_carea' id='block_1_61' title="bbox 837 3405 2350 3479">
    <p class='ocr_par' dir='ltr' id='par_1_61' title="bbox 837 3405 2350 3479">
     <span class='ocr_line' id='line_1_61' title="bbox 837 3405 2350 3479; baseline 0.001 -19"><span class='ocrx_word' id='word_1_398' title='bbox 837 3405 1028 3461; x_wconf 89' lang='lat' dir='ltr'><strong>Omnis</strong></span> <span class='ocrx_word' id='word_1_399' title='bbox 1071 3406 1182 3478; x_wconf 84' lang='lat' dir='ltr'><strong>jam</strong></span> <span class='ocrx_word' id='word_1_400' title='bbox 1238 3405 1483 3460; x_wconf 82' lang='lat' dir='ltr'><strong>Ecclesia</strong></span> <span class='ocrx_word' id='word_1_401' title='bbox 1531 3405 1746 3460; x_wconf 76' lang='lat' dir='ltr'><strong>lzetatur</strong></span> <span class='ocrx_word' id='word_1_402' title='bbox 1794 3422 1859 3460; x_wconf 90' lang='lat' dir='ltr'><strong>ac</strong></span> <span class='ocrx_word' id='word_1_403' title='bbox 1904 3406 2103 3461; x_wconf 89' lang='lat' dir='ltr'><strong>decore</strong></span> <span class='ocrx_word' id='word_1_404' title='bbox 2157 3407 2350 3479; x_wconf 81' lang='lat' dir='ltr'><strong>fulget,</strong></span> 
     </span>
    </p>
   </div>
   <div class='ocr_carea' id='block_1_62' title="bbox 765 3496 2355 3567">
    <p class='ocr_par' dir='ltr' id='par_1_62' title="bbox 765 3496 2355 3567">
     <span class='ocr_line' id='line_1_62' title="bbox 765 3496 2355 3567; baseline 0.001 -17"><span class='ocrx_word' id='word_1_405' title='bbox 765 3497 1031 3567; x_wconf 78' lang='lat' dir='ltr'><strong>velutque</strong></span> <span class='ocrx_word' id='word_1_406' title='bbox 1075 3496 1299 3550; x_wconf 64' lang='lat' dir='ltr'><strong>caeleste</strong></span> <span class='ocrx_word' id='word_1_407' title='bbox 1353 3496 1588 3563; x_wconf 89' lang='lat' dir='ltr'><strong>donum,</strong></span> <span class='ocrx_word' id='word_1_408' title='bbox 1639 3507 1699 3551; x_wconf 91' lang='lat' dir='ltr'><strong>ut</strong></span> <span class='ocrx_word' id='word_1_409' title='bbox 1752 3497 2088 3552; x_wconf 85' lang='lat' dir='ltr'><strong>immortales</strong></span> <span class='ocrx_word' id='word_1_410' title='bbox 2126 3497 2355 3553; x_wconf 86' lang='lat' dir='ltr'><strong>delicias</strong></span> 
     </span>
    </p>
   </div>
   <div class='ocr_carea' id='block_1_63' title="bbox 767 3588 2356 3660">
    <p class='ocr_par' dir='ltr' id='par_1_63' title="bbox 767 3588 2356 3660">
     <span class='ocr_line' id='line_1_63' title="bbox 767 3588 2356 3660; baseline 0.003 -19"><span class='ocrx_word' id='word_1_411' title='bbox 767 3589 1074 3660; x_wconf 81' lang='lat' dir='ltr'><strong>pignusque</strong></span> <span class='ocrx_word' id='word_1_412' title='bbox 1103 3588 1419 3643; x_wconf 85' lang='lat' dir='ltr'><strong>inviolabile</strong></span> <span class='ocrx_word' id='word_1_413' title='bbox 1444 3628 1459 3653; x_wconf 88' lang='lat'><strong>,</strong></span> <span class='ocrx_word' id='word_1_414' title='bbox 1506 3588 1579 3642; x_wconf 89' lang='lat' dir='ltr'><strong>ita</strong></span> <span class='ocrx_word' id='word_1_415' title='bbox 1616 3603 1837 3643; x_wconf 92' lang='lat' dir='ltr'><strong>crucem</strong></span> <span class='ocrx_word' id='word_1_416' title='bbox 1877 3589 2000 3643; x_wconf 91' lang='lat' dir='ltr'><strong>sinu</strong></span> <span class='ocrx_word' id='word_1_417' title='bbox 2034 3590 2356 3660; x_wconf 87' lang='lat' dir='ltr'><strong>complecti-</strong></span> 
     </span>
    </p>
   </div>
   <div class='ocr_carea' id='block_1_64' title="bbox 766 3681 2352 3751">
    <p class='ocr_par' dir='ltr' id='par_1_64' title="bbox 766 3681 2352 3751">
     <span class='ocr_line' id='line_1_64' title="bbox 766 3681 2352 3751; baseline -0.001 -15"><span class='ocrx_word' id='word_1_418' title='bbox 766 3693 881 3746; x_wconf 70' lang='lat' dir='ltr'><strong>tur,</strong></span> <span class='ocrx_word' id='word_1_419' title='bbox 916 3681 1411 3750; x_wconf 82' lang='lat' dir='ltr'><strong>universorumque</strong></span> <span class='ocrx_word' id='word_1_420' title='bbox 1451 3681 1841 3750; x_wconf 91' lang='lat' dir='ltr'><strong>conspectibus</strong></span> <span class='ocrx_word' id='word_1_421' title='bbox 1875 3681 1944 3735; x_wconf 91' lang='lat' dir='ltr'><strong>ad</strong></span> <span class='ocrx_word' id='word_1_422' title='bbox 1979 3682 2352 3751; x_wconf 89' lang='lat' dir='ltr'><strong>spectaculum</strong></span> 
     </span>
    </p>
   </div>
   <div class='ocr_carea' id='block_1_65' title="bbox 766 3772 2353 3842">
    <p class='ocr_par' dir='ltr' id='par_1_65' title="bbox 766 3772 2353 3842">
     <span class='ocr_line' id='line_1_65' title="bbox 766 3772 2353 3842; baseline 0 -15"><span class='ocrx_word' id='word_1_423' title='bbox 766 3772 931 3827; x_wconf 82' lang='lat' dir='ltr'><strong>simul</strong></span> <span class='ocrx_word' id='word_1_424' title='bbox 978 3782 1035 3826; x_wconf 87' lang='lat' dir='ltr'><strong>et</strong></span> <span class='ocrx_word' id='word_1_425' title='bbox 1073 3773 1465 3827; x_wconf 87' lang='lat' dir='ltr'><strong>exaltationem</strong></span> <span class='ocrx_word' id='word_1_426' title='bbox 1506 3786 1569 3827; x_wconf 85' lang='lat' dir='ltr'><strong>ac</strong></span> <span class='ocrx_word' id='word_1_427' title='bbox 1608 3772 1982 3826; x_wconf 90' lang='lat' dir='ltr'><strong>adorationem</strong></span> <span class='ocrx_word' id='word_1_428' title='bbox 2019 3785 2353 3842; x_wconf 86' lang='lat' dir='ltr'><strong>proponens,</strong></span> 
     </span>
    </p>
   </div>
   <div class='ocr_carea' id='block_1_66' title="bbox 772 3863 2355 3926">
    <p class='ocr_par' dir='ltr' id='par_1_66' title="bbox 772 3863 2355 3926">
     <span class='ocr_line' id='line_1_66' title="bbox 772 3863 2355 3926; baseline 0.002 -10"><span class='ocrx_word' id='word_1_429' title='bbox 772 3864 901 3918; x_wconf 84' lang='lat' dir='ltr'><strong>filiis</strong></span> <span class='ocrx_word' id='word_1_430' title='bbox 935 3863 1051 3918; x_wconf 88' lang='lat' dir='ltr'><strong>suis</strong></span> <span class='ocrx_word' id='word_1_431' title='bbox 1088 3863 1308 3918; x_wconf 87' lang='lat' dir='ltr'><strong>fortiter</strong></span> <span class='ocrx_word' id='word_1_432' title='bbox 1342 3864 1411 3917; x_wconf 89' lang='lat' dir='ltr'><strong>ad</strong></span> <span class='ocrx_word' id='word_1_433' title='bbox 1448 3864 1737 3918; x_wconf 89' lang='lat' dir='ltr'><strong>Dominum</strong></span> <span class='ocrx_word' id='word_1_434' title='bbox 1773 3865 2160 3926; x_wconf 87' lang='lat' dir='ltr'><strong>clamantibus.</strong></span> <span class='ocrx_word' id='word_1_435' title='bbox 2208 3866 2355 3919; x_wconf 89' lang='lat' dir='ltr'><strong>illius</strong></span> 
     </span>
    </p>
   </div>
   <div class='ocr_carea' id='block_1_67' title="bbox 772 3956 2354 4015">
    <p class='ocr_par' dir='ltr' id='par_1_67' title="bbox 772 3956 2354 4015">
     <span class='ocr_line' id='line_1_67' title="bbox 772 3956 2354 4015; baseline 0.003 -5"><span class='ocrx_word' id='word_1_436' title='bbox 772 3972 1002 4011; x_wconf 77' lang='lat' dir='ltr'><strong>iuunere</strong></span> <span class='ocrx_word' id='word_1_437' title='bbox 1047 3956 1483 4012; x_wconf 88' lang='lat' dir='ltr'><strong>misericordiam</strong></span> <span class='ocrx_word' id='word_1_438' title='bbox 1520 3964 1577 4012; x_wconf 92' lang='lat' dir='ltr'><strong>et</strong></span> <span class='ocrx_word' id='word_1_439' title='bbox 1617 3958 2112 4014; x_wconf 84' lang='lat' dir='ltr'><strong>sanctiﬁcationem</strong></span> <span class='ocrx_word' id='word_1_440' title='bbox 2132 3969 2190 4014; x_wconf 92' lang='lat' dir='ltr'><strong>et</strong></span> <span class='ocrx_word' id='word_1_441' title='bbox 2224 3960 2354 4015; x_wconf 61' lang='lat' dir='ltr'><strong>illu+</strong></span> 
     </span>
    </p>
   </div>
   <div class='ocr_carea' id='block_1_68' title="bbox 772 4048 2359 4123">
    <p class='ocr_par' dir='ltr' id='par_1_68' title="bbox 772 4048 2359 4123">
     <span class='ocr_line' id='line_1_68' title="bbox 772 4048 2359 4123; baseline 0.004 -23"><span class='ocrx_word' id='word_1_442' title='bbox 772 4048 1130 4102; x_wconf 89' lang='lat' dir='ltr'><strong>minationem</strong></span> <span class='ocrx_word' id='word_1_443' title='bbox 1162 4049 1311 4119; x_wconf 88' lang='lat' dir='ltr'><strong>large</strong></span> <span class='ocrx_word' id='word_1_444' title='bbox 1353 4049 1686 4119; x_wconf 88' lang='lat' dir='ltr'><strong>impertitur.</strong></span> <span class='ocrx_word' id='word_1_445' title='bbox 1725 4050 1953 4121; x_wconf 85' lang='lat' dir='ltr'><strong>Jamque</strong></span> <span class='ocrx_word' id='word_1_446' title='bbox 1990 4068 2183 4107; x_wconf 90' lang='lat' dir='ltr'><strong>omnes</strong></span> <span class='ocrx_word' id='word_1_447' title='bbox 2228 4068 2359 4123; x_wconf 72' lang='lat' dir='ltr'><strong>gem</strong></span> 
     </span>
    </p>
   </div>
   <div class='ocr_carea' id='block_1_69' title="bbox 772 4138 2357 4209">
    <p class='ocr_par' dir='ltr' id='par_1_69' title="bbox 772 4138 2357 4209">
     <span class='ocr_line' id='line_1_69' title="bbox 772 4138 2357 4209; baseline 0.004 -16"><span class='ocrx_word' id='word_1_448' title='bbox 772 4147 889 4203; x_wconf 85' lang='lat' dir='ltr'><strong>tes,</strong></span> <span class='ocrx_word' id='word_1_449' title='bbox 924 4148 1160 4209; x_wconf 87' lang='lat' dir='ltr'><strong>quantas</strong></span> <span class='ocrx_word' id='word_1_450' title='bbox 1207 4138 1339 4193; x_wconf 91' lang='lat' dir='ltr'><strong>fecit</strong></span> <span class='ocrx_word' id='word_1_451' title='bbox 1385 4140 1680 4205; x_wconf 89' lang='lat' dir='ltr'><strong>Dominus,</strong></span> <span class='ocrx_word' id='word_1_452' title='bbox 1723 4143 1986 4206; x_wconf 83' lang='lat' dir='ltr'><strong>veniunt,</strong></span> <span class='ocrx_word' id='word_1_453' title='bbox 2035 4158 2099 4197; x_wconf 87' lang='lat' dir='ltr'><strong>ae</strong></span> <span class='ocrx_word' id='word_1_454' title='bbox 2137 4144 2357 4199; x_wconf 84' lang='lat' dir='ltr'><strong>viviﬁco</strong></span> 
     </span>
    </p>
   </div>
   <div class='ocr_carea' id='block_1_70' title="bbox 776 4227 2356 4300">
    <p class='ocr_par' dir='ltr' id='par_1_70' title="bbox 776 4227 2356 4300">
     <span class='ocr_line' id='line_1_70' title="bbox 776 4227 2356 4300; baseline 0.004 -18"><span class='ocrx_word' id='word_1_455' title='bbox 776 4239 970 4297; x_wconf 89' lang='lat' dir='ltr'><strong>terque</strong></span> <span class='ocrx_word' id='word_1_456' title='bbox 1009 4227 1170 4282; x_wconf 87' lang='lat' dir='ltr'><strong>beato</strong></span> <span class='ocrx_word' id='word_1_457' title='bbox 1200 4228 1350 4299; x_wconf 90' lang='lat' dir='ltr'><strong>ligno</strong></span> <span class='ocrx_word' id='word_1_458' title='bbox 1387 4230 1763 4300; x_wconf 87' lang='lat' dir='ltr'><strong>procumbunt</strong></span> <span class='ocrx_word' id='word_1_459' title='bbox 1780 4233 1869 4285; x_wconf 74' lang='grc' dir='ltr'><strong>η’.</strong></span> <span class='ocrx_word' id='word_1_460' title='bbox 1895 4232 2141 4287; x_wconf 73' lang='lat' dir='ltr'><strong>Aderant</strong></span> <span class='ocrx_word' id='word_1_461' title='bbox 2170 4248 2356 4289; x_wconf 83' lang='lat' dir='ltr'><strong>coram</strong></span> 
     </span>
    </p>
   </div>
   <div class='ocr_carea' id='block_1_71' title="bbox 776 4319 2355 4391">
    <p class='ocr_par' dir='ltr' id='par_1_71' title="bbox 776 4319 2355 4391">
     <span class='ocr_line' id='line_1_71' title="bbox 776 4319 2355 4391; baseline 0.006 -19"><span class='ocrx_word' id='word_1_462' title='bbox 776 4319 908 4383; x_wconf 90' lang='lat' dir='ltr'><strong>illo,</strong></span> <span class='ocrx_word' id='word_1_463' title='bbox 955 4336 1017 4373; x_wconf 90' lang='lat' dir='ltr'><strong>ac</strong></span> <span class='ocrx_word' id='word_1_464' title='bbox 1068 4337 1164 4390; x_wconf 89' lang='lat' dir='ltr'><strong>per</strong></span> <span class='ocrx_word' id='word_1_465' title='bbox 1198 4336 1419 4377; x_wconf 90' lang='lat' dir='ltr'><strong>crucem</strong></span> <span class='ocrx_word' id='word_1_466' title='bbox 1472 4321 1731 4377; x_wconf 84' lang='lat' dir='ltr'><strong>Crucifixi</strong></span> <span class='ocrx_word' id='word_1_467' title='bbox 1772 4339 1973 4378; x_wconf 89' lang='lat' dir='ltr'><strong>nomen</strong></span> <span class='ocrx_word' id='word_1_468' title='bbox 2014 4325 2355 4391; x_wconf 81' lang='lat' dir='ltr'><strong>clarificant,</strong></span> 
     </span>
    </p>
   </div>
   <div class='ocr_carea' id='block_1_72' title="bbox 781 4412 2355 4485">
    <p class='ocr_par' dir='ltr' id='par_1_72' title="bbox 781 4412 2355 4485">
     <span class='ocr_line' id='line_1_72' title="bbox 781 4412 2355 4485; baseline 0.007 -20"><span class='ocrx_word' id='word_1_469' title='bbox 781 4412 929 4481; x_wconf 88' lang='lat' dir='ltr'><strong>quod</strong></span> <span class='ocrx_word' id='word_1_470' title='bbox 960 4427 1151 4468; x_wconf 88' lang='lat' dir='ltr'><strong>revera</strong></span> <span class='ocrx_word' id='word_1_471' title='bbox 1180 4430 1411 4485; x_wconf 86' lang='lat' dir='ltr'><strong>magnus</strong></span> <span class='ocrx_word' id='word_1_472' title='bbox 1427 4415 1499 4470; x_wconf 89' lang='lat' dir='ltr'><strong>sit</strong></span> <span class='ocrx_word' id='word_1_473' title='bbox 1523 4424 1581 4471; x_wconf 94' lang='lat' dir='ltr'><strong>et</strong></span> <span class='ocrx_word' id='word_1_474' title='bbox 1602 4416 1810 4472; x_wconf 88' lang='lat' dir='ltr'><strong>faciens</strong></span> <span class='ocrx_word' id='word_1_475' title='bbox 1828 4419 2097 4474; x_wconf 79' lang='lat' dir='ltr'><strong>mirabilia</strong></span> <span class='ocrx_word' id='word_1_476' title='bbox 2122 4421 2275 4476; x_wconf 86' lang='lat' dir='ltr'><strong>solus</strong></span> <span class='ocrx_word' id='word_1_477' title='bbox 2290 4422 2355 4475; x_wconf 70' lang='lat'><strong>“.</strong></span> 
     </span>
    </p>
   </div>
   <div class='ocr_carea' id='block_1_73' title="bbox 774 4504 2360 4580">
    <p class='ocr_par' dir='ltr' id='par_1_73' title="bbox 774 4504 2360 4580">
     <span class='ocr_line' id='line_1_73' title="bbox 774 4504 2360 4580; baseline 0.006 -21"><span class='ocrx_word' id='word_1_478' title='bbox 774 4504 892 4559; x_wconf 74' lang='lat' dir='ltr'><strong>lam</strong></span> <span class='ocrx_word' id='word_1_479' title='bbox 916 4505 1407 4575; x_wconf 47' lang='lat' dir='ltr'><strong>dazmonquaerea</strong></span> <span class='ocrx_word' id='word_1_480' title='bbox 1427 4508 1605 4563; x_wconf 89' lang='lat' dir='ltr'><strong>omnis</strong></span> <span class='ocrx_word' id='word_1_481' title='bbox 1629 4510 1854 4580; x_wconf 90' lang='lat' dir='ltr'><strong>aerique</strong></span> <span class='ocrx_word' id='word_1_482' title='bbox 1875 4511 2140 4568; x_wconf 86' lang='lat' dir='ltr'><strong>incubans</strong></span> <span class='ocrx_word' id='word_1_483' title='bbox 2160 4513 2360 4569; x_wconf 89' lang='lat' dir='ltr'><strong>cohors</strong></span> 
     </span>
    </p>
   </div>
   <div class='ocr_carea' id='block_1_74' title="bbox 2532 3400 4045 3473">
    <p class='ocr_par' dir='ltr' id='par_1_74' title="bbox 2532 3400 4045 3473">
     <span class='ocr_line' id='line_1_74' title="bbox 2532 3400 4045 3473; baseline 0.001 -19"><span class='ocrx_word' id='word_1_484' title='bbox 2532 3403 2694 3473; x_wconf 80' lang='grc' dir='ltr'>Ἀρτι</span> <span class='ocrx_word' id='word_1_485' title='bbox 2725 3400 3140 3471; x_wconf 82' lang='grc' dir='ltr'>μὲνἘκκλησία</span> <span class='ocrx_word' id='word_1_486' title='bbox 3158 3403 3309 3455; x_wconf 78' lang='grc' dir='ltr'>πᾶσα</span> <span class='ocrx_word' id='word_1_487' title='bbox 3337 3400 3689 3473; x_wconf 79' lang='grc' dir='ltr'>φαιδρύνεται</span> <span class='ocrx_word' id='word_1_488' title='bbox 3718 3403 3813 3457; x_wconf 64' lang='grc' dir='ltr'><strong>καὶ⁵</strong></span> <span class='ocrx_word' id='word_1_489' title='bbox 3833 3402 4045 3455; x_wconf 72' lang='grc' dir='ltr'>καλλύ-</span> 
     </span>
    </p>
   </div>
   <div class='ocr_carea' id='block_1_75' title="bbox 2454 3494 4047 3565">
    <p class='ocr_par' dir='ltr' id='par_1_75' title="bbox 2454 3494 4047 3565">
     <span class='ocr_line' id='line_1_75' title="bbox 2454 3494 4047 3565; baseline 0 -15"><span class='ocrx_word' id='word_1_490' title='bbox 2454 3511 2627 3551; x_wconf 64' lang='lat' dir='ltr'><strong>verat“</strong></span> <span class='ocrx_word' id='word_1_491' title='bbox 2656 3495 2753 3547; x_wconf 75' lang='lat' dir='ltr'><strong>ml.</strong></span> <span class='ocrx_word' id='word_1_492' title='bbox 2780 3494 2970 3565; x_wconf 85' lang='grc' dir='ltr'>ῶσπερ</span> <span class='ocrx_word' id='word_1_493' title='bbox 3004 3512 3058 3547; x_wconf 91' lang='grc' dir='ltr'>τι</span> <span class='ocrx_word' id='word_1_494' title='bbox 3083 3494 3258 3565; x_wconf 90' lang='grc' dir='ltr'>δῶρον</span> <span class='ocrx_word' id='word_1_495' title='bbox 3304 3494 3579 3565; x_wconf 71' lang='grc' dir='ltr'>οὐράνιον,</span> <span class='ocrx_word' id='word_1_496' title='bbox 3611 3494 3688 3558; x_wconf 84' lang='grc' dir='ltr'><strong>ὡς</strong></span> <span class='ocrx_word' id='word_1_497' title='bbox 3711 3496 3865 3548; x_wconf 75' lang='grc' dir='ltr'>ὃλῦον</span> <span class='ocrx_word' id='word_1_498' title='bbox 3897 3498 4047 3565; x_wconf 83' lang='grc' dir='ltr'>ἀκή-</span> 
     </span>
    </p>
   </div>
   <div class='ocr_carea' id='block_1_76' title="bbox 2457 3586 4044 3659">
    <p class='ocr_par' dir='ltr' id='par_1_76' title="bbox 2457 3586 4044 3659">
     <span class='ocr_line' id='line_1_76' title="bbox 2457 3586 4044 3659; baseline -0.001 -17"><span class='ocrx_word' id='word_1_499' title='bbox 2457 3605 2643 3659; x_wconf 88' lang='grc' dir='ltr'>ρατον,</span> <span class='ocrx_word' id='word_1_500' title='bbox 2674 3588 2751 3651; x_wconf 82' lang='grc' dir='ltr'><strong>ὡς</strong></span> <span class='ocrx_word' id='word_1_501' title='bbox 2776 3588 3067 3659; x_wconf 79' lang='grc' dir='ltr'>κειμήλιον</span> <span class='ocrx_word' id='word_1_502' title='bbox 3100 3586 3406 3656; x_wconf 76' lang='grc' dir='ltr'>ἄψαυστον,</span> <span class='ocrx_word' id='word_1_503' title='bbox 3434 3586 3607 3651; x_wconf 75' lang='grc' dir='ltr'>οὕτως</span> <span class='ocrx_word' id='word_1_504' title='bbox 3640 3588 4044 3656; x_wconf 74' lang='grc' dir='ltr'>ὲγκολπίζεται</span> 
     </span>
    </p>
   </div>
   <div class='ocr_carea' id='block_1_77' title="bbox 2453 3679 4048 3751">
    <p class='ocr_par' dir='ltr' id='par_1_77' title="bbox 2453 3679 4048 3751">
     <span class='ocr_line' id='line_1_77' title="bbox 2453 3679 4048 3751; baseline 0.002 -20"><span class='ocrx_word' id='word_1_505' title='bbox 2453 3681 2546 3734; x_wconf 78' lang='grc' dir='ltr'>τὸν</span> <span class='ocrx_word' id='word_1_506' title='bbox 2581 3679 2851 3750; x_wconf 80' lang='grc' dir='ltr'>σταυρὸν,</span> <span class='ocrx_word' id='word_1_507' title='bbox 2901 3681 2996 3734; x_wconf 76' lang='grc' dir='ltr'>καὶ</span> <span class='ocrx_word' id='word_1_508' title='bbox 3034 3679 3222 3732; x_wconf 83' lang='grc' dir='ltr'>τοῦτον</span> <span class='ocrx_word' id='word_1_509' title='bbox 3262 3682 3384 3743; x_wconf 86' lang='grc' dir='ltr'>ταῖς</span> <span class='ocrx_word' id='word_1_510' title='bbox 3430 3681 3690 3733; x_wconf 77' lang='grc' dir='ltr'>ἁπάντων</span> <span class='ocrx_word' id='word_1_511' title='bbox 3726 3681 3914 3751; x_wconf 72' lang='grc' dir='ltr'>ὕψεσιν</span> <span class='ocrx_word' id='word_1_512' title='bbox 3955 3684 4048 3745; x_wconf 80' lang='grc' dir='ltr'><strong>είς</strong></span> 
     </span>
    </p>
   </div>
   <div class='ocr_carea' id='block_1_78' title="bbox 2458 3772 4047 3845">
    <p class='ocr_par' dir='ltr' id='par_1_78' title="bbox 2458 3772 4047 3845">
     <span class='ocr_line' id='line_1_78' title="bbox 2458 3772 4047 3845; baseline 0 -20"><span class='ocrx_word' id='word_1_513' title='bbox 2458 3773 2693 3843; x_wconf 81' lang='grc' dir='ltr'>θεωρίαν</span> <span class='ocrx_word' id='word_1_514' title='bbox 2721 3789 2782 3825; x_wconf 87' lang='grc' dir='ltr'><strong>τε</strong></span> <span class='ocrx_word' id='word_1_515' title='bbox 2812 3772 2843 3826; x_wconf 80' lang='grc' dir='ltr'><em>ἃ</em></span> <span class='ocrx_word' id='word_1_516' title='bbox 2854 3790 2929 3843; x_wconf 84' lang='grc' dir='ltr'><strong>μα</strong></span> <span class='ocrx_word' id='word_1_517' title='bbox 2956 3774 3050 3826; x_wconf 62' lang='grc' dir='ltr'><strong>καί⁵</strong></span> <span class='ocrx_word' id='word_1_518' title='bbox 3078 3772 3288 3841; x_wconf 80' lang='grc' dir='ltr'>ῦψωσιν</span> <span class='ocrx_word' id='word_1_519' title='bbox 3316 3774 3411 3826; x_wconf 75' lang='grc' dir='ltr'>καὶ</span> <span class='ocrx_word' id='word_1_520' title='bbox 3442 3773 3817 3843; x_wconf 82' lang='grc' dir='ltr'>προσκύνησιν</span> <span class='ocrx_word' id='word_1_521' title='bbox 3840 3792 4047 3845; x_wconf 85' lang='grc' dir='ltr'>προτι-</span> 
     </span>
    </p>
   </div>
   <div class='ocr_carea' id='block_1_79' title="bbox 2456 3864 4050 3939">
    <p class='ocr_par' dir='ltr' id='par_1_79' title="bbox 2456 3864 4050 3939">
     <span class='ocr_line' id='line_1_79' title="bbox 2456 3864 4050 3939; baseline 0.001 -21"><span class='ocrx_word' id='word_1_522' title='bbox 2456 3865 2631 3928; x_wconf 84' lang='grc' dir='ltr'>θεῖσα,</span> <span class='ocrx_word' id='word_1_523' title='bbox 2665 3866 2781 3927; x_wconf 90' lang='grc' dir='ltr'>τοῖς</span> <span class='ocrx_word' id='word_1_524' title='bbox 2798 3866 3008 3927; x_wconf 82' lang='grc' dir='ltr'>τέκνοις</span> <span class='ocrx_word' id='word_1_525' title='bbox 3039 3864 3209 3934; x_wconf 80' lang='grc' dir='ltr'>αὐτῆς</span> <span class='ocrx_word' id='word_1_526' title='bbox 3249 3864 3491 3939; x_wconf 71' lang='grc' dir='ltr'>στερρῶς</span> <span class='ocrx_word' id='word_1_527' title='bbox 3519 3865 3913 3935; x_wconf 77' lang='grc' dir='ltr'>ἐπιϐοωμένοις</span> <span class='ocrx_word' id='word_1_528' title='bbox 3944 3865 4050 3919; x_wconf 76' lang='grc' dir='ltr'>τὸν</span> 
     </span>
    </p>
   </div>
   <div class='ocr_carea' id='block_1_80' title="bbox 2457 3955 4050 4026">
    <p class='ocr_par' dir='ltr' id='par_1_80' title="bbox 2457 3955 4050 4026">
     <span class='ocr_line' id='line_1_80' title="bbox 2457 3955 4050 4026; baseline 0 -17"><span class='ocrx_word' id='word_1_529' title='bbox 2457 3956 2685 4026; x_wconf 80' lang='grc' dir='ltr'>Κύριον,</span> <span class='ocrx_word' id='word_1_530' title='bbox 2717 3955 2785 4008; x_wconf 81' lang='grc' dir='ltr'>δι’</span> <span class='ocrx_word' id='word_1_531' title='bbox 2822 3955 2989 4009; x_wconf 78' lang='grc' dir='ltr'>αὑτοῦ</span> <span class='ocrx_word' id='word_1_532' title='bbox 3043 3956 3135 4009; x_wconf 80' lang='grc' dir='ltr'>τὸν</span> <span class='ocrx_word' id='word_1_533' title='bbox 3180 3955 3328 4010; x_wconf 76' lang='grc' dir='ltr'>ἔλεόν</span> <span class='ocrx_word' id='word_1_534' title='bbox 3369 3975 3429 4010; x_wconf 86' lang='grc' dir='ltr'><strong>τε</strong></span> <span class='ocrx_word' id='word_1_535' title='bbox 3476 3958 3755 4022; x_wconf 85' lang='grc' dir='ltr'>πλουσίως</span> <span class='ocrx_word' id='word_1_536' title='bbox 3800 3958 3895 4011; x_wconf 75' lang='grc' dir='ltr'>καὶ</span> <span class='ocrx_word' id='word_1_537' title='bbox 3942 3958 4050 4011; x_wconf 81' lang='grc' dir='ltr'>τὸν</span> 
     </span>
    </p>
   </div>
   <div class='ocr_carea' id='block_1_81' title="bbox 2458 4046 4049 4119">
    <p class='ocr_par' dir='ltr' id='par_1_81' title="bbox 2458 4046 4049 4119">
     <span class='ocr_line' id='line_1_81' title="bbox 2458 4046 4049 4119; baseline 0.001 -19"><span class='ocrx_word' id='word_1_538' title='bbox 2458 4047 2730 4115; x_wconf 81' lang='grc' dir='ltr'>ἁγιασμὸν</span> <span class='ocrx_word' id='word_1_539' title='bbox 2780 4048 3104 4115; x_wconf 78' lang='grc' dir='ltr'>ὲπιχορηγοῖ</span> <span class='ocrx_word' id='word_1_540' title='bbox 3149 4046 3245 4099; x_wconf 81' lang='grc' dir='ltr'>καὶ</span> <span class='ocrx_word' id='word_1_541' title='bbox 3285 4048 3376 4101; x_wconf 70' lang='grc' dir='ltr'><strong>τὸν</strong></span> <span class='ocrx_word' id='word_1_542' title='bbox 3425 4049 3725 4118; x_wconf 71' lang='grc' dir='ltr'>φωτισμόν.</span> <span class='ocrx_word' id='word_1_543' title='bbox 3778 4049 3931 4119; x_wconf 83' lang='grc' dir='ltr'>Ἀρτι</span> <span class='ocrx_word' id='word_1_544' title='bbox 3978 4047 4049 4101; x_wconf 73' lang='grc' dir='ltr'>δὲ</span> 
     </span>
    </p>
   </div>
   <div class='ocr_carea' id='block_1_82' title="bbox 2459 4138 4051 4211">
    <p class='ocr_par' dir='ltr' id='par_1_82' title="bbox 2459 4138 4051 4211">
     <span class='ocr_line' id='line_1_82' title="bbox 2459 4138 4051 4211; baseline 0.001 -19"><span class='ocrx_word' id='word_1_545' title='bbox 2459 4141 2639 4193; x_wconf 81' lang='grc' dir='ltr'>πάντα</span> <span class='ocrx_word' id='word_1_546' title='bbox 2664 4138 2735 4192; x_wconf 90' lang='grc' dir='ltr'><strong>τά</strong></span> <span class='ocrx_word' id='word_1_547' title='bbox 2755 4138 2909 4208; x_wconf 75' lang='grc' dir='ltr'>ἔθνη,</span> <span class='ocrx_word' id='word_1_548' title='bbox 2934 4138 3036 4190; x_wconf 84' lang='grc' dir='ltr'>ὅσα</span> <span class='ocrx_word' id='word_1_549' title='bbox 3064 4139 3324 4209; x_wconf 77' lang='grc' dir='ltr'>ἐποίησεν</span> <span class='ocrx_word' id='word_1_550' title='bbox 3352 4142 3381 4193; x_wconf 87' lang='grc' dir='ltr'><strong><em>ὁ</em></strong></span> <span class='ocrx_word' id='word_1_551' title='bbox 3411 4140 3638 4211; x_wconf 80' lang='grc' dir='ltr'>Κύριος,</span> <span class='ocrx_word' id='word_1_552' title='bbox 3685 4142 3911 4211; x_wconf 74' lang='grc' dir='ltr'>ἥκοντα,</span> <span class='ocrx_word' id='word_1_553' title='bbox 3942 4144 4051 4194; x_wconf 72' lang='grc' dir='ltr'>καὶ</span> 
     </span>
    </p>
   </div>
   <div class='ocr_carea' id='block_1_83' title="bbox 2457 4232 4047 4306">
    <p class='ocr_par' dir='ltr' id='par_1_83' title="bbox 2457 4232 4047 4306">
     <span class='ocr_line' id='line_1_83' title="bbox 2457 4232 4047 4306; baseline -0.001 -17"><span class='ocrx_word' id='word_1_554' title='bbox 2457 4235 2539 4306; x_wconf 82' lang='grc' dir='ltr'>τῷ</span> <span class='ocrx_word' id='word_1_555' title='bbox 2581 4232 2832 4305; x_wconf 80' lang='grc' dir='ltr'>ζωοποιῷ</span> <span class='ocrx_word' id='word_1_556' title='bbox 2892 4233 3035 4303; x_wconf 77' lang='grc' dir='ltr'>ξύλῳ</span> <span class='ocrx_word' id='word_1_557' title='bbox 3088 4233 3187 4287; x_wconf 72' lang='grc' dir='ltr'>καὶ</span> <span class='ocrx_word' id='word_1_558' title='bbox 3235 4232 3526 4305; x_wconf 74' lang='grc' dir='ltr'>τρισολῦίῳ</span> <span class='ocrx_word' id='word_1_559' title='bbox 3586 4234 4047 4302; x_wconf 79' lang='grc' dir='ltr'>προσπίπτοντα,</span> 
     </span>
    </p>
   </div>
   <div class='ocr_carea' id='block_1_84' title="bbox 2460 4324 4050 4399">
    <p class='ocr_par' dir='ltr' id='par_1_84' title="bbox 2460 4324 4050 4399">
     <span class='ocr_line' id='line_1_84' title="bbox 2460 4324 4050 4399; baseline -0.001 -18"><span class='ocrx_word' id='word_1_560' title='bbox 2460 4325 2862 4399; x_wconf 81' lang='grc' dir='ltr'>προσκυνοῦσιν</span> <span class='ocrx_word' id='word_1_561' title='bbox 2889 4325 3124 4380; x_wconf 74' lang='grc' dir='ltr'>ἐνώπιον</span> <span class='ocrx_word' id='word_1_562' title='bbox 3167 4325 3357 4379; x_wconf 82' lang='grc' dir='ltr'>αὐτοῦ·</span> <span class='ocrx_word' id='word_1_563' title='bbox 3392 4326 3489 4378; x_wconf 79' lang='grc' dir='ltr'>καὶ</span> <span class='ocrx_word' id='word_1_564' title='bbox 3526 4324 3617 4378; x_wconf 83' lang='grc' dir='ltr'><strong>διὰ</strong></span> <span class='ocrx_word' id='word_1_565' title='bbox 3658 4326 3753 4379; x_wconf 88' lang='grc' dir='ltr'><strong>τοῦ</strong></span> <span class='ocrx_word' id='word_1_566' title='bbox 3797 4326 4050 4395; x_wconf 77' lang='grc' dir='ltr'>σταυροῦ</span> 
     </span>
    </p>
   </div>
   <div class='ocr_carea' id='block_1_85' title="bbox 2437 4416 4050 4490">
    <p class='ocr_par' dir='ltr' id='par_1_85' title="bbox 2437 4416 4050 4490">
     <span class='ocr_line' id='line_1_85' title="bbox 2437 4416 4050 4490; baseline -0.002 -16"><span class='ocrx_word' id='word_1_567' title='bbox 2437 4422 2522 4475; x_wconf 63' lang='grc' dir='ltr'>τὸ</span> <span class='ocrx_word' id='word_1_568' title='bbox 2551 4419 2648 4474; x_wconf 90' lang='grc' dir='ltr'><strong>τοῦ</strong></span> <span class='ocrx_word' id='word_1_569' title='bbox 2688 4418 3113 4490; x_wconf 77' lang='grc' dir='ltr'>ἐσταυρωμένου</span> <span class='ocrx_word' id='word_1_570' title='bbox 3156 4416 3471 4483; x_wconf 75' lang='grc' dir='ltr'>δοξάζουσιν</span> <span class='ocrx_word' id='word_1_571' title='bbox 3506 4418 3698 4488; x_wconf 78' lang='grc' dir='ltr'>δνομα,</span> <span class='ocrx_word' id='word_1_572' title='bbox 3741 4419 3825 4471; x_wconf 78' lang='grc' dir='ltr'>ὅτι</span> <span class='ocrx_word' id='word_1_573' title='bbox 3861 4420 4050 4487; x_wconf 78' lang='grc' dir='ltr'>μέγας</span> 
     </span>
    </p>
   </div>
   <div class='ocr_carea' id='block_1_86' title="bbox 2414 4507 4053 4581">
    <p class='ocr_par' dir='ltr' id='par_1_86' title="bbox 2414 4507 4053 4581">
     <span class='ocr_line' id='line_1_86' title="bbox 2414 4507 4053 4581; baseline 0 -18"><span class='ocrx_word' id='word_1_574' title='bbox 2414 4508 2421 4523; x_wconf 83' lang='grc'><em>¹</em></span> <span class='ocrx_word' id='word_1_575' title='bbox 2460 4511 2579 4563; x_wconf 69' lang='grc' dir='ltr'>ἐστὶ</span> <span class='ocrx_word' id='word_1_576' title='bbox 2607 4509 2687 4581; x_wconf 82' lang='grc' dir='ltr'>τῷ</span> <span class='ocrx_word' id='word_1_577' title='bbox 2733 4511 2849 4563; x_wconf 72' lang='grc' dir='ltr'>ὄντι</span> <span class='ocrx_word' id='word_1_578' title='bbox 2897 4508 2993 4562; x_wconf 76' lang='grc' dir='ltr'>καὶ</span> <span class='ocrx_word' id='word_1_579' title='bbox 3026 4508 3196 4561; x_wconf 87' lang='grc' dir='ltr'>ποιῶν</span> <span class='ocrx_word' id='word_1_580' title='bbox 3229 4507 3514 4578; x_wconf 76' lang='grc' dir='ltr'>θαυμάσια</span> <span class='ocrx_word' id='word_1_581' title='bbox 3561 4508 3746 4577; x_wconf 85' lang='grc' dir='ltr'>μόνος.</span> <span class='ocrx_word' id='word_1_582' title='bbox 3782 4510 3942 4577; x_wconf 81' lang='grc' dir='ltr'>Ἀρτι</span> <span class='ocrx_word' id='word_1_583' title='bbox 3980 4509 4053 4563; x_wconf 76' lang='grc' dir='ltr'>δὲ</span> 
     </span>
    </p>
   </div>
   <div class='ocr_carea' id='block_1_87' title="bbox 776 4592 2353 4678">
    <p class='ocr_par' dir='ltr' id='par_1_87' title="bbox 776 4600 2353 4678">
     <span class='ocr_line' id='line_1_87' title="bbox 776 4600 2353 4678; baseline 0.009 -28"><span class='ocrx_word' id='word_1_584' title='bbox 776 4610 841 4652; x_wconf 88' lang='lat' dir='ltr'><strong>ac</strong></span> <span class='ocrx_word' id='word_1_585' title='bbox 877 4613 1075 4668; x_wconf 88' lang='lat' dir='ltr'><strong>pompa</strong></span> <span class='ocrx_word' id='word_1_586' title='bbox 1123 4600 1442 4671; x_wconf 87' lang='lat' dir='ltr'><strong>triumphali</strong></span> <span class='ocrx_word' id='word_1_587' title='bbox 1475 4603 1705 4657; x_wconf 58' lang='lat' dir='ltr'><strong>caeditur</strong></span> <span class='ocrx_word' id='word_1_588' title='bbox 1750 4604 1929 4674; x_wconf 86' lang='lat' dir='ltr'><strong>ligno,</strong></span> <span class='ocrx_word' id='word_1_589' title='bbox 1972 4605 2353 4678; x_wconf 89' lang='lat' dir='ltr'><strong>frangiturque</strong></span> 
     </span>
    </p>
   </div>
   <div class='ocr_carea' id='block_1_88' title="bbox 2448 4592 4053 4678">
    <p class='ocr_par' dir='ltr' id='par_1_88' title="bbox 2457 4596 4053 4672">
     <span class='ocr_line' id='line_1_88' title="bbox 2457 4596 4053 4672; baseline -0.003 -19"><span class='ocrx_word' id='word_1_590' title='bbox 2457 4604 2609 4656; x_wconf 79' lang='grc' dir='ltr'>πᾶσα</span> <span class='ocrx_word' id='word_1_591' title='bbox 2636 4600 2744 4653; x_wconf 90' lang='grc' dir='ltr'><strong>τῶν</strong></span> <span class='ocrx_word' id='word_1_592' title='bbox 2772 4600 3045 4669; x_wconf 82' lang='grc' dir='ltr'>δαιμόνων</span> <span class='ocrx_word' id='word_1_593' title='bbox 3080 4598 3304 4672; x_wconf 76' lang='grc' dir='ltr'>ἐνάερος</span> <span class='ocrx_word' id='word_1_594' title='bbox 3346 4596 3574 4666; x_wconf 87' lang='grc' dir='ltr'>στρατιά</span> <span class='ocrx_word' id='word_1_595' title='bbox 3605 4596 3701 4650; x_wconf 78' lang='grc' dir='ltr'>καὶ</span> <span class='ocrx_word' id='word_1_596' title='bbox 3738 4597 3927 4668; x_wconf 75' lang='grc' dir='ltr'>πομπὴ</span> <span class='ocrx_word' id='word_1_597' title='bbox 3960 4599 4053 4669; x_wconf 78' lang='grc' dir='ltr'>τῷ</span> 
     </span>
    </p>
   </div>
   <div class='ocr_carea' id='block_1_89' title="bbox 776 4690 2355 4766">
    <p class='ocr_par' dir='ltr' id='par_1_89' title="bbox 776 4690 2355 4766">
     <span class='ocr_line' id='line_1_89' title="bbox 776 4690 2355 4766; baseline 0.008 -24"><span class='ocrx_word' id='word_1_598' title='bbox 776 4698 833 4742; x_wconf 87' lang='lat' dir='ltr'><strong>et</strong></span> <span class='ocrx_word' id='word_1_599' title='bbox 858 4690 1155 4759; x_wconf 89' lang='lat' dir='ltr'><strong>rumpitur,</strong></span> <span class='ocrx_word' id='word_1_600' title='bbox 1187 4705 1364 4761; x_wconf 82' lang='lat' dir='ltr'><strong>exque</strong></span> <span class='ocrx_word' id='word_1_601' title='bbox 1402 4693 1724 4749; x_wconf 61' lang='lat' dir='ltr'><strong>caelestibus</strong></span> <span class='ocrx_word' id='word_1_602' title='bbox 1750 4696 1874 4766; x_wconf 82' lang='lat' dir='ltr'><strong>jure</strong></span> <span class='ocrx_word' id='word_1_603' title='bbox 1902 4698 2100 4752; x_wconf 89' lang='lat' dir='ltr'><strong>merito</strong></span> <span class='ocrx_word' id='word_1_604' title='bbox 2128 4699 2355 4755; x_wconf 88' lang='lat' dir='ltr'><strong>sedibus</strong></span> 
     </span>
    </p>
   </div>
   <div class='ocr_carea' id='block_1_90' title="bbox 777 4782 2355 4861">
    <p class='ocr_par' dir='ltr' id='par_1_90' title="bbox 777 4782 2355 4861">
     <span class='ocr_line' id='line_1_90' title="bbox 777 4782 2355 4861; baseline 0.008 -26"><span class='ocrx_word' id='word_1_605' title='bbox 777 4782 1103 4837; x_wconf 79' lang='lat' dir='ltr'><strong>deturbatur</strong></span> <span class='ocrx_word' id='word_1_606' title='bbox 1128 4801 1143 4838; x_wconf 92' lang='lat'><strong>:</strong></span> <span class='ocrx_word' id='word_1_607' title='bbox 1169 4796 1489 4855; x_wconf 64' lang='lat' dir='ltr'><strong>cunctaeque</strong></span> <span class='ocrx_word' id='word_1_608' title='bbox 1508 4796 1823 4841; x_wconf 88' lang='lat' dir='ltr'><strong>sanctorum</strong></span> <span class='ocrx_word' id='word_1_609' title='bbox 1848 4788 2106 4845; x_wconf 73' lang='lat' dir='ltr'><strong>Ecclesia:</strong></span> <span class='ocrx_word' id='word_1_610' title='bbox 2138 4799 2195 4846; x_wconf 91' lang='lat' dir='ltr'><strong>et</strong></span> <span class='ocrx_word' id='word_1_611' title='bbox 2231 4792 2355 4861; x_wconf 87' lang='lat' dir='ltr'><strong>pio-</strong></span> 
     </span>
    </p>
   </div>
   <div class='ocr_carea' id='block_1_91' title="bbox 779 4878 2357 4938">
    <p class='ocr_par' dir='ltr' id='par_1_91' title="bbox 779 4878 2357 4938">
     <span class='ocr_line' id='line_1_91' title="bbox 779 4878 2357 4938; baseline 0.007 -11"><span class='ocrx_word' id='word_1_612' title='bbox 779 4890 903 4927; x_wconf 91' lang='lat' dir='ltr'><strong>rum</strong></span> <span class='ocrx_word' id='word_1_613' title='bbox 929 4884 1105 4929; x_wconf 73' lang='lat' dir='ltr'><strong>emtus</strong></span> <span class='ocrx_word' id='word_1_614' title='bbox 1127 4878 1280 4930; x_wconf 86' lang='lat' dir='ltr'><strong>velut</strong></span> <span class='ocrx_word' id='word_1_615' title='bbox 1311 4892 1437 4931; x_wconf 93' lang='lat' dir='ltr'><strong>cum</strong></span> <span class='ocrx_word' id='word_1_616' title='bbox 1469 4878 1613 4932; x_wconf 88' lang='lat' dir='ltr'><strong>scala</strong></span> <span class='ocrx_word' id='word_1_617' title='bbox 1646 4894 1677 4933; x_wconf 92' lang='lat' dir='ltr'><strong>e</strong></span> <span class='ocrx_word' id='word_1_618' title='bbox 1716 4890 1861 4935; x_wconf 90' lang='lat' dir='ltr'><strong>terra</strong></span> <span class='ocrx_word' id='word_1_619' title='bbox 1900 4880 1956 4935; x_wconf 91' lang='lat' dir='ltr'><strong>in</strong></span> <span class='ocrx_word' id='word_1_620' title='bbox 1984 4882 2183 4937; x_wconf 62' lang='lat' dir='ltr'><strong>caelum</strong></span> <span class='ocrx_word' id='word_1_621' title='bbox 2206 4884 2357 4938; x_wconf 83' lang='lat' dir='ltr'><strong>exal-</strong></span> 
     </span>
    </p>
   </div>
   <div class='ocr_carea' id='block_1_92' title="bbox 780 4968 2351 5041">
    <p class='ocr_par' dir='ltr' id='par_1_92' title="bbox 780 4968 2351 5041">
     <span class='ocr_line' id='line_1_92' title="bbox 780 4968 2351 5041; baseline 0.008 -23"><span class='ocrx_word' id='word_1_622' title='bbox 780 4968 1129 5035; x_wconf 87' lang='lat' dir='ltr'><strong>tata,pariter</strong></span> <span class='ocrx_word' id='word_1_623' title='bbox 1152 4969 1396 5033; x_wconf 83' lang='lat' dir='ltr'><strong>exaltati,</strong></span> <span class='ocrx_word' id='word_1_624' title='bbox 1419 4970 1572 5023; x_wconf 85' lang='lat' dir='ltr'><strong>velut</strong></span> <span class='ocrx_word' id='word_1_625' title='bbox 1600 4971 1765 5041; x_wconf 73' lang='lat' dir='ltr'><strong>virga:</strong></span> <span class='ocrx_word' id='word_1_626' title='bbox 1786 4972 2128 5029; x_wconf 89' lang='lat' dir='ltr'><strong>fortitudinis</strong></span> <span class='ocrx_word' id='word_1_627' title='bbox 2154 4975 2351 5039; x_wconf 79' lang='lat' dir='ltr'><strong>innixi,</strong></span> 
     </span>
    </p>
   </div>
   <div class='ocr_carea' id='block_1_93' title="bbox 778 5057 2353 5136">
    <p class='ocr_par' dir='ltr' id='par_1_93' title="bbox 778 5057 2353 5136">
     <span class='ocr_line' id='line_1_93' title="bbox 778 5057 2353 5136; baseline 0.008 -27"><span class='ocrx_word' id='word_1_628' title='bbox 778 5057 928 5111; x_wconf 83' lang='lat' dir='ltr'><strong>velut</strong></span> <span class='ocrx_word' id='word_1_629' title='bbox 950 5058 1234 5128; x_wconf 63' lang='lat' dir='ltr'><strong>praelatum</strong></span> <span class='ocrx_word' id='word_1_630' title='bbox 1268 5070 1549 5130; x_wconf 90' lang='lat' dir='ltr'><strong>sceptrum</strong></span> <span class='ocrx_word' id='word_1_631' title='bbox 1578 5064 1807 5133; x_wconf 91' lang='lat' dir='ltr'><strong>regium,</strong></span> <span class='ocrx_word' id='word_1_632' title='bbox 1828 5069 2074 5136; x_wconf 89' lang='lat' dir='ltr'><strong>supremi</strong></span> <span class='ocrx_word' id='word_1_633' title='bbox 2106 5069 2353 5124; x_wconf 91' lang='lat' dir='ltr'><strong>omnium</strong></span> 
     </span>
    </p>
   </div>
   <div class='ocr_carea' id='block_1_94' title="bbox 783 5150 2360 5223">
    <p class='ocr_par' dir='ltr' id='par_1_94' title="bbox 783 5150 2360 5223">
     <span class='ocr_line' id='line_1_94' title="bbox 783 5150 2360 5223; baseline 0.008 -20"><span class='ocrx_word' id='word_1_634' title='bbox 783 5150 943 5220; x_wconf 77' lang='lat' dir='ltr'><strong>Regis</strong></span> <span class='ocrx_word' id='word_1_635' title='bbox 984 5167 1203 5207; x_wconf 90' lang='lat' dir='ltr'><strong>crucem</strong></span> <span class='ocrx_word' id='word_1_636' title='bbox 1244 5155 1407 5210; x_wconf 92' lang='lat' dir='ltr'><strong>hodie</strong></span> <span class='ocrx_word' id='word_1_637' title='bbox 1456 5156 1822 5223; x_wconf 89' lang='lat' dir='ltr'><strong>deducentes,</strong></span> <span class='ocrx_word' id='word_1_638' title='bbox 1875 5161 2155 5216; x_wconf 67' lang='lat' dir='ltr'><strong>caelestem</strong></span> <span class='ocrx_word' id='word_1_639' title='bbox 2208 5178 2360 5219; x_wconf 87' lang='lat' dir='ltr'><strong>com-</strong></span> 
     </span>
    </p>
   </div>
   <div class='ocr_carea' id='block_1_95' title="bbox 781 5243 2364 5322">
    <p class='ocr_par' dir='ltr' id='par_1_95' title="bbox 781 5243 2364 5322">
     <span class='ocr_line' id='line_1_95' title="bbox 781 5243 2364 5322; baseline 0.011 -30"><span class='ocrx_word' id='word_1_640' title='bbox 781 5251 995 5295; x_wconf 89' lang='lat' dir='ltr'><strong>mutant</strong></span> <span class='ocrx_word' id='word_1_641' title='bbox 1046 5243 1249 5308; x_wconf 91' lang='lat' dir='ltr'><strong>locum,</strong></span> <span class='ocrx_word' id='word_1_642' title='bbox 1270 5261 1370 5315; x_wconf 92' lang='lat' dir='ltr'><strong>pro</strong></span> <span class='ocrx_word' id='word_1_643' title='bbox 1392 5248 1629 5303; x_wconf 84' lang='lat' dir='ltr'><strong>terrenis</strong></span> <span class='ocrx_word' id='word_1_644' title='bbox 1646 5250 1919 5316; x_wconf 70' lang='lat' dir='ltr'><strong>caelestes,</strong></span> <span class='ocrx_word' id='word_1_645' title='bbox 1942 5266 2006 5307; x_wconf 91' lang='lat' dir='ltr'><strong>ac</strong></span> <span class='ocrx_word' id='word_1_646' title='bbox 2034 5268 2135 5322; x_wconf 89' lang='lat' dir='ltr'><strong>pro</strong></span> <span class='ocrx_word' id='word_1_647' title='bbox 2156 5263 2364 5309; x_wconf 90' lang='lat' dir='ltr'><strong>morta-</strong></span> 
     </span>
    </p>
   </div>
   <div class='ocr_carea' id='block_1_96' title="bbox 779 5332 2365 5413">
    <p class='ocr_par' dir='ltr' id='par_1_96' title="bbox 779 5332 2365 5413">
     <span class='ocr_line' id='line_1_96' title="bbox 779 5332 2365 5413; baseline 0.009 -27"><span class='ocrx_word' id='word_1_648' title='bbox 779 5332 926 5387; x_wconf 91' lang='lat' dir='ltr'><strong>libus</strong></span> <span class='ocrx_word' id='word_1_649' title='bbox 952 5335 1290 5391; x_wconf 84' lang='lat' dir='ltr'><strong>immortales</strong></span> <span class='ocrx_word' id='word_1_650' title='bbox 1305 5338 1487 5394; x_wconf 84' lang='lat' dir='ltr'><strong>ell‘ectl</strong></span> <span class='ocrx_word' id='word_1_651' title='bbox 1514 5357 1528 5394; x_wconf 89' lang='lat'><strong>:</strong></span> <span class='ocrx_word' id='word_1_652' title='bbox 1555 5341 1820 5411; x_wconf 89' lang='lat' dir='ltr'><strong>igneaque</strong></span> <span class='ocrx_word' id='word_1_653' title='bbox 1856 5344 2129 5413; x_wconf 67' lang='lat' dir='ltr'><strong>romphtea</strong></span> <span class='ocrx_word' id='word_1_654' title='bbox 2168 5347 2365 5400; x_wconf 88' lang='lat' dir='ltr'><strong>trium-</strong></span> 
     </span>
    </p>
   </div>
   <div class='ocr_carea' id='block_1_97' title="bbox 776 5425 2365 5505">
    <p class='ocr_par' dir='ltr' id='par_1_97' title="bbox 776 5425 2365 5505">
     <span class='ocr_line' id='line_1_97' title="bbox 776 5425 2365 5505; baseline 0.009 -28"><span class='ocrx_word' id='word_1_655' title='bbox 776 5425 929 5494; x_wconf 86' lang='lat' dir='ltr'><strong>phali</strong></span> <span class='ocrx_word' id='word_1_656' title='bbox 965 5426 1113 5496; x_wconf 87' lang='lat' dir='ltr'><strong>ligno</strong></span> <span class='ocrx_word' id='word_1_657' title='bbox 1173 5439 1451 5499; x_wconf 84' lang='lat' dir='ltr'><strong>superata,</strong></span> <span class='ocrx_word' id='word_1_658' title='bbox 1487 5432 1555 5485; x_wconf 90' lang='lat' dir='ltr'><strong>ad</strong></span> <span class='ocrx_word' id='word_1_659' title='bbox 1591 5448 1890 5503; x_wconf 88' lang='lat' dir='ltr'><strong>supernum</strong></span> <span class='ocrx_word' id='word_1_660' title='bbox 1920 5435 2236 5505; x_wconf 85' lang='lat' dir='ltr'><strong>paradisum</strong></span> <span class='ocrx_word' id='word_1_661' title='bbox 2300 5452 2365 5492; x_wconf 88' lang='lat' dir='ltr'><strong>ac</strong></span> 
     </span>
    </p>
   </div>
   <div class='ocr_carea' id='block_1_98' title="bbox 780 5519 1662 5598">
    <p class='ocr_par' dir='ltr' id='par_1_98' title="bbox 780 5519 1662 5598">
     <span class='ocr_line' id='line_1_98' title="bbox 780 5519 1662 5598; baseline 0.015 -25"><span class='ocrx_word' id='word_1_662' title='bbox 780 5519 987 5592; x_wconf 88' lang='lat' dir='ltr'><strong>lignum</strong></span> <span class='ocrx_word' id='word_1_663' title='bbox 1010 5522 1135 5579; x_wconf 67' lang='lat' dir='ltr'><strong>vita:</strong></span> <span class='ocrx_word' id='word_1_664' title='bbox 1164 5537 1309 5582; x_wconf 86' lang='lat' dir='ltr'><strong>recta</strong></span> <span class='ocrx_word' id='word_1_665' title='bbox 1336 5528 1662 5598; x_wconf 78' lang='lat' dir='ltr'><strong>procedunt.</strong></span> 
     </span>
    </p>
   </div>
   <div class='ocr_carea' id='block_1_99' title="bbox 2458 4689 4047 4764">
    <p class='ocr_par' dir='ltr' id='par_1_99' title="bbox 2458 4689 4047 4764">
     <span class='ocr_line' id='line_1_99' title="bbox 2458 4689 4047 4764; baseline -0.003 -15"><span class='ocrx_word' id='word_1_666' title='bbox 2458 4692 2723 4764; x_wconf 87' lang='grc' dir='ltr'>νικοποιῷ</span> <span class='ocrx_word' id='word_1_667' title='bbox 2762 4691 3056 4763; x_wconf 80' lang='grc' dir='ltr'>ραπίζεται</span> <span class='ocrx_word' id='word_1_668' title='bbox 3078 4692 3241 4760; x_wconf 80' lang='grc' dir='ltr'>ξύλῳ,</span> <span class='ocrx_word' id='word_1_669' title='bbox 3273 4690 3366 4745; x_wconf 78' lang='grc' dir='ltr'>καὶ</span> <span class='ocrx_word' id='word_1_670' title='bbox 3398 4689 3589 4744; x_wconf 86' lang='grc' dir='ltr'>θλᾶται</span> <span class='ocrx_word' id='word_1_671' title='bbox 3618 4689 3713 4743; x_wconf 75' lang='grc' dir='ltr'>καὶ</span> <span class='ocrx_word' id='word_1_672' title='bbox 3747 4691 4047 4761; x_wconf 73' lang='grc' dir='ltr'>ῥήγνυται,</span> 
     </span>
    </p>
   </div>
   <div class='ocr_carea' id='block_1_100' title="bbox 2459 4784 4045 4857">
    <p class='ocr_par' dir='ltr' id='par_1_100' title="bbox 2459 4784 4045 4857">
     <span class='ocr_line' id='line_1_100' title="bbox 2459 4784 4045 4857; baseline -0.003 -16"><span class='ocrx_word' id='word_1_673' title='bbox 2459 4787 2685 4841; x_wconf 77' lang='grc' dir='ltr'>καὶτῶν</span> <span class='ocrx_word' id='word_1_674' title='bbox 2716 4785 2987 4857; x_wconf 84' lang='grc' dir='ltr'>οὐρανίων</span> <span class='ocrx_word' id='word_1_675' title='bbox 3021 4784 3247 4847; x_wconf 67' lang='grc' dir='ltr'>ἐνδίκως</span> <span class='ocrx_word' id='word_1_676' title='bbox 3293 4784 3629 4854; x_wconf 78' lang='grc' dir='ltr'>οἰκητηρίων</span> <span class='ocrx_word' id='word_1_677' title='bbox 3664 4786 4045 4837; x_wconf 80' lang='grc' dir='ltr'>κατασπᾶται·</span> 
     </span>
    </p>
   </div>
   <div class='ocr_carea' id='block_1_101' title="bbox 2461 4876 4054 4947">
    <p class='ocr_par' dir='ltr' id='par_1_101' title="bbox 2461 4876 4054 4947">
     <span class='ocr_line' id='line_1_101' title="bbox 2461 4876 4054 4947; baseline -0.001 -14"><span class='ocrx_word' id='word_1_678' title='bbox 2461 4882 2633 4933; x_wconf 82' lang='grc' dir='ltr'>πᾶσαι</span> <span class='ocrx_word' id='word_1_679' title='bbox 2673 4880 2731 4933; x_wconf 85' lang='grc' dir='ltr'>δὲ</span> <span class='ocrx_word' id='word_1_680' title='bbox 2765 4878 2877 4932; x_wconf 89' lang='grc' dir='ltr'><strong>τῶν</strong></span> <span class='ocrx_word' id='word_1_681' title='bbox 2920 4876 3094 4944; x_wconf 83' lang='grc' dir='ltr'>ἁγίων</span> <span class='ocrx_word' id='word_1_682' title='bbox 3149 4878 3207 4929; x_wconf 84' lang='grc' dir='ltr'>αἱ</span> <span class='ocrx_word' id='word_1_683' title='bbox 3243 4876 3535 4945; x_wconf 75' lang='grc' dir='ltr'>ἐκκλησίαι</span> <span class='ocrx_word' id='word_1_684' title='bbox 3590 4876 3685 4929; x_wconf 75' lang='grc' dir='ltr'>καὶ</span> <span class='ocrx_word' id='word_1_685' title='bbox 3734 4878 4054 4947; x_wconf 83' lang='grc' dir='ltr'>ὁμηγύρεις</span> 
     </span>
    </p>
   </div>
   <div class='ocr_carea' id='block_1_102' title="bbox 2459 4968 4054 5042">
    <p class='ocr_par' dir='ltr' id='par_1_102' title="bbox 2459 4968 4054 5042">
     <span class='ocr_line' id='line_1_102' title="bbox 2459 4968 4054 5042; baseline -0.003 -17"><span class='ocrx_word' id='word_1_686' title='bbox 2459 4973 2570 5025; x_wconf 91' lang='grc' dir='ltr'><strong>τῶν</strong></span> <span class='ocrx_word' id='word_1_687' title='bbox 2622 4970 2901 5035; x_wconf 79' lang='grc' dir='ltr'>εὐσεϐῶν,</span> <span class='ocrx_word' id='word_1_688' title='bbox 2941 4970 3017 5032; x_wconf 88' lang='grc' dir='ltr'>ὼς</span> <span class='ocrx_word' id='word_1_689' title='bbox 3064 4969 3293 5039; x_wconf 83' lang='grc' dir='ltr'>κλίμακι</span> <span class='ocrx_word' id='word_1_690' title='bbox 3338 4968 3505 5037; x_wconf 80' lang='grc' dir='ltr'>γῆθεν</span> <span class='ocrx_word' id='word_1_691' title='bbox 3563 4968 3844 5042; x_wconf 65' lang='grc' dir='ltr'>ὑψουμένῃ</span> <span class='ocrx_word' id='word_1_692' title='bbox 3899 4970 4054 5039; x_wconf 80' lang='grc' dir='ltr'>πρὸς</span> 
     </span>
    </p>
   </div>
   <div class='ocr_carea' id='block_1_103' title="bbox 2461 5059 4052 5135">
    <p class='ocr_par' dir='ltr' id='par_1_103' title="bbox 2461 5059 4052 5135">
     <span class='ocr_line' id='line_1_103' title="bbox 2461 5059 4052 5135; baseline -0.003 -17"><span class='ocrx_word' id='word_1_693' title='bbox 2461 5064 2693 5135; x_wconf 81' lang='grc' dir='ltr'>οὐρανὸν</span> <span class='ocrx_word' id='word_1_694' title='bbox 2743 5060 3169 5131; x_wconf 72' lang='grc' dir='ltr'>συνυψούμεναι,</span> <span class='ocrx_word' id='word_1_695' title='bbox 3207 5059 3285 5123; x_wconf 84' lang='grc' dir='ltr'>ὼς</span> <span class='ocrx_word' id='word_1_696' title='bbox 3328 5061 3508 5131; x_wconf 80' lang='grc' dir='ltr'><strong>ρἀδῳ</strong></span> <span class='ocrx_word' id='word_1_697' title='bbox 3541 5061 3723 5130; x_wconf 87' lang='grc' dir='ltr'>ίσχύος</span> <span class='ocrx_word' id='word_1_698' title='bbox 3757 5062 4052 5131; x_wconf 71' lang='grc' dir='ltr'>ἐπερειδό-</span> 
     </span>
    </p>
   </div>
   <div class='ocr_carea' id='block_1_104' title="bbox 2468 5153 4056 5228">
    <p class='ocr_par' dir='ltr' id='par_1_104' title="bbox 2468 5153 4056 5228">
     <span class='ocr_line' id='line_1_104' title="bbox 2468 5153 4056 5228; baseline -0.001 -18"><span class='ocrx_word' id='word_1_699' title='bbox 2468 5176 2647 5228; x_wconf 82' lang='grc' dir='ltr'>μεναι,</span> <span class='ocrx_word' id='word_1_700' title='bbox 2679 5155 2752 5219; x_wconf 80' lang='grc' dir='ltr'><strong>ὡς</strong></span> <span class='ocrx_word' id='word_1_701' title='bbox 2785 5157 3049 5225; x_wconf 81' lang='grc' dir='ltr'>σκήπτρῳ</span> <span class='ocrx_word' id='word_1_702' title='bbox 3074 5153 3339 5224; x_wconf 83' lang='grc' dir='ltr'>βασιλικῷ</span> <span class='ocrx_word' id='word_1_703' title='bbox 3373 5154 3734 5225; x_wconf 82' lang='grc' dir='ltr'>προῖόντι,τῷ</span> <span class='ocrx_word' id='word_1_704' title='bbox 3758 5154 3853 5209; x_wconf 88' lang='grc' dir='ltr'><strong>τοῦ</strong></span> <span class='ocrx_word' id='word_1_705' title='bbox 3884 5173 4056 5228; x_wconf 88' lang='grc' dir='ltr'>παμ-</span> 
     </span>
    </p>
   </div>
   <div class='ocr_carea' id='block_1_105' title="bbox 2466 5245 4061 5318">
    <p class='ocr_par' dir='ltr' id='par_1_105' title="bbox 2466 5245 4061 5318">
     <span class='ocr_line' id='line_1_105' title="bbox 2466 5245 4061 5318; baseline -0.006 -15"><span class='ocrx_word' id='word_1_706' title='bbox 2466 5249 2737 5309; x_wconf 82' lang='grc' dir='ltr'>6ασιλέως</span> <span class='ocrx_word' id='word_1_707' title='bbox 2775 5248 3022 5315; x_wconf 83' lang='grc' dir='ltr'>σήμερον</span> <span class='ocrx_word' id='word_1_708' title='bbox 3068 5246 3434 5316; x_wconf 82' lang='grc' dir='ltr'>συνεπόμεναι</span> <span class='ocrx_word' id='word_1_709' title='bbox 3476 5245 3717 5318; x_wconf 84' lang='grc' dir='ltr'>σταυρῷ,</span> <span class='ocrx_word' id='word_1_710' title='bbox 3752 5248 3845 5300; x_wconf 82' lang='grc' dir='ltr'>τὸν</span> <span class='ocrx_word' id='word_1_711' title='bbox 3868 5246 4061 5317; x_wconf 78' lang='grc' dir='ltr'>οὐρά-</span> 
     </span>
    </p>
   </div>
   <div class='ocr_carea' id='block_1_106' title="bbox 2469 5336 4059 5410">
    <p class='ocr_par' dir='ltr' id='par_1_106' title="bbox 2469 5336 4059 5410">
     <span class='ocr_line' id='line_1_106' title="bbox 2469 5336 4059 5410; baseline -0.003 -15"><span class='ocrx_word' id='word_1_712' title='bbox 2469 5358 2582 5395; x_wconf 89' lang='grc' dir='ltr'>νιον</span> <span class='ocrx_word' id='word_1_713' title='bbox 2610 5338 2987 5410; x_wconf 81' lang='grc' dir='ltr'>διαμείϐονται</span> <span class='ocrx_word' id='word_1_714' title='bbox 3019 5336 3217 5408; x_wconf 62' lang='grc' dir='ltr'>χῶρον</span> <span class='ocrx_word' id='word_1_715' title='bbox 3253 5338 3375 5391; x_wconf 81' lang='grc' dir='ltr'>ἀντὶ</span> <span class='ocrx_word' id='word_1_716' title='bbox 3409 5339 3614 5407; x_wconf 78' lang='grc' dir='ltr'>γηΐνων</span> <span class='ocrx_word' id='word_1_717' title='bbox 3642 5338 3907 5408; x_wconf 80' lang='grc' dir='ltr'>οὐράνιοι,</span> <span class='ocrx_word' id='word_1_718' title='bbox 3943 5342 4059 5393; x_wconf 78' lang='grc' dir='ltr'>καὶ</span> 
     </span>
    </p>
   </div>
   <div class='ocr_carea' id='block_1_107' title="bbox 2463 5428 4057 5501">
    <p class='ocr_par' dir='ltr' id='par_1_107' title="bbox 2463 5428 4057 5501">
     <span class='ocr_line' id='line_1_107' title="bbox 2463 5428 4057 5501; baseline -0.001 -17"><span class='ocrx_word' id='word_1_719' title='bbox 2463 5430 2587 5484; x_wconf 71' lang='grc' dir='ltr'>ἀντὶ</span> <span class='ocrx_word' id='word_1_720' title='bbox 2617 5429 2829 5500; x_wconf 84' lang='grc' dir='ltr'>θνητῶν</span> <span class='ocrx_word' id='word_1_721' title='bbox 2862 5428 3123 5481; x_wconf 82' lang='grc' dir='ltr'>ἀθάνατοι</span> <span class='ocrx_word' id='word_1_722' title='bbox 3150 5428 3563 5496; x_wconf 70' lang='grc' dir='ltr'>καθιστάμενον</span> <span class='ocrx_word' id='word_1_723' title='bbox 3599 5430 3693 5484; x_wconf 78' lang='grc' dir='ltr'>καὶ</span> <span class='ocrx_word' id='word_1_724' title='bbox 3718 5432 3820 5501; x_wconf 76' lang='grc' dir='ltr'>τὴν</span> <span class='ocrx_word' id='word_1_725' title='bbox 3850 5431 4057 5499; x_wconf 81' lang='grc' dir='ltr'>φλογί-</span> 
     </span>
    </p>
   </div>
   <div class='ocr_carea' id='block_1_108' title="bbox 2463 5521 4056 5597">
    <p class='ocr_par' dir='ltr' id='par_1_108' title="bbox 2463 5521 4056 5597">
     <span class='ocr_line' id='line_1_108' title="bbox 2463 5521 4056 5597; baseline -0.001 -4"><span class='ocrx_word' id='word_1_726' title='bbox 2463 5542 2561 5593; x_wconf 77' lang='grc' dir='ltr'><strong>νην</strong></span> <span class='ocrx_word' id='word_1_727' title='bbox 2614 5523 2895 5594; x_wconf 70' lang='grc' dir='ltr'><strong>ῥομφαίαν</strong></span> <span class='ocrx_word' id='word_1_728' title='bbox 2947 5521 3024 5591; x_wconf 77' lang='grc' dir='ltr'>τῷ</span> <span class='ocrx_word' id='word_1_729' title='bbox 3071 5525 3457 5596; x_wconf 78' lang='grc' dir='ltr'>τροπαιοφύρῳ</span> <span class='ocrx_word' id='word_1_730' title='bbox 3516 5524 3803 5597; x_wconf 78' lang='grc' dir='ltr'>παριόντες</span> <span class='ocrx_word' id='word_1_731' title='bbox 3858 5524 4056 5596; x_wconf 72' lang='grc' dir='ltr'>ξύλῳ,</span> 
     </span>
    </p>
   </div>
   <div class='ocr_carea' id='block_1_109' title="bbox 2461 5614 4060 5686">
    <p class='ocr_par' dir='ltr' id='par_1_109' title="bbox 2461 5614 4060 5686">
     <span class='ocr_line' id='line_1_109' title="bbox 2461 5614 4060 5686; baseline 0.002 -17"><span class='ocrx_word' id='word_1_732' title='bbox 2461 5618 2597 5686; x_wconf 78' lang='grc' dir='ltr'>πρὸς</span> <span class='ocrx_word' id='word_1_733' title='bbox 2624 5618 2716 5669; x_wconf 76' lang='grc' dir='ltr'><strong>τὸν</strong></span> <span class='ocrx_word' id='word_1_734' title='bbox 2749 5616 2863 5670; x_wconf 79' lang='grc' dir='ltr'><strong>ἀνω</strong></span> <span class='ocrx_word' id='word_1_735' title='bbox 2907 5614 3239 5686; x_wconf 74' lang='grc' dir='ltr'>παράδεισον</span> <span class='ocrx_word' id='word_1_736' title='bbox 3281 5620 3376 5672; x_wconf 65' lang='grc' dir='ltr'>καὶ.</span> <span class='ocrx_word' id='word_1_737' title='bbox 3403 5619 3465 5671; x_wconf 76' lang='grc' dir='ltr'>τὸ</span> <span class='ocrx_word' id='word_1_738' title='bbox 3496 5618 3653 5685; x_wconf 80' lang='grc' dir='ltr'>ξύλον</span> <span class='ocrx_word' id='word_1_739' title='bbox 3683 5616 4060 5672; x_wconf 69' lang='grc' dir='ltr'>κατευθύνον-</span> 
     </span>
    </p>
   </div>
   <div class='ocr_carea' id='block_1_110' title="bbox 2460 5709 2869 5783">
    <p class='ocr_par' dir='ltr' id='par_1_110' title="bbox 2460 5709 2869 5783">
     <span class='ocr_line' id='line_1_110' title="bbox 2460 5709 2869 5783; baseline 0 -19"><span class='ocrx_word' id='word_1_740' title='bbox 2460 5728 2551 5764; x_wconf 89' lang='grc' dir='ltr'><strong>ται</strong></span> <span class='ocrx_word' id='word_1_741' title='bbox 2571 5714 2669 5783; x_wconf 79' lang='grc' dir='ltr'>τῆς</span> <span class='ocrx_word' id='word_1_742' title='bbox 2699 5709 2869 5782; x_wconf 74' lang='grc' dir='ltr'>ζωῆς,</span> 
     </span>
    </p>
   </div>
   <div class='ocr_carea' id='block_1_111' title="bbox 856 5876 2593 5959">
    <p class='ocr_par' dir='ltr' id='par_1_111' title="bbox 856 5876 2593 5959">
     <span class='ocr_line' id='line_1_111' title="bbox 856 5876 2593 5959; baseline 0.007 -27"><span class='ocrx_word' id='word_1_743' title='bbox 856 5877 901 5910; x_wconf 85' lang='grc'><strong>⁸³</strong></span> <span class='ocrx_word' id='word_1_744' title='bbox 926 5876 1065 5933; x_wconf 84' lang='lat' dir='ltr'><strong>Psal.</strong></span> <span class='ocrx_word' id='word_1_745' title='bbox 1096 5896 1280 5948; x_wconf 86' lang='lat' dir='ltr'><strong>xcvm,</strong></span> <span class='ocrx_word' id='word_1_746' title='bbox 1317 5880 1368 5936; x_wconf 74' lang='lat'><strong>5.</strong></span> <span class='ocrx_word' id='word_1_747' title='bbox 1443 5884 1519 5917; x_wconf 67' lang='grc'><strong>³³*</strong></span> <span class='ocrx_word' id='word_1_748' title='bbox 1554 5886 1695 5943; x_wconf 79' lang='lat' dir='ltr'><strong>Psal.</strong></span> <span class='ocrx_word' id='word_1_749' title='bbox 1737 5900 1929 5954; x_wconf 83' lang='lat' dir='ltr'><strong>Lxxxv,</strong></span> <span class='ocrx_word' id='word_1_750' title='bbox 1956 5886 2010 5945; x_wconf 79' lang='lat'><strong>9.</strong></span> <span class='ocrx_word' id='word_1_751' title='bbox 2084 5888 2126 5918; x_wconf 68' lang='grc'><strong>³³</strong></span> <span class='ocrx_word' id='word_1_752' title='bbox 2155 5888 2295 5942; x_wconf 80' lang='lat' dir='ltr'><strong>Psal.</strong></span> <span class='ocrx_word' id='word_1_753' title='bbox 2328 5901 2511 5959; x_wconf 72' lang='lat' dir='ltr'><strong>:sxxv,</strong></span> <span class='ocrx_word' id='word_1_754' title='bbox 2537 5890 2593 5945; x_wconf 67' lang='grc'><strong>4.</strong></span> 
     </span>
    </p>
   </div>
  </div>
