4192 6424
164 429 216 494 3Ἱ
838 427 1118 487 ORATIO
1157 427 1266 487 ΠΙ.
1300 453 1364 462 -—
1400 428 1476 487 1N
1517 426 1826 488 LAUDEM
1867 429 1970 492 SS.
2005 427 2230 490 PETRI
2269 429 2362 488 ET
2399 427 2649 490 PAULI.
3294 432 3363 496 38

228 529 435 599 Ἀλλ’,ῶ
462 537 658 608 σταυρὲ
693 535 860 606 τίμιε,
889 537 984 590 καὶ
1015 538 1278 605 ὑπέρτιμε
1317 536 1584 606 σωτηρίας
1609 535 1704 589 καὶ
1732 544 1748 596 Λ

1779 588 1780 592 η
1874 539 2098 603 Verum,
2116 556 2149 593 ο
2177 539 2319 594 Crux
2349 539 2704 602 venerabilis,
2725 536 2984 607 omnique
3000 539 3171 608 major
3194 555 3362 597 vene-

165 627 283 696 ςωῆς
307 629 529 697 χορηγέ·
554 627 628 688 ὡς
655 629 881 698 ἐμψύχῳ
907 631 1014 698 γάρ
1044 646 1126 682 σοι
1154 630 1248 680 καὶ
1283 629 1446 691 ζῶντι
1474 629 1562 682 διά
1597 631 1694 702 τὴν

161 720 314 784 ζῶσαν
357 720 652 789 προσλαλῶ
698 721 876 790 χάριν·
925 722 988 773 τὸ
1041 722 1183 790 μέγα
1234 722 1326 773 καὶ
1379 722 1545 774 καλὸν
1587 725 1696 775 τῶν

161 813 318 882 ψυχῶν
350 813 748 884 φυλακτήριονο
780 815 842 866 τὸ
882 815 1082 874 παντὸς
1120 814 1376 878 εὐσεϐοῦς
1413 815 1533 875 νοὸς
1579 816 1696 869 lla-

162 905 372 974 στήριον,
405 906 499 956 καὶ
535 906 718 974 πάσης
745 906 971 976 καρδίας
999 907 1093 958 καὶ
1129 906 1364 970 διανοίας
1389 909 1553 978 ὀρθῆς
1585 927 1697 978 φω-

157 998 404 1065 τιστήριον
430 998 524 1049 καὶ
545 998 916 1068 ἀγιαστὴριον.
945 994 1016 1050 Ὦ
1038 998 1261 1067 σταυρὲ,
1286 999 1504 1052 πάντων
1526 1000 1695 1071 ὑπερ-

158 1090 362 1141 ασπιπά
395 1091 507 1142 τῶν
539 1091 766 1153 πιστῶν,
797 1091 987 1144 πασῶν
1047 1092 1237 1143 οίκιῶν
1302 1093 1542 1153 οίκιστά,
1599 1094 1694 1147 καὶ

158 1182 444 1234 συνοικιστὰ
478 1181 588 1234 τῶν
623 1183 836 1251 χωρῶνο
869 1183 1058 1235 πασῶν
1095 1185 1304 1236 πόλεων
1325 1184 1575 1246 πολιστὰ,
1599 1185 1695 1238 καὶ

155 1271 412 1339 εἰρηνευτά
447 1271 556 1322 τῶν
586 1272 776 1324 ἐθνῶν.
810 1268 880 1324 Ὦ
922 1275 1119 1340 σταυρὲ
1145 1312 1158 1332 ,
1191 1274 1284 1325 τοῦ
1319 1273 1525 1342 κόσμου
1553 1293 1692 1327 παν-

152 1362 228 1422 τὸς
259 1362 542 1429 συναγωγὲ
586 1364 680 1414 καὶ
728 1364 955 1426 ἑνοποιὲ,
993 1359 1053 1416 οῦ
1093 1366 1153 1415 τὸ
1205 1364 1336 1432 ῦψος
1372 1367 1466 1418 καὶ
1509 1367 1690 1434 βάθος,

155 1454 301 1522 μῆκός
344 1471 403 1506 τε
463 1454 556 1506 τοῦ
607 1456 804 1517 παντὸς
839 1459 930 1508 καὶ
972 1456 1173 1518 πλάτος
1209 1460 1329 1520 ταῖς
1353 1459 1578 1520 οἰκείαις
1603 1477 1694 1511 κε-

154 1547 309 1615 ραίαις
335 1547 684 1614 διαγράφων,
717 1549 809 1599 καί¹
842 1537 939 1614 τὴν
979 1549 1386 1619 τετραπὲρατον
1424 1551 1601 1603 κτίσιν
1636 1553 1692 1604 ὲν

150 1638 298 1708 ἑαυτῷ
339 1637 740 1708 διαζωγραφῶν
785 1642 876 1692 καὶ
917 1641 1241 1710 συγκρατῶν
1268 1680 1284 1704 ,
1330 1640 1538 1695 σῶσον
1585 1643 1692 1695 τὸν

147 1733 276 1782 λαόν
299 1747 435 1795 σου,
468 1731 562 1783 καὶ
590 1732 931 1801 εὐλόγησον
973 1731 1089 1798 τὴν
1111 1735 1520 1800 κληρονομίαν
1549 1749 1687 1787 σουο

147 1823 224 1873 καί
251 1824 543 1890 ποίμανογ
571 1822 729 1892 ἡμᾶς
751 1865 766 1890 ,
800 1824 894 1877 καί
937 1825 1161 1893 ἔπορον
1215 1824 1372 1893 ἡμᾶς
1426 1826 1536 1894 ἓως
1583 1828 1686 1882 τοῦ

145 1911 328 1978 ιιίῶνος
359 1913 485 1968 τῶν
509 1915 757 1970 αίώνων.
812 1916 1004 1988 Ἀμήν.

743 2226 960 2280 ΛΟΓΟΣ
995 2229 1065 2279 I".

142 2342 221 2405 εἰς
260 2344 400 2406 τοὺς
452 2339 664 2412 ἁγίους
727 2340 826 2390 καί
865 2342 1256 2412 Δκορυφαίου(-
1305 2343 1687 2412 ἀποστόλους

534 2409 755 2475 Πέτρον
783 2409 880 2462 καὶ
904 2413 1147 2464 Παῦλον
1169 2413 1272 2481 (2).

192 2519 277 2580 Τίς
304 2520 333 2572 ἐ
363 2519 601 2590 τερπνὸς
631 2513 789 2582 οὗτος
826 2517 988 2590 ἧχος;
1040 2521 1135 2584 Τίς
1176 2524 1206 2574 6
1251 2523 1357 2574 τῶν
1401 2524 1684 2596 ἑορταζόν-

138 2625 224 2662 των
245 2609 483 2678 εὔσημος
512 2611 701 2678 κρότος
725 2628 740 2676 ;
771 2612 864 2674 Τίς
891 2613 924 2681 ἡ
953 2612 1235 2682 θαυμαστὴ
1269 2617 1358 2666 καὶ
1382 2618 1686 2686 περιφανὴς

136 2700 246 2772 αὕτη
284 2701 672 2771 λαμπροςρορία
689 2704 780 2756 καὶ
797 2707 1161 2772 φωταγωγία;
1199 2707 1383 2777 Ὑμεῖς
1415 2710 1442 2760 6
1465 2709 1686 2778 περιού-

139 2812 229 2858 σιος
256 2795 347 2848 τοῦ
384 2794 528 2847 Θεοῦ
554 2796 681 2857 λαός
708 2811 722 2825 ⁶
756 2797 784 2847 ὁ
813 2799 878 2864 τῇ
919 2798 1296 2871 Χριστωνύμῳ
1320 2803 1682 2871 τετιμημένος

135 2887 318 2956 κλήσει,
343 2888 372 2939 6
405 2889 510 2940 καὶ
536 2886 736 2949 παντὸς
774 2888 965 2954 γένους
997 2890 1093 2942 καὶ
1124 2890 1239 2959 βίου
1289 2895 1382 2944 καὶ
1410 2894 1686 2958 πολιτείας

135 2977 208 3025 καὶ
238 2974 478 3045 ἡλικίας,
538 2975 684 3038 ζέσει
743 2976 976 3040 πίστεως
1039 2981 1413 3050 κεκινημένος,
1455 2982 1548 3034 καὶ
1595 2980 1687 3037 τὸν

135 3066 491 3136 περιώνυμον·
524 3066 709 3119 τοῦτον
771 3069 879 3120 τῶν
929 3071 1237 3124 ἀποστόλων
1285 3073 1449 3142 σηκὸν
1480 3074 1686 3146 πεπληο

134 3158 317 3226 ρωκὼς.
383 3159 488 3222 Τίς
529 3161 557 3212 6
587 3160 818 3230 δρόμος;
848 3161 980 3231 τίςή
1025 3163 1226 3234 σπουδὴ
1253 3164 1352 3235 τὴν
1377 3166 1528 3234 ίερὰν
1550 3168 1680 3220 ταύ-

130 3267 208 3318 την
258 3250 599 3304 καταλαϐεῖν
621 3227 856 3320 ἀὺλήνς
887 3227 1050 3306 πόθεν
1086 3227 1512 3329 ὑμῖντῶσπερνὲξ
1559 3260 1677 3323 ἐνὸς
1706 3227 1748 3286 C

131 3343 468 3412 σδνθήματος,
503 3345 598 3412 ἀφ’
648 3346 884 3414 ἑσπέρας
935 3347 1104 3416 αὐτῆς
1129 3351 1544 3419 ὲγηγερμὲνοις,
1580 3354 1678 3416 τὰς

133 3435 241 3500 ίόίας
271 3441 370 3509 μὲν
397 3443 588 3504 οἰκίας
622 3444 942 3508 ἐκκενῶσαι,
977 3447 1067 3499 τὸν
1099 3447 1242 3503 θεῖον
1289 3449 1346 3502 δὲ
1391 3451 1678 3520 πληρῶσαι

130 3527 274 3593 νιόν;
335 3531 432 3580 καὶ
484 3530 703 3581 ἑαυτῶν
743 3531 840 3599 μὲν
893 3535 1080 3606 ὥσπερ
1124 3537 1403 3601 ἐξεστάναι
1461 3540 1676 3593 δοκεῖν·

128 3614 339 3683 ἀλλήλων
395 3619 455 3670 δὲ
530 3622 802 3692 συμπνοία
867 3626 1224 3696 γεγενῆσθαι,
1293 3628 1520 3701 γνώμης
1585 3631 1678 3684 καὶ

127 3705 331 3769 πίστεως
377 3711 757 3781 ὁμοφροσύνῃ,
790 3715 881 3766 καὶ
925 3716 1174 3786 γλώσσης
1216 3720 1526 3790 συμφωνίᾳ,
1585 3738 1680 3790 μο-

128 3796 272 3863 mea
303 3799 398 3849 xui.
428 3801 756 3869 ἐναρμόνιον
784 3802 969 3874 ῶσπερ
999 3807 1056 3871 ἐξ
1090 3807 1376 3878 εὐρύθμων
1427 3807 1675 3880 ὀργάνων

127 3886 196 3937 τὴν
221 3888 314 3957 τῆς
358 3891 682 3960 δοξο).ογίας
737 3895 1070 3965 ἀνακροῦσαι
1103 3900 1336 3968 φθόγγον
1363 3917 1378 3966 ς
1410 3903 1505 3964 Τίς
1533 3905 1560 3956 6
1588 3905 1678 3956 τδν

129 3977 393 4044 ἱερώτατον
434 3982 636 4036 τοῦτον
683 3986 940 4054 σύλλογον
981 3990 1015 4059 ἢ
1053 3989 1237 4043 θίασον
1287 3992 1430 4047 οὕτω
1467 4013 1678 4065 παναρ-

129 4072 294 4133 pavit»;
328 4075 663 4143 συγκροτῶν
693 4093 708 4140 ;
735 4078 805 4128 Ἦ
837 4078 990 4148 δῆλον
1012 4081 1086 4144 ώς
1106 4083 1306 4152 Πέτρος
1327 4085 1422 4137 καὶ
1450 4087 1677 4148 Παῦλος.

125 4157 427 4231 ἠκορυφαία
479 4165 582 4215 καὶ
616 4164 965 4236 πρεσϐυτάτη
1003 4168 1111 4222 τῶν
1145 4171 1456 4224 ἀποστόλων
1512 4174 1678 4240 ὰκρὸο

124 4264 200 4319 της
235 4268 248 4280 ‘
280 4255 518 4324 Πέτρος,
550 4257 585 4326 ὴ
613 4258 713 4326 τῆς
741 4260 978 4329 Χριστοῦ
1023 4263 1258 4326 πίστεως
1310 4266 1452 4336 ἀρχή
1481 4281 1497 4295 ο
1531 4266 1678 4318 Παῦ-

127 4339 208 4404 Em,
238 4346 266 4415 η
292 4347 393 4415 τῆς
425 4348 662 4418 ἀγάπης
706 4350 982 4421 τελειότης
1012 4368 1025 4383 °
1057 4353 1286 4423 Πέτρος,
1330 4357 1363 4426 ἡ
1417 4357 1681 4426 ἀμετακί-

125 4450 249 4501 νητσς
283 4438 381 4508 τῆς
451 4439 789 4508 Ἐκκλησίας
826 4445 998 4513 πέτρα
1028 4462 1040 4476 ·
1074 4446 1303 4512 Παῦλος,
1327 4449 1357 4501 6
1400 4449 1493 4502 τὸν
1521 4448 1680 4518 θεμέ-

125 4522 208 4580 ὶων
229 4534 429 4602 ταύτης
452 4532 724 4599 ἀσφαλῶς
758 4536 1212 4603 καταϐαλόμενος.

173 4706 312 4768 Οὗτοι
341 4716 407 4787 δὴ
445 4717 704 4786 σήμερον
733 4712 823 4772 οἶα
849 4720 968 4783 νόες
1016 4721 1312 4792 ὑπόπτεροι
1336 4725 1443 4778 τῶν
1501 4727 1664 4798 ὕπερ-

124 4803 279 4868 φὼτων
322 4811 420 4860 καὶ
490 4809 768 4879 οὐρανίων
817 4811 1261 4879 ὑποκαταϐάντες
1310 4818 1527 4888 χώρων,
1579 4822 1672 4873 καὶ

123 4896 204 4955 τοῖς
249 4898 300 4948 ὲν
333 4897 566 4964 γενέσει
607 4899 702 4949 καί
741 4898 914 4970 φθορᾷ
945 4902 1110 4964 ζῶσιν
1159 4905 1236 4956 ἔτι
1272 4909 1471 4976 νοερῶς
1493 4926 1549 4960 τε
1583 4910 1674 4961 καὶ

126 4980 486 5055 φιλανθρώπως
519 4986 904 5055 συγγινόμενοι
937 5006 951 5019 ·
979 4991 1144 5054 ὀξέως
1180 5009 1240 5045 τε
1278 4995 1673 5068 διατρέχοντες,

125 5074 190 5122 καὶ
229 5076 748 5147 ἐμπεριπατοῦντες
801 5081 858 5132 ἐν
896 5081 1046 5150 ἡμῖν,
1105 5085 1238 5154 πρὸς
1280 5087 1672 5160 ὑπέρλαμπρον

126 5160 438 5221 ἐκκαλοῦνται
485 5169 770 5237 θυμηδίαν
803 5188 818 5202 ’
851 5173 945 5224 καὶ
976 5173 1133 5227 ἄλλον
1150 5175 1441 5248 ἀλλαχόθεν
1471 5183 1674 5252 ἡσυχίῳ

128 5257 192 5304 ui.
222 5257 405 5329 ὑψηλῷ
471 5260 920 5330 συγκαλούμενοι
979 5266 1317 5336 κηρύγματι,
1368 5273 1462 5326 καὶ
1507 5276 1675 5326 καθά-

128 5358 200 5416 περ
229 5351 356 5422 μέλη
382 5352 572 5406 πλείω
599 5354 726 5418 τοὺς
757 5357 965 5419 πάντας
1011 5358 1090 5422 εἰς
1115 5359 1174 5411 ἓν
1204 5361 1363 5431 σῶμα
1405 5367 1471 5435 τῇ
1521 5366 1675 5436 ἀρχι-

175 5504 208 5536 ³¹
226 5507 357 5566 Psal.
378 5527 558 5578 nm,
587 5511 646 5567 9.

171 5669 239 5745 lii
263 5672 396 5753 Tota
435 5675 566 5753 haec
595 5675 977 5753 oratio_varii_s
1005 5678 1247 5753 flosculis
1277 5680 1436 5747 ludit,
1470 5685 1668 5753 vixque

133 5739 213 5824 illa.
235 5744 292 5824 ad
327 5747 638 5824 historiam
665 5747 990 5824 pertinentia
1015 5752 1361 5824 sumitquan
1396 5739 1516 5824 q'uze
1557 5739 1669 5823 ipsa

135 5811 360 5876 buruitura
391 5816 461 5873 de
493 5811 861 5888 principibus
877 5811 1249 5888 apostolorum
1273 5823 1352 5878 sic
1385 5811 1670 5896 niagnilicc

1797 633 2031 695 ratione,
2061 647 2124 685 ac
2156 633 2347 686 salutis
2374 632 2606 700 viueque
2638 630 2982 685 conciliatrix
3017 631 3186 697 (velut
3211 633 3357 686 enim

1798 737 1920 776 cum
1971 722 2205 775 animata
2250 733 2415 792 atque
2444 723 2662 776 vivente
2711 723 2936 790 loquor,
2974 720 3044 774 ob
3087 735 3206 774 eam
3253 737 3360 790 qua

1796 812 2022 881 prmdita
2056 827 2115 865 cs
2149 811 2367 865 vitalem
2405 810 2681 880 gratiam),
2717 827 2972 880 magnum
3010 811 3360 879 praeclarum-

1796 919 1903 974 que
1951 905 2255 957 animorum
2306 904 2736 974 pltylacterium,
2787 904 2886 971 piae
2934 903 3115 956 omnis
3163 903 3365 955 mentis

1794 997 2235 1067 propitiatorimn
2256 1039 2270 1060 ,
2304 1013 2516 1052 necnon
2582 996 2718 1052 recti
2773 999 2953 1051 omnis
2985 998 3168 1052 cordis
3199 1007 3362 1066 atque

1795 1090 1962 1143 animi
2000 1092 2138 1145 lucis
2171 1106 2233 1144 ac
2267 1091 2570 1144 sanctitatis
2603 1092 3064 1160 promptuarium.
3097 1090 3142 1145 Ο
3183 1089 3358 1152 Crux,

1796 1183 2037 1235 omnium
2066 1183 2313 1237 defensio
2339 1182 2764 1251 prmsidiumquc
2797 1182 3043 1234 ﬁdelium
3073 1183 3086 1232 ‘.
3113 1183 3358 1236 omnium

1794 1276 2084 1330 :edilicatio
2131 1275 2452 1338 domorum,
2485 1283 2784 1340 auctorque
2822 1283 2881 1327 ut
2916 1283 3123 1326 tractus
3153 1280 3209 1327 et
3241 1272 3363 1326 loca

1795 1369 1911 1438 pari
1943 1368 2149 1422 laedere
2180 1367 2526 1430 habitentur;
2554 1365 2795 1418 omnium
2827 1365 3238 1418 condendarum
3269 1380 3360 1417 ar-

1795 1460 1937 1513 bitra
1971 1460 2276 1522 civitatum,
2303 1469 2358 1513 et
2390 1467 2450 1512 ut
2478 1458 2727 1511 nationes
2761 1472 2890 1525 pace
2925 1458 3356 1525 componantur!

1794 1551 1838 1605 Ο
1890 1567 2028 1604 crux
2088 1549 2353 1603 tnundum
2403 1551 2716 1602 universum
2785 1549 3078 1601 concordia
3139 1547 3358 1602 socians

1793 1643 2102 1710 uniensque
2121 1681 2135 1704 ,
2167 1642 2323 1710 cujus
2352 1640 2533 1694 omnis
2559 1638 2902 1693 altitudinem
2932 1647 2988 1691 et
3015 1638 3356 1705 profundita~

1794 1742 1924 1794 tem,
1957 1731 2466 1801 longitudinemque
2503 1738 2557 1784 et
2583 1730 2926 1782 latitudinem
2960 1727 3069 1781 tuis
3097 1728 3360 1781 cornibus

1791 1825 2064 1891 ramisque
2109 1823 2384 1885 delineas,
2416 1822 2670 1889 orbisque
2713 1830 2947 1890 quatuor
2989 1829 3171 1889 partes
3206 1821 3260 1873 in
3306 1830 3359 1874 te

1788 1922 2147 1984 repra~sentes
2179 1915 2600 1982 contineasque,
2631 1911 2792 1966 Salva
2834 1913 3083 1982 populant
3126 1921 3271 1964 tuum
3308 1920 3355 1963 et

1787 2005 1996 2058 benedic
2026 2004 2383 2057 harreditatem
2418 2013 2566 2056 tuam
2600 2019 2618 2056 .'
2650 2012 2696 2054 et
2728 2019 2846 2072 rege
2870 2020 2959 2056 nos
2987 2013 3141 2072 atque
3168 2001 3358 2056 extollo

1789 2098 1842 2150 iu
1867 2096 2116 2151 sarculum
2144 2114 2303 2169 usque
2325 2096 2640 2151 surculorum
2662 2095 2730 2149 ³⁸.
2756 2096 2953 2149 Amen.

2379 2233 2633 2290 ORATIO
2671 2234 2760 2287 Ill.

1785 2359 2045 2415 Laudatio
2071 2369 2374 2413 sanctorum
2404 2375 2466 2412 ac
2492 2359 2787 2427 principum
2809 2355 3163 2428 apostolorum
3212 2356 3353 2410 Petri

2439 2438 2488 2482 et
2516 2429 2694 2482 Pauli.

1854 2541 2446 2612 Quisnam‘jucundus
2507 2541 2598 2594 hic
2655 2539 2904 2594 sonitus?
2963 2539 3096 2606 Quis
3143 2540 3355 2595 faustus

1784 2636 2071 2705 clarusque
2098 2633 2296 2688 festum
2331 2632 2610 2703 agentium
2644 2632 2900 2700 plausus?
2930 2631 3186 2697 Quzcnam
3217 2633 3355 2685 mira

1785 2727 1900 2782 haec
1949 2743 2012 2782 ac
2068 2726 2354 2797 splendida
2401 2726 2636 2780 vestium
2687 2725 2924 2779 candore
2975 2725 3356 2792 luminumque

1786 2821 2088 2888 gestatione
2121 2818 2350 2889 pompa?
2372 2819 2480 2872 Vos
2507 2817 2720 2871 scilicet
2743 2817 3037 2886 peculiaris
3065 2816 3156 2869 Dei
3184 2832 3358 2884 popu-

1785 2912 1891 2974 lus,
1915 2911 2116 2966 Christi
2141 2910 2382 2964 nominis
2409 2909 2820 2977 nuncupatione
2849 2917 3092 2970 ornatus.
3113 2924 3179 2961 ex
3204 2908 3354 2961 omni

1784 3017 2006 3072 genere,
2038 3001 2311 3064 instituto,
2340 2999 2560 3053 civitate
2593 3009 2754 3068 atque
2778 3007 2955 3057 attate.
2985 2998 3110 3052 fidei
3141 2998 3355 3053 fervore

1785 3103 2121 3156 commotus,
2152 3094 2357 3162 quique
2393 3093 2606 3146 illustre
2641 3091 2745 3145 hoc
2779 3092 3150 3159 apostolorum
3191 3090 3351 3145 delu-

1785 3185 1965 3250 brum,
1995 3195 2261 3254 quantum
2300 3194 2405 3247 est,
2436 3183 2884 3238 concertantibus
2917 3184 3118 3236 animis
3154 3184 3353 3252 imple-

1785 3275 1996 3328 veritis.
2027 3274 2285 3339 Quisnam
2331 3273 2565 3327 cursus?
2597 3273 2724 3337 Qua:
2761 3273 3040 3342 diligentia
3077 3283 3133 3326 et
3171 3274 3351 3338 ardor,

1781 3373 1841 3416 ut
1873 3364 1927 3416 in
1963 3377 2175 3416 sacrum
2209 3362 2314 3416 hoc
2347 3371 2560 3428 septum
2588 3361 2885 3414 veniretis?
2913 3360 3069 3416 Unde
3094 3361 3252 3415 vobis
3286 3371 3349 3416 ut

1778 3455 1928 3508 velut
1955 3468 2022 3506 ex
2055 3469 2164 3506 uno
2188 3451 2441 3506 condicto
2467 3452 2535 3506 ab
2564 3452 2680 3522 ipso
2705 3452 2925 3506 excitati
2951 3467 3199 3522 vespere,
3223 3454 3347 3508 reli-

1779 3545 1883 3598 clis
1905 3543 2092 3598 vacuis
2115 3543 2389 3607 domibus,
2411 3543 2650 3596 divinam
2675 3543 2815 3596 hanc
2837 3544 3007 3597 aedem
3030 3544 3351 3613 repleretis?

1779 3651 1843 3688 ac
1868 3634 2090 3704 quidem
2114 3633 2270 3687 vobis
2301 3634 2434 3702 ipsis
2458 3649 2625 3702 prope
2652 3634 2872 3687 modum
2902 3637 3226 3700 excessisse;
3258 3637 3350 3690 alii

1777 3742 1908 3780 vero
1945 3727 2179 3780 aliorum
2220 3726 2369 3789 facti,
2396 3726 2702 3778 animorum
2744 3727 3150 3794 conspiratione
3190 3726 3349 3781 ﬁdei-

1779 3837 1886 3889 quc
1930 3820 2228 3875 concordia
2271 3835 2334 3873 ac
2373 3821 2569 3889 lingua:
2611 3821 2991 3880 consensione.
3025 3821 3350 3876 uniformcm

1778 3924 1940 3986 atque
1975 3913 2296 3967 concinnam
2323 3913 2472 3966 velut
2499 3911 2793 3965 modulatis
2822 3913 3043 3981 organis
3079 3913 3351 3966 laudatio-

1779 4005 1867 4058 nis
1896 4019 2084 4058 vocem
2118 4018 2422 4072 sonumque
2450 4003 2615 4056 cdere
2645 4003 2975 4056 videamini?
3008 4001 3140 4067 Quis
3169 4019 3352 4056 sacra-

1781 4095 2053 4149 tissimum
2102 4095 2250 4147 hunc
2295 4103 2625 4146 conventum
2683 4108 2779 4146 seu
2825 4093 3052 4146 chorum
3108 4093 3185 4148 sic
3228 4105 3351 4162 apte

1780 4195 2042 4255 tantaque
2086 4187 2312 4238 omnino
2365 4183 2650 4238 harmonia
2703 4184 2878 4253 cogit?
2928 4184 3118 4238 Nonne
3175 4187 3350 4254 palam

1779 4278 1975 4332 Petrus
2021 4286 2076 4332 et
2117 4278 2347 4340 Paulus,
2381 4277 2636 4346 princeps
2685 4277 2775 4329 illc
2823 4278 3352 4345 augustissimusque

1779 4369 2149 4438 apostolorum
2194 4379 2380 4422 vertex
2436 4386 2448 4420 :
2493 4368 2715 4430 Petrus,
2747 4366 2948 4420 Christi
2995 4368 3118 4421 liilci
3164 4369 3347 4438 origo,

1779 4459 2018 4524 Paulus,
2071 4461 2358 4514 charitatis
2411 4459 2677 4528 perfectio
2737 4476 2749 4510 :
2808 4459 3002 4512 Petrus
3061 4460 3352 4515 immobilis

1704 4563 1757 4622 1)
1782 4551 2040 4606 Ecclesia:
2074 4561 2257 4621 petra,
2294 4553 2526 4615 Paulus,
2555 4551 2702 4605 illius
2739 4559 2852 4604 tute
2888 4561 3146 4622 certaque
3181 4553 3352 4608 desli-
3449 4597 3462 4608 .

1774 4643 1992 4696 natione
2017 4643 2222 4711 jactum
2253 4641 2666 4696 fundamentum
2698 4642 2721 4694 ’ί

1849 4732 1914 4786 Hi
1961 4732 2224 4785 nimirum
2269 4733 2432 4785 hodie
2465 4733 2614 4786 velut
2650 4734 2864 4803 aligerae
2898 4743 3110 4790 mentes
3144 4750 3173 4788 a
3210 4735 3350 4790 luci-

1777 4823 2019 4877 dissimis
2051 4823 2160 4876 illis
2184 4838 2248 4876 ac
2272 4823 2591 4878 cmlestibus
2614 4839 2732 4878 sese
2759 4825 3110 4880 demittentes
3133 4827 3347 4890 axibus,

1781 4915 2124 4983 benignaque
2160 4914 2517 4968 inclinatione
2554 4915 2663 4968 illis
2695 4916 2889 4984 spiritu
2925 4919 3226 4986 congressi,
3254 4918 3348 4987 qui

1781 5007 2068 5060 mortalem
2103 5007 2283 5060 adhuc
2317 5017 2485 5076 agunt
2517 5009 2716 5069 vitam.
2748 5009 3102 5078 velociusque
3135 5010 3348 5064 discur-

1780 5109 1965 5152 rentes
1999 5114 2062 5152 ac
2097 5099 2439 5153 ambulantes
2473 5099 2530 5152 in
2565 5100 2754 5162 nobis,
2790 5101 2857 5154 ad
2901 5102 3047 5154 omni
3088 5103 3347 5171 majorem

1781 5191 2072 5259 splendore
2099 5193 2496 5261 iucunditatem
2523 5192 2758 5246 invitant
2784 5210 2796 5244 :
2824 5193 3101 5263 aliumque
3125 5195 3347 5250 aliunde

1783 5281 1998 5348 placido
2051 5283 2268 5351 altoque
2323 5293 2688 5339 convocantes
2738 5287 3041 5354 praeconio,
3087 5304 3150 5343 ac
3197 5290 3349 5344 velut

1785 5371 1941 5440 plura
1968 5373 2230 5436 membra,
2257 5374 2314 5427 ln
2345 5390 2514 5429 unum
2545 5359 2762 5444 corpus,
2785 5380 3135 5436 sacratissimi
3157 5397 3347 5435 eorum

1781 5689 1980 5768 tradit;
2011 5703 2133 5770 quat
2160 5703 2307 5747 certe
2338 5702 2464 5770 sunt
2485 5696 2821 5770 maxima,et
2850 5713 2970 5768 qtue
2994 5699 3197 5770 merito
3228 5716 3345 5756 ma-

1779 5765 1977 5811 ximam
2012 5765 2091 5813 eis
2118 5765 2522 5816 venerationem
2559 5768 2610 5818 in
2642 5765 2880 5820 lideliuni
2916 5769 3114 5827 animis
3160 5772 3347 5829 conci-

1779 5829 1936 5884 lient.
1973 5831 2150 5887 Pauca
2175 5834 2356 5902 itaque
2388 5835 2547 5891 nobis
2579 5838 2905 5892 annotanda.
