4192 6424
771 391 843 457 39
1968 382 2262 446 NICETIE
2297 382 2826 445 PAPHLAGONIS
3964 376 4038 442 ω

770 504 1002 576 spiritus
1049 500 1405 559 fabricatione
1451 508 1683 557 cunctos
1753 507 2106 571 coaptantes,
2148 498 2218 553 ad
2265 499 2351 552 Dei

2466 500 2716 568 τεκτονία
2739 502 2832 552 τοῦ
2863 495 3210 564 πανευαγοῦς
3264 493 3446 552 αὐτῶν
3501 492 3812 563 πνεύματος
3866 490 4038 564 ἁρμό-

769 594 983 649 cantica
1027 593 1327 662 laudesque
1371 592 1757 658 celebrandas,
1787 591 2142 661 ipsorumque
2185 590 2355 644 hone—

770 686 1020 739 standam
1069 683 1532 754 magniﬁcentiam
1578 697 1642 738 ac
1689 681 2031 753 spargendos
2075 681 2351 745 honores,

771 787 1124 847 congregant.

841 869 1011 938 lgitur
1034 884 1098 923 ea
1131 883 1413 933 sonemus,
1441 882 1561 937 qua:
1595 866 1863 937 Spiritum
1898 867 2057 922 nobis
2090 866 2353 922 insonan-

771 970 881 1016 tem
919 961 1254 1016 addeceant!
1289 961 1563 1016 Canamus
1596 961 1728 1015 tuba
1763 961 1817 1015 in
1867 961 1999 1016 Sion
2039 978 2053 1015 :
2089 962 2354 1032 praedice-

770 1070 895 1109 mus
944 1054 1000 1109 in
1044 1064 1232 1109 monte
1280 1062 1515 1117 sancto,
1569 1051 1624 1106 in
1676 1053 1781 1107 hac
1828 1052 2043 1107 scilicet
2106 1053 2354 1107 Ecclesia

771 1147 1023 1219 (mystica
1054 1163 1118 1201 ac
1152 1146 1465 1216 prcedilecta
1497 1146 1593 1200 Dei
1624 1145 1869 1208 civitate,
1901 1159 1966 1198 ac
1992 1159 2183 1200 sacros
2205 1145 2356 1199 ordi-

768 1251 968 1295 nantes
1002 1240 1222 1302 choros,
1253 1253 1535 1292 sacrorum
1573 1239 1951 1307 theologorum
1985 1237 2354 1292 sacratissime

769 1334 1136 1402 religiosaque
1190 1330 1401 1400 pietate
1449 1331 1663 1384 cantica
1709 1329 2014 1400 laudesque
2061 1329 2355 1400 deproma-

769 1442 894 1479 mus
916 1426 980 1477 ³⁸.
1004 1424 1122 1489 Qua
1146 1439 1280 1477 vero
1309 1423 1364 1478 id
1391 1422 1633 1478 ratione?
1655 1422 1778 1476 Non
1801 1422 2184 1492 Sophistarum
2206 1422 2354 1492 leges

767 1518 943 1573 secuti
993 1535 1006 1583 ;
1061 1532 1173 1571 non
1216 1532 1472 1582 sermone
1515 1517 2084 1586 celebrantes,-quam
2119 1516 2353 1586 quisque

767 1612 822 1665 in
890 1611 1052 1665 terris
1120 1611 1352 1680 patriam
1423 1618 1620 1663 nactus
1684 1609 1758 1664 sit
1817 1627 1833 1677 ;
1898 1626 2008 1663 non
2071 1619 2351 1664 terrenum

766 1703 1058 1775 magniﬁce
1092 1719 1265 1774 genus
1300 1703 1631 1758 extollentes
1663 1720 1677 1769 ;
1711 1717 1822 1756 non
1855 1703 2156 1756 nativitatis
2186 1711 2352 1773 atque

766 1798 1202 1854 conversationis
1239 1797 1561 1852 civilitatem
1601 1811 1858 1850 sermone
1901 1804 2183 1850 ornantes.
2218 1796 2349 1862 Qua:

766 1893 917 1947 enim
970 1893 1090 1945 laus
1141 1891 1223 1945 eis
1269 1891 1589 1960 proveniat,
1627 1889 1722 1958 qui
1768 1897 1979 1958 patrem
2029 1889 2347 1943 habuerunt

765 1984 1152 2040 universorum
1194 1983 1364 2037 Deum
1385 2023 1399 2046 ,
1440 1982 1671 2051 patriam
1701 1997 1855 2045 vero,
1882 1982 2161 2036 caelestem
2188 1981 2350 2036 Jeru-

767 2080 935 2134 salem
956 2119 970 2143 ,
1007 2092 1201 2148 genus,
1234 2075 1616 2129 beatissimum
1643 2075 2013 2145 patriarcham
2040 2074 2353 2128 Abraham?

766 2174 900 2244 quin
935 2173 1121 2242 potius
1156 2171 1306 2224 illius
1339 2171 1501 2224 ﬁdem
1537 2177 1594 2223 et
1623 2169 1915 2239 justitiam,
1943 2167 2148 2236 quibus
2183 2167 2349 2221 etiam

767 2266 844 2321 illi
875 2279 1103 2335 prorsus
1145 2263 1354 2318 similes
1395 2265 1727 2315 exstiterunt
1771 2277 1785 2313 :
1834 2258 2349 2325 conversationem,

764 2361 1067 2420 virtutem,
1112 2365 1169 2409 et
1218 2369 1339 2423 quae
1391 2352 1460 2406 ad
1511 2352 1794 2407 Christum
1850 2359 1936 2405 est
1989 2366 2088 2420 per
2141 2350 2348 2421 legem,

766 2449 997 2520 primam
1032 2447 1436 2502 institutionem
1467 2460 1530 2498 ac
1557 2444 2006 2514 praeparationem
2030 2445 2052 2497 ’ἶ
2075 2444 2144 2498 At
2173 2459 2352 2514 neque

766 2551 967 2597 cuncta
995 2541 1188 2595 ordine
1218 2540 1477 2610 praeclare
1507 2539 1618 2591 illis
1647 2554 1711 2592 ac
1743 2537 2032 2607 magniﬁce
2061 2537 2157 2592 Dei
2185 2537 2350 2590 Verbi

765 2652 934 2691 causa
980 2644 1132 2706 gesta
1176 2633 1455 2704 sigillatim
1489 2631 1796 2686 laudemus.
1831 2630 1920 2684 Sic
1949 2630 2094 2684 enim
2127 2639 2356 2702 praz‘ter-

771 2741 941 2796 quam
977 2725 1125 2794 quod
1166 2722 1528 2793 impossibilis
1559 2738 1624 2776 ea
1659 2722 1872 2776 molitio
1905 2731 2010 2784 est,
2037 2722 2199 2791 iustae
2235 2737 2353 2776 mc—

767 2819 1077 2874 diocritatis
1111 2819 1291 2889 legem
1324 2818 1748 2874 excesserimus.
1778 2817 1870 2872 lla:
1900 2832 2034 2871 vero
2091 2819 2281 2882 etiam,
2306 2819 2353 2872 si

2377 1854 2425 1914 B

2458 595 2665 660 ζοντες,
2732 596 2813 657 είς
2857 593 3089 663 ὓμνησιν
3143 591 3243 660 μὲν
3276 588 3372 643 καὶ
3427 587 3584 652 δόξαν
3616 586 3773 652 Θεοῦ,
3816 584 4036 639 ἔπαινον

2453 691 2512 742 δὲ
2546 691 2643 743 καὶ
2674 688 2838 758 τιμὴν
2875 687 2973 758 τῆς
2997 685 3203 748 οἰκείας
3263 681 3745 754 μεγαλοπρεπείας
3794 697 4032 752 συγκρο⁴

2452 783 2659 837 τοῦσιν.

2527 873 2736 930 Οὐκοῦν
2762 875 3057 946 ήχὴσωμεν
3095 872 3192 927 τοῦ
3233 871 3559 942 ἔνηχοῦντος
3588 871 3724 940 ἡμῖν
3774 866 4034 938 Πνεῦμα-

2454 987 2544 1033 τος
2603 968 2840 1036 ἐπάξια·
2893 967 3245 1037 σαλπίσωμεν
3289 967 3557 1034 σάλπιγγι
3603 965 3663 1018 ὲν
3701 960 3843 1016 Σιών
3877 978 3892 992 ·
3925 979 4034 1030 κη-

2458 1061 2709 1133 ρύξωμεν
2763 1063 2822 1115 ὲν
2869 1059 2995 1130 όρει
3051 1059 3214 1130 ἀγίῳ,
3278 1061 3345 1128 τῇ
3395 1055 3692 1126 Ἐκκλησία
3741 1052 3937 1124 ταύτῃ,
3968 1055 4035 1123 τῇ

2458 1157 2696 1226 μυστικῇ
2733 1153 2828 1207 καὶ
2875 1153 3132 1225 ἀγαπητῇ
3169 1152 3263 1206 τοῦ
3325 1149 3460 1204 Θεοῦ
3503 1149 3656 1203 πόλει
3691 1164 3705 1178 ·
3758 1146 3854 1200 καὶ
3881 1145 4034 1214 ίεράς

2456 1249 2857 1320 συστησάμενοι
2881 1247 3260 1318 χοροστασίας,
3293 1244 3392 1306 τὰς
3416 1243 3527 1298 τῶν
3575 1241 3738 1312 ίερῶν
3769 1239 4037 1306 θεολόγων

2453 1341 2732 1412 πανιέρως
2791 1343 3145 1411 κροτήσωμεν
3174 1337 3524 1408 ὑμνολογίας.
3570 1334 3947 1404 Κροτήσωμεν
3979 1330 4040 1383 δὲ

2453 1431 2573 1495 πῶς
2605 1449 2620 1499 ;
2653 1431 2731 1484 Οὐ
2791 1431 3063 1500 σοφιστῶν
3108 1429 3367 1498 ἑπόμενοι
3427 1426 3615 1496 νόμοις
3650 1439 3664 1452 ·
3698 1423 3758 1475 οὑ
3785 1420 3864 1490 τῷ
3889 1420 4039 1490 λόγῳ

2451 1525 2552 1589 τὰς
2602 1525 2755 1578 κάτω
2794 1522 3149 1594 σεμνύνοντες
3203 1519 3507 1591 πατρίδας;
3561 1517 3623 1570 ού
3673 1515 3736 1568 τδ
3762 1514 3871 1568 ἀπὸ
3929 1515 4038 1584 γῆς

2455 1616 2925 1690 μεγαλαυχοῦντες
2967 1617 3161 1683 γένος·
3222 1614 3284 1666 ού
3344 1613 3687 1682 γεννήσεως,
3748 1608 3848 1660 ούκ
3897 1608 4037 1659 ἁνα-

2453 1713 2694 1784 στροφῆς
2729 1710 3053 1782 ἀστειότητα
3077 1708 3386 1775 διεξιόντες.
3419 1706 3513 1769 Τίς
3567 1705 3678 1775 γὰρ
3710 1705 3775 1756 ἑκ
3828 1698 4038 1754 τούτων

2452 1803 2623 1870 αἶνος,
2655 1809 2768 1869 τοῖς
2797 1805 3013 1873 Πατέρα
3039 1805 3160 1874 μὲν,
3187 1803 3281 1855 τὸν
3311 1801 3421 1855 τῶν
3459 1801 3600 1854 ὅλων
3639 1797 3828 1868 σχοῦσι
3852 1796 3986 1849 Θεόν
4015 1809 4031 1823 ⁸

2455 1893 2690 1964 πατρίδα
2742 1893 2821 1957 δὲ,
2873 1895 2972 1964 τὴν
3031 1893 3142 1946 ἀνω
3198 1889 3588 1963 Ἰερουσαλήμο
3642 1889 3802 1957 γένος
3847 1887 3904 1940 δὲ
3932 1887 4037 1939 λα-

2453 1985 2629 2056 χοῦσι,
2682 1985 2776 2038 τὸν
2833 1987 3103 2057 μακάριον
3156 1985 3506 2057 πατριάρχην
3568 1982 3861 2053 Ἀϐραάμ·
3898 1980 4036 2050 μᾶλ-

2453 2077 2544 2131 λον
2577 2077 2657 2143 δὲ,
2676 2077 2776 2150 τὴν
2803 2076 3011 2130 ἐκείνου
3042 2077 3224 2131 πίστιν
3252 2077 3345 2129 καὶ
3373 2074 3742 2144 δικαιοσύνην,
3770 2069 3850 2134 οἷς
3880 2071 4035 2140 αὐτῷ

2453 2171 2548 2224 καὶ
2596 2171 2949 2224 παντάπασιν
3014 2169 3324 2240 ὡμοίωνται
3357 2186 3372 2200 ο
3423 2167 3771 2237 ἀναστροφὴν
3818 2165 3875 2218 δὲ
3929 2164 4036 2233 τὴν

2451 2263 2677 2333 ἀρετὴν,
2736 2262 2830 2316 καὶ
2883 2262 2981 2333 τήν
3020 2261 3154 2333 πρὸς
3221 2260 3457 2332 Χριστὸν
3504 2259 3593 2312 διά
3652 2258 3820 2327 νόμου
3871 2256 4034 2311 παιδ-

2452 2353 2697 2421 αγωγίαν
2747 2370 2806 2406 τε
2833 2353 2927 2406 καὶ
2984 2352 3455 2425 προκατάρτισιν;
3495 2349 3633 2404 Ἀλλ’
3685 2348 3808 2402 ούδὶ
3851 2349 4038 2410 πάσας

2454 2446 2582 2514 ἑξῆς
2603 2446 2701 2509 τὰς
2749 2444 2892 2516 ὑπὲρ
2916 2444 3010 2498 τοῦ
3066 2444 3201 2499 Θεοῦ
3240 2445 3415 2512 Λόγου
3457 2441 3900 2514 κατωρθωμένας
3933 2441 4039 2492 αὑ-

2450 2541 2564 2602 τοῖς
2621 2537 3022 2608 μεγαλουργίας
3077 2537 3200 2591 κατ’
3253 2533 3393 2600 εῐδος
3416 2536 3854 2606 ὲξυμνήσωμεν⁶
3887 2535 4038 2590 οὕτω

2453 2630 2562 2701 γὰρ
2585 2630 2719 2700 πρὸς
2747 2631 2822 2699 τῷ
2852 2630 3130 2701 ἀνεφίκτῳ
3159 2631 3260 2702 τῆς
3281 2633 3667 2703 ἐγχειρήσεως,
3701 2632 3798 2685 καὶ
3821 2630 3911 2684 τὸν
3930 2630 4038 2700 τῆς

2455 2723 2798 2794 συμμετρίας
2836 2723 2902 2777 ἂν
2935 2725 3098 2793 νόμον
3133 2723 3548 2794 παραϐαίημεν.
3608 2723 3920 2786 Ἐπαινετὸς
3974 2723 4042 2775 δὲ

2459 2817 2555 2870 καὶ
2615 2811 2791 2882 οὗτος,
2827 2819 2987 2888 εἰπερ
3016 2816 3174 2880 ἄλλος
3200 2834 3306 2882 τις,
3363 2816 3551 2887 ὥσπερ
3580 2817 3882 2887 ἐνεργείαις
3927 2814 4045 2869 πά-

771 2926 880 2980 qua
909 2909 1036 2972 alia,
1063 2908 1532 2979 quemadmodum
1562 2908 1616 2961 in
1652 2908 1912 2962 omnibus
1941 2909 2351 2978 operationibus

2457 2927 2578 2975 σαις
2608 2912 2704 2965 καὶ
2755 2911 2954 2964 πάθεσι
3005 2912 3098 2965 καὶ
3146 2912 3444 2982 πράξεσιν,
3501 2908 3647 2964 οὕτω
3683 2909 3746 2980 δή
3771 2909 3866 2962 καὶ
3919 2910 4046 2971 τοῖς

769 3001 1232 3070 passionibusque
1259 3008 1315 3055 et
1344 3001 1581 3063 actibus,
1611 3001 1690 3054 sic
1725 3010 1780 3054 et
1815 3000 1871 3054 in
1911 3002 2044 3071 ipsis
2082 3001 2351 3056 intellecta

2455 3001 2634 3069 λόγοις
2668 3001 2846 3063 αὐτοῖς
2881 2998 3336 3068 ένθεωρούμενος.
3383 2996 3547 3051 ’Λλλά
3605 2996 3677 3050 τὰ
3712 2996 3811 3066 μὲν
3861 2996 4047 3064 ἑτέρῳ

771 3095 1093 3163 integraque
1129 3093 1514 3155 sermonibus,
1541 3093 1759 3146 laudem
1795 3093 1982 3148 habet.
2013 3095 2215 3148 Verum
2249 3094 2351 3147 alia

2455 3091 2832 3164 τεταμιεύσθω
2869 3091 3047 3163 καιρῷ
3086 3092 3180 3144 καὶ
3216 3089 3362 3160 λόγῳ
3390 3107 3405 3122 ·
3439 3087 3508 3142 τὰ
3541 3089 3598 3142 δὲ
3627 3087 3722 3142 νῦν
3763 3080 3910 3141 αἶνον
3941 3087 4048 3140 καὶ

772 3185 999 3255 quidem
1035 3184 1125 3237 alii
1157 3183 1390 3253 tempori
1421 3195 1586 3252 atque
1618 3184 1860 3239 sermoni
1892 3194 2056 3238 sunto
2084 3185 2350 3254 reposita;

2457 3187 2612 3251 δόξαν
2650 3189 2760 3250 τοῖς
2798 3185 3151 3254 λογιωτάτοις
3206 3181 3570 3253 προσάξωμεν
3612 3181 3708 3236 τοῦ
3739 3181 3913 3249 Λόγου
3942 3182 4046 3249 φί-

769 3278 876 3331 alia
928 3292 1057 3331 vero
1112 3292 1260 3330 nunc
1317 3275 1497 3332 laudis
1569 3288 1893 3345 argumento
1947 3287 2111 3346 atque
2167 3278 2353 3347 gloriae

770 3365 1154 3421 disertissimis
1189 3366 1465 3420 sermonis
1499 3365 1694 3419 amicis
1726 3365 2025 3420 offeramus
2063 3385 2075 3418 :
2112 3365 2353 3421 directo-

770 3476 879 3528 que
910 3461 1103 3515 ad.eos
1135 3459 1313 3512 laudis
1347 3459 1586 3522 cantico,
1617 3458 1672 3512 in
1707 3458 1825 3513 hzec
1857 3459 2024 3512 verba
2061 3474 2185 3512 eum
2220 3475 2353 3530 pro-

771 3554 941 3623 pheta
970 3570 983 3605 :
1015 3552 1196 3615 Avele,
1225 3551 1327 3619 ﬁlii
1355 3549 1483 3605 Sion
1503 3552 1568 3616 ³⁷,
1596 3551 1746 3621 ipsos
1774 3552 2140 3621 alloquamur.

843 3648 1038 3712 Avete,
1078 3656 1319 3716 paterna:
1355 3646 1554 3701 divina:
1588 3646 1822 3716 originis
1855 3645 1988 3700 clari
2025 3660 2348 3716 praecones:

772 3739 1088 3795 divinorum
1124 3737 1247 3791 Filii
1282 3752 1510 3805 Opernm
1547 3736 1876 3790 divinissimi
1914 3734 2296 3804 explanatores
2335 3751 2350 3787 :

771 3833 1006 3886 viviﬁca:
1045 3830 1283 3900 Spiritus
1326 3829 1550 3882 virtutis
1590 3829 1712 3882 viva
1754 3842 1956 3898 organa
2001 3842 2066 3880 ac
2107 3825 2354 3880 modula-

774 3925 1012 3984 tissima,
1056 3939 1178 3993 qua:
1221 3923 1480 3977 videlicet
1531 3920 1871 3976 dulcissimis
1915 3920 2142 3973 vocibus
2189 3928 2354 3988 atque

774 4018 1013 4072 modulis
1058 4016 1534 4079 concinnissimis,
1578 4016 1898 4070 universum
1947 4014 2110 4068 simul
2160 4012 2351 4067 orbem

774 4122 976 4164 terram
1010 4110 1106 4162 uni
1138 4108 1318 4162 Verbo
1352 4118 1409 4160 et
1441 4109 1551 4160 Deo
1585 4106 1974 4168 adhibueritis,
2006 4116 2062 4158 et
2086 4104 2153 4158 ad
2185 4104 2261 4157 illi
2297 4103 2353 4158 in

772 4201 969 4270 Spiritu
995 4209 1051 4254 et
1075 4201 1307 4254 veritate
1335 4199 1686 4254 serviendum
1722 4197 2072 4251 institueritis
2091 4197 2156 4250 ³⁸.

844 4291 1004 4346 Salve
1019 4293 1312 4354 sis.Pctre,
1336 4291 1424 4344 cui
1452 4292 1633 4344 claves
1658 4290 1809 4359 regni
1837 4290 2102 4342 cmlorum
2130 4289 2352 4343 credita:

771 4394 902 4440 sunt
956 4402 971 4450 ;
1032 4400 1200 4455 super
1249 4401 1410 4453 quem
1461 4383 1716 4438 Christus
1767 4381 2004 4435 ﬁrmavit
2051 4381 2352 4435 Ecclesiam

771 4493 962 4543 suam;
1007 4493 1172 4547 quem
1223 4477 1289 4529 ad
1335 4477 1548 4530 Patrem
1593 4475 1929 4545 migraturus
1990 4473 2108 4529 suis
2155 4473 2353 4528 ovibus

2460 3280 2572 3340 λοις
2607 3295 2620 3308 ·
2678 3279 2772 3330 καὶ
2824 3277 2961 3347 πρὸς
3001 3275 3199 3338 αὐτοὺς
3250 3275 3343 3329 τὸν
3394 3275 3565 3344 ὕμνον
3619 3274 4045 3336 ἀποτείναντες,

2466 3369 2543 3422 Τὰ
2581 3367 2761 3421 τέκνα
2781 3368 2957 3435 Σιὼν,
2984 3367 3240 3438 χαίρετε,
3273 3367 3411 3438 μετά
3429 3366 3522 3420 τοῦ
3552 3367 3851 3436 προφήτου,
3875 3381 4055 3434 προσ-

2461 3461 2844 3531 φθεγγώμεθα.

2531 3641 2788 3712 Χαίρετε,
2821 3639 2920 3708 τῆς
2946 3638 3221 3710 πατρικῆς
3253 3637 3513 3708 θεαρχίας
3560 3633 3872 3705 διαπρύσιοι
3939 3635 4054 3705 κή-

2465 3751 2627 3803 ρυκες
2661 3751 2675 3764 ·
2699 3734 2801 3803 τῆς
2841 3731 2936 3785 τοῦ
2968 3731 3098 3785 Υίοῦ
3139 3730 3426 3801 θεουργίας
3475 3729 3853 3800 ίεροφάντορες
3903 3726 4054 3780 θειό-

2458 3845 2611 3881 τατοι
2639 3845 2652 3857 ·
2678 3830 2773 3897 τῆς
2812 3827 3087 3897 ζωαρχίας
3116 3825 3210 3878 τοῦ
3240 3823 3556 3894 Πνεύματος
3612 3821 3818 3893 ὖργανα
3859 3820 4056 3883 ζῶντα

2460 3922 2554 3975 καὶ
2578 3920 2952 3990 πολυαρμόνια
2984 3933 2999 3948 ·
3056 3920 3126 3970 τὰ
3160 3917 3417 3986 φθόγγοις
3444 3915 3680 3986 ἡδίστοις
3720 3914 3815 3967 καὶ
3847 3912 4050 3982 μέλεσι

2461 4013 2874 4082 παναρμονίοις,
2907 4011 3005 4081 τὴν
3031 4010 3355 4080 οίκουμένην
3385 4008 3522 4080 ὁμοῦ
3544 4009 3746 4072 πᾶσαν,
3780 4008 3858 4060 έν¹ι
3877 4007 4054 4074 Λόγῳ

2461 4107 2555 4158 καὶ
2583 4105 2702 4175 Θεῷ
2739 4105 3231 4176 «παραστησάμενα,
3269 4103 3363 4155 καὶ
3413 4101 3587 4173 τούτῳ
3626 4100 3899 4170 πνεύματι
3947 4101 4058 4153 καὶ

2461 4199 2691 4270 ἀληθείᾳ
2715 4197 2996 4268 λατρεύειν
3027 4197 3465 4267 συμϐιϐάσαντα.

2531 4292 2777 4362 Χαίροις,
2811 4290 3001 4361 Πέτρε,
3033 4292 3062 4342 ό
3084 4291 3184 4358 τῆς
3208 4289 3317 4343 τῶν
3355 4287 3603 4361 οὐρανῶν
3627 4287 3905 4358 βασιλείας
3936 4285 4056 4350 τὰς

2461 4387 2609 4450 κλεῖς
2639 4383 3069 4454 πεπιστευμένος
3096 4399 3110 4414 ο
3138 4384 3222 4452 ἐφ’
3274 4376 3337 4452 ᾧ,
3363 4383 3463 4449 τὴν
3529 4379 3666 4434 ἰδίαν
3714 4382 3742 4433 ὀ
3802 4380 4055 4446 Χριστὸς

2473 4483 2800 4553 Ἐκκλησίαν
2826 4481 3150 4552 ὲστηρίξατο
3180 4495 3194 4509 ο
3231 4479 3290 4530 ὃν
3320 4478 3415 4530 καὶ
3445 4476 3701 4543 ποιμένα.
3747 4472 3884 4542 πρὸς
3946 4471 4058 4525 τὸν

2387 4581 2431 4636 D
2460 4576 2653 4630 ἑαυτοῦ
2685 4577 2902 4645 Πατέρα
2935 4573 3297 4644 μεταϐαίνων,
3340 4570 3432 4622 ἐπὶ
3465 4567 3576 4620 τῶν
3607 4564 3772 4620 αὑτοῦ
3824 4563 4014 4632 προϐά
4035 4593 4061 4605 -

2456 4686 2565 4721 των
2593 4669 2990 4734 κατεστήσατο.

772 4577 1047 4639 pastorem
1077 4568 1317 4638 prznl‘ecit
1333 4568 1398 4621 ³⁸.

844 4779 1004 4834 Salve
1034 4778 1130 4842 sis,
1156 4777 1345 4840 Paule,
1374 4775 1467 4844 qui
1498 4773 1677 4828 ﬁdelis
1705 4782 1767 4828 et
1790 4772 2035 4842 prudens
2063 4771 2349 4841 dispensa-

773 4883 860 4928 tor
881 4881 1123 4942 paternae
1149 4870 1347 4923 domus
1374 4868 1664 4929 enitueris,
1685 4881 1916 4934 eamque
1941 4864 2012 4918 ob
2041 4879 2154 4918 rem
2183 4864 2349 4918 etiam

772 4979 940 5032 super
974 4961 1160 5014 omnia
1194 4975 1315 5028 quae
1349 4959 1496 5012 illius
1531 4968 1689 5019 sunt,
1718 4957 2056 5013 constitutus
2089 4954 2169 5010 sis
2205 4971 2219 5018 ;
2255 4954 2349 5023 qui

772 5055 959 5109 adhuc
980 5053 1172 5106 vivens
1203 5066 1455 5119 corpore,
1476 5049 1534 5103 iu
1560 5049 1783 5103 tertium
1811 5049 2013 5102 coelum
2035 5055 2228 5116 raptus
2251 5047 2348 5110 sis,

773 5147 1201 5219 paradisumque
1223 5144 1426 5198 mentis
1447 5143 1626 5198 oculis
1644 5142 2037 5213 aspectabilem
2059 5155 2353 5202 conspexe-

773 5241 875 5305 ris,
898 5255 963 5294 ac
989 5239 1159 5293 verba
1195 5252 1394 5292 arcana
1431 5237 1540 5290 tuis
1574 5236 1690 5305 ipse
1726 5234 1957 5289 auribus
1986 5231 2349 5287 audiveris".

845 5333 1007 5389 Salve
1029 5333 1128 5393 sis,
1159 5332 1339 5393 Petre,
1369 5330 1463 5397 qui
1497 5330 1653 5394 prius
1683 5327 1908 5397 quidem
1940 5334 2124 5380 mutos
2149 5337 2351 5394 sagena

774 5425 955 5496 pisces
985 5423 1300 5494 capiebas“
1331 5441 1343 5474 :
1379 5431 1567 5491 postea
1595 5436 1748 5485 vero,
1779 5421 1968 5474 divino
1998 5421 2154 5488 plexa
2185 5433 2351 5486 opere

777 5515 893 5583 ipse
940 5529 1040 5582 per
1084 5511 1368 5566 Christum
1419 5528 1618 5582 sagena
1662 5512 1922 5573 ellectus,
1959 5520 2015 5563 et
2063 5508 2118 5562 in
2167 5507 2350 5562 saeculi

777 5607 979 5658 missus
1018 5620 1201 5668 mare,
1238 5615 1400 5673 atque
1435 5621 1503 5660 ex
1536 5605 1685 5658 omni
1724 5603 2076 5658 rationalium
2118 5601 2350 5670 piscium

847 5809 892 5842 "
912 5807 1029 5864 Joel
1054 5823 1111 5865 n.
1139 5808 1186 5869 l,
1211 5809 1304 5873 15;
1334 5809 1478 5863 Psal.
1501 5824 1557 5867 ιι.
1582 5807 1634 5860 6.
1714 5808 1756 5838 ³⁷
1777 5807 1891 5860 Joel
1917 5822 1974 5863 ιι,
1995 5806 2085 5860 25.

775 5893 924 5945 XXIV,
945 5878 1041 5946 46;
1075 5879 1117 5935 ΙΙ
1145 5879 1276 5937 Cor.
1303 5896 1400 5947 ιιι,
1423 5880 1476 5934 2.
1557 5879 1596 5910 δ’
1624 5878 1815 5933 Matth.
1840 5893 1912 5943 iv,
1940 5877 2034 5943 l9;
2066 5891 2177 5940 xm,
2202 5876 2290 5930 47.

2198 5805 2241 5836 ³⁸
2261 5804 2420 5860 Joan.
2447 5819 2518 5869 iv,
2540 5803 2629 5857 23.

2531 4758 2782 4827 Χαίροις,
2818 4756 3020 4820 Παῦλε,
3057 4757 3085 4809 ὁ
3117 4754 3305 4816 πιστὸς
3337 4752 3620 4820 οἰκονόμος
3651 4747 3747 4800 καὶ
3773 4746 4058 4816 φρόνιμος

2456 4850 2555 4918 τῆς
2583 4848 2678 4902 τοῦ
2732 4850 2942 4920 Πατρὺς
2985 4847 3328 4917 ἀποδειχθεὶς
3373 4843 3551 4905 οἰκίας
3586 4861 3599 4876 ο
3629 4841 3696 4894 δι’
3737 4840 3766 4892 ὗ
3799 4841 3891 4892 καὶ
3944 4841 4058 4893 ἐπὶ

2457 4944 2592 4995 πᾶσι
2640 4943 2752 5002 τοῖς
2799 4941 3136 5011 ὑπάρχουσιν
3189 4938 3338 5008 αὑτῷ
3377 4934 3780 5003 καθεσταμένος
3808 4948 3822 4962 ο
3866 4932 3894 4982 ὁ
3956 4930 4059 4984 ἑτι

2459 5033 2671 5104 σώματι
2692 5033 2822 5099 ζῶν,
2861 5032 2994 5102 πρὸς
3023 5033 3114 5085 τὸν
3133 5032 3316 5103 τρίτον
3348 5029 3616 5100 άρπαγεὶς
3660 5022 3907 5096 οὐρανὸν,
3945 5027 4060 5077 καὶ

2457 5125 2548 5177 τὸν
2595 5125 2785 5194 νοητὸν
2842 5124 3172 5194 παράδεισον
3211 5121 3561 5192 τεθεαμένος,
3621 5120 3716 5172 καὶ
3774 5115 4062 5186 ῥημάτων

2457 5222 2714 5293 ἀρρήτων
2744 5222 3007 5291 αὐτήκοος
3036 5219 3421 5289 γεγενημένος.

2529 5315 2776 5384 Χαίροις,
2835 5315 3032 5384 Πέτρε,
3068 5316 3095 5366 ὁ
3147 5313 3412 5381 πρότερον
3466 5307 3568 5379 μὲν
3595 5307 3806 5373 ἀλόγων
3840 5305 4066 5374 ἰχθύων

2461 5407 2803 5474 σαγηνευτής
2838 5421 2852 5434 ⁸
2881 5405 3076 5457 ἔπειτα
3109 5406 3319 5472 σαγήνη
3356 5401 3648 5463 θεόπλοκος
3680 5398 3768 5451 διὰ
3798 5399 4069 5467 Χριστοῦ

2464 5499 2752 5567 γενόμενος
2804 5499 2985 5560 αύτ“.ς,
3039 5499 3131 5549 καὶ
3184 5498 3262 5557 είς
3317 5497 3416 5565 τὴν
3459 5494 3730 5564 κοσμικὴν
3764 5491 4072 5546 θάλασσαν

2463 5593 2890 5663 ἐμϐεδλημένος,
2921 5595 3014 5645 καὶ
3053 5593 3116 5643 ἐκ
3151 5590 3350 5651 παντὸς
3403 5589 3595 5655 γένους
3647 5585 3756 5636 τῶν
3808 5583 4076 5650 λογικῶν

2727 5803 2767 5834 ³³
2791 5799 2980 5855 Matth.
3012 5816 3112 5860 va,
3163 5799 3254 5863 l8;
3284 5796 3441 5852 Joan.
3467 5795 3684 5859 “1,17.
3779 5792 3824 5823 ⁸⁸
3846 5789 4074 5847 Matth.
