4192 6424
179 419 232 486 ιι
884 420 1166 482 ORATIO
1205 421 1322 482 III.
1353 421 1521 482 -ΙΝ
1564 417 1874 480 LAUDEM
1913 419 2021 480 SS.
2060 419 2289 480 PETRI
2329 419 2422 477 ET
2469 418 2710 476 PAULI.
3337 413 3410 478 42

181 537 476 608 συνειλεχὼς
544 537 744 608 ἰχθύων
789 550 804 565 ·

181 630 602 682 πολυτελέστατον
633 630 1188 701 παρασκευαζόμενος
1221 631 1470 698 ὀψώνιον.

235 723 467 792 Χαῑροις,
516 719 718 782 Παῦλε,
763 722 1074 792 ὁπρότερον
1137 722 1236 792 μὲν
1293 721 1372 792 τῷ
1420 721 1570 791 ζήλῳ
1631 722 1724 774 τοῦ

177 814 315 885 νόμον
353 813 719 884 καταφλεγείς
750 830 766 845 ο
800 815 987 868 ἔπειτα
1032 817 1100 886 τῇ
1145 814 1246 884 τῆς
1291 815 1515 886 χάριτος
1536 815 1726 886 ἀγάπῃ

178 906 518 978 πυρποληθείς
549 924 565 938 ο
623 908 718 961 καὶ
754 907 933 977 φυγὰς
975 907 1094 978 μὲν,
1127 908 1247 960 ἀντὶ
1273 907 1506 962 διώκτου
1539 923 1555 939 ο
1603 908 1726 961 ἀντὶ

177 999 475 1070 βλασφήμου
504 999 562 1054 δὲ
602 1000 697 1054 καὶ
737 1000 1018 1072 ὑϐριστοῦ,
1071 999 1442 1071 δοκιμώτατος
1490 1002 1726 1069 εὐαγγε-

176 1095 338 1163 λιστὴς
361 1094 730 1164 γεγενημένος
761 1112 775 1126 ο
809 1095 904 1148 καὶ
930 1096 1085 1165 χερσὶ
1123 1095 1221 1166 μὲν
1255 1095 1470 1167 δέρρεις
1484 1094 1726 1166 ἀψύχους

176 1191 482 1261 συρῤάπτων
523 1190 662 1260 πρὸς
703 1191 1056 1258 σκηνοποιεαν
1090 1206 1105 1219 ο
1160 1189 1440 1260 Πνεῦματι
1482 1190 1537 1244 δὲ
1596 1189 1727 1259 θείῳ

175 1280 372 1345 λογικὰς
420 1281 656 1334 συνδέων
707 1281 932 1350 καρδίας
966 1284 1057 1334 καὶ
1107 1282 1319 1352 νοερὰς,
1375 1282 1470 1336 καὶ
1519 1285 1727 1354 σκηνὴν

173 1372 350 1434 ταύτας
385 1374 679 1443 ἀκήρατον.
723 1374 816 1425 καὶ
843 1373 1099 1444 οὐράνιον
1135 1376 1271 1443 πρὸς
1304 1375 1401 1446 τὴν
1431 1375 1527 1429 τοῦ
1567 1377 1725 1446 Ὑψί-

176 1481 282 1514 στου
309 1464 623 1532 κατοίκησιν
647 1466 1116 1534 ἀπεργαζόμενος.

239 1647 438 1716 Ὑμεῖς,
473 1647 520 1699 εἰ
546 1647 642 1700 καὶ
668 1649 810 1701 κατὰ
838 1649 1028 1718 χρόνον
1051 1651 1142 1702 τὸν
1172 1650 1302 1704 ῐδιον
1341 1652 1600 1721 ἑκάτερος
1628 1653 1726 1721 τῆς

171 1740 217 1790 ἐν
271 1741 429 1808 σαρκὶ
487 1741 796 1812 γεννήσεως
840 1742 1088 1814 ἐτύχετε,
1117 1743 1255 1798 ἀλλὰ
1285 1747 1627 1815 προαιωνίως
1669 1748 1727 1798 ἐν

169 1829 266 1900 Θεῷ
288 1831 459 1902 Πατρὶ
494 1834 956 1904 προεγνωσμένοι.
990 1837 1086 1888 καὶ
1123 1836 1226 1905 τῆς
1253 1837 1349 1889 τοῦ
1382 1838 1726 1906 Μονογενοῦς

868 540 962 592 καὶ
999 540 1067 608 τῇ
1119 539 1422 608 Δεσποτικῇ
1477 537 1726 608 τραπέζῃ

1827 550 2029 604 genere
2051 551 2408 604 congregans,
2429 531 2868 587 laudatissimum
2893 543 3094 584 mensas
3114 528 3408 585 Dominicas

1827 629 2074 683 edulium
2108 628 2278 681 struis
2307 641 2673 697 apparatsque.

1899 721 2056 776 Salve
2095 721 2190 781 sis.
2225 722 2406 783 Paule,
2433 721 2585 789 prius
2645 717 2865 787 quidem
2904 717 3040 785 legis
3066 715 3412 770 :emulatione

1828 822 2165 876 exaestuans;
2189 820 2378 881 postea
2403 821 2585 866 autem
2609 807 2798 881 gratia:
2819 809 3084 862 charitale
3121 808 3412 872 incensus;

1829 921 1894 959 ac
1939 920 2040 974 pro
2089 913 2460 972 persecutore,
2504 903 2596 972 qui
2645 903 2760 972 ipse
2816 900 2995 968 fugam
3047 899 3238 953 inieris
3267 915 3282 961 ;
3314 914 3415 967 pro

1831 997 2152 1066 blaspheme
2191 1005 2248 1050 et
2283 994 2500 1062 injuriis
2529 1005 2734 1051 atroce.
2768 992 3192 1064 probatissimus
3218 991 3416 1060 przedi-

1830 1099 1984 1143 cator
2011 1088 2286 1142 exstiteris
2322 1106 2334 1139 :
2365 1103 2427 1140 ac
2455 1087 2549 1156 qui
2585 1087 2752 1155 pelles
2780 1086 3002 1154 quidem
3049 1085 3321 1137 inanimes
3359 1085 3411 1135 in

1833 1198 1986 1235 usum
2011 1181 2494 1236 tabernaculorum
2520 1178 2776 1232 manibus
2797 1179 2912 1248 ipse
2929 1177 3217 1231 consueris
3235 1177 3305 1236 ",
3324 1177 3408 1229 di—

1830 1275 1958 1327 vino
1987 1285 2171 1328 autem
2207 1273 2414 1342 Spiritu
2442 1273 2610 1326 corda
2649 1273 2856 1326 utentia
2893 1272 3107 1326 ratione
3144 1285 3208 1324 ac
3231 1281 3413 1324 mente

1830 1368 2059 1436 praedita
2113 1367 2215 1420 alia
2262 1367 2386 1420 aliis
2439 1367 2662 1435 Deoquc
2710 1366 3050 1429 devinciens,
3105 1364 3414 1418 immortale

1832 1459 1946 1513 ha2c
1975 1460 2385 1514 tabernaculum
2415 1471 2576 1530 atque
2607 1459 2851 1524 caeleste,
2886 1459 2938 1512 in
2965 1474 3075 1528 quo
3105 1458 3414 1512 Altissimus

1831 1552 2123 1618 habitaret,
2152 1563 2460 1623 pnestarcs.

1903 1647 2027 1706 Vos.
2052 1647 2154 1700 etsi
2175 1662 2274 1700 suo
2303 1648 2536 1715 quisque
2562 1655 2810 1715 tempore
2845 1647 2897 1700 in
2929 1661 3095 1700 carne
3117 1644 3227 1699 nati
3247 1645 3413 1711 estis;

1830 1747 1955 1791 ante
1989 1738 2185 1792 secula
2219 1746 2402 1790 tamen
2428 1738 2482 1790 in
2513 1737 2625 1790 Deo
2662 1738 2826 1792 Patre
2860 1737 3125 1807 praesciti,
3155 1745 3317 1806 atque
3353 1746 3415 1791 ut

1830 1828 2107 1897 Unigeniti
2134 1827 2321 1898 gloria:
2367 1827 2578 1882 similes
2600 1827 2980 1888 elliceremini.
3007 1827 3411 1896 praedestinati;

167 1918 302 1987 ἄξῃς
331 1920 648 1990 σύμμορφοι
679 1922 935 1990 γενέσθαι
984 1927 1411 1995 προωρισμένοι,
1456 1927 1546 1980 ὅτε
1563 1923 1726 1999 ἦλθεν

1831 1918 2052 1987 quando
2093 1918 2245 1972 venit
2273 1917 2563 1988 plenitudo
2613 1917 2878 1987 temporis
2911 1932 2975 1970 ac
3011 1915 3246 1969 Verbum
3285 1929 3416 1969 caro

165 2009 215 2058 τὸ
235 2009 505 2078 πλήρωμα
535 2010 630 2063 τοῦ
655 2013 874 2082 χῴνου,
925 2015 1019 2066 καὶ
1069 2015 1243 2083 Λόγος
1281 2017 1418 2087 σὰρξ
1481 2019 1722 2086 ἐγένετο,

167 2099 373 2167 πρώτως
401 2102 562 2155 αὐτοὶ
594 2104 671 2174 (ὅ)
704 2105 896 2159 τοῦτον
914 2108 1230 2177 ἐπιγνόντες
1271 2112 1368 2164 καὶ
1419 2111 1678 2176 λαϐόντες
1705 2129 1720 2144 ⁸

165 2195 243 2246 ni
279 2196 485 2265 πρῶτοι
513 2198 611 2267 τῆς
637 2197 698 2263 ὲξ
718 2199 888 2253 αὐτοῦ
917 2203 1224 2274 γεννήσεως
1256 2204 1575 2275 ἠξιωμένοι,
1631 2206 1725 2260 καὶ

166 2285 346 2352 πρῶτοι
365 2286 556 2340 τοῦτον
580 2289 794 2353 ἑαυτοῖς
848 2291 1284 2362 εὖμοιρήσαντες
1339 2297 1721 2363 ὲσκηνωκότα,

164 2377 273 2429 αὐτὸ
298 2379 356 2431 τὸ
392 2380 620 2450 Πνεῦμα
649 2382 744 2435 τοῦ
791 2382 927 2435 Θεοῦ
963 2385 1396 2457 συμμαρτυροῦν
1451 2389 1723 2460 ἐσχήκατε

164 2469 227 2537 τῷ
244 2471 508 2540 πνεύματι
545 2473 726 2544 ὑμῶν,
758 2475 842 2528 ὅτι
875 2477 998 2530 ἐστὲ
1034 2480 1204 2533 τέκνα
1223 2479 1317 2532 τοῦ
1357 2480 1494 2534 Θεοῦ
1523 2499 1538 2514 ·
1571 2485 1620 2536 εἰ
1667 2484 1725 2538 δὲ

163 2563 329 2626 τέκνα,
391 2567 488 2617 καὶ
557 2566 886 2640 κληρονόμοι
922 2585 938 2602 ο
999 2570 1335 2643 κληρονόμοι
1399 2573 1502 2644 μὲν
1548 2576 1684 2629 Θεοῦ
1706 2615 1722 2639 ,

165 2655 572 2726 συγκληρονόμοι
602 2657 662 2711 δὲ
691 2659 954 2728 Χριστοῦ.

230 2747 428 2816 Ὑμεῖς,
464 2749 530 2801 οὐ
568 2752 670 2820 τῆς
693 2752 1025 2824 ἐπουρανίου
1074 2757 1326 2828 κλήσεως
1377 2759 1597 2831 μέτοχοι
1630 2763 1726 2830 μό-

162 2854 252 2901 νον,
277 2840 411 2894 ἀλλὰ
432 2844 533 2896 καὶ
565 2843 798 2916 ἐκλογῆς
820 2846 929 2900 υἱοὶ
957 2851 1405 2920 κεχρηματίκατε
1435 2869 1451 2884 °
1487 2855 1582 2907 καὶ
1623 2856 1724 2910 οὐκ

161 2935 422 3006 ἑξελὲγητε
454 2939 644 3009 μόνον,
682 2941 819 2995 ἀλλὰ
846 2943 942 2997 καὶ
987 2944 1366 3017 ἐδικαιώθητε,
1434 2949 1572 3003 ἀλλὰ
1632 2954 1724 3004 καὶ

159 3028 477 3100 ἐδοξάσθητε.
521 3031 713 3103 Ὑμεῖς
758 3035 858 3088 οὐκ
913 3035 1022 3090 ἀπὸ
1073 3039 1278 3110 σαρκὸς
1323 3041 1422 3094 καὶ
1449 3043 1720 3111 αἵματος·

160 3117 230 3171 διὰ
260 3121 312 3174 δὲ
339 3123 434 3176 τοῦ
459 3123 522 3176 ὲν
555 3125 807 3194 οὐρανοῖς
867 3128 1077 3198 Πατρὸς
1128 3129 1222 3184 τὸν
1268 3133 1435 3186 αὐτοῦ
1489 3135 1723 3204 Χριστὸν

1827 2010 2030 2065 factum
2065 2020 2169 2070 est.
2194 2020 2328 2065 tunc
2357 2011 2597 2081 primum
2644 2008 2770 2079 ipsi,
2814 2009 2908 2063 illo
2936 2009 3122 2079 agnito
3160 2015 3414 2076 accepto-
3475 2008 3482 2014 “

1826 2119 1934 2173 que
1963 2120 1978 2169 ;
2013 2118 2076 2158 ac
2100 2103 2264 2173 primi
2298 2111 2360 2156 ut
2384 2119 2452 2157 ex
2477 2117 2545 2157 eo
2578 2101 2946 2157 nasceremini
2976 2101 3279 2160 consecuti,
3303 2099 3414 2169 pri-

1825 2197 2011 2264 mique
2038 2202 2101 2248 ut
2129 2195 2306 2264 ipsum
2330 2195 2385 2248 in
2416 2194 2577 2249 vobis
2607 2204 2920 2248 manentem
2956 2193 3236 2248 haberetis
3265 2193 3412 2246 felici

1825 2297 1973 2343 sorte
2005 2288 2174 2348 nacti.
2204 2288 2383 2357 ipsum
2433 2287 2529 2342 Dei
2559 2287 2823 2357 Spiritum
2872 2285 3112 2340 habuisti
3163 2284 3412 2338 testimo-

1827 2382 1982 2435 nium
2037 2381 2420 2453 perhibentem
2455 2381 2676 2452 spiritui
2732 2389 2940 2443 vestro,
2989 2379 3135 2449 quod
3169 2377 3264 2431 fllii
3316 2376 3412 2431 Dei

1825 2472 2054 2528 essetis:
2085 2473 2129 2527 si
2158 2482 2340 2528 autem
2365 2473 2485 2535 filii,
2515 2481 2574 2528 et
2597 2473 2843 2528 haeredes
2867 2490 2882 2537 ;
2910 2472 3159 2527 haercdcs
3186 2471 3413 2542 quidem

1827 2570 1944 2631 Dei,
1979 2566 2299 2623 cohaeredes
2333 2577 2518 2620 autem
2549 2565 2757 2620 Christi
2788 2566 2859 2618 ”.

1899 2764 2026 2827 Vos,
2069 2762 2273 2816 nedum
2322 2759 2566 2816 cmlestis
2600 2759 2912 2814 vocationis
2933 2759 3230 2828 participes
3283 2760 3411 2814 facti

1825 2854 1981 2916 estis,
2028 2852 2124 2906 sed
2151 2863 2208 2906 et
2236 2850 2526 2906 electionis
2571 2849 2862 2904 exstitistis
2891 2848 3028 2904 lilii:
3090 2845 3194 2905 n'ec
3233 2851 3414 2904 solum

1825 2946 1986 3000 electi
2017 2945 2171 3008 estis,
2206 2944 2301 2998 sed
2335 2952 2391 2997 et
2418 2941 2722 3013 justifieati,
2749 2941 2845 2997 sed
2880 2951 2936 2997 et
2961 2941 3275 3012 glorificati.
3302 2943 3413 2997 V’os

1825 3056 1935 3094 non
1962 3057 2028 3094 ex
2060 3055 2225 3094 carne
2259 3045 2316 3093 et
2344 3037 2632 3106 sanguine,
2685 3039 2780 3089 sed
2807 3037 2984 3089 Patris
3008 3037 3251 3090 caelestis
3282 3036 3412 3090 illu-

1825 3134 2112 3214 stratione,
2143 3132 2264 3201 ejus
2295 3131 2578 3186 Christum
2610 3128 2830 3195 edocti,
2867 3129 3033 3198 inque
3067 3143 3261 3199 magna
3291 3127 3413 3182 luce

159 3213 608 3284 ἀπανγασθὲντες,
629 3218 724 3272 καὶ
754 3218 813 3271 ὲν
833 3219 911 3290 τῷ
937 3219 1162 3292 μεγάλῳ
1180 3223 1321 3290 φωτὶ
1353 3223 1414 3276 τὸ
1447 3223 1592 3294 μέγα
1608 3225 1725 3294 φῶς

1829 3213 2089 3296 magnam
2135 3224 2439 3295 conspicati
2495 3227 2699 3286 lucem,
2753 3221 2916 3292 eique
2955 3220 3240 3275 manifeste
3293 3235 3415 3273 cre-v

156 3305 472 3377 τεθεαμένοι,
510 3310 610 3362 καὶ
639 3309 815 3381 τούτῳ
869 3313 1056 3380 σαφῶς
1113 3316 1564 3382 πεπιστευκότες,
1627 3318 1723 3370 καὶ

159 3397 264 3449 νοῦν
316 3402 373 3452 ἑν
409 3402 571 3472 αὐτῷ
623 3406 1155 3476 καταστραφθέντες,
1191 3411 1284 3462 καὶ
1338 3411 1516 3482 ψυχὴν
1555 3430 1724 3467 κατα-

158 3488 473 3560 ὶαμσῦἐντες
508 3509 523 3523 ·
556 3495 762 3564 μᾶλλον
783 3496 841 3550 δὲ
858 3498 1008 3566 φῶτα
1037 3499 1266 3571 λαμπρὰ
1302 3505 1396 3556 καὶ
1421 3503 1624 3576 Θεαυγῆ
1643 3505 1722 3575 (4)

156 3584 511 3652 γεγενημένοι,
543 3587 630 3647 εἰς
663 3585 778 3652 φῶς
811 3587 980 3640 ὲονῶν
1033 3589 1408 3662 ἀπεστάλητε,
1431 3595 1513 3657 εἰς
1543 3611 1724 3665 σωτη-

156 3672 260 3738 ρὶαν
283 3676 515 3744 ἐσχάτου
548 3674 800 3730 τέθεισοε
822 3679 919 3750 τῆς
949 3680 1075 3751 γῆς.

220 3765 397 3834 Ὑμῶν
419 3768 526 3836 τὴν
569 3769 780 3832 πίστιν,
813 3772 842 3822 ὁ
891 3772 1163 3844 μακάριος
1203 3776 1298 3829 καὶ
1357 3779 1518 3847 μόνος
1562 3779 1718 3833 δυνά-

155 3873 266 3928 στης
289 3860 509 3928 πρῶτος
534 3863 900 3934 ἐμακάρισεν,
939 3865 1165 3934 ἄγγελοι
1205 3867 1482 3938 ὕμνησαν,
1537 3871 1725 3942 δαίμο-

154 3964 226 4010 νες
253 3953 515 4020 ἔπτηξαν,
546 3955 584 4023 ἡ
625 3953 804 4014 κτίσις
825 3955 1100 4020 ἐδόξασεν.
1139 3957 1326 4029 Ὑμῶν
1358 3960 1458 4032 τὴν
1510 3962 1722 4027 ἐλπίδα,

154 4042 201 4092 οὗ
233 4048 425 4099 πυκναὶ
475 4046 682 4116 βροχαὶ
733 4051 827 4100 καὶ
875 4053 1125 4120 συνεχεῖς
1174 4053 1454 4123 λογισμῶν
1475 4055 1726 4109 ἐκτόπων

155 4138 554 4205 παρεσάλευσαν
581 4153 598 4166 °
623 4141 684 4208 οὐ
718 4143 1103 4210 πονηροτάτων
1125 4146 1438 4213 καταιγίδες
1459 4146 1725 4214 γλωσσῶν

155 4231 230 4279 καὶ
257 4228 592 4300 βαρύτητες,
621 4231 697 4294 ὠς
725 4235 961 4302 ποταμοὶ
985 4236 1420 4306 προσπίπτοντες
1439 4238 1720 4292 διέλυσαν·

153 4318 200 4367 ὠ
259 4320 526 4375 κινδύνων
589 4325 686 4374 καὶ
736 4322 984 4377 θανάτων
1024 4328 1214 4397 ἐσμὸς,
1246 4329 1322 4391 ὡς
1363 4329 1584 4398 ἀνέμων
1634 4332 1724 4402 βία

154 4412 563 4482 προσρήσσουσα
597 4415 958 4486 κατέρῤαξεν.
1010 4417 1196 4487 ’Υμῶν
1221 4418 1320 4489 τὴν
1347 4420 1589 4491 ἀγάπην,
1621 4423 1724 4476 οὐκ

164 4501 346 4574 ’Λρχαὶ,
401 4507 509 4558 οὐκ
573 4506 873 4570 Ἐξουσίαι,
930 4508 1056 4562 οὔτε
1107 4510 1242 4580 ζωὴ,
1310 4510 1433 4565 οὔτε
1469 4512 1722 4580 Θάνατος,

1827 3318 2042 3380 dentes,
2090 3327 2256 3386 atque
2303 3316 2357 3369 in
2394 3316 2484 3369 illa
2508 3323 2693 3370 mente
2741 3313 3045 3368 collustrati
3082 3312 3414 3382 penitusque

1825 3409 2010 3462 animo
2042 3407 2373 3470 illuminati;
2401 3408 2653 3475 quinimo
2681 3405 2970 3474 splendida
2994 3404 3275 3473 divinique
3307 3403 3416 3458 ful-

1824 3498 1974 3569 goris
2004 3499 2212 3553 lumina
2251 3497 2454 3559 effecti,
2486 3496 2541 3550 in
2577 3496 2757 3550 lucem
2792 3494 3037 3566 gentium
3059 3493 3212 3549 missi
3238 3495 3411 3551 estis:

1827 3593 1880 3646 in
1916 3592 2148 3644 salutem
2184 3589 2253 3643 ad
2312 3597 2624 3643 extremum
2689 3603 2864 3657 usque
2911 3596 3074 3642 terra:
3122 3587 3257 3642 estis
3309 3603 3412 3658 po-

1825 3685 1915 3739 siti
1955 3685 2019 3738 “.

1897 3777 2088 3832 Fidem
2111 3787 2375 3838 vestram,
2394 3775 2608 3846 primus
2627 3775 2822 3829 beatus
2849 3773 2940 3828 ille
2968 3781 3023 3827 et
3042 3771 3192 3827 solus
3217 3779 3414 3841 potens

1825 3869 2039 3924 beatam
2063 3868 2415 3939 pnedicavit;
2439 3868 2896 3922 concelebrarunt
2915 3866 3115 3936 angeli,
3135 3861 3414 3921 daem'ones

1824 3966 2441 4029 expaverunt,creatura
2470 3959 2642 4028 gloria
2676 3957 2895 4012 extulit.
2945 3955 3108 4025 Spem
3146 3965 3409 4019 vestram,

1826 4053 2010 4106 crebri
2055 4053 2329 4121 jugesque
2379 4051 2709 4104 absonarum
2757 4049 3152 4116 cogitationum
3202 4046 3412 4101 imbres

1826 4159 1934 4196 non
1971 4150 2402 4205 concusserunt;
2437 4140 2902 4210 nequissimarum
2940 4140 3251 4209 linguarum
3287 4153 3416 4208 pro-

1826 4235 1996 4296 cellze,
2021 4233 2242 4302 dirique
2269 4232 2733 4302 blasphemiarum
2760 4231 3011 4285 turbines
3036 4247 3099 4285 ac
3123 4232 3411 4297 molestim,

1830 4327 2162 4380 irruentium
2224 4341 2377 4380 more
2438 4324 2764 4386 fluminum,
2823 4341 2932 4378 non
2998 4324 3408 4388 dissolverant;

1827 4419 2202 4490 periculorum
2234 4419 2450 4489 agmina
2480 4426 2795 4487 mortesque
2824 4418 3095 4488 plurimae,
3125 4433 3226 4472 ceu
3258 4417 3408 4472 venti

1825 4512 2213 4567 vehementius
2243 4511 2392 4577 illisi,
2424 4527 2534 4566 non
2565 4511 2855 4565 eliserunt.
2883 4511 3131 4565 Vestram
3165 4511 3409 4565 Charita-

153 4594 245 4647 ἀλλ’
293 4599 413 4653 οὐδὲ
468 4601 591 4662 πᾶς
629 4601 658 4652 ὁ
710 4601 914 4670 κόσμος
974 4603 1295 4674 ίταμώτατα
1354 4608 1721 4677 συγκινηΟείς,
1756 4626 1800 4680 ι)
1830 4615 1962 4669 lem.
1999 4621 2108 4658 ηοη
2146 4605 2514 4674 Ρΐίηοίβθῑυδν
2548 4620 2656 4656 ηοη
2699 4603 3024 4665 Ροίθειθιθδο
3060 4619 3239 4674 ηείιυθ
3277 4604 3407 4664 "im-

151 4687 229 4757 τῆς
255 4694 464 4756 οἰκείας
499 4693 687 4765 αὐτὴν
711 4693 1058 4765 βεϐαιότητος
1100 4700 1422 4769 μετεκίνησε
1451 4703 1545 4754 καὶ
1572 4720 1719 4772 μονι-

155 4781 373 4852 μότητος.

211 4961 358 5030 Ὑμῖν
391 4963 648 5034 πρώτως
674 4966 770 5017 καὶ
802 4964 1114 5036 εἰλικρινῶς
1145 4969 1241 5021 καὶ
1293 4969 1479 5038 σαφῶς
1508 4969 1720 5026 δέδοται

151 5055 319 5117 γνιῖιναι
346 5059 412 5110 τά
457 5057 756 5126 μυστήρια
783 5058 884 5128 τῆς
925 5060 1207 5129 βασιλείας
1235 5063 1330 5115 τοῦ
1355 5063 1492 5116 Θεοῦ
1538 5081 1552 5094 ·
1603 5069 1720 5129 τοῖς

232 5217 271 5248 ⁸³
289 5219 401 5274 Gal.
427 5237 468 5283 ι,
494 5220 606 5282 ης
638 5219 761 5273 Act.
785 5237 858 5285 Ix,
879 5221 945 5286 ες
974 5221 1096 5276 Act.
1122 5239 1271 5287 xvut,
1297 5225 1348 5280 5.

154 5354 226 5421 l'l;
246 5375 331 5423 vn,
350 5363 452 5428 25;
483 5354 796 5427 Rom.vut,
818 5364 908 5417 58.

205 5503 270 5566 (5)
307 5506 441 5559 Τότε
465 5505 728 5572 πρώτως
744 5509 933 5561 αὐτοί.
958 5508 1016 5562 ld
1053 5510 1125 5563 ita
1152 5526 1342 5564 verum
1366 5511 1435 5566 de
1466 5512 1634 5567 Petro
1655 5529 1718 5568 ac

153 5570 332 5628 Andrca
353 5579 474 5645 ejus
506 5570 725 5637 fratre,
758 5579 854 5646 qui
888 5579 969 5633 sic
998 5581 1180 5648 primo
1215 5581 1489 5651 primique
1553 5584 1719 5637 Chri-

157 5651 268 5696 stum
296 5655 658 5717 agnoverunt
687 5657 744 5701 et
778 5662 1111 5719 receperunt
1136 5668 1151 5715 ;
1196 5652 1400 5706 Paulus
1432 5669 1585 5714 vero,
1613 5655 1716 5708 ali-

155 5726 320 5778 quanto
373 5729 522 5788 post,
567 5727 633 5772 et
697 5719 926 5792 tardius,
982 5721 1215 5775 Domino
1271 5723 1382 5792 jam
1428 5723 1483 5777 in
1548 5725 1720 5780 cmlos

159 5794 360 5861 recepto,
387 5806 416 5842 a
449 5806 569 5861 quo
628 5789 806 5843 etiam
840 5789 909 5842 de
938 5792 1080 5845 cmlo
1130 5789 1360 5847 vocatus
1387 5804 1492 5848 est.
1525 5794 1632 5850 Sed
1663 5808 1720 5850 et

158 5851 413 5920 ipse'inter
465 5851 698 5931 primos
757 5868 815 5914 et
867 5861 1098 5930 primus,
1157 5873 1426 5932 quantum
1485 5867 1552 5919 ad
1596 5868 1719 5921 illos

439 5962 737 6023 Ριτιιοι.
787 5961 908 6019 (in.
954 5962 1075 6021 CV.

637 5225 761 5302 ᾕρεε
785 5237 858 5285 IX,
879 5225 945 5286 2;
974 5225 1096 5302 Ag;
1122 5239 1271 5302 xytll,
1426 5225 1470 5259 ⁸³
1491 5226 1788 5302 Romani,
1810 5229 1910 5294 29;
1943 5229 2059 5302 Gal.
2089 5246 2160 5302 Iv,
2182 5231 2244 5293 ές
2271 5229 2434 5302 Joan.
2457 5246 2494 5294 ι,
2538 5230 2632 5302 υς
2683 5231 2840 5285 Rom.
2865 5248 2976 5289 vni.
3006 5232 3087 5284 l6.

153 5296 212 5365 tu.
233 5288 285 5352 t;
315 5293 433 5365 Aet.
460 5308 542 5365 ix.
575 5291 680 5355 ἱεὶς
717 5290 874 5365 Rom.
898 5309 1009 5358 vni,
1031 5293 1130 5358 30;
1158 5293 1348 5350 Matth.
1375 5313 1483 5362 xw,
1509 5298 1608 5364 l7;
1640 5288 1786 5356 Psali
1807 5288 1964 5362 xxxv,
1992 5301 2084 5365 10;
2114 5288 2386 5355 Isafxux.
2409 5300 2463 5354 6.

1829 4713 2010 4768 neque
2057 4712 2207 4750 mors
2259 4700 2346 4767 (at
2393 4712 2570 4764 neque
2615 4696 2858 4749 mundus
2911 4704 3063 4750 totus
3108 4697 3411 4751 saevissime

1829 4790 2159 4857 commotus)
2203 4803 2234 4841 a
2274 4803 2374 4842 sua
2411 4786 2721 4842 constantia
2763 4795 2818 4840 et
2856 4786 3117 4842 firmitate
3158 4786 3408 4841 dimove--

1827 4890 1956 4935 runt
1974 4881 2037 4933 “.

1900 4974 2066 5028 Vobis
2106 4975 2341 5040 primum
2381 4991 2621 5040 vereque
2661 4990 2726 5026 ac
2764 4974 3053 5026 manifeste
3093 4973 3281 5026 datum
3326 4982 3410 5025 est

1828 5082 1991 5121 nosse
2043 5068 2300 5138 mysteria
2355 5068 2505 5137 regni
2557 5067 2686 5130 Dei;
2740 5068 2968 5137 reliquis
3007 5077 3222 5131 autem,
3257 5068 3407 5136 juxta

3169 5232 3216 5263 “
3239 5233 3406 5287 Hebr.

2561 5300 2645 5356 δεῖ
2672 5303 2812 5355 'l‘im.
2835 5317 2908 5365 vl,
2934 5304 3030 5368 15;
3066 5303 3257 5357 Matth.
3297 5320 3408 5367 va.

1825 5515 1946 5639 quil
1986 5525 2113 5584 post
2176 5514 2333 5570 illum
2375 5517 2608 5588 ejusque
2661 5516 2897 5574 maxime
2949 5533 3115 5588 opera
3153 5519 3403 5575 credide-

1825 5601 1922 5638 run
1955 5627 1968 5639 .

1821 5601 1968 5639 runt.

1893 5657 1970 5731 (4)
2005 5657 2241 5731 Oeagri”;
2285 5659 2470 5726 φῶτα.
2508 5659 2686 5712 Divini
2738 5659 3046 5731 splendoris
3077 5675 3139 5715 ac
3177 5660 3408 5727 fulgoris

1822 5725 2053 5781 lumina.
2115 5725 2473 5801 Siomaxirne
2521 5725 2846 5799 apostoli-et
2900 5731 2953 5784 in
2984 5731 3067 5785 eis
3101 5725 3403 5801 principes,

1823 5813 2059 5873 quorum
2088 5799 2168 5851 sic
2189 5799 2417 5873 divinus
2439 5801 2718 5873 splendor
2743 5810 2798 5855 et
2824 5802 3066 5864 claritas,
3110 5811 3167 5856 et
3192 5799 3300 5873 qui
3327 5803 3402 5856 dii

1823 5868 2070 5936 quidam.
2101 5872 2197 5922 toti
2222 5871 2332 5924 Deo
2360 5871 2554 5926 imbuti
2594 5873 2919 5927 mortalibus
2953 5875 3084 5926 sint.

2969 5971 3008 6010 ί)
