4192 6424
778 398 848 461 £3
1985 400 2279 461 NlCET/E
2316 401 2842 463 PAI’I‘ILAGONIS
3956 406 4027 467 44

778 513 924 583 quod
975 512 1166 566 divino
1211 509 1488 580 proditum
1536 511 1780 581 eloquio,
1814 520 1919 575 est,
1956 511 2011 566 in
2052 514 2349 583 parabolis,

2457 515 2509 567 δὲ
2546 515 2771 577 λοιποῖς,
2827 515 2966 567 κατὰ
2999 516 3087 567 τὸν
3133 517 3277 568 θεῖον
3305 516 3499 583 Λόγον,
3549 518 3608 569 ὲν
3669 521 4025 590 παραϐολαῖς,

779 623 883 677 pro
918 608 1185 677 cujusque
1222 602 1487 657 nimirum
1520 612 1668 657 certa
1698 603 1931 673 quadam
1969 607 2181 661 ratione
2225 622 2351 661 cum

779 714 1036 755 sermone
1086 697 1377 765 Verboque
1428 695 1854 750 necessitudine.
1891 698 2058 753 Vobis
2100 699 2353 754 sublimis

778 794 1073 861 divinaque
1115 807 1180 845 ac
1220 790 1535 846 immediata
1570 790 1625 844 in
1659 793 1895 847 excelsis
1923 795 2066 847 circa
2103 794 2351 850 inacces-

780 904 898 941 squ
937 886 1193 939 thronum
1229 885 1418 955 prima:
1454 882 1600 939 sedis
1632 886 1930 939 constituta
1963 887 2220 955 dignitas,
2255 904 2354 957 pro

778 987 961 1031 vestra
996 976 1086 1029 illa
1117 990 1244 1031 cum
1278 974 1627 1029 divinissimo
1660 992 1913 1029 sermone
1941 977 2229 1048 Verboque
2260 994 2356 1033 ne-

778 1069 1117 1125 cessitudine
1146 1069 1305 1138 digne
1334 1083 1397 1121 ac
1424 1068 1711 1137 magniﬁce
1739 1068 2000 1122 attributa
2036 1086 2049 1122 :
2078 1084 2181 1125 nec
2203 1070 2354 1125 dictu

723 1228 737 1243 ν
780 1163 1135 1217 temerarium
1172 1161 1433 1223 arbitror,
1460 1176 1581 1229 quae
1614 1176 1645 1213 a
1679 1160 1885 1215 dextris
1916 1170 2080 1231 atque
2114 1163 2356 1219 sinistris

780 1256 980 1309 summi
1012 1255 1397 1308 universorum
1428 1251 1593 1321 Regis
1622 1252 1793 1306 sessio
1820 1260 1925 1318 est,
1951 1254 2111 1309 vobis
2136 1270 2167 1308 a
2192 1254 2355 1309 Patre

779 1353 1139 1417 prmparatam
1168 1360 1291 1399 esse
1311 1345 1376 1397 ⁸⁸.

851 1439 989 1502 Vos,
1020 1447 1167 1492 terra
1201 1439 1423 1507 quidem
1463 1446 1722 1506 tanquam
1755 1440 2075 1505 veritatem,
2100 1440 2257 1510 juxta
2292 1456 2355 1495 ac

780 1532 1212 1586 sacratissimum
1240 1531 1441 1584 occinit
1468 1532 1659 1596 melos,
1681 1531 1854 1585 edidit
1882 1550 1893 1583 :
1926 1532 2125 1586 caelum
2150 1542 2353 1599 autem,

775 1624 1003 1695 justitiaa
1046 1638 1328 1693 praecones
1370 1622 1713 1692 produxit".
1744 1624 1877 1678 Nam
1925 1634 2072 1679 terra
2109 1627 2353 1695 quidem,

777 1718 931 1771 velut
970 1718 1271 1786 elegantem
1316 1715 1502 1770 emisit
1537 1716 1774 1771 fructum
1814 1735 1825 1771 :
1866 1733 1966 1773 sua
1998 1736 2132 1774 vero
2169 1720 2355 1774 Domi-

776 1830 906 1877 nus,
938 1812 991 1867 in
1028 1811 1182 1865 vobis
1215 1810 1323 1864 alte
1357 1809 1535 1865 deﬁxa
1568 1822 1795 1882 rataque
1831 1812 2187 1884 benignitate,
2216 1816 2355 1868 cmi-

778 1906 1036 1959 cantibus
1060 1919 1128 1959 ex
1148 1902 1309 1957 vobis
1329 1900 1497 1957 radiis
1527 1914 1833 1959 creaturam
1860 1920 2083 1960 omnem
2112 1906 2358 1962 bonitate

778 1999 998 2052 imbuit.

850 2092 957 2144 Vos
991 2090 1199 2161 primos
1230 2109 1357 2149 vasa
1395 2092 1822 2158 misericordia,
1853 2108 2191 2165 suarumque
2231 2112 2357 2165 gra-

778 2184 978 2236 tiarum
1018 2185 1290 2252 pretiosas
1331 2200 1507 2255 penus
1548 2184 1813 2248 condens,
1849 2195 2357 2240 sacrosanctorum-

775 2292 883 2343 que
906 2275 1177 2330 donorum
1200 2292 1425 2331 suorum
1452 2277 1792 2346 plenitudine
1819 2277 2071 2346 implens,
2092 2293 2159 2331 ex
2176 2288 2356 2332 vestra

774 2382 993 2421 rursum
1020 2367 1381 2435 plenitudine,
1407 2375 1634 2420 cunctas
1658 2366 1918 2435 deinceps
1938 2367 2180 2436 gentium
2203 2381 2359 2436 gene-

775 2461 1020 2514 rationes
1051 2474 1283 2514 munere
1312 2458 1559 2513 allicit".
1587 2460 1666 2511 Ac
1694 2457 1837 2512 sicut
1865 2458 2002 2526 legis
2024 2459 2155 2512 olim
2187 2458 2358 2512 inter-

773 2560 987 2619 pretem
1036 2566 1100 2605 ac
1140 2552 1633 2621 promulgatorem,
1662 2565 1787 2604 eum
1827 2564 1928 2604 suo
1964 2549 2118 2604 illum
2159 2550 2355 2619 spiritu

774 2644 967 2713 illique
998 2642 1224 2712 proprio
1256 2643 1629 2712 adimplesset,
1663 2642 1945 2712 subjectos
1974 2641 2027 2695 ei
2060 2642 2355 2711 legisperi-

777 2744 862 2788 tos
885 2749 951 2787 ex
970 2734 1077 2787 illo
1108 2733 1353 2803 impartit
1382 2733 1550 2803 (quod
1583 2733 1659 2786 ita
1689 2730 1977 2787 manifeste
2003 2730 2355 2802 Septuaginta

774 2825 1088 2885 seniorum.
1128 2825 1283 2895 juxta
1338 2823 1711 2894 Seripturam,
1756 2825 1975 2877 voeatio
2026 2824 2240 2892 prodit;
2293 2840 2356 2878 ac

773 2916 921 2985 quod
958 2932 988 2971 a
1022 2916 1260 2972 Mosaico
1294 2916 1571 2981 ablatum,
1605 2914 1844 2985 Spiritus
1884 2914 1993 2968 illis
2031 2913 2354 2968 demensum

774 3009 1151 3062 contributum
1186 3010 1315 3074 est),
1353 3008 1431 3062 sic
1466 3009 1520 3061 in
1552 3022 1651 3061 vos
1684 3021 1901 3075 quoque
1922 3014 2110 3075 postea
2150 3006 2353 3075 princi-

772 3114 893 3169 pes,
921 3099 1108 3169 gratim
1143 3098 1399 3152 doctores
1438 3098 1853 3165 ministrosque,
1886 3112 1997 3150 non
2040 3112 2355 3150 commensa

770 3189 1051 3259 largitate;
1100 3188 1195 3244 sed
1246 3189 1396 3243 velut
1435 3189 1496 3241 in
1548 3203 1762 3242 summe
1812 3187 2191 3251 necessarios,
2238 3197 2353 3242 toto

771 3254 952 3336 eﬂuso
985 3281 1302 3351 adeptionis
1338 3280 1573 3350 Spiritu,
1598 3289 1779 3334 vestra
1816 3294 1881 3335 ex
1914 3279 2258 3349 plenitudine
2293 3290 2352 3334 ut

2457 3267 2513 3319 τὸ
2543 3266 2764 3337 Πνεῦμα
2796 3268 2898 3337 τῆς
2950 3271 3225 3333 υἱοθεσίας
3260 3290 3274 3303 ·

769 3387 840 3425 ex
883 3371 1212 3426 inexhausto
1255 3372 1425 3436 fonte,
1460 3371 1653 3441 gratia:
1694 3370 1837 3426 ﬁlios
1875 3386 2069 3426 omnes
2106 3372 2351 3426 bonitate

772 3463 972 3519 imbuit
1000 3475 1055 3519 et
1085 3464 1309 3519 deitate.

844 3644 955 3699 Vos
987 3643 1227 3699 mundus
1264 3646 1552 3699 universus
1586 3660 1695 3699 non
1730 3656 1877 3701 recte
1910 3646 2217 3711 :emulatus,
2248 3647 2353 3701 hoc

772 3755 993 3811 quoque
1028 3750 1278 3808 satagens
1309 3749 1368 3792 ut
1398 3740 1722 3808 perditionis
1754 3740 2025 3810 profundo
2058 3752 2349 3811 mergeret,

774 3834 854 3889 sic
920 3833 1172 3886 nesciens
1238 3832 1663 3902 imprudensque
1722 3848 1816 3901 spe
1876 3832 2173 3887 frustratus
2232 3844 2349 3897 est,

775 3936 835 3979 ut
884 3940 1013 3979 suos
1064 3924 1238 3992 magis
1284 3924 1448 3977 heros
1495 3940 1760 3995 regesque
1809 3926 2109 3996 agnoverit.
2146 3925 2352 3993 Nempe

775 4034 960 4087 reges,
995 4034 1103 4070 non
1148 4018 1241 4085 qui
1287 4019 1477 4087 rapina
1518 4032 1747 4085 regnum
1788 4017 2055 4071 caducum
2098 4017 2349 4080 inierint,

771 4109 868 4163 sed
911 4108 1005 4178 qui
1050 4108 1275 4176 gloriam
1324 4108 1686 4160 immortalem
1730 4122 1795 4160 ac
1834 4108 2230 4177 sempiternum
2270 4123 2354 4160 re-

772 4217 939 4268 gnum
972 4200 1275 4253 induerint.
1304 4199 1495 4254 Omnis
1525 4201 1674 4255 enim
1704 4210 1850 4254 terra
1881 4209 1937 4255 et
1965 4216 2115 4255 mare
2148 4201 2353 4254 excita-

774 4293 866 4354 tis,
902 4306 1278 4360 aquarumque
1306 4308 1456 4345 more
1486 4291 1821 4361 importabili
1859 4292 2066 4361 impetu
2094 4293 2354 4363 pra3cipi-

773 4384 1012 4437 tantium
1067 4383 1343 4446 etl‘eratis,
1386 4384 1696 4453 linguaeque
1741 4384 2061 4454 multiplicis
2108 4386 2351 4455 gentium

774 4477 1003 4539 cuneis,
1051 4475 1317 4529 adversus
1377 4492 1564 4529 sacros
1625 4476 1773 4546 ipsos
1834 4477 2151 4548 theologos;
2207 4480 2353 4531 viros

774 4569 986 4622 scilicet
1018 4566 1296 4621 modestos
1326 4583 1388 4621 ac
1421 4584 1634 4637 graves,
1662 4568 1918 4633 humiles,
1944 4569 2097 4624 brevi
2132 4570 2350 4623 lacerna

2456 606 2733 675 ἀναλόγως
2762 608 2860 677 τῆς
2891 606 3025 678 πρὸς
3048 607 3138 659 τὸν
3189 607 3362 675 Λόγον
3401 608 3646 662 ἑκάστων
3675 611 4025 681 οἰκειότητος.

2469 698 2627 769 Ὑμῖν
2654 700 2833 770 ὑψηλή
2876 717 2934 752 τε
2962 699 3056 754 καὶ
3094 699 3213 753 θεία
3250 701 3343 753 καὶ
3392 703 3667 772 προσεχὴς
3718 703 3777 755 ὲν
3808 702 4029 771 ὑψηλοῖς

2455 792 2585 859 περὶ
2630 791 2722 844 τὸν
2779 792 3075 861 ἀπρόσιτον
3126 790 3315 862 θρόνον
3371 792 3680 863 ἡτοιμάσθη
3745 793 4026 865 προεδρία,

2454 883 2596 936 κατὰ
2622 884 2721 954 τὴν
2742 882 2876 953 πρὸς
2926 882 3018 934 τὸν
3050 882 3485 953 θεαρχικώτατον
3537 884 3709 953 Λόγον
3763 886 4031 939 οἱκείωσιν

2454 972 2805 1043 ἀξιοπρεπῶς
2860 974 3386 1043 ἀποκεκληρωμένη.
3430 974 3592 1045 Ὑμῖν
3638 976 3699 1028 οὐ
3760 977 4030 1046 τολμηρὸν

2454 1058 2608 1133 οἶμαι
2631 1064 2795 1132 φάναι
2819 1063 2916 1135 τὴν
2955 1065 3019 1117 ὲκ
3040 1065 3231 1140 δεξιῶν
3275 1084 3335 1118 τε
3373 1068 3467 1118 καὶ
3492 1068 3551 1133 ἐξ
3589 1067 3887 1133 εὐωνύμων
3932 1068 4028 1120 τοῦ

2456 1155 2851 1226 Παμὸασιλέως
2878 1155 3149 1228 καθέδραν
3198 1158 3306 1212 ὑπὸ
3360 1140 3455 1211 τοῦ
3505 1157 3717 1228 Πατρὸς
3774 1174 4031 1228 προητοι-

2458 1249 2682 1320 μάσθαι.

2539 1435 2734 1504 Ὑμεῖς,
2824 1436 2895 1505 γῆ
2926 1438 3023 1506 μὲν
3046 1438 3121 1501 ὼς
3149 1436 3424 1507 ἀλήθειαν,
3458 1436 3601 1490 κατὰ
3656 1438 3716 1491 τὸ
3744 1438 4035 1507 ἱερώτατον

2460 1529 2640 1599 μέλος,
2672 1529 3009 1593 ἐξανέτειλεν
3038 1546 3051 1559 ·
3086 1533 3114 1583 ὁ
3147 1532 3373 1601 οὐρανὸς
3399 1530 3455 1583 δὲ
3485 1530 3830 1599 δικαιοσύνης
3857 1532 4032 1600 κήρυ-

2458 1638 2561 1685 κας
2586 1620 2867 1691 ἐξέφανεν.
2895 1622 3006 1675 Καὶ
3038 1621 3198 1692 γὰρὴ
3232 1623 3304 1691 γῆ
3358 1625 3479 1691 μὲν,
3510 1623 3585 1685 ὡς
3644 1622 3845 1692 ὡραῖον
3902 1640 4034 1692 πρίν

2452 1713 2642 1781 ἴσχετο
2680 1715 2899 1786 καρπόν
2934 1732 2949 1745 ·
2975 1714 3103 1784 ὑμῖν
3124 1714 3179 1767 δὲ
3201 1716 3228 1766 ὁ
3248 1713 3449 1781 Κύριος
3464 1714 3562 1784 τὴν
3596 1715 3800 1768 οἰκείαν
3830 1714 4037 1784 ἐνιδρυ-

2461 1804 2694 1874 σάμενος
2734 1810 3104 1877 χρηστότητα,
3122 1808 3239 1869 ταῖς
3266 1804 3653 1877 ὲξαλλομέναις
3671 1806 3824 1876 ὑμῶν
3854 1809 4036 1860 ἀκτῖσι

2462 1900 2644 1952 πᾶσαν
2670 1900 3007 1970 ἁγαθουργεῖ
3037 1899 3139 1970 τὴν
3166 1898 3367 1955 κτίσιν.

2539 2076 2715 2143 ’Υμᾶς
2748 2076 2997 2148 πρώτους
3027 2077 3210 2139 ἐλέους
3236 2079 3428 2149 σκεύη,
3460 2079 3553 2133 καὶ
3609 2083 3832 2148 ταμιεῖα
3864 2080 4027 2150 τίμια

2459 2166 2569 2219 τῶν
2586 2167 2752 2220 αὑτοῦ
2779 2169 3020 2240 χαρίτων
3052 2172 3631 2239 κατασκευασάμενος,
3672 2174 3767 2224 καὶ
3820 2175 3885 2227 ἐκ
3938 2174 4033 2226 τοῦ

2460 2258 2828 2330 πληρώματος
2877 2261 2985 2313 τῶν
3022 2260 3425 2331 τελεταρχικῶν
3460 2263 3626 2316 αὑτοῦ
3674 2264 3893 2334 δωρεῶν
3937 2282 4036 2316 πε-

2459 2350 2788 2420 πληρωκὼς,
2815 2353 2879 2405 ὲκ
2897 2352 2991 2404 τοῦ
3020 2354 3290 2422 ἡμετέρου
3322 2354 3484 2409 πάλιν
3508 2353 3896 2425 πληρώματος,
3937 2356 4036 2419 τάς

2456 2438 2584 2502 ὅλας
2607 2438 2734 2509 ἑξῆς
2768 2443 2962 2508 γενεὰς
2984 2442 3094 2494 τῶν
3146 2442 3315 2495 ἐθνῶν
3362 2445 3641 2513 εὐεργετεῖ
3673 2461 3688 2475 ο
3724 2447 3819 2498 καὶ
3843 2446 4032 2511 ῶσπερ

2456 2528 2551 2582 τὸν
2578 2532 2673 2582 τοῦ
2714 2532 3041 2601 γράμματος
3088 2533 3279 2604 πρώην
3313 2535 3634 2605 ὑποφήτην,
3687 2536 3781 2588 τοῦ
3840 2539 4036 2605 ἐκείνῳ

2456 2624 2826 2691 προσήκοντος
2854 2625 3167 2695 πνεύματος
3188 2627 3589 2697 πεπληρωκὼς,
3634 2628 3693 2694 ἐξ
3727 2630 3892 2681 αὑτοῦ
3924 2633 4037 2692 τοῖς

2456 2713 2548 2766 ὑπ’
2578 2713 2727 2783 αὐτῷ
2756 2716 3083 2785 μεταδίδωσι
3117 2718 3518 2788 νομιζομένοις*
3565 2720 3718 2788 εἰπερ
3760 2719 4037 2785 ἀπόδειξις

2455 2801 2648 2855 τούτου
2699 2804 2906 2875 σαφὴς,
2965 2809 2997 2871 ἠ
3050 2807 3160 2859 τῶν
3230 2808 3631 2879 Ἐϐδομήκοντα
3698 2810 4041 2879 πρόσκλησις

2457 2899 2867 2971 πρεσϐυτέρων,
2924 2903 3065 2956 κατὰ
3091 2904 3187 2972 τὴν
3222 2906 3446 2975 Γραφήν
3477 2921 3490 2933 ·
3528 2908 3622 2959 καὶ
3674 2907 3890 2975 πνεῦμα
3940 2906 4037 2959 τοῦ

2454 2990 2755 3044 Μωσαῖκοῦ
2789 2994 2891 3063 μὲν
2912 2986 3343 3065 ἀφαιρούμενον,
3385 2998 3569 3059 αὐτοῖς
3598 2998 3653 3050 δὲ
3695 2998 4036 3067 ἐπιμετρσύ-

2458 3098 2621 3147 μενον
2648 3101 2664 3116 ι
2694 3082 2837 3136 οὕτω
2867 3086 2964 3138 καὶ
3006 3087 3135 3154 ὑμῖν
3181 3087 3407 3158 ὕστερον
3435 3091 3548 3150 τοῖς
3588 3090 3910 3158 κορυφαίοις
3937 3092 4041 3153 τῆς

2456 3174 2676 3243 χάριτος
2708 3181 3093 3245 μυσταγωγοῖς
3127 3181 3219 3232 καὶ
3244 3180 3534 3243 διακόνοις,
3576 3182 3678 3233 οὐκ
3730 3183 3793 3233 ἐκ
3829 3183 4037 3253 μέτρου

3334 3272 3451 3323 ἀλλ’
3480 3273 3601 3325 ὅλον
3657 3274 3733 3335 ὡς
3763 3275 4041 3327 οἰκειοτά-

2458 3376 2573 3421 τοις
2603 3359 2957 3431 ὲκχεάμενος,
2980 3362 3054 3426 ὼς
3082 3363 3139 3426 ἐξ
3185 3364 3461 3417 ἀκενώτου
3505 3368 3683 3435 πηγῆς
3718 3368 3816 3437 τῆς
3837 3367 4041 3436 ὑμετέ-

2464 3469 2562 3521 ρας
2631 3453 3009 3524 πληρότητος,
3068 3458 3137 3509 τά
3186 3458 3355 3511 τέκνα
3418 3458 3598 3511 πάντα
3653 3460 3753 3528 τῆς
3812 3461 4041 3530 χάριτος

2458 3546 2718 3614 ἅγαούνει
2760 3547 2851 3599 καὶ
2876 3549 3146 3619 θεουργεί.

2537 3638 2714 3708 ’Υμᾶς
2740 3640 2770 3691 ό
2800 3642 2903 3703 πᾶς
2918 3641 3123 3711 κόσμος
3153 3642 3406 3712 ζηλώσας
3428 3644 3487 3696 οὐ
3515 3643 3714 3707 καλῶς,
3742 3647 3835 3697 καὶ
3854 3645 4043 3713 βνθοῖς

2457 3730 2730 3795 ἀπωλείας
2763 3734 3108 3803 καταχώσειν
3142 3734 3493 3805 βιασάμενος,
3538 3737 3710 3801 οὕτως
3739 3739 3896 3791 ἔλαθε
3930 3740 4045 3792 τῶν

2458 3824 2689 3877 ἐλπίδων
2741 3826 3049 3896 ἀποτυχὼν,
3098 3829 3236 3881 ὥστε
3289 3830 3489 3899 μᾶλλον
3546 3832 3811 3895 δεσπότας
3872 3833 4046 3897 ἰδίους

2459 3918 2756 3984 ἐπιγνῶναι
2785 3921 2881 3971 καὶ
2904 3920 3145 3989 βασιλεῖς
3174 3938 3188 3951 ο
3225 3922 3465 3991 βασιλεῖς
3491 3924 3592 3992 οὐχ
3626 3925 3905 3995 ἁρπαγμῷ

2460 4012 2656 4065 σίλειον
2678 4014 2968 4083 εἰληφότας
2999 4016 3444 4087 καταργούμενον
3489 4034 3504 4049 ’
3536 4018 3654 4071 ἀλλ’
3699 4019 4047 4072 ἀκατάλυτον

2458 4102 2615 4167 δόξαν
2628 4106 2723 4157 καὶ
2744 4105 3158 4169 διαιωνίζουσαν
3176 4108 3589 4177 ἠμφιεσμένους
3603 4110 3905 4180 βασιλείαν.
3928 4112 4048 4164 Καὶ

2458 4196 2567 4266 γὰρ
2601 4199 2632 4266 ὴ
2666 4197 2739 4265 γῆ
2790 4198 2891 4266 μὲν
2924 4201 3075 4251 πᾶσα
3128 4200 3223 4252 καὶ⁵
3255 4200 3523 4265 Θάλασσα,
3571 4202 3670 4263 τὰς
3707 4202 4050 4270 ἐκτεθηριω-

2462 4288 2630 4356 μένας
2666 4289 2762 4342 καὶ
2802 4290 3221 4358 πολυγλώσσους
3250 4294 3451 4360 ἀγέλας
3486 4293 3596 4345 τῶν
3632 4294 3824 4357 ἐθνῶν,
3859 4295 4047 4347 καθά-

2460 4398 2566 4451 περ
2595 4383 2803 4436 ὑδάτων
2830 4384 2951 4455 βέαν
2973 4386 3366 4453 ἀνυπόστατον,
3394 4388 3536 4441 κατὰ
3568 4388 3678 4440 τῶν
3711 4388 3872 4459 ἱερῶν
3905 4389 4048 4441 τού-

2457 4490 2569 4525 των
2609 4475 2878 4543 θεολόγων
2908 4476 3326 4543 κατεγείρουσα,
3376 4480 3486 4530 τῶν
3510 4479 3743 4547 σεμνῶν,
3776 4479 3885 4531 τῶν
3952 4499 4050 4549 μι-

2461 4565 2629 4635 κρῶν,
2659 4566 2766 4619 τῶν
2798 4567 2996 4637 βραχεῖ
3020 4570 3175 4638 ράκει
3202 4571 3264 4622 τὸ
3284 4571 3441 4638 σῶμα
3472 4571 3827 4638 σκεπομένων
3862 4587 3877 4601 ·
3904 4567 4050 4625 ἄλλο

770 4670 1014 4730 apertos,
1038 4676 1141 4713 nec
1166 4659 1335 4713 ullum
1366 4671 1630 4729 pncterca
1652 4662 1835 4715 διορυιί
1862 4662 2025 4731 hujus
2052 4661 2352 4716 inferentes

2457 4659 2513 4711 δὲ
2551 4659 2809 4724 καθάπαξ
2836 4660 2931 4713 τοῦ
2964 4660 3059 4714 νῦν
3086 4663 3282 4726 αἰῶνος
3325 4664 3479 4715 οὐδὲν
3531 4664 3778 4731 ἐφόλκιον
3829 4667 4049 4734 ἐπαγο-

771 4764 1172 4818 commealum;
1203 4762 1366 4822 atque
1399 4754 1483 4807 his
1510 4769 1710 4824 corpus
1738 4754 1990 4825 perdere,
2012 4755 2327 4823 pncdicatio

772 4862 896 4899 nem
928 4846 1297 4913 exstinguere,
1326 4861 1661 4915 sensumque
1695 4862 1757 4901 ac
1788 4846 1949 4900 (idem
1980 4847 2057 4900 sic
2086 4846 2352 4901 radicitus

770 4936 1007 4989 evellere
1062 4935 1444 4999 molientibus,
1478 4946 1538 4989 ut
1586 4952 1688 4991 nec
1735 4938 2015 4993 memoria:
2057 4938 2347 5007 vestigium

773 5026 979 5078 utundo
1009 5036 1278 5080 exstaret;
1308 5028 1386 5080 sic
1414 5028 1657 5082 vicissim
1683 5044 1895 5092 aversa,
1918 5040 1973 5083 et
2000 5029 2069 5083 ab
2094 5030 2350 5084 absurdis

769 5118 1007 5172 inhibita
1050 5119 1341 5171 conatibus
1378 5128 1527 5183 sunt,
1560 5128 1624 5173 ut
1663 5121 1908 5174 divinum
1953 5122 2084 5175 illud
2130 5138 2187 5176 ne
2232 5123 2347 5191 ipsa

769 5212 1119 5265 oraculorum
1148 5212 1431 5280 impletum
1455 5214 1827 5283 conspiciatur
1842 5214 1910 5266 δ’.
1930 5215 2129 5268 Eorum
2154 5231 2351 5285 nempe

769 5318 1024 5357 sermone
1058 5320 1371 5373 compressa
1403 5314 1725 5375 tempestate
1756 5307 1921 5376 inque
1951 5308 2128 5361 lenem
2160 5309 2352 5362 tradu-

769 5405 858 5447 cta
883 5412 1107 5461 auram;
1136 5408 1301 5465 atque
1328 5398 1473 5451 illius
1496 5399 1717 5467 quidem
1742 5400 2035 5453 silentibus
2059 5402 2349 5464 ﬂuctibus;

768 5487 983 5539 cunctis
1008 5503 1137 5541 vero
1165 5504 1278 5556 pm:
1308 5489 1705 5557 tranquillitate
1731 5491 2063 5555 lastaulibus,
2087 5508 2149 5545 ac
2172 5493 2264 5561 qui
2293 5492 2345 5544 in

767 5576 969 5631 divinzc
1000 5578 1297 5632 voluntatis
1324 5590 1544 5649 portum
1572 5582 1935 5636 deducantur.

870 5787 916 5816 “
943 5788 1131 5863 .‘latth.
1182 5806 1293 5843 xm.
1327 5794 1420 5847 ll:
1455 5793 1585 5845 Luc.
1632 5810 1743 5861 vn),
1777 5796 1868 5859 l0,
1903 5795 2090 5850 Matth.
2138 5813 2245 5862 xix,
2271 5796 2367 5863 9.8;
2404 5798 2591 5853 Matth.
2620 5818 2705 5854 xx.
2730 5801 2800 5853 ‘33

766 5855 813 5889 ”
837 5858 975 5913 l'sal.
1004 5878 1106 5923 ut,
1134 5862 1218 5915 ευ.
1258 5864 1416 5916 .\um;
1448 5882 1517 5928 xi,
1550 5868 1627 5919 l?.

2462 4750 2677 4817 μένων·
2743 4752 2837 4802 καὶ
2888 4752 3099 4815 τούτοις
3154 4753 3338 4805 ὀλέσαι
3371 4755 3469 4823 μὲν
3522 4755 3703 4824 σῶμα,
3739 4756 3936 4809 σϐέσαι
3989 4760 4052 4811 δὲ

2457 4842 2615 4910 λόγον
2646 4859 2661 4873 ·
2693 4842 2819 4896 νοῦν
2843 4844 2900 4896 δὲ
2936 4845 3032 4895 καὶ
3076 4844 3258 4897 πίστιν
3293 4844 3468 4908 οὕτως
3496 4845 3742 4915 όλόριζον
3789 4850 4042 4911 ἑκτῖλαι,

2454 4936 2530 4999 ὡς
2557 4936 2692 5005 μηδὲ
2743 4939 2967 5008 μνήμης
2992 4938 3138 5006 ἴχνος
3181 4938 3259 5009 τῷ
3300 4939 3401 5009 βίῳ
3425 4940 3745 4993 καταλιπεῖν
3778 4957 4054 5009 μηχανωο

2457 5031 2633 5099 μένη·
2686 5030 2859 5093 οὓτως
2914 5032 3321 5100 ἁντέστραπται
3361 5033 3459 5101 τῆς
3507 5032 3722 5095 κακίας,
3773 5034 3867 5084 καὶ
3932 5032 4054 5084 τῶν

2455 5126 2673 5178 ἀτόπων
2738 5128 3157 5197 ἐγχειρημάτων
3204 5128 3583 5191 ἀνακέκοπτο,
3649 5130 3724 5191 ώς
3772 5128 3834 5180 τὸ
3894 5128 4056 5181 θεῖον

2454 5216 2631 5269 ἐκεῖνο
2697 5218 2877 5285 λόγιον
2923 5219 3316 5285 ἐνεργούμενον
3364 5222 3498 5289 ὁρᾷν
3533 5236 3548 5250 ·
3613 5218 3689 5288 τῷ
3735 5218 3878 5285 λόγῳ
3946 5222 4057 5288 μὲν

2454 5306 2635 5358 αἰτῶν
2656 5307 2755 5376 τῆς
2780 5309 3096 5375 καταιγίδος
3122 5310 3575 5377 ὲπιτεταγμένης,
3609 5310 3687 5371 εἰς
3733 5312 3977 5377 πραεῖαν
3995 5311 4057 5360 δὲ

2456 5394 2631 5468 αὔραν
2664 5400 2963 5469 ἱσταμένης
2987 5420 3001 5432 ’
3035 5402 3262 5454 καὶτῶν
3291 5403 3552 5470 κυμάτων
3587 5401 3688 5471 μὲν
3722 5400 3896 5468 αὐτῆς
3948 5418 4054 5453 κα-

2456 5491 2907 5560 τασιγαζομένων
2940 5512 2951 5522 ·
2983 5495 3429 5563 εὐφραινομένων
3464 5493 3521 5545 δὲ
3573 5492 3792 5545 πάντων
3832 5492 3935 5544 ἐπὶ
3983 5497 4057 5561 τῇ

2451 5586 2673 5655 ἠσυχίᾳ,
2704 5588 2797 5637 καὶ
2824 5588 2915 5639 ἐπὶ
2945 5588 3143 5656 λιμένα
3168 5588 3264 5640 τοῦ
3294 5589 3441 5640 θείου
3475 5587 3780 5657 θελήματος
3804 5586 4060 5655 ὁδηγου-

2454 5694 2648 5733 μενων.

2902 5804 2942 5834 ⁸⁷
2970 5802 3107 5857 Psal.
3136 5819 3348 5865 Lxxxiv,
3378 5804 3460 5856 Η.
3540 5802 3585 5833 ⁸⁸
3609 5802 3765 5857 Itoni.
3793 5816 3908 5863 \‘lll,
3938 5799 4056 5865 9.3;
