4192 6424
721 399 788 462 4⁵1

722 514 1084 586 perficeretur
1111 531 1126 576 ς
1158 514 1344 582 sicque
1375 513 1607 568 exitioso
1647 514 1737 568 illo
1776 513 1968 567 colliso
1991 523 2155 583 atque
2184 528 2306 582 per-
2335 515 2378 569 Α

722 625 907 674 cnsso,
941 609 1073 663 clari
1103 607 1246 661 clare
1277 622 1380 660 una
1409 622 1534 661 cum
1564 607 1785 663 Christo
1805 607 2051 662 victorim
2076 617 2302 661 auctore

722 702 775 755 iu
837 701 1036 756 cmlum
1094 698 1299 768 recepti
1360 700 1578 753 sunt".
1627 699 1696 752 Et
1745 697 1886 753 sicut
1944 699 2154 769 primus
2213 697 2302 751 ille

720 794 950 848 victoria
978 790 1212 863 potitus,
1237 791 1294 845 in
1325 791 1550 846 dextera
1584 790 1732 845 sedis
1761 791 2062 862 majestatis
2090 790 2304 859 primus

724 886 778 940 in
813 884 1046 940 excelsis
1073 883 1254 948 sedit,
1291 884 1365 938 ita
1401 884 1455 937 hi
1490 898 1710 953 quoque
1740 899 1842 954 pro
1875 883 2022 938 illius
2047 880 2305 936 similitu-

720 980 850 1034 dine
900 979 1162 1042 victores,
1209 985 1270 1031 ut
1321 976 1400 1031 illi
1441 991 1472 1031 a
1509 977 1721 1032 dextris
1759 976 2009 1041 sedeant,
2045 975 2303 1030 secundis

720 1069 968 1139 partibus
1000 1068 1414 1124 nanoiscuntur.

788 1267 833 1322 0
883 1267 1137 1321 eximiam
1186 1263 1550 1320 imitationem
1602 1264 1750 1320 omni
1796 1265 2065 1337 majorum
2117 1267 2302 1321 imita-

722 1361 871 1414 tione
900 1361 911 1412 !
950 1358 994 1412 Ο
1036 1356 1328 1412 humilium
1358 1372 1421 1411 ac
1451 1355 1700 1410 modesto
1725 1373 1888 1412 sensu
1917 1359 2302 1415 exaltationem

721 1450 866 1520 apud
895 1448 1278 1503 Altissimum!
1311 1448 1563 1512 Terreni,
1605 1457 1662 1502 et
1699 1450 1988 1516 cmlcstcs;
2019 1452 2300 1515 mortales,

717 1552 774 1598 et
809 1541 1182 1608 immortales;
1236 1540 1442 1611 pusilli,
1495 1547 1688 1610 terque
1727 1542 1969 1597 maximi.
2001 1543 2104 1609 Qui
2151 1547 2300 1600 omni

717 1635 924 1690 mundo
953 1633 1337 1690 retrimcntum
1365 1648 1430 1688 ac
1454 1633 1764 1704 quisquilize
1795 1635 1980 1705 positi,
2011 1639 2304 1692 venerabi-

716 1730 890 1784 liorcs
916 1728 1187 1798 Seraphin
1209 1728 1560 1783 exstiterunt.
1589 1728 1692 1795 Qui
1722 1729 1882 1796 fame,
1912 1730 2024 1796 siti,
2051 1732 2300 1788 nuditate

714 1819 1037 1884 conﬂictati,
1081 1819 1357 1874 bonorum
1415 1835 1538 1889 quae
1591 1820 1784 1874 oculus
1828 1835 1937 1874 non
1988 1821 2145 1889 vidit,
2188 1839 2296 1877 non

712 1911 865 1966 auris
901 1910 1137 1976 audivit,
1182 1925 1288 1964 nec
1318 1909 1374 1963 in
1408 1925 1504 1964 cor
1534 1909 1777 1966 hominis
1805 1913 2210 1979 ascenderunt;
2241 1915 2298 1969 in

710 2019 834 2074 qua:
876 2002 1043 2058 etiam
1077 2001 1254 2071 angeli
1300 2001 1384 2071 (ut
1412 2017 1536 2057 cum
1572 2002 1706 2072 ipsis
1736 2003 1954 2073 loquar)
1981 2005 2298 2060 desiderant

711 2089 1053 2159 prospicere,
1099 2089 1300 2143 horum
1350 2089 1406 2143 hi
1448 2091 1857 2161 dispensatores
1904 2104 2068 2163 atque
2102 2095 2297 2149 arbitri

711 2181 917 2236 sanctis
961 2179 1203 2251 prtefecti
1268 2190 1417 2236 sunt.
1484 2183 1770 2248 Quodnam
1821 2185 1965 2238 istud
2020 2201 2148 2256 erga
2200 2202 2298 2240 vos

711 2275 976 2330 bonitatis
1010 2276 1331 2347 mysterium
1361 2276 1693 2341 ?Quomodo
1729 2277 1892 2331 iidem
1922 2287 2035 2331 tum
2064 2279 2158 2332 lilii
2197 2279 2296 2332 ho-
2328 2321 2347 2334 .

711 2369 922 2422 minum
969 2368 1194 2432 auditis,
1240 2378 1356 2422 tum
1405 2368 1548 2422 Dei?
1593 2368 1865 2430 Alterum,
1907 2371 2299 2434 natura;alte-

711 2475 865 2521 rum,
913 2459 1230 2529 adoptione.
1286 2459 1573 2526 Quomodo
1619 2471 2001 2516 momentanca
2052 2463 2297 2532 levisque

712 2551 1036 2616 tribulatio,
1108 2552 1189 2606 sic
1256 2561 1528 2606 :eternuni
1605 2552 1761 2608 vobis
1825 2554 2012 2624 gloria:
2081 2555 2298 2624 pondus

709 2645 966 2715 praestitit
987 2644 1035 2675 “
1061 2645 1086 2698 ’ἶ

778 2735 1012 2792 Carnem
1045 2735 1250 2792 factum
1295 2751 1416 2790 esse
1451 2737 1623 2792 Deum
1654 2736 1894 2794 Verbum
1930 2747 1988 2796 et
2019 2740 2296 2796 habitasse

711 2828 766 2881 in
797 2825 981 2891 nobis,
1009 2836 1193 2880 vestra
1238 2825 1614 2881 insinuatione
1639 2839 1806 2897 atque
1835 2827 2092 2885 doctrina
2123 2846 2295 2900 agno-

708 2916 996 2971 vimus":
1051 2931 1150 2970 vos
1202 2926 1385 2970 autem
1440 2917 1621 2987 reipsa
1682 2934 1884 2990 corpus
1940 2921 2297 2992 membraque

708 3007 939 3070 nobilia,
971 3007 1023 3061 ei
1051 3006 1146 3076 qui
1176 3021 1399 3060 carnem
1440 3010 1756 3078 assumpsit,
1795 3011 2083 3067 exstitistis
2115 3031 2128 3065 :
2170 3029 2296 3068 cor-

706 3118 812 3171 pus
866 3097 1123 3153 niniirum
1182 3099 1549 3170 undequaque
1613 3103 1940 3172 pulchrum,
1996 3103 2295 3172 deiformc,

708 3192 913 3248 divinis
957 3192 1168 3246 micans
1211 3191 1536 3262 fulgoribus,
1579 3195 1727 3264 quod
1757 3197 1961 3252 nullam
2004 3201 2291 3266 maculam,
2323 3229 2372 3294 ο

706 3288 888 3342 nullas
925 3302 1088 3356 rugas
1113 3295 1208 3340 aut
1245 3287 1424 3341 labem
1453 3289 1618 3342 ullam
1644 3291 1917 3346 admittat.
1965 3294 2120 3349 Velut
2146 3297 2292 3351 enim

707 3382 820 3434 duo
870 3380 1197 3434 lueidissimi
1238 3395 1303 3434 ac
1340 3380 1682 3437 blandissimi
1732 3383 2002 3440 Dominici
2049 3392 2296 3460 corporis

709 3471 971 3542 prostatis
1000 3471 1170 3533 oculi,
1203 3470 1408 3540 quibus
1454 3481 1628 3526 totum
1673 3476 1792 3545 ejus
1820 3492 2022 3547 corpus
2053 3479 2295 3534 illustre-

710 3573 800 3615 tur
822 3577 838 3614 ι
862 3576 963 3632 per
984 3575 1123 3630 quos
1139 3559 1403 3616 Dominus
1421 3570 1703 3617 exstantes
1732 3572 1847 3618 toto
1869 3566 2001 3621 orbe
2026 3567 2296 3623 Ecclesias

707 3656 1054 3724 inspectans,
1117 3653 1353 3708 aediﬁcet
1409 3654 1787 3725 perﬁciatque.
1859 3656 1966 3712 Sed
2020 3671 2077 3714 et
2135 3677 2296 3716 aures

709 3761 912 3821 aperta:
943 3758 998 3804 et
1029 3749 1207 3813 clarae,
1241 3759 1404 3820 atque
1434 3750 1634 3807 divinae
1663 3753 1784 3808 voci
1813 3752 2024 3822 faciles,
2051 3756 2146 3810 Dei
2172 3773 2296 3810 ver-

707 3844 840 3898 bum
883 3842 1348 3913 sapientissimum
1393 3859 1457 3898 ac
1493 3843 1865 3914 omnipotens,
1893 3845 2296 3903 lnearnationis

708 3938 921 3992 scilicet
953 3935 1297 4006 mysterium,
1347 3951 1471 3990 eum
1521 3937 1761 4006 primum
1805 3939 2118 4004 audissetis,
2156 3957 2294 3994 eun-

707 4039 920 4083 ctorum
950 4026 1085 4080 illud
1122 4027 1466 4095 postmodum
1495 4027 1723 4083 auribus
1753 4028 2039 4084 intulistis.

781 4121 888 4174 Vos
916 4127 972 4173 et
1005 4133 1168 4172 nares
1190 4117 1588 4173 odoratissimac
1613 4128 1669 4173 et
1694 4135 1845 4190 gena:
1871 4120 2006 4175 estis
2030 4121 2290 4192 mystica}.

705 4212 876 4267 Nares
921 4227 1117 4276 sacraz,
1153 4226 1433 4266 sacrorum
1481 4224 1884 4282 unguentorum
1924 4213 2128 4269 Christi
2181 4215 2292 4268 fra~

707 4303 977 4372 grantiam
1027 4302 1271 4357 suaviter
1321 4302 1615 4357 admodum
1665 4303 2018 4369 olfacientcs,
2065 4307 2293 4377 ejusque

705 4397 951 4452 scientia:
987 4410 1209 4450 suavem
1249 4395 1497 4461 odorem,
1527 4396 1674 4451 omni
1707 4397 1828 4451 loco
1857 4398 2289 4455 manifestantes.

708 4491 865 4545 (lena:
891 4505 1022 4544 vero
1070 4489 1203 4542 sicut
1246 4487 1440 4558 phiala:
1467 4499 1766 4542 aromatum
1791 4489 1858 4555 “,
1896 4491 2049 4546 velut
2079 4507 2110 4546 e
2143 4491 2290 4546 fonte

2330 1867 2376 1928 Β

1932 394 2228 455 NICETzE
2265 392 2795 456 PAPIIL’AGONIS

2409 511 2442 580 ἡ
2476 511 2595 565 θεία
2621 512 2849 580 δύναμις
2878 514 2935 565 ὲν
2967 517 3033 584 τῇ
3062 514 3323 585 ἀσθενείᾳ
3353 516 3558 570 τούτων
3606 517 3972 572 τετελείωται·

2410 605 2503 656 καὶ
2530 605 2674 658 οὕτω
2710 606 2802 660 τὸν
2845 606 3077 677 ὀλετῆρα
3128 607 3488 678 θραύσαντες,
3554 610 3799 680 λαμπροὶ
3846 615 3974 683 λαμ-

2409 696 2561 765 πρῶς
2608 696 2686 766 τῷ
2737 697 2994 767 νικοποιῷ
3049 699 3270 770 Χριστῷ
3303 700 3439 770 πρὸς
3482 702 3744 772 οὐρανοὺς
3793 720 3973 758 συναν-

2405 787 2738 858 ελήφθησαν.
2784 790 2892 841 Καὶ
2943 789 3134 860 ὥσπερ
3168 793 3376 855 ἐκεῖνος
3405 793 3624 862 πρῶτος
3662 794 3973 864 νενικηκὼς,

2409 881 2469 932 ἐν
2498 881 2646 954 δεξιᾷ
2671 880 2767 934 τοῦ
2808 882 3002 952 θρόνου
3032 883 3131 952 τῆς
3165 884 3556 955 μεγαλωσύνης
3580 886 3794 956 πρῶτος
3820 887 3975 942 ἐκάθ-

2409 990 2521 1026 ισεν
2560 976 2618 1027 ἐν
2658 974 2919 1045 ὑψηλοῖς
2971 976 3114 1028 οὓτω
3154 975 3248 1029 καὶ
3303 971 3449 1031 οὗτοι
3509 979 3652 1031 κατά
3697 979 3796 1048 τὴν
3851 980 3975 1050 πρὶς

2405 1064 2614 1117 ἐκεῖνον
2648 1065 2908 1135 ὁμοίωσιν
2940 1065 3310 1134 νενικηκότες,
3342 1066 3442 1134 τῆς
3467 1069 3532 1121 ὲκ
3557 1067 3752 1133 δεξιῶν
3793 1070 3974 1122 τούτου

2404 1156 2662 1227 δευτέρας
2695 1157 3080 1224 καταξιοῦνται
3113 1158 3474 1229 καθιζήσεως.

2480 1249 2543 1301 Ὢ
2582 1249 2684 1320 τῆς
2734 1251 3048 1321 ὑπερφυοῦς
3099 1254 3389 1320 μιμήσεως
3435 1251 3546 1305 τῶν
3581 1255 3907 1326 ἀμιμήτωνί
3936 1255 3978 1310 ὣ

2403 1343 2502 1410 τῆς
2542 1344 2681 1414 πρὸς
2719 1345 2811 1396 τὸν
2839 1345 3102 1414 ’Ὑψιστον
3145 1346 3254 1398 τῶν
3290 1348 3732 1419 ταπεινοφρόνων
3766 1351 3974 1420 swee-

2406 1437 2572 1498 σεωςί
2595 1437 2640 1488 oi
2668 1436 2923 1502 ἐπίγειοι,
2943 1441 3034 1491 καὶ⁵
3055 1440 3326 1511 οὐράνιοι·
3350 1442 3400 1493 οἱ
3427 1440 3638 1512 θνητοὶ,
3657 1443 3750 1495 καὶ
3778 1445 3977 1498 ἀθάνα-

2403 1545 2485 1581 τοι
2505 1545 2518 1560 ο
2538 1531 2586 1581 οἱ
2613 1529 2819 1598 μικροὶ,
2845 1531 2936 1582 καὶ
2956 1533 3366 1601 τρισμέγιστοιο
3393 1534 3490 1586 καὶ
3513 1535 3564 1588 οἱ
3592 1536 3978 1608 περικάθαρμα

2403 1619 2482 1690 τῷ
2496 1620 2686 1692 κόσμῳ
2701 1620 2972 1675 παντὶκαὶ
2987 1623 3190 1694 περίψη
3201 1642 3276 1693 μα
3291 1627 3554 1694 κείμενοι,
3570 1627 3837 1698 αἰδέσιμοι
3857 1627 3980 1682 καθ-

2402 1714 2668 1783 εστήκασι
2699 1720 2813 1779 τοῖς
2830 1715 2894 1768 Σε
2906 1715 3113 1785 ραφείμ
3133 1731 3148 1746 °
3169 1717 3264 1769 καὶ
3287 1718 3338 1770 οι
3372 1719 3532 1792 πείνῃ
3557 1720 3612 1773 δὲ
3633 1722 3726 1774 καὶ
3746 1721 3872 1793 δίψῃ
3887 1723 3978 1776 καὶ

2403 1807 2703 1877 γυμνότητι
2721 1808 3248 1880 ταλαιπωρούμενοι,
3268 1809 3377 1863 τῶν
3399 1812 3621 1880 ἀγαθῶν
3637 1815 3672 1868 ἂ
3703 1815 3978 1884 ὀφθαλμὸς

2403 1899 2503 1952 οὐκ
2532 1895 2692 1967 εἶδεν,
2712 1901 2805 1965 οὓς
2821 1904 2922 1956 οὐκ
2945 1905 3199 1974 ἥκουσεν,
3223 1905 3318 1958 καὶ
3335 1907 3426 1960 ὲπί
3443 1907 3671 1978 καρδίαν
3691 1908 3978 1981 ἀνθρώπου

2327 2008 2335 2014 ·
2399 1991 2498 2044 οὐκ
2523 1993 2726 2062 ἀνέϐη·
2754 1995 2834 2058 είς
2859 1994 2894 2048 ἃ
2917 1997 3012 2048 καὶ
3043 1996 3292 2064 ἄγγελοι,
3344 1999 3468 2052 κατ’
3519 1999 3722 2063 αὐτοὺς
3779 2001 3976 2066 εἰπεῖν,

2401 2083 2730 2153 ἐπιθυμοῦσι
2767 2086 3109 2158 παρακύψαι,
3161 2087 3368 2142 τούτων
3423 2082 3570 2144 οὗτοι
3611 2091 3828 2162 ταμίαι,
3882 2093 3978 2146 καὶ

2401 2179 2695 2249 πρυτάνεις
2755 2180 2933 2248 ἁγίοις
2980 2182 3376 2252 προεστήκασι.
3445 2183 3511 2235 Τί
3561 2183 3621 2236 τὸ
3671 2187 3799 2255 περὶ
3835 2187 3978 2256 ὑμᾶς

2397 2267 2557 2321 τοῦτο
2601 2268 2702 2339 τῆς
2736 2269 3072 2338 ἀγαθότητος
3104 2272 3440 2342 μυστήριον;
3473 2273 3598 2336 Πῶς
3623 2275 3672 2328 οἱ
3699 2275 3850 2328 αὐτοὶ
3887 2278 3982 2329 καὶ

2397 2362 2824 2449 υίοξάνθρώπων
2841 2364 2935 2417 καὶ
2959 2363 3096 2417 Θεοῦ
3127 2366 3572 2437 κεχρηματίκατε
3601 2385 3616 2434 ;
3643 2365 3719 2420 Τὸ
3743 2369 3866 2437 μὲν,
3893 2369 3982 2422 διὰ

2397 2453 2496 2522 τὴν
2520 2453 2700 2522 φύσιν,
2718 2455 2781 2508 τὸ
2795 2455 2872 2519 δὲ,
2888 2456 2975 2509 διά
2996 2456 3095 2526 τὴν
3115 2457 3413 2512 υἱοθεσίαν.
3437 2459 3561 2522 Πῶς
3580 2460 3643 2514 τὸ
3667 2468 3982 2532 παραυτίκα

2397 2546 2495 2613 τῆς
2533 2544 2783 2613 θλίψεως,
2835 2545 2929 2598 καὶ
2960 2545 3217 2617 ἐλαφρὸν,
3263 2545 3437 2611 οὕτως
3463 2550 3590 2620 ὑμῖν
3614 2548 3778 2621 βάρος
3809 2549 3983 2621 -δόξης

2397 2637 2619 2690 αἰώνιον
2671 2637 2969 2707 εἰργάσατο
2993 2657 3008 2707 ;

2469 2732 2654 2801 Σάρκα
2686 2731 2786 2803 μὲν
2817 2734 3102 2802 γεγονέναι
3125 2735 3217 2789 τὸν
3247 2735 3380 2790 Θεὸν
3403 2736 3577 2807 Λόγον
3614 2736 3708 2789 καὶ
3737 2737 3796 2789 ἐν
3846 2738 3985 2808 ἡμῖν

2399 2819 2794 2892 ἑσκηνωκέναι,
2842 2825 2908 2877 ὲκ
2951 2827 3051 2896 τῆς
3090 2826 3364 2898 ὑμετέρας
3414 2829 3746 2901 μεμυήμεθα
3807 2829 3984 2899 μύστ-

2397 2913 2644 2981 αγωγίας
2667 2927 2681 2942 ·
2714 2914 2874 2986 ὑμεῖς
2902 2915 2958 2969 δὲ
2981 2917 3142 2988 σῶμα
3168 2917 3246 2989 τῷ
3273 2918 3407 2984 δντι,
3433 2921 3527 2974 καὶ
3554 2921 3690 2991 μέλη
3713 2920 3869 2992 τίμια
3900 2921 3985 2991 τῷ

2399 3004 2809 3076 σεσαρκωμένῳ
2835 3006 3232 3078 καθεστήκατε.
3268 3001 3453 3080 Σῶμα
3474 3010 3777 3079 πάγκαλον,
3808 3011 3985 3064 θεοει-

2397 3092 2508 3158 δὲς,
2537 3093 2793 3164 θεαυγὲς,
2825 3098 3006 3168 πάσης
3035 3097 3251 3167 κηλίδος
3281 3102 3375 3153 καὶ
3407 3101 3596 3170 ῥύπων
3627 3103 3720 3156 καὶ
3768 3103 3986 3173 μώμων

2399 3184 2766 3238 ἀνεπίδεκτον.
2797 3181 2900 3239 Οἷα
2951 3189 3059 3258 γὰρ
3093 3188 3368 3259 ὀφθαλμοὶ
3418 3191 3513 3244 δύο
3552 3195 3986 3262 φωτοφανέστα-

2399 3293 2480 3328 τοι
2526 3278 2619 3330 καὶ
2652 3278 2996 3348 χαριέστατοι
3028 3279 3122 3333 τοῦ
3173 3283 3509 3336 Δεσποτικοῦ
3560 3283 3811 3354 σώματος
3839 3303 3988 3356 προ-

2399 3369 2687 3442 ϐέϐλησθε,
2721 3365 2803 3432 οἷς
2837 3371 2958 3424 ὅλον
2992 3372 3158 3425 αὑτοῦ
3187 3374 3483 3441 φωτίζεται
3537 3377 3601 3429 τὸ
3658 3377 3850 3447 σῶμαο
3911 3379 3991 3430 δι’

2397 3455 2472 3514 ὧν
2501 3463 2530 3514 ό
2563 3461 2765 3533 Κύριος
2806 3465 2906 3528 τάς
2949 3465 3072 3519 καθ’
3121 3467 3250 3538 ὃλην
3273 3467 3370 3538 τὴν
3397 3471 3501 3538 γῆν
3531 3468 3825 3538 ἐκκλησίας
3880 3470 3989 3537 ἑφ-

2399 3557 2567 3629 ορῶν,
2591 3558 2865 3628 οἰκοδομεῖ
2909 3559 3004 3612 καὶ
3034 3560 3373 3631 καταρτίζει.
3410 3563 3519 3615 Καὶ
3550 3557 3664 3616 ὦτα
3694 3562 3750 3616 δὲ
3787 3564 3978 3632 τρανά

2397 3650 2490 3701 καὶ
2522 3651 2690 3718 σαφῆ,
2722 3651 2818 3703 καὶ⁵
2847 3651 2946 3722 τῆς
2985 3651 3135 3716 θείας
3163 3653 3317 3716 ὄντες
3369 3654 3578 3725 εύήκοα
3635 3655 3820 3725 φωνῆς
3842 3672 3858 3686 ο
3921 3657 3993 3709 τὸ

2399 3743 2552 3814 ῥῆμα
2575 3744 2670 3797 τοῦ
2730 3744 2866 3798 Θεοῦ
2900 3745 2962 3799 τὸ
3013 3746 3312 3814 πάνσοφον,
3361 3747 3424 3800 τὸ
3449 3747 3882 3818 παντοδύναμον,
3919 3749 3991 3801 τὺ

2393 3835 2494 3904 τῆς
2546 3836 2912 3906 Οἱκονομίας,
2952 3839 3116 3908 φημὶ,
3161 3839 3377 3909 πρῶτον
3431 3843 3727 3912 μυστήριον
3778 3843 3987 3895 ἑνωτι-

2397 3928 2651 3993 σθέντες,
2715 3931 2836 3992 ταῖς
2894 3931 3083 3996 ἀκοαῖς
3140 3932 3272 3985 αὐτὸ
3313 3932 3514 3998 πάσαις
3555 3934 3819 4005 δευτέρως
3888 3937 3993 3988 ὲν-

2395 4022 2501 4092 ηχη
2512 4038 2659 4078 σατε.

2477 4115 2672 4186 Ὑμεῖς
2698 4116 2792 4169 καὶ
2822 4119 3098 4187 μυκτῆρες
3157 4117 3537 4187 εύοσμότατοι,
3590 4120 3685 4172 καὶ
3728 4120 3996 4187 σιαγόνες

2394 4206 2517 4258 ἐστὲ
2549 4208 2833 4277 μυστικαί.
2863 4210 3161 4279 Μυκτῆρες
3195 4211 3332 4281 ἱεροὶ
3373 4212 3474 4281 τῆς
3517 4212 3666 4282 ἱερᾶς
3699 4211 3810 4265 τῶν
3834 4213 3994 4282 Χρι-

2394 4296 2522 4350 στοῦ
2561 4298 2750 4369 μύρων
2782 4301 3012 4365 εὐωδίας
3042 4303 3185 4372 ἄγαν
3213 4304 3387 4372 ἡδέως
3407 4304 3849 4375 ὀσφραινόμενοι,
3878 4307 3999 4358 καὶ

2391 4387 2494 4459 τὴν
2515 4388 2692 4461 ὀσμὴν
2720 4391 2820 4463 τῆς
2850 4392 3108 4461 γνώσεως
3152 4395 3317 4449 αὐτοῦ
3373 4396 3540 4449 παντὶ
3593 4395 3746 4464 τόπῳ
3805 4413 4002 4464 φανε-

2395 4479 2636 4550 ροῦντες.
2674 4484 2958 4552 Σιαγόνες
2990 4486 3070 4552 δὲ,
3107 4487 3376 4556 καθάπερ
3425 4487 3635 4557 φιάλαι
3664 4486 3773 4541 τοῦ
3820 4488 3999 4557 ἀρώ-

707 4581 892 4634 divina
925 4579 1100 4633 doctae
1142 4578 1360 4649 linguae,
1396 4581 1753 4648 germinantes
1787 4581 1888 4650 (uti
1919 4582 2289 4637 sacratissimo

2395 4589 2600 4642 ματος,
2631 4573 2823 4647 ὥσπερ
2857 4577 2964 4630 ἀπὸ
2997 4579 3181 4649 πηγῆς
3235 4580 3334 4649 τῆς
3391 4579 3646 4647 θεολόγον
3697 4578 4002 4648 γλώσσης,

705 4674 1022 4728 continetur
1066 4671 1307 4741 eloquio)
1352 4673 1744 4742 unguentaria;
1783 4674 2041 4740 mysticas
2079 4675 2292 4730 scilicet

704 4765 893 4818 odoris
948 4764 1246 4818 suavitates
1296 4763 1556 4833 (Spiritus
1602 4781 1801 4835 nempe
1850 4765 2152 4836 doctrinas)
2205 4767 2291 4821 his

705 4858 799 4926 qui
829 4855 977 4925 digni
1009 4854 1139 4917 sint,
1175 4853 1536 4923 profer-entes.

781 4949 891 5002 Vos
934 4947 1064 5001 item
1101 4962 1296 5001 manus
1324 4956 1562 5002 strenuae
1590 4963 1652 5001 ac
1679 4947 1996 5013 industria;
2029 4966 2152 5021 qua:
2182 4967 2288 5004 non

703 5041 758 5093 in
797 5037 998 5092 tabulis
1030 5035 1282 5105 lapideis,
1327 5035 1421 5090 sed
1461 5036 1794 5098 carnalibus,
1827 5052 1930 5092 nec
1961 5045 2300 5101 atramento,-

707 5131 803 5184 sed
828 5130 955 5183 vivo
985 5129 1079 5183 Dei
1109 5128 1342 5198 Spiritu,
1375 5129 1599 5199 mystice
1637 5127 1822 5183 divina
1859 5129 2077 5200 eloquia
2101 5140 2295 5185 ornate

705 5219 1103 5290 depingatis".
1156 5220 1368 5285 Manus,
1417 5235 1538 5288 quae
1587 5219 1788 5274 nedum
1837 5220 2056 5275 ﬁrmum
2101 5222 2297 5276 funda-

708 5321 955 5367 mentum
1015 5311 1164 5383 (ῆιιυὶ
1221 5312 1456 5380 scilicet)
1515 5321 1628 5367 tuta
1681 5312 1810 5367 base
1865 5313 2064 5384 ligatis,
2111 5317 2204 5370 sed
2241 5325 2297 5370 et

707 5405 873 5475 digna
920 5404 1046 5460 fidei
1076 5419 1242 5474 opera
1272 5403 1745 5474 superazdiﬁcetis.
1771 5405 1890 5458 Non
1925 5407 2073 5460 enim
2103 5408 2288 5478 lignis,

711 5497 916 5567 stipula
963 5507 1019 5550 et
1065 5496 1213 5559 leno,
1262 5495 1356 5550 sed
1401 5510 1538 5550 auro
1591 5504 1646 5550 ct
1680 5507 1906 5566 argento
1952 5500 2290 5568 pretiosissi-

706 5590 922 5657 misque
966 5587 1239 5656 lapidibus
1287 5587 1578 5652 (doctrinis
1625 5588 1839 5643 scilicet
1878 5601 2043 5659 atque
2073 5593 2290 5646 actibus

706 5678 818 5732 Deo
887 5677 1118 5746 placitis)
1185 5677 1578 5749 intelligentem
1635 5689 1800 5750 atque
1849 5682 2123 5737 viventem
2179 5685 2288 5739 Deo

779 5791 824 5868 :3
848 5791 1011 5852 llehr.
1047 5794 1200 5868 9,15.
1239 5797 1387 5868 7__”_
1416 5795 1457 5849 ll
1489 5794 1616 5849 Cor.
1643 5814 1730 5868 iv,
1784 5799 1866 5861 17,
1912 5800 1960 5863 l,
2015 5802 2068 5863 4,
2104 5800 2201 5865 li;
2239 5821 2276 5867 ι,
2310 5804 2363 5868 2,

706 5863 754 5896 "
773 5861 930 5918 Cant.
954 5883 1006 5934 γ,
1040 5865 1122 5920 15.
1204 5867 1246 5896 ⁸⁷
1273 5865 1332 5919 ΙΙ.
1365 5866 1490 5921 (lor.
1529 5883 1606 5929 ιιι,
1640 5867 1690 5919 ὖ.

2393 4669 2658 4737 φύουσαι
2685 4669 2846 4738 (κατὰ
2871 4669 2933 4722 τὸ
2967 4672 3378 4740 μυστικὼτατον
3405 4671 3625 4740 λόγιον),
3649 4673 3998 4740 μυρεψικὰ,

2391 4759 2490 4822 τὰς
2521 4761 2791 4829 μυστικὰς
2818 4757 3056 4824 ἐὐωδίας
3095 4762 3238 4831 (ἢτοι
3290 4761 3645 4826 διδασκαλίας
3677 4761 3775 4814 τοῦ
3805 4763 4006 4816 Ilvati-

2396 4851 2587 4922 ματος)
2613 4855 2724 4916 τοῖς
2747 4852 2920 4917 ἀξίοις
2951 4853 3404 4924 προϐαλλόμενοι.

2478 4943 2667 5013 Ὑμεῖς
2682 4944 2777 4997 καὶ
2794 4948 2975 5016 χεῖρες
2995 4947 3240 5016 ὲνεργεῖς
3256 4948 3349 5000 καὶ
3382 4945 3587 5017 δραστή
3597 4961 3700 5015 ριοι
3716 4945 4009 4998 πιστεύε-

2399 5035 2516 5102 σθε,
2546 5036 2648 5090 οὐκ
2674 5038 2732 5089 ὲν
2752 5036 2986 5100 λιθίναις
3007 5037 3079 5091 τὰ
3108 5037 3232 5092 θεῖα
3251 5037 3410 5106 λόγια
3431 5037 3646 5104 πλαξὶν,
3675 5036 3812 5091 ἀλλὰ
3839 5055 3917 5089 σα.
3929 5057 4008 5109 ρ-

2395 5128 2602 5192 κίναιςσ
2644 5129 2705 5180 οὐ
2732 5127 2946 5199 μέλανι,
2984 5129 3122 5184 ἀλλὰ
3145 5128 3284 5183 Θεοῦ
3327 5129 3610 5202 Πνεύματι
3647 5129 3810 5194 ζῶντι
3872 5147 4009 5199 μυ-

2396 5220 2597 5284 στικῶς
2631 5220 3121 5293 καλλιγραφοῦσαι.
3156 5224 3376 5293 Χεῑρες,
3406 5225 3468 5276 ού
3504 5223 3754 5292 θεμέλιον
3813 5223 4019 5291 μόνον

2393 5313 2636 5385 ἀσφαλῆ,
2684 5313 2778 5368 τδν
2829 5317 2929 5384 τῆς
2979 5316 3217 5380 πίστεως
3273 5316 3780 5388 καταπηγνύουσαι,
3840 5315 4022 5370 ἀλλὰ

2395 5407 2491 5460 καὶ⁵
2522 5407 2660 5479 ἔργα
2689 5408 2792 5478 τῆς
2815 5408 3054 5472 πίστεως
3085 5409 3212 5476 ἀξια
3255 5407 3728 5478 ὲποικοδομοῦσαι.
3769 5407 3845 5460 Ού
3889 5407 3984 5474 ξύ
4007 5442 4023 5450 -

2393 5500 2505 5562 λοις
2521 5502 2650 5572 γὰρ,
2674 5501 2736 5553 ού
2759 5501 2982 5573 καλάμῃ
2996 5503 3090 5555 καὶ
3107 5503 3309 5572 χόρτῳ,
3341 5503 3528 5573 χρυσῷ
3562 5503 3619 5555 δὲ
3638 5501 3729 5555 καὶ
3749 5501 4023 5574 ἀργύρῳ

2394 5593 2658 5646 καὶλίθων
2675 5596 2784 5657 τοῖς
2796 5595 3170 5664 τιμιωτάτοις,
3194 5597 3292 5649 εἴτ’
3313 5593 3406 5650 οὖν
3421 5596 3601 5664 λόγοις
3624 5597 3718 5649 καὶ
3743 5594 4024 5665 πράξεσι

2393 5688 2729 5756 θεοτερπέσι,
2747 5688 2848 5759 τὴν
2877 5689 3070 5756 νεκρὰν
3116 5689 3443 5762 Ἐκκλησίαν
3468 5690 3562 5744 καὶ
3583 5688 3760 5754 ζῶσαν
3782 5704 3946 5742 κατα
3954 5707 4032 5764 ρ-

2397 5805 2470 5870 fI;
2528 5806 2546 5858 ι
2583 5806 2726 5860 Petr.
2782 5823 2815 5861 I.
2848 5807 2947 5874 12;
2978 5809 3020 5864 li
3047 5808 3177 5865 Cor.
3230 5826 3305 5876 ιν,
3344 5811 3430 5864 ΓΙ.
3565 5809 3613 5842 ³⁸
3635 5808 3794 5865 Joan.
3819 5821 3861 5877 ι,
3897 5809 4032 5870 ιε-
