4192 6424
200 389 247 454 49
857 391 1141 453 ORATIO
1175 391 1289 453 III.
1314 416 1391 429 --
1416 392 1499 453 ΙΝ
1537 390 1851 453 LAUDEM
1892 391 1999 451 SS.
2040 392 2268 452 PETRI
2307 392 2403 451 ET
2441 392 2695 451 PAULI.
3334 390 3408 452 50

196 508 324 571 τίζετε
358 504 500 575 Θεῷ.
563 505 764 576 Χεῖρες
830 505 1151 577 μυστηρίων
1210 505 1486 576 ἱερουργοὶ
1524 505 1681 559 θείων
1704 521 1719 536 ο
1750 504 1851 565 AI

1753 504 2127 565 AEcclesiam
2187 505 2459 560 instruitis
2483 504 2550 557 ".
2599 503 2809 567 Manus,
2861 501 3064 556 divinis
3117 514 3408 571 operante.-

200 598 437 667 ὑπερφυῶν
479 599 781 667 τεραστίων
802 598 1128 669 αὐτουργοί·
1188 600 1301 670 ἁφῇ
1346 599 1484 670 μόνῃ
1534 599 1721 660 νόσους
1832 615 1855 652 ιι

1832 599 2144 670 mysteriis;
2180 600 2310 668 ipsa:
2340 599 2670 653 eximiorum
2714 596 3091 666 prodigiorum
3135 595 3410 651 artiﬁces:

198 691 371 761 ίὼμεναι
400 732 415 753 ,
475 689 736 759 δαίμονας
818 690 1139 744 έλαύνουσαι
1164 730 1181 755 ,
1233 691 1720 763 παραλελυμένους
1832 700 1851 746 ι

1832 700 1980 747 tactu
2031 692 2149 746 solo
2206 700 2463 746 sanantes
2516 690 2759 754 morbos,
2812 688 3412 759 fugantes‘dmmones,

201 784 516 851 σφίγγουσαι,
567 782 806 852 λεπροὺς
839 782 1243 853 καθαίρουσαι,
1294 786 1724 852 παγκεκυφότας
1831 799 1856 838 a

1831 784 2201 853 astringentes
2248 782 2427 837 soluta
2458 783 2728 845 membra,
2770 782 3019 850 leprosos
3063 780 3414 843 mundantes.

196 873 489 945 ἀνορθοῦσαι,
518 876 749 940 νεκροὺς
777 875 1095 939 ἀνιστῶσαι,
1127 877 1223 929 καὶ
1248 877 1473 945 τυφλοῖς
1498 877 1596 946 μὲν
1626 877 1724 947 τὴν
1834 875 1849 928 i

1834 875 2095 930 incurvos
2130 875 2429 945 erigentes,
2474 882 2721 927 mortuos
2767 872 3127 938 suscitantes;
3156 887 3219 926 ac
3256 871 3418 926 caecis

198 970 301 1039 ιψιν.
332 969 531 1035 κωφοῖς
572 968 632 1019 δὲ
658 968 758 1037 τὴν
784 968 978 1038 ἀκοὴν,
1007 968 1323 1037 μογιλάλοις
1348 968 1407 1023 δὲ
1434 968 1533 1039 τὴν
1557 968 1726 1035 γλῶσ-
1832 982 1853 1020 τ

1832 966 2034 1029 visum,
2068 968 2252 1021 surdis
2280 965 2555 1028 auditum,
2588 965 2765 1021 balbis
2791 965 3009 1021 facilem
3027 963 3446 1033 etexpeditum‘

198 1078 270 1115 σαν
288 1058 653 1129 διατρανοῦσαι
675 1060 771 1112 καὶ
792 1060 1156 1129 διασαφοῦσαι
1175 1075 1191 1091 ·
1216 1062 1309 1114 καὶ
1334 1062 1510 1114 πᾶσαν
1535 1059 1725 1132 σῶμα·
1834 1060 1850 1114 l

1834 1059 2032 1129 lingua:
2063 1075 2220 1114 usum
2248 1060 2589 1131 przebentes;
2614 1050 2942 1129 omnemque
2970 1058 3217 1126 corporis
3236 1056 3414 1112 labem

196 1171 260 1217 τος
296 1153 481 1222 ὶὼὓην,
509 1154 605 1205 καὶ
654 1155 836 1207 πᾶσαν
877 1152 1058 1224 ψυχῆς
1086 1154 1265 1224 λύμην
1306 1155 1601 1225 ἀφράστως
1632 1154 1725 1209 καὶ
1834 1168 1851 1207 ιτ

1834 1164 1997 1223 atque
2026 1168 2244 1208 omnem
2271 1152 2440 1207 animi
2473 1166 2671 1206 noxam
2697 1152 2863 1206 nullis
2892 1150 3081 1206 verbis
3100 1149 3413 1220 cxplicabili

195 1247 386 1316 ἀχρόνως
422 1244 849 1315 θεραπεύουσαι.
1828 1240 1850 1318 ἰ

1754 1320 1757 1323 Α
1828 1232 2067 1318 ἰ-εῃίριιε,
2100 1252 2486 1314 momentoque
2515 1255 2792 1300 curantes.

255 1338 418 1409 Ὑμεῖς
446 1337 541 1391 καὶ
567 1337 664 1391 δύο
708 1332 852 1408 ὦμοι
904 1337 1002 1393 καὶ
1062 1338 1227 1408 μαζοὶ
1270 1338 1365 1393 δύο
1408 1340 1507 1409 τῆς
1546 1325 1723 1408 Ἰησοῦ
1905 1339 1910 1347 ’

1905 1338 2014 1392 Vos
2033 1352 2255 1408 quoque
2282 1338 2394 1392 duo
2419 1338 2636 1393 humeri
2657 1338 2880 1407 duoque
2910 1339 3083 1392 ubera
3115 1335 3420 1407 maiestatis

196 1430 422 1499 πεφήνατε
454 1429 883 1500 μεγαλειότητος
902 1446 917 1461 ’
958 1430 1008 1483 οἱ
1039 1429 1139 1500 μὲν
1162 1430 1257 1483 τὸν
1282 1433 1518 1505 σταυρὸν
1550 1430 1727 1500 αἴρον-
1833 1431 1851 1485 .1

1833 1431 1962 1486 Jesu
1991 1430 2234 1485 enitetis.
2270 1429 2498 1484 Humeri
2533 1430 2744 1485 scilicet
2793 1429 3050 1484 tollentes
3078 1444 3323 1492 crucem,
3358 1443 3423 1483 ac

192 1539 278 1588 τες,
306 1524 387 1576 καὶ
412 1523 566 1593 αὐτῷ
592 1522 1052 1594 συνεπαιρόμενοι
1078 1539 1092 1552 '
1122 1524 1217 1577 καὶ
1247 1523 1324 1587 ὡς
1354 1512 1565 1594 κεφαλῇ
1596 1526 1723 1595 ἰδίᾳ.
1766 1595 1769 1599 ι
1835 1539 1847 1575 ι

1766 1595 1769 1599 ι
1835 1536 1960 1576 cum
1988 1537 2054 1577 ea
2082 1522 2290 1591 pariter
2332 1521 2585 1585 esaltati;
2625 1520 2886 1591 velutque
2913 1530 3081 1590 caput
3114 1520 3421 1591 proprium,

193 1616 252 1686 τῷ
300 1617 689 1689 ὲσταυρωμένῳ
756 1616 1055 1689 προθύμως
1116 1618 1467 1689 ἐφεπόμενοι.
1500 1614 1723 1688 ’⁷Ωμοι,
1766 1598 1769 1599 ν
1834 1631 1848 1669 t

1766 1598 1769 1599 ν
1834 1598 2110 1703 ουίιεάιιιί
2165 1614 2463 1670 cruciﬁxus
2505 1624 2590 1670 est
2645 1615 2856 1669 alacres
2906 1614 3104 1670 secuti.
3162 1613 3421 1677 Humeri,

192 1711 261 1761 τὸν
287 1710 507 1778 χρηστὸν
529 1709 781 1782 αῐροντες
824 1710 1063 1781 Χριστοῦ
1094 1708 1283 1779 ζυγὸν,
1343 1712 1435 1763 καὶ
1473 1710 1564 1763 τὸν
1610 1712 1730 1765 ἐλα-
1833 1713 1847 1764 t

1833 1709 2037 1767 Christi
2082 1711 2275 1780 jugum
2323 1726 2491 1766 suave
2534 1709 2819 1771 tollentes,
2866 1709 3094 1779 leveque
3142 1708 3423 1777 Evangelii

193 1800 297 1871 φρὺν
314 1801 559 1872 ἐλαφρῶς
597 1802 950 1872 κουφίζοντες
979 1801 1178 1871 φόρτον
1226 1800 1323 1855 τοῦ
1370 1802 1723 1870 Εὐαγγελίου,
1835 1819 1848 1855 ι

1835 1817 1979 1856 onus
2032 1802 2300 1865 levantes,
2354 1810 2518 1871 atque
2571 1800 2705 1856 illud
2755 1801 2937 1872 dignis
2988 1800 3333 1869 imponentes
3355 1800 3423 1853 ⁸⁹.

191 1895 377 1957 καὶτοῖς
403 1895 577 1959 ἀξίομς
628 1895 793 1948 αὐτὸν
831 1893 1277 1965 ὲπιφορτίζοντες
1320 1910 1336 1927 ’
1366 1895 1455 1947 ναὶ⁵
1490 1894 1576 1963 δὴ,
1636 1897 1730 1949 καὶ
1765 1878 1805 1931 Β
1835 1896 1846 1948 ξ

1773 1878 1805 1931 Β
1835 1895 1980 1950 Sane
2013 1911 2148 1950 vero
2175 1896 2344 1950 etiam
2373 1905 2626 1950 errantes
2648 1909 2780 1950 oves
2807 1903 3173 1973 assumentes,
3208 1908 3428 1957 earum—

189 1988 241 2039 τὰ
259 1988 351 2041 τῶν
378 1987 665 2057 προϐάτων
701 1988 1180 2059 ἀναλαμϐάνοντες
1235 1987 1591 2058 πλανώμενα,
1634 1991 1731 2043 καὶ
1833 2004 1844 2039 ι

1833 2001 1943 2056 que
1970 2001 2093 2056 quae
2126 1994 2508 2040 remanserant
2556 1985 2706 2056 gregi
2757 1984 3060 2040 inferentes
3111 1992 3278 2053 atque
3330 1998 3426 2037 su-

190 2081 275 2141 τοίς
315 2080 562 2149 μένουσιν
612 2080 1100 2153 συναριθμοῦντες,
1164 2082 1260 2135 καὶ
1311 2082 1571 2154 μάνδραις
1614 2087 1734 2144 ταῖς
1836 2094 1845 2149 1

1836 2078 2026 2149 pernis
2075 2078 2249 2135 caulis
2284 2077 2668 2144 includentes;
2723 2093 2939 2148 proque
2991 2077 3120 2140 illis,
3156 2091 3325 2131 cruce
3364 2090 3429 2129 ac

188 2171 279 2224 ἄνω
305 2174 851 2245 κατασφαλιζόμενοι,
884 2176 980 2230 καὶ
1005 2176 1147 2247 ὑπὲρ
1170 2176 1353 2231 αὐτῶν
1393 2177 1614 2247 σταυρῷ
1640 2180 1736 2233 ml.
1836 2187 1843 2223 1

1836 2178 2036 2235 morte,
2085 2171 2304 2225 Domini
2354 2170 2630 2239 exemplo,
2686 2169 2790 2240 ipsi
2842 2185 2942 2223 vos
2986 2169 3134 2238 ipsos
3182 2168 3428 2224 sanctifi-

192 2263 374 2334 θανάτῳ
426 2268 570 2321 κατὰ
639 2268 875 2340 μίμησιν
943 2270 1299 2340 ἁγιαζόμενοι
1373 2274 1730 2344 Δεσποτικήν.
1836 2285 1847 2321 1

1836 2277 2025 2323 cantes
2046 2269 2115 2324 '°.
2152 2268 2329 2325 Ubera
2362 2284 2495 2323 vero
2526 2284 2635 2322 non
2680 2282 2749 2322 eo
2798 2268 2938 2321 lacte
2981 2267 3076 2336 qui
3109 2266 3164 2319 in
3205 2279 3427 2319 sensum

192 2358 344 2423 Μαζοὶ
366 2360 441 2426 δὲ,
468 2361 573 2414 ούκ
600 2360 849 2431 αἰσθητῷ
875 2361 1133 2428 γάλακτι,
1163 2362 1341 2434 νοητῷ
1363 2362 1418 2416 δὲ
1445 2364 1737 2435 τρέφοντες
1838 2379 1847 2413 ι

1838 2360 2006 2424 cadit,
2062 2360 2158 2415 sed
2206 2360 2462 2430 spiritali,
2509 2358 2809 2413 Ecclesiam
2837 2357 3089 2432 _alentia;
3121 2370 3186 2410 ac
3224 2355 3429 2410 nedum

187 2446 264 2513 τὴν
293 2447 647 2517 Ἐκκλησίαν·
685 2449 783 2503 καὶ
810 2450 931 2503 οὐδὲ
977 2450 1118 2518 γάλα
1153 2451 1334 2521 μόνον,
1362 2452 1452 2504 τὸν
1503 2454 1737 2520 είσαγω-
1838 2455 1842 2508 l

1838 2454 1924 2509 lac
1973 2454 2303 2525 (doctrinam
2364 2453 2574 2508 scilicet
2616 2449 3069 2505 rudimentariam
3114 2460 3277 2518 atque
3321 2447 3432 2502 illis

184 2537 310 2603 γικόν
350 2555 409 2591 τε
452 2540 617 2608 λόγον
663 2541 760 2593 καὶ
803 2542 916 2604 τοῖς
967 2541 1351 2612 εἰσαγομένοις
1400 2544 1739 2615 κατάλληλον
1838 2578 1839 2581 η

1838 2544 1934 2613 qui
1965 2543 2302 2598 inducuntur
2347 2540 2794 2610 convenientem)
2846 2540 3183 2610 colligentia,
3231 2537 3329 2593 sed
3375 2545 3434 2591 et

184 2629 649 2699 ἀναλαμϐάνοντες,
679 2632 819 2687 ἀλλὰ
848 2633 945 2687 καὶ
998 2628 1164 2695 οἶνον,
1211 2634 1313 2705 τὴν
1359 2637 1586 2706 στερεὰν
1629 2637 1738 2689 τῶν

1839 2638 2029 2691 vinum
2092 2636 2355 2706 (solidam
2412 2635 2625 2690 scilicet
2683 2634 3000 2705 dogmatum
3057 2632 3430 2702 epulationem

181 2720 433 2791 δογμάτων
463 2725 841 2796 έστιατορίαν,
873 2727 969 2779 καὶ
1002 2728 1117 2790 τοῖς
1143 2726 1376 2792 τελείοις
1420 2729 1741 2799 πρέπουσαν

1594 2746 1741 2782 ιυσαν
1841 2744 1907 2784 ac
1939 2730 2216 2797 perfectos
2246 2727 2533 2783 decentem
2568 2726 2922 2797 theologiam)
2952 2724 3249 2780 allluentia.

184 2811 464 2878 ἐπινάσντες
493 2813 801 2883 θεολογίαν.

243 2906 429 2975 ’Υμᾶς,
463 2908 567 2961 καὶ
594 2908 881 2977 σπλάγχνα
920 2909 1019 2963 καὶ
1047 2908 1283 2979 νεφρούς
1322 2928 1406 2974 τις
1448 2910 1623 2965 εἰπὼν
1656 2913 1741 2966 δι-

1912 2920 2017 2989 Qui
2059 2937 2159 2977 vos
2188 2922 2400 2976 viscera
2446 2920 2803 2991 geminosque
2842 2934 3026 2985 rencs,
3063 2930 3337 2986 coxasque
3368 2930 3433 2971 ac
3528 2962 3532 2966 .

180 2991 380 3063 δύμους·
431 3003 654 3068 μηρούς
684 3015 746 3051 τε
782 3001 881 3052 καὶ
930 3000 1098 3070 σκέλη
1134 3004 1233 3054 καὶ
1279 3002 1451 3065 πόδας
1498 3004 1598 3074 τῆς
1646 3005 1743 3057 τοῦ

1843 3031 2010 3069 crura
2042 3014 2207 3079 dicat,
2249 3016 2481 3084 ejusque
2521 3014 2613 3083 qui
2659 3028 2880 3067 carnem
2913 3012 3211 3080 assumpsit
3238 3023 3435 3077 super-

180 3089 536 3156 σαρκωθέντος
588 3092 1072 3162 ύπερουσιότητος,
1133 3095 1238 3147 οὐκ
1287 3095 1375 3161 ἂν,
1407 3092 1588 3165 οἶμαι,
1648 3097 1743 3149 τοῦ

1843 3106 2221 3164 substantialis
2274 3105 2574 3176 Maiestatis
2618 3105 2789 3175 pedes
2835 3104 2989 3165 velit,
3034 3102 3181 3155 haud
3230 3111 3366 3171 puto
3403 3114 3438 3156 a

178 3176 459 3295 ﬁpézowoc
496 3181 877 3295 ἀποσφαλείη.
923 3182 1037 3236 Καὶ
1061 3183 1172 3254 γὰρ
1200 3186 1335 3255 παρ’
1371 3187 1502 3256 ύμῖν
1538 3187 1743 3258 ζωτικὴ
1772 3240 1812 3295 c

1782 3240 1812 3295 Β
1845 3199 2044 3254 decore
2072 3199 2365 3253 erraverit.
2400 3198 2557 3268 Apud
2587 3212 2686 3252 vos
2716 3197 2865 3251 enim
2898 3195 3081 3250 vitalis
3101 3204 3158 3250 et
3182 3194 3437 3250 inemuxa

178 3271 375 3341 ποιότης
406 3274 507 3326 καὶ
537 3272 851 3344 ἇρῤευστος
884 3275 986 3344 τῆς
1018 3275 1386 3348 θεοπρεποῦς,
1414 3279 1538 3349 ἢτοι
1561 3279 1743 3333 θεοτε-
1772 3271 1812 3295 υ

1785 3273 1812 3295 “
1845 3292 2047 3347 divinae
2077 3307 2176 3346 seu
2204 3289 2415 3347 deiﬁca:
2443 3289 2731 3346 charitatis
2769 3288 3048 3343 intellecta
3086 3286 3343 3357 qualitas,
3373 3300 3440 3342 ac

174 3361 275 3429 λοῦς
319 3367 556 3438 ἀγάπης
592 3367 1036 3440 ἐνθεωρουμένη,
1066 3370 1163 3424 καὶ
1190 3369 1382 3442 ῶσπερ
1418 3372 1484 3425 ἐκ
1516 3372 1743 3444 διδύμου

1843 3384 1995 3439 velut
2041 3399 2110 3439 ex
2155 3384 2374 3454 gemino
2423 3383 2659 3452 vivoque
2708 3382 2881 3447 fonte,
2908 3397 2939 3436 e
2983 3381 3184 3435 vestris
3223 3381 3439 3435 occulte

176 3458 249 3508 mi
272 3458 453 3529 ζώσης
474 3459 677 3530 πηγῆς
695 3460 807 3513 τῶν
824 3461 1112 3532 ὑμετέρων
1136 3461 1385 3532 κρυφίως
1407 3462 1743 3537 έξαλλομένη

1844 3476 2173 3547 visceribus,
2219 3475 2475 3530 ﬁdelibus
2515 3475 2764 3530 irrorans
2790 3473 2990 3528 animis
3023 3474 3199 3542 iisque
3241 3472 3434 3536 atl‘usa,

173 3551 505 3623 σπλάγχνων,
546 3556 777 3617 πισταῖς
808 3554 1163 3626 ὲπαρδομένη
1210 3555 1435 3625 ψυχαῖς,
1487 3557 1747 3629 γονίμους
1789 3631 1791 3633 ,

1789 3631 1791 3633 ,
1846 3567 2116 3624 fecundos
2158 3568 2271 3623 Deo
2293 3568 2497 3623 reddit.
2534 3566 2729 3623 Crura‘
2744 3582 2878 3623 vero
2913 3582 2977 3621 ac
3000 3568 3167 3637 pedes
3196 3581 3438 3636 congrue

172 3642 315 3706 αὐτὰς
345 3646 712 3701 ἀποδεικνύει
736 3646 877 3716 Θεῷ.
906 3647 1137 3718 Κνῆμαι
1169 3648 1229 3701 δὲ
1254 3647 1350 3701 καὶ
1376 3648 1557 3717 πόδες,
1591 3651 1747 3704 εύλό-

1848 3672 1982 3733 puto
2011 3662 2179 3718 Verbi
2216 3659 2619 3732 intelligamini,
2660 3658 2807 3728 quod
2840 3658 3018 3729 ipsum
3045 3659 3101 3713 in
3124 3658 3281 3713 vobis
3312 3658 3438 3711 uni-

170 3751 281 3802 τως,
316 3735 496 3809 οἶμαι,
539 3741 643 3793 τοῦ
694 3739 871 3807 Λόγου
902 3739 1270 3811 τεθεώρησθε,
1298 3742 1384 3795 ὅτι
1415 3743 1598 3797 πᾶσαν
1647 3746 1747 3816 τὴν

1847 3770 2063 3811 versam
2100 3768 2435 3824 percurrens
2477 3763 2702 3819 terram,
2752 3768 3083 3822 omnemque
3122 3751 3438 3805 mortalium

169 3828 254 3899 γῆν
296 3831 541 3887 διαθέων
580 3835 642 3885 ἐν
678 3832 831 3900 ὑμῖν,
867 3835 966 3885 καὶ
1008 3835 1190 3887 πᾶσαν
1246 3832 1457 3906 βροτῶν
1507 3837 1748 3891 διάνοιαν

1851 3856 2090 3901 mentem
2118 3847 2379 3909 lustrans,
2414 3845 2483 3900 ad
2518 3846 2772 3900 veritatis
2798 3848 3047 3900 notitiam
3089 3854 3276 3899 vestro
3322 3860 3445 3898 mu-

167 3922 331 3985 ἐπιὼν.
363 3926 511 3995 πρὸς
537 3925 651 3995 τὴν
708 3926 810 3996 τῆς
842 3926 1110 3998 ἀληθείας
1159 3925 1464 3996 ἐπίγνωσιν
1498 3928 1567 3981 δι’
1593 3930 1749 4000 ὑμῶν

924 3926 1110 3998 ηθειας
1159 3925 1464 3996 ἐπίγνωσιν
1498 3928 1567 3981 δι’
1593 3930 1749 4000 ὑμῶν
1851 3954 1983 3993 nere
2018 3948 2181 4008 atque
2211 3953 2378 4008 opera
2406 3938 2579 3992 ducit.

166 4022 499 4087 χειραγωγεῖ-

230 4105 415 4175 ’Υμείς
446 4107 639 4171 ὅντως
679 4107 824 4171 ἐστὲ,
855 4109 1000 4163 κατὰ
1050 4109 1144 4162 τὸν
1177 4111 1323 4182 ἱερὸν
1367 4114 1667 4184 Ζαχαρίαν,
1698 4118 1748 4167 οἱ

1925 4116 2031 4169 Vos
2056 4129 2269 4179 revera,
2301 4114 2677 4171 sacratissimo
2699 4115 2963 4171 Zacharia
2992 4125 3219 4170 auctore
3241 4115 3307 4180 “,
3329 4114 3441 4167 duo

166 4197 241 4251 δύο
267 4201 374 4255 τῶν
422 4203 649 4256 ἐλαιῶν
677 4202 886 4267 κλάδοι,
920 4204 986 4256 ὲκ
1006 4202 1201 4270 δεξιῶν
1227 4220 1290 4257 τε
1323 4207 1419 4259 καὶ
1452 4207 1751 4279 εὐωνύμων

1851 4208 2122 4263 olivarum
2178 4206 2357 4271 rami,
2404 4222 2433 4261 a
2480 4207 2691 4262 dextris
2737 4216 2903 4277 atque
2953 4205 3225 4269 sinistris,
3271 4219 3441 4258 aureo

165 4296 215 4362 τῇ
260 4298 437 4368 χρυσῇ
479 4296 718 4367 λυχνία,
757 4301 826 4369 τῇ
873 4297 1175 4368 Ἐκκλησία
1218 4298 1286 4369 δὴ
1318 4299 1487 4367 λέγω,
1531 4303 1626 4355 καὶ
1673 4303 1751 4373 τῷ

1855 4300 2191 4357 candelabro
2222 4299 2504 4361 (Ecclesia:
2544 4297 2782 4366 scilicet)
2814 4298 2979 4367 eique
3018 4296 3287 4366 impositae
3312 4296 3448 4349 lam—

165 4384 235 4437 ὲπ*
262 4389 436 4459 αὐτῆς
466 4388 787 4459 λαμπαδίῳ
812 4390 1039 4460 Χριστῷ
1066 4394 1485 4461 παρεστηκὸτες
1508 4409 1524 4426 ο
1552 4394 1602 4446 oi
1634 4394 1751 4462 δύο,

1855 4396 1980 4467 padi
2012 4395 2231 4464 (nempe
2249 4393 2491 4459 Christo)
2516 4392 2715 4463 positi;
2743 4392 2874 4454 duo,
2908 4399 2971 4444 ut
3002 4391 3144 4444 idem
3175 4390 3442 4458 loquitur,

165 4479 262 4529 κατ’
296 4482 467 4535 αὑτὸν
520 4482 742 4545 εἰπεῖν,
792 4482 895 4552 τῆς
946 4484 1204 4554 πιότητος
1253 4484 1397 4551 υἱοὶ,
1448 4486 1525 4558 τῷ
1562 4488 1752 4559 Κυρίῳ

1859 4488 1955 4543 lilii
2034 4485 2421 4558 pinguedinis,
2480 4484 2803 4540 assistentes
2872 4483 3105 4539 Domino
3175 4481 3446 4537 universa:

164 4570 323 4637 πάσης
350 4573 728 4646 παρίστασθε
752 4575 853 4645 τῆς
882 4575 1011 4645 γῆς.
1776 4590 1829 4648 D
1856 4594 2036 4639 terrae.

226 4660 394 4733 Ὑμεῖς
431 4668 541 4719 καὶ
598 4666 666 4718 αἱ
712 4664 808 4718 δύο
863 4666 1074 4735 ρἀδοι,
1136 4665 1204 4730 ἃς
1251 4665 1434 4737 ἑαυτῷ
1484 4666 1753 4738 λήψεσθαί

1935 4671 2042 4743 Vos
2079 4684 2301 4740 quoque
2327 4668 2452 4723 duae
2489 4666 2691 4736 virgae,
2740 4680 2878 4736 quas
2933 4664 3043 4719 sibi
3086 4662 3446 4718 assumendas

166 4768 303 4822 φησιν
330 4758 361 4810 ὁ
393 4757 657 4829 Κύριος,
688 4757 845 4827 παρὰ
880 4756 960 4828 τῷ
989 4757 1162 4825 αὐτῷ,
1205 4761 1753 4829 προῦπογράφουσιν.

1861 4764 2005 4835 apud
2037 4761 2295 4817 eumdem
2325 4758 2593 4813 Dominus
2618 4756 2770 4818 dicit,
2805 4756 3181 4826 prmiigurant;
3215 4770 3446 4824 quarum

166 4836 243 4899 Ὧν
267 4848 365 4920 τὴν
396 4850 506 4920 μὲν
555 4847 798 4913 κάλλος,
844 4848 934 4903 διὰ
964 4853 1028 4902 τὸ
1068 4851 1171 4919 τῆς
1212 4851 1392 4921 ψυχῆς
1427 4852 1755 4920 περικαλλέ-

1861 4859 2089 4913 alteram
2124 4856 2384 4910 decorem
2418 4852 2490 4906 ob
2519 4850 2689 4905 animi
2740 4865 3011 4904 summam
3062 4857 3445 4914 venustatem;

166 4953 368 4994 στατον·
407 4941 742 5012 σχοινισμα
788 4939 847 4994 δὲ
872 4941 973 5011 τὴν
1020 4942 1238 5013 ἑτέραν,
1269 4942 1345 5005 ὼς
1389 4943 1523 4995 ἰδίαν
1561 4944 1757 5012 μερίδα

1866 4952 2093 5005 alteram
2133 4963 2265 5002 vero
2293 4944 2622 5007 funiculum,
2654 4943 2805 4996 velut
2850 4942 3129 5012 propriam
3165 4954 3452 5010 nuncupa-

164 5034 580 5101 κατωνόμασενο
640 5035 707 5087 ὲν
741 5026 832 5097 αἷς
883 5036 980 5088 καὶ
1034 5035 1103 5088 τὰ
1146 5035 1400 5106 πρόδατα
1454 5037 1757 5107 ποιμαίνει,

1860 5043 1941 5095 vit
1990 5049 2199 5111 partem
2224 5040 2309 5091 “:
2358 5037 2414 5092 in
2463 5037 2671 5107 quibus
2715 5034 2834 5104 fore
2884 5035 3173 5105 pollicetur
3214 5043 3276 5088 ut
3321 5048 3454 5088 oves

168 5124 241 5171 nl.
263 5124 358 5193 τὴν
386 5125 713 5194 διαθήκην,
752 5124 820 5190 ἣν
846 5123 983 5195 πρὸς
1014 5127 1142 5189 τοὺς
1171 5125 1338 5190 λαοὺς
1375 5127 1602 5192 διέθετο,
1638 5128 1760 5182 διας

1861 5147 2069 5206 pascat,
2100 5148 2165 5206 ac
2191 5130 2392 5206 fmdus,
2425 5111 2727 5199 quod‘cum
2754 5128 2977 5206 populis
3001 5129 3305 5199 pepigerat,
3337 5128 3452 5181 dis-

169 5216 424 5271 σιεδασειν
485 5215 950 5283 ἐπαγγέλλεται·
1000 5217 1160 5287 δῆλον
1186 5220 1267 5272 ὅτι
1318 5221 1411 5273 τὸν
1453 5221 1617 5291 νόμον
1659 5221 1773 5274 τοῦ“

1859 5194 2030 5298 sipet;
2086 5200 2245 5281 dum.
2263 5194 2559 5301 nimirum,
2588 5204 2798 5293 leg'eni‘
2825 5202 3040 5301 litterae,
3081 5237 3180 5291 per
3228 5220 3454 5290 Spiritus

169 5306 502 5379 γραμματος,
538 5308 646 5363 διὰ
695 5309 791 5358 τὸν
829 5306 930 5360 τοῦ
969 5308 1283 5378 πνεύματος
1323 5311 1490 5381 νόμον
1521 5311 1752 5365 ἀθετῶν.

1860 5297 2033 5388 legem
2086 5297 2333 5386 abrogaI.
2380 5298 2544 5381 Quod
2596 5330 2834 5383 namque
2890 5297 3028 5385 legis
3080 5315 3233 5369 cultu
3286 5323 3452 5381 atque

172 5396 258 5453 Καὶ
280 5402 386 5473 γὰρ
431 5402 465 5455 ὃ
496 5406 576 5473 τῇ
608 5399 768 5455 κατὰ
794 5401 962 5471 νόμον
1004 5401 1233 5474 λατρεία
1264 5405 1359 5458 καὶ
1400 5407 1513 5469 τοῖς
1566 5405 1762 5470 τύποις

1864 5408 2057 5479 ﬁguris
2100 5408 2313 5478 Meyses
2351 5416 2409 5461 et
2444 5409 2627 5461 Aaron
2677 5404 2979 5474 (padagogi
3035 5404 3244 5458 scilicet
3289 5412 3452 5470 atque

172 5487 378 5565 Μωῦσῆς
427 5497 746 5567 πεφήνασι
798 5496 894 5548 καὶ
938 5494 1188 5567 Ἀαρὼν,
1224 5498 1573 5568 παιδαγωγοὶ
1622 5500 1777 5571 πρὸς·

1830 5502 2128 5559 .ductores
2159 5500 2626 5571 'imperl‘ectorum
2686 5498 2754 5552 ad
2804 5498 3111 5567 Christum)
3175 5496 3279 5550 hoc
3322 5508 3456 5549 sane

175 5582 375 5655 Χριστὸν
401 5597 524 5656 τοῖς
566 5587 815 5644 ἀτελέσι
843 5591 1153 5658 γεγονότες,
1174 5590 1338 5645 τοῦτό
1367 5610 1430 5661 γε
1455 5592 1521 5661 δὴ
1556 5593 1762 5666 Πέτρος

1870 5596 2069 5667 Petrus
2122 5604 2179 5648 et
2228 5594 2431 5649 Paulus
2482 5593 2680 5664 spiritu
2733 5590 3095 5655 exstiterunt;
3161 5588 3455 5659 gratiaeque

218 5772 292 5830 “l
316 5778 442 5834 Cor.
482 5794 575 5842 ιιι,
624 5772 757 5845 εἰς
804 5773 851 5804 ⁸⁹
875 5772 1065 5829 Matth.
1117 5792 1228 5843 xvr,
1273 5776 1373 5840 εις
1404 5776 1536 5833 Luc.
1570 5792 1646 5837 Ix,
1670 5777 1731 5841 ὃς
1766 5776 1871 5832 Mat

1800 5776 1956 5832 latth.
2009 5794 2081 5841 ιι,
2112 5778 2215 5844 28;
2253 5794 2406 5845 xvm,
2439 5777 2524 5832 l2.
2604 5777 2650 5809 ⁶⁰
2672 5776 2833 5832 Joan.
2876 5791 3008 5839 xvn,
3040 5774 3129 5830 l9.
3207 5773 3295 5830 “l
3326 5771 3455 5829 Cor.

186 5846 241 5908 in,
274 5849 335 5914 2;
374 5849 548 5907 Hebr.
590 5864 652 5911 ν,
700 5843 790 5899 19..
862 5846 908 5875 “
933 5845 1097 5901 Zaclt.
1136 5863 1207 5913 tv,
1246 5848 1330 5914 l5,
1368 5849 1451 5902 li.
1527 5850 1571 5881 ’⁵³
1603 5847 1768 5904 Zaclt.
1805 5866 1875 5915 XI,
1906 5850 1958 5903 7.
