4192 6424
728 402 793 468 51
1840 486 1843 489 Α
1939 406 2234 467 mcum-3
2272 408 2308 467 Ρ

2411 409 2469 468 Ἠ
2478 409 2724 470 LAGON
2735 412 2804 469 IS
3924 408 4000 475 52

728 516 1087 587 Evangelium
1132 516 1521 585 defungentcs,
1553 517 1689 585 legis
1725 516 1952 570 umbras
1978 532 2043 572 ac
2080 516 2308 587 ligurali:

2430 532 2524 567 και
2574 516 2786 579 Παῦλος
2842 518 3103 585 γεγόνασι
3151 520 3231 589 τῷ
3294 520 3592 590 πνεύματν
3650 538 3744 576 και
3788 522 3851 577 τὸ
3910 527 4009 593 τῆς

730 609 989 663 mandata
1028 610 1084 663 in
1120 610 1213 662 illo
1252 609 1524 679 dissipant
1553 617 1717 677 atque
1755 618 2033 663 evertunt.

804 870 1126 931 Enimvero,
1171 871 1300 940 quid
1335 871 1448 923 bmc
1470 870 1537 924 ad
1562 871 1783 925 laudem
1810 872 2078 927 claritatis
2106 874 2318 944 magni-

731 962 962 1016 ﬁcentia:
1008 974 1205 1018 vestra:
1248 964 1582 1018 vidcantur?
1626 965 1822 1021 Certus
1854 966 2002 1019 enim
2033 982 2177 1031 sum,
2218 983 2318 1021 ve-

725 1062 893 1104 stram
923 1053 1070 1107 illam
1093 1054 1417 1119 claritatem,
1444 1055 1645 1109 nedum
1664 1056 2052 1110 historicorum
2070 1057 2317 1111 omnium

728 1146 1116 1199 dexteritatem
1166 1156 1564 1217 oratorumque
1613 1150 1721 1201 vim
1768 1149 1989 1204 dicendi
2030 1150 2316 1217 excedere,

733 1254 925 1291 verum
984 1240 1148 1292 etiam
1205 1255 1450 1294 summos
1492 1240 1634 1309 apud
1676 1256 1776 1295 nos
1830 1242 2128 1313 theologos,
2182 1243 2318 1297 nihil

732 1341 909 1383 vestra
954 1331 1178 1398 dignum
1212 1333 1371 1386 laude
1410 1349 1567 1401 posse
1596 1333 1816 1388 eﬂcrre.
1848 1334 2317 1401 Quemadmodum

725 1425 871 1476 enim
933 1425 1120 1479 nullus
1177 1442 1357 1479 sermo
1402 1434 1505 1491 est,
1553 1427 1647 1496 qui
1688 1429 2020 1483 eminentem
2062 1431 2318 1485 omnibus

726 1518 1068 1585 majestatem
1104 1519 1303 1571 merito
1348 1518 1625 1587 explicare
1667 1519 1902 1573 sulliciat
1930 1519 2140 1587 (divina
2166 1521 2317 1574 enim

727 1612 924 1676 gloria,
950 1612 1150 1665 nedum
1174 1628 1510 1676 sermonem,
1537 1628 1727 1666 verum
1753 1622 1807 1666 et
1833 1624 2109 1681 mentem;
2138 1630 2318 1684 neque

726 1706 1023 1758 humanam
1072 1706 1270 1768 solum,
1322 1706 1415 1759 scd
1450 1714 1505 1759 ct
1539 1704 1917 1773 Seraphicam.
1950 1707 2108 1776 longe
2150 1723 2316 1776 supe-

726 1802 859 1859 rat),
910 1800 991 1853 sic
1038 1814 1258 1868 quoque
1284 1800 1397 1867 ipsa
1431 1814 1645 1861 eorum,
1679 1800 1772 1869 qui
1825 1799 1969 1868 apud
2016 1800 2161 1853 illam
2185 1816 2313 1855 vere

730 1889 873 1942 ﬁrmi
911 1897 1184 1943 steterunt
1224 1904 1655 1959 supremumque
1688 1889 1836 1943 nacti
1867 1890 2130 1944 honorem
2162 1899 2309 1956 sunt,
2344 1884 2387 1938 Β

726 1990 875 2033 tanta
906 1979 1125 2033 claritas
1182 1990 1287 2042 est,
1320 1988 1379 2032 ut
1409 1994 1511 2033 nec
1540 1979 1725 2033 verbis
1754 1980 2008 2049 exprimi,
2046 1998 2149 2036 nec
2178 1983 2310 2038 satis

725 2081 909 2125 mente
953 2072 1167 2142 concipi
1215 2073 1425 2142 possit:
1474 2083 1638 2142 atque
1694 2074 1746 2127 id
1797 2075 2050 2143 amplius,
2102 2092 2212 2144 quo
2255 2087 2311 2131 et

723 2166 898 2236 magis
930 2182 1157 2221 accessu
1203 2166 1269 2218 ad
1306 2167 1912 2235 supersubstantialcm,
1954 2168 2223 2239 quidquid
2253 2170 2309 2224 in

724 2261 925 2314 creatis
963 2269 1065 2324 est,
1100 2259 1339 2314 excedit.

798 2354 1253 2422 Quandoquidem
1288 2354 1456 2424 igitur
1506 2365 1728 2410 terrena
1774 2357 1955 2411 omnis
1997 2356 2182 2428 lingua
2218 2374 2311 2413 ve-

725 2447 855 2499 stris
881 2446 1055 2513 impar
1082 2445 1339 2499 laudibus
1361 2454 1467 2508 est,
1492 2446 1586 2500 ubi
1611 2446 1793 2501 adhuc
1830 2462 2004 2515 pauca
2042 2447 2311 2518 adjeceri-

726 2554 868 2599 mus,
905 2536 1213 2605 spirituque
1258 2537 1560 2605 spiritalius
1587 2538 2029 2602 salutaverimus,
2058 2537 2309 2607 magniﬁ-

725 2630 962 2682 centiam
1007 2629 1191 2699 gloria:
1219 2630 1529 2684 sanctitatis
1557 2640 1750 2685 vestrae
1788 2631 2007 2685 silentio
2032 2631 2307 2685 dabimus.

726 2722 962 2785 Salvete,
996 2729 1215 2785 natura,
1244 2721 1295 2774 id
1326 2730 1411 2775 est
1434 2721 1639 2777 deitate
1668 2725 1972 2791 conjunctae
2003 2724 2307 2787 Trinitatis,

724 2828 889 2880 quam
963 2812 1362 2872 annuntiastis,
1415 2827 1479 2866 ac
1531 2815 1689 2883 cujus
1739 2814 1989 2867 notitiam
2046 2824 2310 2868 creatura:

721 2905 873 2958 otnni
917 2903 1201 2968 intulistis,
1238 2904 1597 2960 sacratissimi
1648 2921 1928 2975 praecones
1971 2916 2027 2961 et
2072 2907 2305 2977 apostoli

719 3005 773 3047 Cl
802 3003 988 3049 ῐοδιεε.

797 3088 1043 3153 Salvete,
1077 3088 1204 3157 equi
1235 3088 1446 3143 ratione
1477 3097 1771 3157 menteque
1802 3088 2039 3157 praediti,
2072 3088 2310 3158 singula-

720 3186 855 3238 riter
878 3186 1101 3254 Deoque
1122 3184 1312 3253 judice
1343 3184 1470 3238 lecti
1492 3200 1557 3238 ac
1586 3183 1783 3238 delecti
1813 3203 1825 3237 :
1856 3200 1963 3238 non
1997 3194 2058 3239 ut
2084 3186 2305 3254 quidam

2424 608 2650 676 χάριτος
2685 610 3020 675 Εὑαγγέλιον
3052 608 3469 680 ἱερουργοῦντες
3491 655 3506 676 ,
3559 615 3629 667 τά
3666 615 3873 684 σκιώδη
3912 615 4007 669 τοῦ

2425 702 2595 769 νόμου
2628 704 2721 753 καὶ
2749 703 2969 756 τυπικά
3003 705 3451 777 παραγγέλματα
3479 708 3925 774 δωσκεδάζουσιν
3946 712 4008 765 ἐν

2430 793 2583 863 αὐτῷ
2623 795 2719 847 καὶ
2754 812 2898 848 κατα
2905 796 3152 865 ργοῦσιν.

2504 887 2668 941 Ἀλλά
2713 888 2766 941 τί
2812 888 2990 943 ταῦτα
3034 893 3171 959 πρὸς
3221 890 3449 945 ἔπαινον
3502 892 3663 963 δόξης
3706 894 3807 962 τῆς
3856 893 4007 963 ὑμῶν

2420 980 2536 1033 ἐστι
2576 982 3005 1052 μεγαλωσύνης;
3061 983 3332 1052 Πείθομαι
3378 985 3509 1056 γὰρ,
3547 985 3610 1037 οὑ
3655 986 3819 1052 μόνον
3853 985 4003 1053 λογο-

2419 1076 2649 1145 γράφων
2670 1093 2729 1129 τε
2758 1076 2940 1145 πάσης
2970 1078 3254 1147 περινοίας
3289 1078 3385 1130 καὶ
3417 1079 3667 1148 ρητόρων
3697 1078 4001 1146 δυνάμεως,

2420 1167 2521 1235 τὴν
2547 1166 2822 1235 ὑμετέραν
2858 1168 3172 1237 ὑπερῆρθαι
3210 1168 3394 1232 δόξαν,
3423 1169 3562 1222 ἀλλὰ
3598 1170 3693 1222 καὶ
3720 1170 3847 1231 τοὺς
3873 1170 4003 1239 παρ’

2420 1259 2553 1327 ἡμῖν
2586 1260 2925 1329 ἀκροτάτους
2957 1260 3265 1326 θεολόγους,
3296 1260 3464 1329 μηδὲν
3498 1262 3677 1312 είπεῖν
3719 1260 3867 1325 ἄξιον
3905 1260 4000 1312 δὺ-

2419 1352 2618 1406 νασθαι
2650 1352 2751 1421 τῆς
2802 1353 3079 1423 ὑμετέρας
3125 1352 3487 1421 τελειότητος.
3523 1352 3738 1423 Ὠσπερ
3766 1354 3875 1422 γὰρ
3900 1354 4001 1405 οὐκ

2421 1446 2536 1499 ἔστι
2592 1445 2752 1513 λόγος
2796 1446 3020 1509 ἐπαξιος
3048 1447 3149 1514 τῆς
3201 1447 3581 1516 ὑπερεχούσης
3611 1447 4002 1517 ἔκφαντορικὺς

2417 1536 2577 1607 δόξης
2596 1552 2611 1565 ο
2655 1535 2751 1588 καὶ
2783 1535 2893 1605 γὰρ
2922 1535 2984 1587 οὑ
3016 1536 3179 1603 λόγου
3218 1536 3399 1605 μόνον,
3436 1536 3571 1588 ἀλλά
3600 1537 3695 1588 καὶ
3727 1536 3995 1597 διανοίας·

2417 1629 2517 1679 οὐκ
2578 1626 2939 1696 ἀνθρωπικῆς
2974 1627 3176 1695 μόνον,
3232 1629 3370 1681 ἀλλά
3438 1630 3534 1681 καὶ
3593 1628 3922 1696 Σεραφικῆς.
3962 1628 3998 1696 ἦ

2418 1719 2539 1771 θεία
2591 1720 2949 1789 μεγαλειότης
2998 1720 3353 1789 ὑπερίδρυται
3387 1736 3403 1750 ο
3438 1720 3582 1772 οὑτω
3615 1720 3708 1772 καὶ
3731 1720 3838 1772 τῶν
3869 1719 4001 1789 παρ’

2418 1813 2558 1881 αὐτῇ
2608 1814 2852 1881 γνησίως
2893 1812 3219 1882 ἱδρυμένων,
3264 1813 3358 1864 καὶ
3396 1811 3496 1880 τῆς
3541 1811 3806 1866 ἀνωτάτω
3833 1813 4000 1881 τιμῆς

2416 1906 2852 1975 εὑμοιρηκότων,
2878 1905 3258 1975 ἁνέκφραστός
3287 1906 3347 1957 τέ
3371 1906 3486 1958 ἐστι
3518 1906 3612 1958 καὶ
3642 1905 3999 1974 ἀπερινόητος

2417 2000 2450 2067 ἡ
2483 1996 2612 2061 δόξα
2638 2013 2652 2026 ’
2696 1998 2793 2049 καὶ
2844 1998 3085 2067 τοσούτῳ
3133 1998 3320 2060 πλέον,
3370 1999 3482 2067 ὅσῳ
3530 1998 3626 2051 καὶ
3680 1996 3879 2067 μᾶλλον
3925 1998 3996 2066 τῇ

2418 2090 2551 2158 πρὸς
2588 2089 2678 2142 τὸν
2726 2089 3051 2159 ὑπερούσιον
3095 2089 3359 2159 ὲγγύτητι
3408 2090 3510 2159 τὴν
3537 2090 3670 2161 ὅλην
3718 2090 3997 2160 ὑπερανα-

2418 2183 2590 2236 ϐαίνει
2622 2182 2823 2235 κτίσιν.

2489 2341 2842 2424 Τοιγαροῦνί
2877 2356 3069 2426 ἐπειδὴ
3122 2358 3275 2409 πᾶσα
3333 2356 3571 2427 γηγενὴς
3622 2356 3841 2425 γλῶσσα
3893 2356 3999 2425 τῆς

2416 2450 2538 2498 κατ’
2590 2447 2748 2512 ἀξίαν
2799 2447 3088 2511 αἰνέσεως]
3111 2446 3369 2515 ὑφεῖται,
3436 2448 3612 2519 μικρά
3675 2446 3859 2500 λοιπὸν
3910 2448 3998 2501 ἔτι,

2416 2538 2830 2607 προσειπόντες,
2866 2538 2961 2589 καὶ
3003 2537 3084 2607 τῷ
3116 2536 3390 2607 πνεύματι
3421 2537 3829 2607 μυστικώτερον
3856 2555 3998 2590 κατ-

2417 2634 2836 2702 ασπασάμενοι,
2872 2634 2997 2703 σιγῇ
3036 2632 3135 2703 τὴν
3167 2631 3645 2701 μεγαλοπρέπειαν
3698 2631 3801 2699 τῆς
3832 2630 4001 2701 δόξης

2416 2727 2517 2795 τῆς
2577 2726 2850 2795 ὑμετέρας
2903 2726 3133 2795 θείημεν
3192 2725 3525 2794 ἁγιωσύνης.
3580 2724 3837 2793 Χαίρετε,
3885 2723 3999 2793 τῆς

2416 2817 2698 2886 τριαδικῆς
2729 2818 3006 2885 συμφυΐας
3045 2817 3077 2887 ἢ
3115 2816 3387 2879 ωνθεῖας,
3417 2818 3515 2886 τῆς
3547 2817 3616 2870 δι’
3662 2815 3819 2885 ὑμῶν
3852 2832 3997 2868 κατ-

2415 2907 2770 2973 αγγελείσης,
2794 2909 2887 2959 καί
2912 2907 3057 2977 πάσῃ
3093 2909 3156 2978 τῇ
3189 2908 3364 2959 κτίσει
3382 2907 3743 2976 γνωσθείσης,
3763 2905 4000 2976 ἱερώτα-

2414 3016 2498 3050 τοι
2525 3000 2768 3067 κήρυκες
2801 2998 2897 3051 καὶ
2926 2999 3212 3051 ἀπόστολοι
3240 3000 3335 3051 καὶ
3372 3000 3669 3068 μάρτυρες.

2487 3091 2743 3163 Χαίρετε,
2781 3092 2941 3143 ἵπποι
2970 3092 3180 3159 λογικοὶ¹
3225 3093 3320 3145 καὶ
3350 3094 3548 3162 νοεροὶ,
3591 3092 3865 3144 ἐπίλεκτοι
3896 3092 4003 3144 καὶ

2419 3183 2711 3246 θεόλεκτοι,
2762 3185 2861 3252 οὑχ
2908 3183 2984 3245 ὦς
3031 3201 3176 3245 τινες
3225 3183 3497 3250 λέγονται,
3528 3183 3627 3253 τὴν
3680 3183 3847 3254 χρόαν
3892 3183 4000 3235 τοῦ

718 3287 1021 3341 vocantur,
1074 3277 1327 3345 corporis
1380 3276 1566 3329 colore
1618 3276 1743 3330 nive
1791 3277 2153 3338 candidiores,
2210 3277 2304 3331 sed

2412 3274 2663 3344 σώματος
2691 3248 3003 3346 λευκότεροι
3025 3276 3235 3345 χιόνος’
3267 3248 3382 3330 ἀλλ’
3414 3277 3556 3346 ὑπὲρ
3581 3248 3755 3345 ἀιόρἆ,
3795 3279 3859 3345 τῇ
3889 3277 4001 3345 τῆς

717 3384 886 3437 supra
919 3369 1100 3423 nivem
1130 3370 1300 3422 animi
1334 3369 1573 3437 puritate
1607 3369 1847 3424 nitentes
1869 3370 1950 3422 διε
1998 3386 2101 3423 nec
2141 3386 2305 3423 cursu

716 3465 897 3519 ventis
927 3479 1113 3533 pares.
1146 3464 1243 3518 sed
1289 3464 1491 3519 mentis
1540 3464 1827 3518 velocitate
1872 3474 2035 3533 atque
2080 3463 2308 3516 numine

716 3566 1009 3608 ventorum
1072 3553 1315 3607 volatum
1368 3563 1695 3623 superantes
1739 3571 1752 3605 ἒ
1810 3569 1911 3607 IICC
1960 3562 2225 3621 quantum
2275 3566 2307 3605 8

714 3648 935 3715 specula
982 3645 1207 3715 dispicit
1250 3645 1465 3708 oculus,
1505 3654 1718 3697 tantum
1752 3652 1979 3713 repente
2008 3642 2305 3697 subsilien-

716 3754 830 3802 tes,
891 3741 967 3795 uti
1028 3750 1188 3809 poeta
1246 3739 1522 3808 loquitur,
1591 3737 1687 3793 sed
1741 3747 2006 3807 quantum
2064 3738 2146 3791 sol
2203 3738 2306 3791 iste

715 3849 912 3902 magna
951 3832 1076 3886 luce
1131 3831 1542 3901 complectitur,
1588 3840 1892 3885 creaturam
1945 3846 2162 3884 omnem
2199 3830 2308 3883 ful-

714 3926 869 3992 guris
919 3925 1091 3977 instar
1123 3939 1375 3977 sermone
1442 3932 1843 3992 percurrentes.
1903 3920 2117 3987 Quibus
2163 3922 2307 3976 Deus

712 4018 954 4069 Verbum
979 4016 1316 4077 conscensis,
1354 4024 1415 4067 ut
1441 4014 1686 4082 loquitur
1724 4012 1947 4065 divinus
1975 4013 2301 4076 Ambacum,

714 4116 880 4176 atque
903 4108 956 4160 in
984 4107 1232 4176 spiritale
1260 4107 1369 4161 hoc
1398 4121 1547 4160 mare
1574 4105 1848 4169 deductis,
1875 4105 1928 4159 in
1956 4106 2112 4159 vobis
2137 4122 2307 4174 aquas

713 4200 915 4253 multas
942 4200 1208 4269 (gentium
1256 4199 1466 4255 scilicet
1516 4200 1753 4264 mentes)
1804 4199 2045 4252 turbavit
2069 4200 2134 4252 “.
2176 4199 2307 4269 Ejus

712 4309 845 4346 vero
916 4293 1233 4362 equitatus,
1310 4308 1506 4347 eorum
1574 4292 1671 4360 qui
1741 4291 2098 4346 turbarentur
2156 4294 2305 4348 salus

710 4386 942 4439 exstitit.

783 4478 1031 4543 Salvete,
1079 4478 1289 4547 lapides
1334 4480 1599 4549 pretiosi,
1656 4491 1778 4551 post
1821 4481 1972 4535 illum
2028 4496 2301 4534 summum

2408 3368 2589 3437 ψυχῆς
2618 3368 3019 3436 διαλάμποντες
3061 3367 3433 3437 καθαρότητι*
3466 3368 3587 3421 οὑδὲ
3634 3368 3726 3420 τὸν
3783 3368 4003 3437 δρόμον

2410 3462 2635 3530 ἀνέμοις
2698 3460 3112 3530 παραπλήσιοι·
3165 3461 3281 3513 ἀλλ’
3334 3460 3477 3531 ὑπὲρ
3527 3461 3742 3529 ἀνέμων
3788 3460 4003 3528 πτῆσιν

2408 3553 2654 3623 ὀξύτεροι
2686 3556 2751 3624 τῇ
2784 3552 2877 3606 τοῦ
2903 3553 2995 3606 νοῦ
3029 3553 3291 3623 ταχύτητι
3325 3553 3419 3606 καὶ
3460 3554 3707 3623 θεότητι’
3736 3552 3842 3606 οὐδ’
3864 3554 4005 3605 ὅσον

2407 3646 2683 3713 ὀφθαλμὸς
2738 3646 2847 3700 ἀπὸ
2889 3647 3125 3708 σκοπιᾶς
3153 3647 3275 3716 ὁρᾷ,
3324 3645 3583 3699 τοσοῦτον
3612 3645 3823 3715 ἀθρόως
3861 3646 4003 3698 ἐπι-

2411 3740 2777 3807 θρώσκοντες,
2830 3739 2973 3791 κατά
3017 3740 3117 3806 τὴν
3170 3740 3392 3807 ποίησιν
3415 3755 3429 3768 ·
3459 3739 3576 3792 ἀλλ’
3629 3740 3754 3791 ὅσον
3783 3740 3810 3791 ὁ
3836 3739 4005 3807 ἣλιος

2408 3825 2564 3894 οὗτος
2584 3830 2664 3901 τῷ
2697 3832 2919 3900 μεγαλῳ
2950 3834 3091 3899 φωτὶ
3136 3832 3557 3903 περιλαμϐάνει,
3593 3834 3769 3886 κτίσιν
3806 3836 4005 3885 πᾶσαν

2409 3922 2697 3992 ἀστραπῆς
2728 3922 2929 3991 τρόπον
2969 3920 3046 3990 τῷ
3083 3920 3226 3989 λόγῳ
3274 3921 3681 3989 διατρέχοντες·
3720 3919 3804 3987 ἐφ’
3846 3914 3927 3981 οἷς
3969 3923 4006 3972 ὁ

2407 4014 2539 4075 Θεὸς
2572 4014 2762 4080 Λόγος,
2798 4013 2938 4065 κατά
2965 4014 3055 4065 τὸν
3094 4013 3238 4066 θεῖον
3281 4012 3477 4074 ἐπιϐὰς
3516 4012 3856 4079 Ἀμϐακοὺμ,
3890 4014 4005 4065 καὶ

2406 4109 2485 4168 εἰς
2511 4106 2610 4175 τὴν
2642 4104 2839 4173 νοητὴν
2858 4104 3064 4173 ταύτην
3092 4104 3371 4158 Θάλασσαν
3397 4104 3744 4167 ἐπιϐιϐάσας,
3769 4106 3825 4169 ὲν
3854 4104 4006 4171 ὑμῖν

2408 4198 2579 4251 ὕδατα
2614 4198 2807 4260 πολλὰ,
2834 4196 2935 4259 τάς
2960 4198 3069 4249 τῶν
3092 4197 3261 4249 ἐθνῶν
3295 4197 3537 4259 διανοίας
3569 4196 3879 4265 διετάραξεν
3908 4213 3922 4226 ο
3957 4200 4004 4267 ἡ

2408 4290 2647 4343 ίππασία
2705 4288 2765 4342 δὲ
2819 4288 3010 4342 τούτου
3087 4289 3334 4359 σωτηρία
3388 4287 3497 4340 τῶν
3564 4288 4009 4358 ταραττομένων

2404 4384 2659 4454 ἐγενήθη.

2475 4479 2735 4547 Χαίρετε,
2772 4477 2930 4543 λίθοιῖ
2951 4477 3147 4547 τίμιοι,
3199 4477 3247 4528 οί
3284 4476 3421 4545 μετά
3444 4476 3535 4529 τὸν
3564 4476 4007 4544 ἀκρογωνιαῶν,

709 4568 1024 4637 angularem
1082 4570 1137 4623 in
1195 4571 1461 4639 Spiritalis
1520 4572 1650 4628 Sion
1710 4574 2064 4628 fundamenta
2122 4572 2297 4627 missi.

2411 4572 2483 4634 είς
2501 4572 2569 4625 τὰ
2590 4571 2690 4640 τῆς
2720 4571 2925 4641 νοητῆς
2952 4568 3261 4639 τεθειμένοι
3285 4568 3514 4638 θεμέλια
3540 4568 3696 4621 Σιών.
3723 4568 4007 4636 Χαίρετε,

710 4662 949 4727 Salvete,
975 4663 1320 4718 venerabiles
1348 4665 1442 4719 Dei
1472 4666 1641 4730 servi,
1667 4666 1870 4722 Christi
1898 4666 2085 4721 ﬁdeles
2114 4667 2299 4731 amici,

708 4754 924 4807 Domini
982 4754 1218 4823 Spiritus
1278 4758 1419 4810 sacri
1482 4757 1671 4821 liberi,
1726 4760 2049 4827 angelorum
2104 4759 2298 4828 gloria,

2399 4664 2493 4716 τοῦ
2531 4663 2664 4716 Θεοῦ
2698 4664 2889 4716 σεπτοὶ
2916 4662 3114 4727 δοῦλοι,
3156 4663 3253 4714 τοῦ
3299 4660 3541 4732 Χριστοῦ
3587 4662 3769 4713 πιστοὶ
3811 4660 4007 4727 φίλοι,

2402 4757 2497 4809 τοῦ
2546 4756 2757 4824 Κυρίου
2798 4754 3117 4825 Πνεύματος
3150 4753 3275 4824 ίερὰ
3303 4753 3489 4817 τέκνα,
3534 4752 3644 4805 τῶν
3710 4751 4014 4819 Ἀγγέλων

707 4843 1162 4912 archangelorum
1196 4845 1337 4906 laus,
1388 4847 1804 4916 Principatuum
1835 4849 2163 4907 sublimitas.
2197 4850 2299 4905 Po-

2411 4849 2544 4914 Ξόξα,
2575 4847 2685 4901 τῶν
2719 4847 3105 4917 Ἀρχαγγέλων
3151 4846 3397 4911 ἔπαινος,
3439 4844 3549 4898 τῶν
3587 4844 3795 4914 Ἀρχῶν
3825 4844 4009 4913 ὕψω-

711 4942 965 4988 tcstatum
1012 4935 1282 5005 gloriatio.
1336 4935 1615 4993 Virtutum
1662 4940 2002 5009 jucunditas,
2033 4942 2295 4995 Domina-

702 5025 916 5078 tionum
960 5027 1289 5091 exsultatio,
1324 5028 1670 5084 Thronorum
1728 5032 1937 5096 honor,
1994 5032 2294 5088 Cherubim

703 5116 1018 5181 oblectatio,
1057 5119 1342 5189 Seraphim
1374 5125 1732 5191 pulchritudo
1770 5138 1826 5183 et
1861 5129 2029 5184 decor
2048 5130 2113 5185 “.

772 5292 1013 5360 Salvete,
1046 5296 1248 5353 diaboli
1290 5300 1685 5368 destructores,
1734 5307 2053 5364 hominibus
2095 5324 2291 5364 mune-

2398 4961 2494 5013 μα,
2527 4942 2636 4995 τῶν
2690 4940 2979 5005 Ἐξουσιῶν
3031 4941 3315 5011 καύχημα,
3345 4940 3455 4992 τῶν
3504 4939 3794 5008 Δυνάμεων
3836 4939 4017 5008 θυμ-

2400 5035 2561 5103 ηδία,
2632 5034 2741 5087 τῶν
2805 5034 3155 5105 Κυριοτήτων
3205 5032 3518 5101 ἀγαλλίαμα
3543 5073 3559 5097 ,
3606 5032 3717 5085 τῶν
3762 5032 4019 5102 Θρόνων

2398 5128 2557 5197 τιμὴ,
2584 5126 2692 5179 τῶν
2720 5126 3035 5197 Χερουϐελμ
3070 5125 3347 5196 τερπωλὴ,
3370 5124 3480 5178 τῶν
3506 5124 3791 5195 Σεραφεὶμ
3843 5124 4019 5179 καλ-

2399 5217 2551 5271 λονὴ.

2468 5238 2489 5269 ν
2536 5257 2551 5271 ο

2468 5236 2726 5378 Χῖαἱρετε,
2767 5309 3015 5362 διαϐόλου
3038 5308 3384 5380 καθαιρέται,
3410 5306 3717 5378 ἀνθρώπων
3746 5307 3963 5377 εὐεργέ
3992 5341 4019 5352 -

702 5401 823 5440 rum
880 5387 1015 5457 largi
1071 5390 1416 5458 praebituros,
1472 5398 1679 5450 erroris
1728 5398 1997 5463 vindices,
2044 5400 2293 5453 veritatis

701 5478 940 5545 patroni,
978 5478 1249 5535 idolorum
1278 5484 1605 5549 destructio,
1633 5487 1920 5543 Trinitatis
1947 5490 2283 5558 prmdicatio,

699 5567 980 5625 luereseon
1028 5572 1278 5637 abolitio,
1322 5589 1670 5645 peccatorum
1717 5583 2063 5651 pr0pitiatio;
2093 5600 2284 5638 eorum

699 5676 823 5729 quze
882 5672 1203 5719 veterantur
1259 5671 1495 5734 eversio,
1548 5688 1740 5725 eorum
1792 5692 1911 5743 qum
1952 5677 2285 5730 innovantur

699 5757 1025 5810 conversio:
1057 5760 1251 5819 littera:
1286 5762 1593 5829 ιὶεδιὶιιιιίο,
1626 5768 1851 5836 spiritus
1877 5771 2243 5825 confirmatio.

782 5872 829 5909 “
850 5874 1053 5933 Thren.
1092 5896 1162 5945 tv,
1196 5883 1243 5937 7.
1326 5885 1370 5915 “"
1399 5884 1597 5940 llabac.
1635 5904 1713 5954 ιιι,
1752 5891 1800 5941 8.

2393 5418 2505 5461 ται,
2544 5401 2754 5471 πλάνης
2787 5402 3071 5464 ἀντίδικοι,
3110 5402 3372 5471 ἀληθείας
3407 5403 3717 5472 συνήγοροι,
3744 5401 4027 5459 arma”

2398 5494 2737 5564 καθαίρεσις,
2764 5496 2996 5565 Τριάδος
3015 5496 3342 5566 ἀνάρρησις,
3364 5497 3629 5566 αίρέσεων
3648 5497 4021 5565 ἀφανισμὸς,

2399 5584 2689 5655 αμαρτιῶν
2722 5584 2969 5653 ίλασμὺς,
3000 5585 3111 5639 τῶν
3146 5585 3565 5655 παλαιουμὲνων
3604 5587 4025 5657 καταστροφὴ,

2392 5678 2505 5729 τῶν
2572 5678 3055 5747 ἁνακαινουμένων
3110 5679 3440 5749 ἐπιστροφὴ,
3504 5679 3602 5734 τοῐ¹
3648 5678 4029 5750 γράμματας

2396 5772 2682 5839 ἁθετηταὶ,
2716 5774 2811 5825 τοῦ
2845 5776 3159 5846 πνεύματος
3184 5774 3449 5846 κυρωταί.

1883 5891 2047 5947 “lsa.
2082 5908 2261 5960 xmu,
2307 5893 2405 5959 l6;
2444 5892 2485 5947 ll
2531 5894 2656 5949 Cor.
2694 5911 2772 5959 ιιι,
2812 5896 2892 5948 l7.
