4192 6424
197 376 262 436 53
1103 389 1387 450 ORATIO
1423 391 1516 453 IV.
1559 394 1740 453 -ΙΝ
1783 396 2094 456 LAUDEM
2137 401 2199 460 S.
2248 399 2593 459 ANDREE.
3392 411 3461 474 54

270 491 535 562 Χαίρετε,
563 493 676 547 τῶν
714 495 1055 566 Ἐκκλησιῶν
1086 501 1407 568 ἀνάστασις,
1434 504 1544 557 τῶν
1569 509 1772 578 κατερ-

1876 553 1878 560 .
1950 507 2188 574 Salvete,
2231 511 2603 566 Ecclesiarum
2647 513 2907 567 excitatio
2969 515 3232 572 elisorum
3263 519 3473 577 instau-

199 584 494 652 ραγμένων
518 587 842 658 ἀνάκτησις,
857 590 966 642 τῶν
988 591 1428 665 ἀπηλπισμένων
1456 597 1780 669 ἀνάκλησις,

194 676 306 730 τῶν
326 678 390 732 ἐν
420 679 606 742 πόνοις
638 685 976 754 παρηγορία,
1005 686 1114 739 τῶν
1145 689 1205 740 ὲν
1245 689 1446 744 πάθεσι
1491 690 1779 763 θεραπεία,

195 768 307 821 τῶν
331 772 395 824 ὲν
423 772 612 825 πένθει
643 777 990 846 παραμυθία,
1021 779 1130 832 τῶν
1177 783 1591 854 χειμαζομένων
1620 785 1782 858 λιμὴν

191 862 469 932 ἀσφαλὴς,
501 865 613 919 τῶν
659 869 976 938 πενομένων
1023 873 1255 938 πλοῦτος
1305 876 1621 948 ἀνελλιπὴς,
1673 879 1781 932 τῶν

192 954 578 1011 πλουτούντων
647 961 933 1031 ἀντίληψις
969 965 1240 1038 ἀψευδὴς,
1295 967 1407 1022 τῶν
1457 969 1781 1038 ὀφειλόντων

191 1046 490 1118 ἐγγυηταὶ,
524 1048 633 1104 τῶν
663 1052 989 1123 σωζομένων
1016 1061 1406 1129 προασπισταί.

263 1139 507 1210 Χαίρετε
538 1145 634 1200 καὶ
663 1146 1022 1219 εὐφραίνεσθε
1050 1189 1068 1214 ,
1118 1153 1362 1224 οὐρανοὶ,
1396 1155 1514 1226 ἅμα
1541 1157 1618 1228 τῷ
1652 1161 1781 1232 ὑμῖν

190 1227 278 1285 οἷα
304 1233 490 1306 θρόνῳ
515 1237 840 1311 θεοπρεπῶς
864 1245 1216 1318 ἐποχουμένῳ
1235 1264 1248 1278 ·
1281 1249 1501 1320 οὐρανοὶ
1531 1227 1664 1308 θείοι
1685 1227 1781 1310 καὶ

190 1328 401 1396 νοητοὶ,
446 1331 543 1382 καὶ
571 1331 675 1402 τῆς
704 1335 764 1385 ἐν
792 1335 1044 1405 οὐρανοῖς
1076 1339 1405 1410 Ἐκκλησίας
1437 1348 1780 1414 μυστικώτα-

183 1433 278 1468 τον
319 1420 620 1490 στερέωμα
666 1443 678 1453 ·
731 1425 780 1474 οἱ
828 1425 926 1496 τὴν
981 1427 1121 1480 Θεοῦ
1169 1428 1328 1494 δόξαν
1369 1435 1779 1504 μαγαλοφώνως

186 1508 573 1580 διηγούμενοι,
637 1515 732 1568 καὶ
776 1516 876 1587 τὴν
925 1517 1036 1570 τῶν
1081 1521 1286 1592 χειρῶν
1333 1525 1498 1579 αὐτοῦ
1560 1529 1778 1598 ποίησιν

184 1599 438 1663 ἀεννάως
471 1604 901 1672 ἀναγγέλλοντες
929 1624 943 1638 ·
977 1602 1050 1663 ὧν
1093 1612 1122 1663 ό
1164 1614 1402 1683 φθόγγος
1453 1619 1536 1681 είς
1595 1622 1779 1674 πᾶσαν

185 1693 464 1787 λαμπρῶς
494 1697 782 1768 ἐξελήλυθε
835 1702 933 1772 τὴν
959 1706 1089 1774 γῆν,
1146 1709 1243 1761 καὶ
1286 1709 1400 1762 τῶν
1449 1713 1776 1787 ρημάτωνή

181 1784 420 1854 Cium;
445 1791 524 1852 είς
553 1789 624 1844 τὰ
647 1792 863 1862 πέρατα
881 1795 1142 1867 διέδραμε
1160 1798 1262 1867 τῆς
1292 1803 1640 1875 οίκουμένης.

255 1877 477 1948 Ὠσπερ
518 1875 612 1932 οὖν
649 1883 744 1950 ἀφ’
790 1884 965 1952 ὑμῶν,
997 1864 1171 1958 ﬁdi."
1211 1864 1367 1960 ύμῶν
1419 1864 1462 1963 ἡ,
1507 1864 1773 1969 θεανρχικὴ
1811 1864 1851 1920 Β

181 1970 348 2039 χάρις
392 1977 508 2036 τοῖς
545 1975 782 2044 πέρασιν
807 1978 1093 2049 ἐξήχηται,
1125 1983 1269 2038 οὕτω
1297 1987 1390 2040 καὶ
1423 1987 1595 2054 δεξιὸν
1623 1992 1776 2055 τέλος

184 2064 342 2130 ὑμεῖς
389 2066 458 2131 τῇ
506 2064 657 2135 δεξιᾷ
705 2069 1076 2124 καταῦἀλλετε
1118 2073 1286 2146 ἀρχῇ,
1329 2077 1427 2130 καὶ
1482 2079 1573 2134 τὸν
1632 2082 1776 2135 θεῖον

184 2151 348 2219 λόγον
382 2158 501 2220 τοῖς
541 2162 712 2212 πᾶσιν
741 2161 924 2216 ἔθνεσι
953 2167 1336 2236 κρατύνοντες,
1366 2172 1467 2240 τὴν
1501 2173 1654 2244 ίεράν
1683 2176 1774 2229 πί-

184 2261 302 2295 στιν
338 2246 404 2297 ἐν
441 2249 624 2320 τούτῳ
655 2250 999 2320 βεδαιώσατε
1021 2275 1035 2288 θ
1080 2259 1208 2322 τοὺς
1236 2259 1628 2333 πλανωμένους
1651 2267 1775 2321 ἑπι-

185 2338 489 2406 στρέψατε,
515 2343 642 2402 τοὺς
679 2344 1017 2413 ἀμφιϐόλους
1041 2351 1355 2421 στηρίξατε,
1386 2356 1515 2419 τοὺς
1541 2357 1774 2426 ἀναιδῶς

183 2429 523 2497 ἀθετοῦντας
551 2433 883 2504 διορθώσατε
915 2438 948 2509 ἢ
982 2440 1232 2495 ὲκτίλατε
1253 2461 1269 2476 σ
1302 2445 1397 2498 καὶ
1425 2448 1551 2512 τοὺς
1579 2450 1680 2517 μὲν
1700 2453 1775 2522 τῷ

183 2522 442 2593 ὑμετέρῳ
469 2527 656 2579 κανόνι
690 2530 1065 2598 ποιχοῦνταξι,
1095 2534 1367 2604 ἑδραίους,
1392 2540 1777 2608 ἀμετακλινεῖς

180 2616 301 2676 τιῖς
345 2616 529 2683 ἱεραῖς
577 2622 955 2690 συντηρήσατε
996 2624 1385 2694 θεσμοθεσίαις
1406 2646 1419 2658 ·
1448 2630 1546 2694 τὰς
1569 2633 1693 2696 ὅλας
1721 2636 1777 2688 δὲ

180 2709 290 2758 τῶν
339 2710 557 2762 πιστῶν
589 2713 898 2784 όμηγύρεις
930 2719 996 2785 τῇ
1025 2717 1324 2792 ἐξολοκληρίᾳ⁵
1364 2723 1458 2776 τοῦ
1489 2723 1635 2778 θείου
1673 2728 1778 2778 σώ-

185 2817 355 2866 ματος
405 2803 466 2853 ὲν
497 2803 641 2873 ἁγίῳ
671 2805 952 2876 ῐινεύματι
1006 2811 1344 2878 συνδέοντες,
1391 2816 1453 2870 τὸ
1502 2815 1778 2891 πλήρωμα

188 2896 286 2960 τῆς
319 2893 662 2965 Ἐκκλησίας
681 2898 802 2953 ὅλον
831 2901 913 2964 είς
942 2901 1037 2955 ἕνα
1066 2904 1256 2961 καινὸν
1299 2909 1606 2982 ἄνθρωπον,
1646 2909 1708 2969 οὗ
1742 2919 1777 2988 ὴ

181 2985 397 3058 κεφαλὴ
440 2989 718 3056 Χριστὸς,
773 2993 1140 3062 καταρτίσατε
1201 3001 1297 3052 καὶ
1368 2985 1773 3076 συναρμόσατελ

182 3077 428 3146 πόλεμον
452 3079 513 3132 ﬁt
547 3082 642 3134 καὶ
663 3082 806 3136 ὅπλα
835 3087 1014 3139 πάντα
1040 3089 1360 3158 πρεσϐείαις
1385 3095 1542 3166 ὑμῶν
1561 3098 1776 3164 δεκταῖς

1887 600 2048 665 ratio,
2095 600 2511 671 desperatorum
2552 606 2859 670 revocatio,
2907 607 3276 664 laborantium
3329 615 3475 668 refc-

1884 696 2025 760 ctio,
2090 711 2364 767 aegrorum
2435 701 2686 762 curatio,
2755 700 3061 770 lugentium
3129 706 3472 772 consolatio,

1883 803 2076 844 eorum
2137 791 2234 860 qui
2287 801 2608 860 tempestate
2675 795 2951 863 jactantur
3019 803 3136 851 tuta
3201 799 3366 852 statio
3411 815 3475 854 ae

1883 891 2076 952 portus
2132 899 2438 954 pauperum
2493 885 2877 942 indeﬁcientes
2935 887 3179 956 divitiae,
3239 891 3499 946 divitum‘

1882 989 2013 1030 vera
2060 975 2333 1040 defensio,
2390 977 2704 1032 debitorum
2763 994 3080 1049 sponsores,
3129 998 3324 1041 eorum
3373 987 3470 1056 qui

1883 1069 2115 1125 salutem
2137 1081 2330 1142 parant
2350 1072 2689 1129 defensores.

1954 1165 2170 1221 Salvete
2201 1178 2258 1223 et
2284 1169 2572 1232 exsultatc,
2597 1172 2743 1237 coeli,
2767 1189 2871 1228 una
2900 1189 3025 1228 cum
3049 1187 3137 1240 eo,
3168 1176 3262 1243 qui
3286 1155 3471 1233 divina

1882 1257 1938 1312 in
1967 1257 2126 1316 vobis
2152 1262 2558 1330 magniﬁcentia
2583 1265 2738 1333 quasi
2765 1265 2820 1319 in
2852 1267 3054 1321 throno
3087 1266 3260 1322 sedet.
3289 1268 3471 1324 Divini

1881 1343 2110 1407 cmli‘et
2151 1354 2466 1422 spiritales;
2505 1358 2738 1427 ejusque
2767 1357 3046 1423 Ecclesiae,
3085 1375 3207 1430 quze
3235 1361 3290 1415 in
3316 1362 3474 1415 coriis

1880 1456 1994 1511 est,
2068 1448 2503 1502 sacratissimum
2568 1451 2970 1506 ﬁrmamentum
2999 1454 3098 1507 “7:
3162 1454 3318 1517 coeli,
3374 1455 3470 1509 Dei

1882 1539 2117 1609 gloriam
2165 1541 2277 1595 alto
2330 1543 2481 1596 vocis
2523 1555 2844 1600 enarrantes
2888 1547 3201 1616 praeconio,
3241 1550 3472 1619 ejusque

1880 1647 2022 1702 opus
2055 1649 2318 1688 manuum
2349 1635 2557 1705 jugiter
2580 1638 2974 1694 annuntiantes
3000 1657 3013 1692 :
3042 1654 3278 1709 quorum
3304 1655 3474 1696 sonus

1882 1724 1935 1778 in
1966 1740 2186 1779 omnem
2230 1725 2375 1780 clare
2417 1727 2589 1782 exivit
2627 1737 2850 1795 terram,
2880 1746 2944 1786 ac
2976 1731 3274 1786 verborum
3306 1733 3390 1787 vis
3415 1733 3468 1786 in

1880 1815 2018 1871 ﬁnes
2048 1815 2203 1870 orbis
2234 1818 2497 1872 excurrit.

1949 1909 2426 1975 Quemadmodum
2475 1913 2640 1984 igitur
2665 1930 2696 1970 a
2722 1915 2902 1980 vobis,
2937 1926 3233 1987 vestraque
3277 1931 3468 1986 opera,

1878 2000 2065 2055 divina
2095 2002 2269 2072 gratia
2313 2002 2517 2057 ﬁnibus
2561 2003 2828 2072 insonuit,
2870 2005 2951 2060 sic
2982 2021 3203 2076 quoque
3229 2005 3469 2062 faustum

1876 2095 2057 2150 fausto
2093 2096 2252 2149 initio
2295 2096 2458 2152 ﬁnem
2508 2098 2796 2166 adhibete,
2851 2099 3214 2170 divinumque
3254 2116 3470 2156 sermo-

1879 2205 2002 2244 nem
2050 2191 2266 2246 cunctis
2311 2192 2629 2247 nationibus
2681 2193 2997 2258 ﬁrmantes,
3052 2209 3266 2250 sacram
3307 2195 3360 2248 in
3402 2211 3469 2247 co

1879 2283 2040 2337 ﬁdem
2065 2284 2408 2340 conﬁrmate.
2438 2287 2701 2342 Errantes
2723 2289 3052 2351 convertite,
3074 2288 3274 2343 dubios
3297 2289 3464 2342 animi

1878 2376 2143 2441 solidate,
2204 2377 2556 2448 impudenter
2624 2389 2950 2449 spernentes
3015 2381 3307 2436 emendate
3373 2393 3466 2435 aut

1877 2469 2097 2524 evellitc
2141 2488 2154 2524 :
2216 2484 2279 2525 ac
2335 2486 2436 2533 eos
2488 2471 2712 2542 quidem
2765 2474 2862 2544 qui
2923 2482 3160 2530 vestram
3220 2474 3464 2544 regulam

1879 2570 2221 2630 sequuntur,
2285 2562 2476 2617 ﬁrmos
2532 2563 2946 2620 indeclinabiles
2998 2567 3200 2621 vestris
3251 2566 3469 2636 legibus

1878 2663 2238 2707 conservate:
2275 2654 2674 2726 universasque
2707 2656 2952 2712 ﬁdelium
2990 2657 3268 2718 collectas,
3294 2658 3469 2714 divini

1879 2742 2120 2811 Spiritus
2164 2745 2479 2816 integritate
2524 2747 2579 2800 in
2621 2754 2814 2802 sancto
2861 2747 3070 2818 Spiritu
3121 2752 3324 2804 arctius
3355 2752 3470 2806 eol-

1879 2833 2132 2904 Iigantcs,
2187 2835 2448 2891 Ecclesiae
2499 2846 2706 2893 emtum
2759 2853 2978 2894 omnem
3034 2839 3090 2895 in
3146 2857 3317 2896 unum
3368 2856 3468 2896 no—

1879 2940 2008 2979 vum
2054 2925 2354 2987 hominem,
2397 2929 2554 2999 cujus
2588 2938 2756 2998 caput
2800 2929 3076 2994 Christus,
3120 2931 3367 3000 perﬁcito
3403 2947 3469 2987 ac

1877 3029 2277 3094 coagmentate.
2308 3020 2516 3076 Bellum
2545 3031 2728 3076 autem
2754 3038 3014 3092 armaque
3035 3025 3243 3088 omnia,
3270 3025 3464 3080 vestris

1879 3109 1993 3164 Deo
2022 3113 2261 3181 acceptis
2308 3113 2800 3169 intercessionibus
2827 3130 2858 3169 e
2882 3117 3162 3171 contrario
3185 3116 3462 3179 tollentes,

180 3172 599 3234 ἀντανελόντες,
635 3175 729 3228 καὶ
759 3179 1048 3247 τροπαίοις
1075 3184 1233 3254 νίκης
1276 3185 1484 3252 ἐνθέοις
1512 3191 1604 3243 τὸν
1632 3193 1769 3262 ἀλη-

1876 3199 2187 3273 divinisque
2217 3204 2464 3258 victoriae
2515 3206 2737 3275 tropaeis
2786 3206 2938 3276 pium
2984 3223 3114 3262 vere
3163 3209 3464 3279 imperato-

182 3261 292 3326 θῶς
337 3266 546 3335 εὐσεϐῆ
585 3267 816 3336 βασιλέα
857 3274 1316 3342 καταστέφοντες,
1353 3281 1581 3352 είρήνης
1622 3261 1772 3350 θείας

177 3353 485 3418 εὐσταθοῦς
527 3375 588 3410 τε
631 3359 726 3411 καὶ
767 3361 1070 3431 γαληναίας
1106 3365 1255 3435 ζωῆς
1295 3369 1624 3442 πληρώσατε
1675 3375 1772 3447 τὴν

177 3448 282 3516 γῆν
301 3465 315 3478 ·
343 3449 560 3519 ἦρεμον
584 3450 644 3503 δὲ
675 3450 793 3519 βίον
825 3455 922 3507 καὶ
942 3456 1261 3528 φιλευσεὸἧ,
1292 3461 1388 3514 καὶ
1415 3466 1516 3534 τῆς
1552 3467 1610 3519 ἐν
1640 3468 1772 3536 Χρι..

178 3542 289 3608 στῷ
339 3541 520 3611 ’1ησεῦ
561 3543 912 3614 δικαιοσύνης
944 3548 1039 3600 καὶ
1082 3551 1436 3623 χαρμοσύνης
1477 3555 1772 3624 ὲπίμεστον

178 3638 244 3702 τῇ
299 3635 690 3707 Χριστωνύμῳ
719 3639 1134 3709 παρεσχηκότες
1177 3641 1444 3714 πολιτείᾳ,
1488 3645 1580 3698 καὶ
1634 3647 1770 3718 πρὸς

175 3727 276 3795 τήν
327 3726 449 3779 ἀνω
493 3726 874 3800 Ἰερουσαλὴμ,
925 3725 994 3800 ἧς
1033 3731 1190 3802 ὑμεῖς
1239 3736 1560 3804 πρωτότοκα
1603 3739 1771 3794 τέκνα

176 3819 273 3870 καὶ
297 3820 558 3872 πολισταὶ
598 3820 897 3890 γεγένησθε
919 3824 1013 3874 καὶ
1040 3824 1340 3896 πολιοῦχοι,
1366 3827 1589 3882 διακυόε
1601 3831 1768 3898 ρνῶν-

174 3930 291 3973 τες,
307 3914 389 3974 είς
417 3912 520 3982 τὴν
544 3913 638 3966 τοῦ
659 3913 798 3967 Θεοῦ
816 3915 1025 3977 πάντας
1049 3919 1363 3984 εἰσάγοντες
1386 3921 1768 3976 καταπαύσετε

175 4005 579 4058 κατάπαυσιν·
631 4009 690 4060 ἐν
726 4009 951 4080 Χριστῷ
995 4010 1172 4080 Ἰησοῦ
1221 4011 1298 4082 τῷ
1352 4014 1542 4086 Κυρίῳ
1589 4016 1767 4087 ἡμῶν,

175 4092 216 4164 ᾧ
241 4102 274 4167 ὴ
311 4100 443 4163 δόξα
468 4100 564 4154 καὶ
589 4101 650 4153 τὸ
671 4102 898 4170 κράτος,
926 4106 1043 4174 ἃμα
1076 4105 1153 4174 τῷ
1191 4106 1366 4176 Πατρὶ
1389 4107 1484 4159 καὶ
1511 4108 1591 4176 τῷ
1627 4111 1769 4180 ἀγίῳ

177 4193 490 4262 Πνεύματι,
534 4195 614 4258 είς
641 4197 766 4257 τοὺς
788 4195 995 4258 αἰῶνας
1028 4197 1136 4250 τῶν
1156 4199 1391 4252 αἰώνων.
1436 4200 1628 4270 Ἀμήν.

814 4352 1032 4405 ΛυΓΟΣ
1070 4352 1145 4405 Δ’.

273 4468 383 4534 Εἰς
415 4467 527 4520 τὸν
552 4467 723 4538 ἅγιον
749 4469 846 4522 καὶ
872 4469 1271 4538 παινεύφημον
1305 4471 1658 4524 ἀπόστολον

770 4540 1046 4607 Ἀνδρέαν
1085 4541 1184 4611 (6).

241 4669 396 4721 nam
429 4667 531 4738 μὲν
560 4669 675 4730 τοῖς
696 4665 794 4720 τοῦ
823 4666 976 4720 Θεοῦ-
1001 4666 1175 4735 Λὸγου
1223 4669 1400 4737 φίλοις
1455 4667 1551 4721 καὶ
1591 4669 1770 4739 μαθη-

175 4761 320 4820 ταῖς,
370 4759 404 4828 ἡ
453 4757 542 4810 διὰ
598 4758 708 4810 τῶν
762 4758 938 4826 λόγων
997 4761 1227 4823 ατνετις,
1280 4760 1472 4830 ὥσπερ
1517 4760 1612 4814 οὖν
1675 4763 1769 4816 καὶ

178 4851 210 4918 ἠ
237 4852 332 4904 διὰ
375 4850 486 4904 τῶν
515 4851 694 4922 ἔργων
734 4851 990 4922 μίμησις,
1028 4853 1171 4906 κατὰ
1202 4852 1432 4924 δύναμιν
1451 4855 1726 4924 ὀφείλεται
1750 4873 1764 4886 ο

172 4944 387 4998 τούτων
426 4944 486 4997 δὲ
555 4945 793 5014 μάλιστα
846 4947 958 5007 τοῖς
1010 4947 1334 5016 κορυφαίοις
1379 4966 1437 5002 τε
1490 4949 1585 5002 καὶ
1631 4967 1764 5018 πρε-

175 5038 473 5101 σϐυτάτοις
501 5056 514 5068 ·
545 5037 608 5091 οὐ
646 5037 808 5106 μόνον
845 5037 926 5089 ὅτι
950 5037 1075 5090 καθ’
1122 5039 1318 5092 ἑαυτὸν
1365 5043 1395 5093 ὁ
1445 5041 1553 5094 τῶν
1603 5039 1766 5095 θείων

172 5129 388 5201 ἀνδρῶν
449 5127 671 5192 ἔπαινος
727 5129 1010 5181 ἐπαινετόν
1059 5146 1111 5182 τι
1173 5131 1370 5202 χρῆμα
1436 5131 1596 5201 Θεῷ,
1668 5133 1762 5184 καὶ

171 5224 282 5284 τοῖς
347 5221 772 5290 ἐπαινουμένοις
819 5221 1003 5283 αὐτοῖς
1059 5222 1292 5292 ὲραστόν
1321 5241 1335 5254 ο
1387 5223 1504 5275 ἀλλ’
1551 5225 1632 5276 ὅτι
1672 5226 1765 5276 καὶ

174 5315 286 5375 τοῖς
342 5315 542 5377 αἰσίως
599 5315 846 5367 ἐπαινεῖν
905 5313 1090 5377 εἰδόσι,
1142 5317 1411 5385 σωτήριος
1447 5334 1462 5348 ο
1513 5317 1610 5368 καὶ
1651 5319 1763 5381 τοῖς

175 5404 528 5457 σ’τθιινοῦσιν
591 5404 868 5475 ὠφέλιμος
899 5424 911 5435 ο
984 5405 1080 5457 καὶ
1154 5407 1288 5459 πᾶσι
1349 5410 1462 5469 τοῖς
1525 5409 1762 5470 συνετῶς

237 5567 284 5597 ⁶’
311 5564 468 5620 Psal.
493 5581 612 5632 xm,

238 5724 317 5797 (6)
339 5722 716 5778 Floridissima
736 5726 1138 5797 haeelaudatio,
1165 5727 1344 5797 magni
1370 5726 1601 5780 Andreas
1621 5742 1746 5797 apo-

178 5796 442 5848 ssulorum
473 5797 760 5850 vocatione
787 5796 976 5866 primi.
1006 5813 1168 5866 quem
1194 5796 1318 5851 ideo
1339 5799 1510 5852 Graeci
1545 5800 1753 5865 πρωτὸ-

176 5884 367 5936 λιςητον
388 5878 606 5934 tucaltl,
642 5867 957 5938 habentque
980 5870 1315 5941 pnccipuum
1339 5884 1499 5925 suum
1531 5883 1739 5939 aposto-

1799 4551 1846 4611 D

1875 3309 1992 3349 rem
2039 3306 2388 3358 coronantes,
2437 3297 2620 3351 divina
2674 3314 2808 3368 pace
2857 3299 3174 3369 stabilique,
3214 3315 3280 3354 ac
3311 3310 3464 3355 tran-

1874 3385 2043 3454 quiila
2080 3386 2428 3455 jucunditate
2476 3396 2680 3441 terram
2714 3387 2976 3458 implete;
3017 3389 3375 3460 quietamque
3399 3405 3465 3445 ac

1876 3477 2208 3547 religiosam,
2229 3481 2455 3549 ejusque
2473 3481 2719 3550 justitiaa,
2750 3497 2872 3551 qua:
2893 3492 2980 3536 est
3013 3482 3068 3536 in
3091 3483 3312 3539 Christo
3331 3489 3461 3539 .lesu

1875 3580 2038 3639 atque
2079 3570 2263 3640 gaudii
2313 3572 2550 3641 plenam,
2575 3573 2893 3629 christiana
2937 3575 3255 3644 reipublicae
3292 3577 3461 3631 vitam

1875 3660 2215 3730 praebentes,
2264 3671 2429 3732 atque
2475 3663 2542 3718 ad
2586 3665 2866 3718 cmlestem
2909 3665 3248 3729 Jerusalem,
3301 3670 3462 3737 cujus

1874 3768 1974 3806 vos
2024 3754 2287 3822 primitivi
2342 3754 2438 3809 ﬁlii
2482 3756 2872 3826 principesque
2896 3759 3112 3827 patroni
3160 3770 3325 3829 atque
3369 3776 3457 3814 rc-

1873 3852 2058 3898 ctores
2085 3846 2396 3912 cxstitistis,
2419 3847 2809 3917 gubernantcs,
2844 3850 2896 3903 in
2920 3850 3014 3903 Dei
3041 3863 3270 3906 cunctos
3300 3853 3459 3905 indu-

1873 3948 2062 3992 centes
2112 3941 2383 4008 requiem,
2436 3943 2684 4010 requiem
2729 3943 3090 4010 pnestabitis;
3136 3945 3190 3996 in
3235 3945 3458 3998 Christo

1871 4027 1998 4082 Jesu
2041 4029 2273 4084 Domino
2327 4040 2540 4094 nostro,
2599 4033 2686 4086 cui
2737 4043 2822 4087 est
2866 4032 3038 4102 gloria
3092 4044 3149 4089 et
3193 4043 3455 4103 potestas,

1873 4136 1980 4174 una
2007 4138 2133 4174 cum
2158 4123 2319 4178 Patre
2339 4131 2395 4177 et
2425 4123 2633 4194 Spiritu
2672 4134 2882 4184 sancto.
2919 4127 2974 4180 in
3005 4127 3203 4182 saaeula
3231 4130 3457 4182 saeculo-

1872 4228 2015 4268 rum.
2052 4214 2246 4269 Amen.

2471 4369 2728 4426 ORATIO
2765 4373 2854 4427 IV.
2906 4328 2913 4335 .

1975 4476 2237 4531 Laudatio
2275 4481 2446 4532 sancti
2476 4481 3098 4606 laudeqnel-celeberrimi
3137 4487 3359 4541 Andra:

2544 4563 2724 4606 anosto
2750 4572 2785 4606 t.

2544 4563 2785 4621 apostoli.

1939 4670 2165 4726 Cunctis
2199 4687 2331 4727 sane
2358 4673 2454 4728 Dei
2493 4673 2654 4730 Verbi
2686 4679 2878 4732 amicis
2910 4693 2973 4732 ae
2995 4679 3303 4749 discipulis,
3331 4699 3449 4738 vcr-

1868 4764 1954 4817 bis
1995 4772 2257 4833 concepta
2289 4765 2532 4820 laudatio
2570 4782 2669 4837 pro
2715 4769 2858 4823 virili
2900 4769 3156 4825 facultate
3189 4772 3446 4841 debetur,

1869 4855 1946 4908 uti
1991 4864 2048 4907 et
2087 4853 2344 4919 imitatio,
2394 4872 2516 4925 quae
2554 4859 2816 4927 operibus
2854 4870 3182 4928 praestatur;
3215 4865 3448 4920 maxime

1867 4963 1999 5003 vero
2042 4948 2147 5012 his,
2173 4965 2267 5018 qut
2314 4949 2459 5004 inter
2504 4951 2627 5006 illos
2667 4952 2946 5021 principes
2985 4967 3047 5006 ac
3075 4955 3447 5023 antiquissimi

1872 5053 1999 5096 sunt
2025 5061 2036 5094 :
2079 5043 2281 5096 nedum
2305 5059 2366 5096 ea
2394 5044 2627 5107 ratione,
2658 5043 2803 5112 quod
2836 5044 2951 5111 ipsa
2982 5060 3010 5096 a
3047 5060 3104 5098 se
3134 5045 3447 5101 divinorum

1873 5137 2118 5188 virorum
2159 5135 2418 5194 laudatio,
2447 5151 2537 5190 res
2559 5145 2643 5190 est
2672 5134 2860 5188 divino
2883 5135 3092 5204 judicio
3112 5137 3234 5204 jure
3259 5137 3445 5190 lauda-

1873 5226 2001 5280 bilis
2025 5241 2085 5279 ae
2117 5243 2279 5295 quam
2319 5227 2354 5279 ii
2390 5226 2492 5295 ipsi
2537 5228 2630 5296 qui
2656 5225 2970 5288 laudantur,
3009 5228 3183 5280 amori
3212 5227 3446 5295 ducant;

1873 5332 2061 5369 verum
2088 5317 2252 5370 etiam
2285 5317 2432 5386 quod
2478 5318 2574 5381 iis,
2616 5319 2708 5387 qui
2749 5317 2924 5370 fausto
2958 5317 3184 5373 laudare
3223 5329 3449 5384 norunt,

1871 5409 2130 5463 salutaris
2153 5409 2249 5473 sit;
2273 5420 2440 5477 atque
2462 5409 2550 5464 his
2577 5411 2670 5478 qui
2701 5408 2974 5464 laudando
3001 5409 3134 5463 socii
3163 5412 3450 5471 accedant,

1864 5729 1998 5790 lum,
2027 5730 2078 5782 in
2102 5731 2307 5785 (inmitia
2337 5735 2566 5785 maxime
2593 5732 2895 5798 apostolico
2921 5746 3148 5785 innucrc
3174 5730 3448 5795 functum,

1866 5815 1928 5853 ac
1988 5801 2206 5856 tandem
2264 5806 2316 5855 in
2375 5819 2435 5856 ea
2499 5804 2698 5857 illustri
2763 5802 3024 5862 martyrio
3099 5817 3450 5856 consumun-

1867 5883 2000 5924 ιιιιιι.
