4192 6424
737 396 807 456 55
1947 394 2238 453 NlCET/E
2269 394 2714 454 PAPIILAGON
2723 393 2793 451 IS
3903 391 3977 453 56

737 504 927 570 milis;
989 502 1313 570 cunctisque
1369 500 1592 554 demum
1647 501 1878 553 solerter
1933 500 2289 554 audientibus

2414 498 2815 570 ἀκροωμένοις,
2871 497 3204 568 τελεωτέρας
3263 496 3469 566 γίνεται
3518 494 3777 565 πρόξενον
3827 498 3974 552 οἱκο-

730 610 898 650 causa
930 594 1001 648 sit
1031 609 1093 646 ac
1124 590 1263 644 ratio
1290 590 1636 660 perfectioris
1664 588 2061 643 aedificationis.

802 683 988 755 Igitur,
1040 698 1074 736 ο
1123 681 1258 735 viri!
1295 681 1361 734 ad
1396 694 1687 735 commune
1750 680 1910 734 nobis
1964 678 2306 749 propositum

729 787 1008 832 certamen
1050 775 1374 828 excitemur.
1402 774 1704 828 Commune
1737 773 1884 827 enim
1926 771 2086 826 nobis
2124 769 2307 824 omni-

730 869 837 923 bus
868 877 1148 921 certamen
1189 867 1354 922 hodie
1396 866 1719 935 proponitur
1748 883 1763 932 ;
1797 866 1930 920 mihi
1964 864 2209 934 quidem,
2248 873 2309 920 ut

728 960 1125 1030 discipulorum
1154 960 1493 1020 coronidem,
1518 960 1889 1027 apostolorum
1910 958 2304 1023 summitatem,

726 1069 757 1106 a
792 1051 1118 1107 fortitudine
1148 1062 1523 1120 nuncupatum
1550 1051 1848 1111 Andream,
1869 1057 2128 1118 tanquam
2159 1064 2310 1103 rosa-

725 1159 853 1198 rum
882 1145 1146 1208 ﬂosculis,
1184 1158 1501 1198 sermonum
1533 1143 1789 1197 laudibus
1824 1141 2115 1197 ambitiose
2143 1156 2308 1196 coro-

726 1252 878 1303 nem,
922 1238 1151 1307 ejusque
1198 1237 1463 1292 memoria
1492 1236 1716 1290 suavius
1743 1234 2022 1301 delecter;
2065 1249 2131 1289 ac
2155 1234 2309 1288 velut

728 1345 853 1383 cum
885 1342 1156 1399 praesente
1181 1340 1346 1400 atque
1369 1330 1546 1384 oculis
1574 1328 1898 1397 conspicuo,
1931 1328 2011 1381 sic
2048 1341 2173 1380 cum
2213 1326 2307 1380 illo

726 1422 940 1492 loquar,
961 1424 1189 1493 ejusque
1216 1423 1541 1477 enarrandis
1564 1422 1732 1476 rebus
1767 1419 2051 1491 magnifice
2071 1419 2303 1489 glorier;

726 1511 885 1564 vobis
934 1522 1138 1575 autem,
1191 1521 1250 1565 ut
1294 1526 1563 1580 propense
1610 1510 1800 1565 feratis
1840 1524 2024 1578 opem,
2067 1509 2307 1579 totisque

723 1603 939 1656 viribus
966 1603 1238 1657 laboranti
1268 1603 1454 1657 animo
1489 1600 1553 1656 ac
1582 1601 1876 1666 fatiscenti,
1911 1600 2096 1656 tacitis
2125 1602 2305 1671 preci-

722 1693 827 1748 bus
877 1694 1266 1758 collaboretis;
1308 1709 1372 1748 ac
1410 1708 1721 1747 sermonem
1773 1694 1908 1746 tanti
1955 1692 2097 1746 mole
2142 1706 2307 1760 argu-

723 1786 895 1839 menti
926 1787 1014 1839 vix
1044 1802 1152 1839 non
1187 1801 1511 1855 oppressum
1534 1801 1599 1838 ac
1620 1786 2122 1854 elanguescentem,
2154 1781 2305 1837 altis-

720 1880 861 1933 simo
883 1879 983 1949 ipsi
1018 1879 1237 1934 silentio
1262 1887 1318 1932 et
1346 1879 1647 1933 attentione
1670 1878 1842 1933 animi
1880 1876 2126 1946 erigatis.

789 1970 1046 2039 Prompte
1083 1971 1250 2041 igitur
1288 1971 1536 2026 debitum
1576 1970 1906 2036 reddamus;
1941 1969 2083 2024 alius
2115 1967 2297 2023 laudis

720 2063 1098 2131 praeconium;
1138 2063 1280 2117 alius
1336 2062 1657 2128 auditione;
1705 2072 1869 2131 atque
1910 2060 2050 2115 adeo
2102 2059 2296 2116 fructi-

718 2154 984 2220 ficemus;
1026 2156 1169 2209 alius
1200 2155 1449 2223 quidem,
1478 2154 1753 2209 actionem
1787 2153 2003 2207 ratione
2027 2152 2297 2208 nitentem

717 2262 780 2300 ac
823 2247 1134 2313 eruditam;
1165 2248 1306 2302 alius
1351 2263 1505 2312 vero,
1543 2262 1854 2302 sermonem
1903 2255 2191 2299 actuosum
2241 2253 2298 2298 et

718 2337 993 2394 efﬁcacem
1033 2358 1047 2393 :
1100 2339 1243 2395 alius
1295 2341 1613 2404 canticum;
1664 2339 1805 2394 alius
1860 2336 2196 2392 desiderium
2240 2343 2299 2390 et

716 2446 988 2497 amorem;
1015 2432 1158 2487 alius
1183 2432 1663 2502 compunctionem
1683 2447 1697 2496 ;
1717 2431 1857 2485 alius
1884 2429 2259 2500 precationem
2280 2448 2293 2482 :

715 2539 859 2576 unus
905 2539 1091 2577 veram
1138 2522 1327 2589 ﬁdem,
1378 2523 1517 2577 alter
1563 2520 1875 2591 religiosam
1920 2521 1975 2573 in
2013 2518 2297 2573 Christum

714 2613 1059 2667 charitatem.
1097 2613 1303 2669 lnferat
1331 2613 1603 2683 quispiam
1629 2628 1643 2677 ;
1672 2611 1815 2666 alius
1835 2610 2057 2679 quidem
2088 2623 2296 2663 sermo-

714 2720 837 2758 nem
869 2704 1151 2773 sapientize
1172 2721 1188 2770 ;
1207 2706 1350 2759 alius
1372 2720 1522 2768 vero,
1542 2717 1852 2757 sermonem
1876 2700 2122 2756 scientia:
2138 2700 2256 2732 “°“
2278 2716 2292 2766 ;

713 2807 878 2865 atque
919 2796 1032 2859 hic,
1070 2812 1169 2851 cor
1214 2796 1337 2850 lene
1373 2811 1437 2850 ac
1464 2796 1753 2865 quietum;
1793 2794 1908 2856 ille,
1939 2793 2152 2847 nullum
2194 2791 2296 2845 ha-

714 2886 933 2941 bentem
959 2887 1121 2942 ﬁnem
1149 2888 1447 2959 jttgemque
1501 2888 1631 2943 Jesu
1685 2886 2028 2940 memoriam.
2059 2886 2181 2950 llic,
2205 2884 2295 2938 in-

712 2984 1062 3039 delicientem
1099 3001 1285 3041 animo
1317 2985 1576 3054 precandi
1599 2984 1710 3038 vim
1736 3001 1751 3049 ;
1782 2984 1871 3036 ille
1892 2983 2097 3036 claram
2129 2990 2294 3050 atque

713 3076 1257 3147 lucidam-cogitante
1289 3078 1475 3131 animo
1516 3076 1723 3131 Christi
1768 3075 2059 3130 visionem.
2091 3074 2296 3129 Omnes

714 3165 809 3219 Dei
858 3167 1132 3230 timorem,
1178 3180 1371 3220 omnes
1418 3165 1838 3227 continentiam,
1886 3177 2080 3217 omnes
2122 3160 2292 3215 animi

710 3272 1018 3325 sensusque
1051 3257 1373 3311 modestiam
1408 3266 1485 3323 et,
1524 3267 1587 3310 ut
1613 3272 1710 3326 per
1731 3254 2050 3324 patientiam
2078 3253 2147 3306 ad
2179 3252 2295 3321 pie-

713 3356 880 3401 tatem
936 3363 1038 3401 nos
1094 3348 1241 3416 ipsos
1290 3347 1672 3402 extendamus.
1725 3346 1817 3401 Sic
1862 3345 2011 3400 enim
2065 3358 2294 3412 magnus

710 3445 1006 3511 Apostolus
1039 3444 1095 3497 in
1141 3442 1306 3497 nobis
1349 3442 1766 3507 clarificabitur,
1808 3456 1935 3496 cum
1966 3438 2107 3492 alius
2142 3436 2293 3491 aliud

712 3534 844 3601 quid
894 3515 1041 3588 illius
1073 3535 1348 3587 bonorum
1395 3533 1695 3602 praestabit,
1732 3532 2085 3599 universique
2128 3525 2294 3581 simul

710 3640 837 3677 eum
861 3624 1063 3679 clarius
1093 3625 1456 3689 imitabimur,
1479 3641 1543 3680 ac
1564 3626 1715 3680 velut
1738 3623 1994 3679 festivum
2015 3620 2293 3691 quoddam

710 3734 936 3781 munus,
978 3717 1301 3772 imitationis
1335 3717 1574 3771 fructum
1614 3716 1665 3771 ei
1696 3714 2058 3786 proferemus.
2103 3712 2195 3766 Sic
2236 3721 2293 3765 et

716 3811 830 3878 ipse
867 3809 1144 3873 Christus,
1180 3808 1274 3878 qui
1319 3809 1376 3863 in
1420 3808 1623 3862 sanctis
1665 3804 1994 3876 requiescat,
2026 3816 2192 3874 atque
2235 3803 2291 3857 in

714 3904 783 3957 iis
821 3902 915 3973 qui
950 3902 1323 3957 clarificantur
1368 3900 1724 3964 clariticetur,
1765 3914 1797 3953 a
1839 3912 1950 3967 quo
1994 3897 2175 3951 omnis
2221 3897 2290 3952 ad

713 3996 976 4049 virtutem
1020 3993 1307 4059 incitatio;
1346 4007 1411 4047 ac
1464 3991 1557 4059 qui
1606 3990 1785 4044 omnis
1832 3989 1989 4043 bona:
2036 3988 2288 4055 actionis,

712 4092 1046 4162 principium
1074 4101 1130 4146 et
1157 4092 1398 4145 medium
1432 4105 1499 4144 ac
1526 4088 1652 4142 linis
1687 4098 1791 4142 est.

781 4186 1142 4253 Posteaquam
1199 4198 1366 4245 vero,
1426 4198 1525 4251 pro
1574 4180 1719 4235 virili
1779 4189 1970 4234 nostra
2028 4179 2291 4233 facultate

712 4276 986 4330 theatrum
1031 4275 1268 4330 orationi
1326 4272 1824 4343 praeinstruximus,
1873 4286 1973 4341 age
2013 4272 2125 4339 jam
2172 4284 2289 4338 Ipsa

710 4366 1010 4422 certamina
1063 4365 1479 4434 aggrediamur,
1521 4372 1687 4431 atque
1741 4362 1809 4416 ad
1863 4362 2289 4432 apostolicarum

708 4458 935 4511 landum
952 4454 1338 4510 celsitudinem
1360 4454 1494 4508 eniti
1517 4454 1896 4516 connitamur;
1918 4468 2027 4505 non
2054 4463 2284 4517 temere,

2416 594 2607 664 δομῆς.

2486 685 2693 740 Οὐκοῦν
2731 683 3127 751 διαναστῶμεν,
3178 677 3223 735 ὦ
3264 683 3488 752 ἀνδρεςί
3527 683 3663 754 πρὸς
3693 684 3787 737 τὸν
3842 703 3977 755 προ-

2416 778 2667 849 κείμενον
2703 778 2834 846 ἡμῖν
2863 774 3053 842 ἀγῶνα
3076 792 3089 805 ·
3137 774 3313 836 κοινὸς
3347 775 3458 847 γὰρ
3483 776 3656 830 ἆπασι
3697 777 3976 848 πρόκειται

2417 872 2656 941 σήμερον
2710 872 2738 923 ὁ
2796 868 2986 937 ἀγῶν’
3035 868 3158 936 ἐμοὶ
3217 868 3350 938 μὲν,
3405 870 3507 940 τὴν
3561 872 3827 940 κορωνίδα
3871 874 3978 925 τῶν

2419 962 2697 1033 μαθητῶν,
2759 962 2870 1015 τῶν
2924 961 3239 1015 ἀποστόλων
3287 961 3387 1033 τὴν
3432 963 3699 1032 κορυφὴν,
3747 964 3837 1017 τὸν
3881 965 3978 1033 τῆς

2414 1055 2637 1123 ἀνδρίας
2695 1053 2986 1124 ἐπώνυμον
3055 1054 3345 1123 ’Λνδρέαν,
3401 1056 3515 1118 τοῖς
3577 1055 3817 1119 ἐπαίνοις
3871 1057 3979 1109 τῶν

2414 1147 2610 1213 λόγων,
2633 1146 2709 1209 ὡς
2736 1145 2923 1200 ἄνθεσι
2971 1147 3141 1213 ῥόδων
3176 1146 3461 1215 ἀναδῆσαι,
3514 1147 3729 1217 καὶτῆς
3765 1149 3980 1218 μνήμης

2414 1240 2829 1307 κατατρυφῆσαι
2862 1251 2875 1267 ⁸
2915 1235 3011 1289 καὶ
3035 1234 3223 1305 ὥσπερ
3253 1235 3400 1305 αὐτῷ
3430 1239 3659 1307 παρόντι
3705 1236 3798 1287 καὶ
3844 1237 3983 1306 ὁρω-

2417 1329 2562 1398 μένῳ
2612 1328 2988 1399 προσλαλῆσαι
3015 1346 3030 1359 ο
3089 1329 3183 1380 καὶ
3234 1330 3345 1390 τοῖς
3395 1330 3524 1397 περὶ
3580 1326 3748 1381 αὑτοῦ
3793 1327 3982 1397 διηγή-

2417 1438 2581 1490 μασιν
2646 1420 3158 1487 ἐγκαλλωπίσασθαι
3196 1436 3210 1448 ’
3246 1421 3375 1489 ὑμῖν
3423 1420 3502 1485 δὲ,
3574 1420 3675 1488 τῆς
3742 1420 3982 1487 ἀγωνίας

2413 1514 2539 1583 ἐμοὶ
2592 1514 2902 1577 κοινωνεῖν,
2954 1514 3052 1566 καὶ
3098 1513 3199 1581 ὅση
3259 1511 3487 1581 δύναμις
3540 1515 3854 1581 συνεργεῖν,
3901 1511 3983 1580 τῷ

2414 1608 2741 1677 προσευχαῖς
2767 1604 3054 1670 ἀλαλήτοις
3079 1605 3154 1674 (7)
3206 1605 3466 1670 κάμνοντι
3516 1603 3608 1656 τὸν
3665 1604 3808 1666 νοῦν,
3840 1620 3983 1673 συμ-

2415 1699 2626 1758 πονεῖν,
2668 1696 2762 1749 κα)⁸
2811 1696 2948 1766 πρὸς
2997 1694 3059 1747 τὸ
3109 1698 3208 1764 τῆς
3261 1694 3568 1755 ὑποθέσεως
3622 1694 3845 1762 μέγεθος
3888 1694 3982 1746 τὸν

2414 1787 2570 1854 λόγον
2609 1788 2915 1851 ὀκλάζοντι,
2943 1788 3031 1840 διὰ
3065 1786 3284 1857 βαθείας
3325 1787 3483 1855 σιγῆς
3538 1787 3981 1857 παραθαρρύνειν

2330 1868 2371 1924 Β
2403 1879 2495 1932 καὶ
2525 1881 2816 1949 προσοχῆς.

2486 1971 2801 2040 Ἀποδὼμεν
2826 1972 3007 2025 τοίνυν
3033 1972 3331 2043 προθύμως
3366 1972 3463 2042 τὴν
3496 1974 3715 2043 ὀφειλὴν
3743 1989 3759 2003 ·
3783 1974 3812 2024 ὁ
3857 1971 3978 2041 μὲν,

2398 2065 2499 2137 τὴν
2523 2065 2798 2134 εὐφημίαν
2830 2105 2845 2129 ,
2893 2066 2943 2117 οἱ
2990 2065 3066 2128 δὲ,
3117 2066 3218 2135 τὴν
3275 2065 3580 2136 ἀκρόασιν·
3636 2066 3732 2118 καὶ
3773 2081 3979 2134 καρπο-

2399 2158 2655 2229 φορῶμεν
2683 2173 2697 2187 ⁶
2731 2156 2761 2209 ὁ
2812 2157 2912 2226 μὲν
2960 2156 3158 2228 πρᾶξιν
3215 2155 3434 2225 εὕλογον
3456 2172 3472 2188 ο
3523 2157 3553 2210 ὁ
3587 2157 3642 2210 δὲ
3684 2158 3839 2225 λόγον
3875 2158 3973 2228 ἐμ-

2399 2264 2680 2321 πρακτον’
2728 2251 2758 2302 ό
2823 2248 2923 2319 μὲν
2972 2249 3065 2301 τὸν
3116 2247 3284 2319 ὕμνον
3310 2265 3324 2278 '
3365 2252 3394 2301 ό
3438 2250 3494 2302 δὲ
3547 2252 3637 2303 τὸν
3689 2250 3884 2303 πόθον·
3947 2251 3981 2303 ὁ

2403 2341 2503 2412 μὲν
2557 2339 2889 2404 κατάνυξιν·
2973 2341 3001 2391 ό
3052 2340 3109 2392 δὲ
3174 2341 3486 2410 προσευχήν
3518 2358 3531 2370 ο
3584 2340 3740 2402 ἄλλος
3793 2340 3977 2391 πίστιν

2396 2434 2703 2505 εἰλικρινῆ,
2768 2432 2926 2496 ἄλλος
2981 2432 3203 2502 ἀγάπην
3257 2432 3598 2502 χριστοφιλῆ.
3659 2433 3977 2501 Είσφερέτω

2396 2543 2481 2587 τις
2506 2542 2520 2556 ο
2551 2528 2579 2577 ὁ
2607 2527 2729 2595 μὲν,
2766 2524 2924 2593 λόγον
2956 2525 3147 2593 σοφίας
3170 2540 3184 2552 ·
3205 2525 3361 2586 ἄλλος
3384 2525 3462 2585 δὲ,
3486 2525 3643 2591 λόγον
3676 2522 3925 2590 γνώσεως
3955 2539 3971 2553 ο

2395 2618 2566 2686 ὁμὲν,
2605 2620 2838 2685 πραεῖαν
2872 2617 3104 2687 καρδίαν
3128 2618 3223 2669 καὶ
3265 2617 3469 2685 ἥσυχον
3501 2633 3514 2645 ’
3556 2619 3584 2667 ὁ
3634 2616 3711 2679 δὲ,
3756 2616 3978 2683 μνήμην

2394 2709 2629 2776 ἄληκτον
2673 2710 2769 2763 καὶ
2820 2710 3048 2764 ἀένναον
3106 2708 3317 2779 Ἰησοῦ·
3363 2710 3391 2761 ὁ
3443 2710 3567 2777 μὲν,
3625 2707 3979 2760 ἀνέκλειπτον

2396 2802 2538 2853 κατὰ
2564 2800 2688 2854 νοῦν
2721 2802 3035 2871 προσευχήν
3068 2817 3081 2829 ⁸
3127 2804 3156 2853 ό
3199 2801 3256 2853 δὲ
3297 2784 3543 2869 καθαρὰν
3575 2796 3808 2869 Χριστοῦ
3836 2814 3977 2864 φαν-

2394 2894 2588 2945 τασίαν
2617 2893 2709 2945 καὶ
2740 2893 3057 2960 φωτοφανῆ.
3113 2892 3320 2967 Πάντες
3370 2890 3535 2959 φόϐον
3569 2888 3727 2953 Θεοῦ,
3774 2888 3980 2950 πάντες

2396 2983 2764 3054 ἐγκράτειαν,
2838 2984 3343 3054 ταπεινοφροσύνην
3418 2983 3655 3044 πάντες,
3714 2982 3810 3035 καὶ
3860 2983 3983 3043 τοῖς

2397 3079 2533 3146 πρὸς
2558 3077 2842 3131 εὐσέϐειαν
2883 3077 2953 3129 δι’
3007 3077 3287 3145 ὑπομονῆς
3334 3075 3764 3129 ἐπεκτείνεσθαι.
3816 3072 3982 3129 Οὕτω

2399 3171 2507 3238 γὰρ
2560 3170 2589 3220 ὁ
2653 3170 2829 3238 μέγας
2887 3168 3206 3230 Ἀπόστολος
3260 3168 3318 3221 ἐν
3383 3170 3517 3238 ἡμῖν
3564 3167 3975 3236 δοξασθήσεται,

2396 3260 2559 3313 ἄλλου
2619 3262 2755 3329 πρὸς
2819 3260 2947 3313 ἄλλο
3004 3277 3055 3312 τι
3110 3260 3221 3312 τῶν
3274 3259 3483 3311 ἐκείνου
3540 3256 3979 3328 κατορθουμένου

2396 3352 2598 3413 καλῶν,
2651 3353 2747 3403 καί
2799 3353 3018 3405 πάντων
3076 3350 3213 3421 ὁμοῦ
3278 3332 3644 3421 τρανεστέραν
3690 3349 3789 3419 τὴν
3836 3350 3981 3418 πρὸς

2395 3444 2558 3497 αὑτὸν
2626 3444 3085 3513 ἐπιδεικνυμένων
3132 3444 3470 3513 ὁμοιότητα’
3519 3444 3613 3496 καὶ
3662 3442 3850 3510 ὥσπερ
3920 3458 3981 3493 τι

2393 3538 2564 3608 δῶρον
2613 3538 2822 3605 ἐόρτιον
2854 3537 2952 3607 τὴν
3003 3538 3235 3607 μίμησιν
3288 3535 3436 3605 αὑτῷ
3479 3533 3981 3604 καρποφορούντων

2391 3629 2493 3696 τῆς
2520 3630 2742 3697 ἀρετῆς.
2778 3627 2936 3681 Οὕτω
2963 3629 3057 3681 καὶ
3082 3627 3318 3698 Χριστὸς
3363 3628 3549 3692 αὐτὸς,
3607 3628 3637 3680 ὁ
3684 3628 3741 3679 ἐν
3795 3626 3982 3692 ἁγίοις

2392 3722 2839 3791 ἀναπαυόμενος,
2887 3720 2982 3774 καὶ
3023 3719 3381 3789 δοξαζόμενος
3439 3721 3500 3773 ἐν
3563 3718 3980 3788 δοξαζομένοις,

2394 3815 2525 3886 παρ’
2553 3806 2614 3866 οὕ
2675 3815 2827 3866 πᾶσα
2877 3813 3015 3883 πρὸς
3074 3812 3276 3883 ἀρετὴν
3330 3813 3565 3881 κίνησις,
3615 3813 3710 3865 καὶ
3753 3812 3812 3874 ὃς
3853 3812 3981 3865 ἐστι

2394 3906 2573 3973 πάσης
2601 3904 2852 3975 πράξεως
2884 3903 3098 3973 ἀγαθῆς
3134 3902 3277 3973 ἀρχὴ
3310 3904 3403 3955 καὶ
3451 3902 3685 3972 μεσότης
3740 3900 3836 3953 καὶ
3880 3917 3985 3953 τε·-

2394 3997 2578 4067 λευτή.

2476 4174 2631 4228 Ἐπεὶ
2649 4175 2705 4228 δὲ
2731 4173 2807 4243 τῷ
2845 4174 2991 4242 λόγῳ
3018 4173 3078 4224 τὸ
3110 4172 3363 4241 θέατρον,
3402 4172 3478 4234 ὡς
3534 4171 3676 4234 ἐνὸν,
3727 4185 3983 4237 προκατ-

2392 4269 2755 4339 ηρτισάμεθα,
2807 4267 2938 4337 φέρε
2982 4266 3168 4319 λοιπὸν
3200 4265 3381 4317 αὐτῶν
3411 4264 3519 4316 τῶν
3559 4262 3786 4331 ἀγώνων
3820 4259 3989 4330 ἁψώ-

2394 4361 2555 4430 μεθα,
2593 4361 2688 4413 καὶ
2729 4360 2839 4411 τῶν
2884 4358 3255 4412 ἀποπολικῶν
3289 4359 3475 4427 ὕμνων
3514 4357 3591 4425 τῷ
3630 4355 3753 4424 ὕψει
3802 4370 3985 4422 προσο

2393 4454 2552 4522 ϐῆναι
2596 4451 2953 4522 πειραθῶμεν
2984 4466 2997 4480 ⁸
3053 4451 3114 4503 οὺ
3165 4449 3459 4521 τολμηρῶς
3514 4449 3823 4516 ἀνεφίκτοις
3876 4448 3984 4513 ἐγ-

708 4564 832 4618 ηυαξ
879 4549 1200 4601 inconcessa
1233 4554 1364 4600 sunt
1393 4551 1710 4608 tentantes;
1751 4542 1848 4597 sed
1893 4543 2090 4597 timore
2133 4543 2284 4597 inac-

2392 4544 2723 4615 χειροῦντες,
2747 4544 2883 4596 ἀλλά
2912 4544 3064 4612 φόϐῳ
3106 4544 3218 4605 τοῖς
3264 4541 3583 4611 ἀπροσίτοις
3631 4539 3976 4608 προσιόντες.

708 4656 862 4694 cessa
893 4639 1199 4703 adeuntes;
1237 4653 1343 4690 nec
1382 4635 1601 4705 procaci
1647 4634 1876 4687 audacia
1910 4634 2111 4699 intacta
2154 4650 2287 4703 per-

708 4741 1049 4801 rumpentes,
1080 4730 1176 4785 sed
1202 4730 1436 4800 pudore,
1459 4726 1720 4795 omnique
1755 4727 2016 4796 religione
2046 4742 2108 4779 ac
2137 4735 2286 4780 metu

705 4824 771 4877 ad
809 4838 872 4877 ea
901 4837 1024 4891 qua:
1057 4822 1329 4875 rationem
1356 4820 1578 4887 vimque
1610 4832 1831 4871 omnem
1875 4818 2146 4872 sermonis
2189 4834 2286 4872 su-

706 4923 921 4985 perant,
947 4923 1189 4969 mentem
1216 4910 1630 4983 perteudentcs,
1656 4911 2037 4979 rationemque
2069 4926 2134 4964 ac
2162 4926 2283 4964 ser-

705 5005 887 5059 monis
928 5004 1037 5058 vim
1089 5004 1158 5058 ad
1207 5019 1270 5059 ea
1305 5018 1426 5073 qua:
1474 5010 1714 5054 mentem
1768 5000 1942 5068 ipsam
1987 5002 2281 5067 excedunt,

704 5097 1095 5167 provehentes,
1128 5096 1197 5150 de
1243 5095 1567 5149 inexhausta
1606 5091 1991 5146 thesaurorum
2042 5092 2283 5160 Spiritus

704 5188 986 5256 opulentia
1006 5203 1103 5257 spe
1119 5201 1514 5258 praesumamus
1532 5199 1548 5250 ;
1566 5199 1633 5238 ex
1648 5198 1755 5253 qua
1774 5182 2032 5253 exiguum
2059 5184 2281 5253 aliquod

703 5278 990 5334 efﬂuvium
1029 5281 1239 5350 (gratia:
1280 5279 1491 5334 scilicet
1538 5276 1765 5344 stillam)
1799 5290 1897 5345 per
1941 5278 2082 5345 ejus,
2115 5293 2280 5347 quem

778 5463 898 5497 “"’
927 5464 947 5519 l
975 5466 1104 5522 Cor.
1137 5481 1233 5529 xu,
1257 5467 1308 5521 8.

778 5624 855 5689 (7)
904 5623 1276 5692 Προσευχαῒς
1322 5624 1676 5695 ἀλαλήτοις.
1735 5626 1915 5695 Ipsum
1988 5635 2071 5680 est
2124 5626 2272 5694 quod

706 5695 910 5751 Paulus
938 5695 1093 5748 Itoni.
1123 5711 1236 5756 Vlll,
1269 5694 1362 5754 ‘26.
1412 5698 1737 5764 στεναγμοῖς
1762 5694 2078 5765 ἀλαλήτοις,
2122 5699 2282 5766 gemi-

712 5766 843 5819 tibus
877 5765 1362 5828 eneuarrabilibus;
1400 5768 1533 5818 tanti
1562 5766 1778 5821 scilicet
1807 5767 2061 5833 fervoris,
2090 5765 2150 5821 ut
2180 5784 2282 5822 nec

709 5835 895 5892 verbis
936 5835 1171 5906 exprimi
1220 5836 1417 5905 possit,
1469 5837 1583 5893 sive
1632 5837 1798 5895 etiam
1845 5839 2045 5908 tacitis,
2093 5847 2279 5896 mente

2393 4637 2527 4689 Οὐδὲ
2559 4636 2752 4705 θράσει
2802 4635 2911 4688 τῶν
2962 4634 3257 4703 ἀψαύστων
3297 4632 3743 4701 κατατολμῶντες
3772 4647 3787 4660 ·
3829 4629 3984 4681 αἰδοῖ

2389 4729 2445 4781 δὲ
2476 4728 2570 4779 καὶ
2622 4726 2875 4797 εὐλαϐείᾳ
2909 4726 3061 4798 πάσῃ
3117 4726 3208 4778 τόν
3251 4740 3311 4776 τε
3363 4722 3486 4775 νοῦν
3537 4721 3672 4790 πρὸς
3725 4719 3792 4773 τὰ
3824 4719 3981 4788 ὑπὲρ

2388 4821 2547 4888 λόγον
2606 4820 2997 4883 ἀνατείνοντες,
3052 4819 3143 4871 τόν
3201 4835 3263 4870 τε
3309 4817 3466 4884 λόγον
3523 4816 3658 4885 πρὸς
3699 4814 3769 4866 τά
3823 4813 3979 4882 ὑπὲρ

2388 4911 2511 4965 νοῦν
2534 4911 2978 4976 ἀναϐιϐάζοντες,
3016 4913 3108 4964 ἐπὶ
3131 4911 3223 4963 τὸν
3258 4910 3531 4963 ἀκένωτον
3578 4907 3805 4959 πλοῦτον
3850 4906 3981 4959 τῶν

2387 5003 2480 5056 τοῦ
2506 5005 2820 5071 Πνεύματος
2842 5004 3153 5073 ἐλπίσωμεν
3174 5002 3463 5073 θησαυρῶν
3484 5019 3496 5032 ·
3522 5001 3581 5067 ἐξ
3610 4994 3670 5053 οὕ
3698 4998 3980 5069 βραχείας

2384 5096 2683 5165 ἀπορροῆς,
2716 5098 2833 5165 ῆτοι
2876 5099 3135 5165 σταγόνος
3186 5097 3426 5167 χάριτος,
3474 5094 3562 5148 διὰ
3604 5093 3702 5162 τῆς
3732 5089 3825 5144 τοῦ
3855 5090 3979 5160 ὑμ-

2386 5187 2645 5256 νουμένου
2673 5188 2913 5257 σήμερον
2939 5188 3355 5258 καταξιούμενοι
3389 5185 3706 5257 πρεσϐείας,
3741 5183 3973 5253 πρῶτον

2395 5280 2494 5348 μὲν
2522 5278 2620 5349 τὴν
2650 5280 2812 5333 αὑτοῦ
2842 5280 2977 5351 πρὸς
3028 5282 3128 5351 τὴν
3172 5281 3333 5351 χάριν
3380 5279 3488 5332 ἀπὸ
3543 5278 3635 5331 τοῦ
3660 5276 3825 5346 νόμου
3855 5291 3972 5345 με·

2385 5634 2545 5679 tenus
2600 5623 2883 5693 conceptis
2948 5622 3114 5691 inque
3186 5621 3276 5674 illa
3332 5621 3583 5675 occultis.
3657 5620 3971 5690 lnterpret.

2388 5696 2660 5763 fEtliiOp.,
2716 5697 2770 5747 in
2812 5694 3171 5763 afﬂictionibus
3202 5704 3251 5745 et
3295 5694 3665 5746 tentatiunibus
3727 5693 3975 5759 nostris;

2387 5768 2543 5836 quasi
2578 5768 2793 5835 legerit,
2836 5768 2893 5816 ὲν
2927 5766 3253 5836 πειρασμοῖς
3288 5764 3624 5836 ,ἡμετέροιῇ
3677 5763 3837 5836 cujus
3872 5775 3974 5818 ta-

2385 5832 2513 5894 men
2540 5832 2792 5893 lectionis
2817 5836 3029 5890 nullum
3071 5834 3214 5904 apud
3249 5835 3385 5889 alios
3411 5842 3586 5889 exstat
3642 5832 3971 5904 vestigium-
