4192 6424
180 424 230 489 ξπ
1075 424 1361 485 ORATIO
1397 425 1495 486 IV.
1523 426 1694 487 -IN
1735 427 2047 488 LAUDEM
2088 429 2150 489 S.
2196 431 2545 491 ANDRErE.
3355 438 3428 504 53

179 537 377 589 τὰοεοιν
409 524 811 603 ἐπαινεσόμεθᾶ
838 548 852 562 ⁸
899 531 1093 585 ἔπειτα
1128 535 1207 599 δὲ,
1240 552 1339 604 την
1374 536 1433 587 ὲν
1454 534 1530 603 τῷ
1566 535 1739 601 Εὐαγ-

1865 536 2009 591 nodie
2039 538 2375 593 laudandum
2405 540 2773 608 suscepimus,
2815 541 3267 597 intercessionem
3290 561 3423 602 con-

179 628 320 697 γελίῳ
348 631 543 681 τούτου
575 626 935 696 σιιντεμόντες
988 625 1362 697 εὐδοκίμησιν,
1409 629 1507 696 τὴν
1554 629 1741 694 τιμίαν

178 721 296 774 οὕτω
324 721 423 774 καὶ
450 721 845 792 Χριστοπρεπῆ
876 721 1240 792 προσοίσομεν
1266 720 1546 791 τελευτήν.

1851 628 2066 695 secuti;
2119 631 2358 699 primum
2406 630 2631 701 quidem
2678 632 2824 685 illius
2868 648 2898 685 a
2934 632 3051 703 lege
3100 635 3166 689 ad
3200 638 3429 705 gratiam

1856 720 2268 775 translationem
2300 721 2650 777 laudabimus
2674 739 2687 775 :
2718 733 2830 775 tum
2863 740 2995 777 vero
3024 725 3144 795 ejus
3172 726 3227 778 in
3254 727 3434 782 Evan-

180 821 295 889 chio
324 819 589 890 praeclare
620 827 775 890 gesta
807 818 1264 890 perstringentes,
1312 816 1393 872 sic
1436 817 1737 887 pretiosam
1776 832 2016 888 vereque
2044 817 2413 874 Christianam
2446 818 2591 873 illius
2656 826 2889 873 mortem
2948 830 3112 890 atque
3145 835 3431 877 excessum

180 918 469 975 atferemus.

245 1008 497 1079 Ἀνδρέας
523 1010 710 1061 τοίνυν
737 1007 820 1072 (τὸ
864 1009 1198 1078 τιμιώτατον
1227 1007 1347 1079 Θεῷ
1380 1011 1618 1080 πρᾶγμα
1650 1010 1742 1062 καὶ

182 1102 378 1171 ὄνομα),
439 1102 691 1165 ὁπιστὸς
741 1101 835 1155 καὶ
897 1103 1161 1173 φρόνιμος
1219 1102 1315 1155 τοῦ
1377 1103 1591 1174 Πατρὸς
1638 1101 1749 1155 τῶν

184 1197 357 1263 φώτων
386 1196 695 1265 οἰκονόμος.
723 1197 752 1249 ὁ
800 1195 977 1265 μέγας
1026 1195 1124 1248 τοῦ
1180 1196 1318 1249 Θεοῦ
1367 1196 1545 1263 Λόγου
1575 1196 1750 1266 κήρυξ

184 1290 262 1342 καὶ
292 1288 671 1359 δοκιμώτατος
699 1290 963 1359 ὁμιλητὴς
1000 1307 1015 1320 ³
1050 1293 1079 1344 ὁ
1109 1290 1205 1344 τοῦ
1237 1290 1395 1357 ἁγίου
1430 1290 1750 1359 Πνεῦματος

184 1380 466 1448 ἁγιώτατος
506 1381 790 1452 ὑπηρέτης
820 1384 916 1436 καὶ
941 1384 1282 1453 θεραπευτής
1304 1399 1319 1414 ·
1355 1377 1511 1447 οὗτος
1554 1383 1643 1437 ἀεὶ
1671 1381 1750 1451 τῷ

186 1472 284 1543 Θεῷ
312 1476 795 1544 προεγνωσμένος,
820 1474 895 1536 ὡς
940 1475 1155 1541 ἀγαθῆς
1183 1490 1242 1526 τε
1283 1474 1463 1543 ψυχῆς
1491 1476 1586 1527 καὶ
1617 1471 1753 1541 γνὼ-

190 1583 277 1636 μης
309 1568 574 1636 ἐσόμενος
622 1567 705 1619 ὃτι
759 1567 999 1635 μάλιστα
1057 1566 1241 1632 δεξιᾶς
1293 1568 1401 1630 ἀεὶ,
1456 1566 1543 1618 διὰ
1593 1564 1752 1617 τοῦτο

188 1662 265 1713 καὶ
314 1659 632 1731 προώριστο
681 1658 1008 1730 σύμμορφος
1060 1659 1282 1713 ἔσεσθαι
1325 1660 1422 1712 τοῦ
1480 1658 1618 1713 Θεοῦ
1672 1656 1753 1727 τῷ

187 1752 483 1818 Μονογενεῖ.

258 1843 407 1897 Ἐπεὶ
434 1844 529 1898 οὖν
577 1847 607 1898 ό
641 1844 743 1915 τῆς
792 1847 1110 1915 οἰκονομίας
1159 1842 1256 1897 τοῦ
1295 1842 1493 1911 Λόγου,
1524 1843 1621 1897 καὶ
1655 1845 1756 1913 τῆς

188 1935 495 2001 ἀναδείξεως
535 1936 728 2008 ἐνέστη
790 1935 1007 2007 καιρὸς,
1061 1934 1170 1989 ἔδει
1221 1934 1441 1999 πάντως
1485 1935 1580 1988 καὶ
1629 1936 1757 1999 τοὺς

188 2029 402 2093 οἰκείους
453 2029 603 2100 αὐτῷ
653 2029 1200 2084 συναναδείκνυσθαι.
1259 2028 1414 2083 Ἔδει
1462 2029 1559 2083 τοῦ
1600 2028 1758 2099 βασι-

1917 1010 2167 1067 Andreas
2218 1012 2386 1081 igitur
2412 1012 2523 1076 (res
2565 1013 2678 1068 Deo
2723 1013 3050 1069 charissima
3099 1031 3161 1071 ac
3204 1018 3429 1087 nomen)

1849 1100 2030 1156 fidelis
2057 1117 2122 1156 ac
2144 1103 2392 1172 prudens
2417 1102 2597 1157 Patris
2623 1103 2895 1158 luminum
2931 1120 3274 1171 oeconomus,
3308 1124 3427 1161 ma-

1848 1211 1990 1266 gnus
2014 1197 2109 1251 Dei
2140 1198 2304 1252 Verbi
2332 1212 2513 1268 prteco
2539 1197 3069 1269 probatissimusque
3090 1199 3432 1269 discipulus;

1849 1288 2091 1359 Spiritus
2121 1290 2298 1345 sancti
2346 1289 2732 1345 sanctissimus
2774 1290 3027 1346 minister
3067 1306 3133 1347 ac
3169 1291 3429 1347 famulus.

1852 1379 1953 1434 llic
1998 1379 2096 1433 Dei
2145 1393 2363 1447 semper
2410 1378 2755 1448 praescientia
2804 1380 3095 1448 cognitus,
3132 1381 3250 1435 fore
3301 1380 3432 1435 boni

1853 1470 2023 1524 animi
2073 1486 2138 1524 ac
2185 1486 2349 1540 quam
2397 1472 2630 1526 maxime
2681 1474 2900 1528 solertis
2946 1474 3176 1543 ingenii,
3225 1475 3433 1530 idcirco

1853 1564 2019 1618 etiam
2048 1579 2267 1634 semper
2303 1564 2723 1633 pmdestinatus
2744 1575 2829 1621 est
2864 1576 2926 1620 ut
2956 1577 3105 1623 esset
3133 1568 3435 1624 conformis

1856 1655 2152 1727 Unigenito
2188 1657 2282 1712 Dei
2308 1657 2373 1712 ⁷⁸.

1921 1862 2079 1930 Quod
2114 1862 2284 1933 igitur
2310 1858 2739 1932 dispensationis
2768 1858 2956 1923 Verbi,
2988 1860 3219 1929 ejusque
3247 1858 3435 1914 decIa--

1854 1954 2090 2011 rationis
2138 1962 2360 2023 tempus
2402 1953 2723 2019 advenerat,
2752 1952 2979 2007 omnino
3010 1952 3242 2007 decebat
3278 1960 3340 2006 ut
3381 1961 3435 2006 et

1856 2046 1920 2111 ii,
1950 2046 2045 2115 qui
2074 2045 2196 2115 ejus
2221 2052 2428 2109 essent,
2459 2059 2525 2099 ac
2549 2042 2850 2098 necessarii
2882 2041 3084 2108 forent,
3113 2041 3321 2112 pariter
3348 2041 3438 2096 de-

189 2122 305 2185 λέως
330 2125 624 2191 παρόντος,
654 2124 750 2175 καὶ
777 2122 903 2186 τοὺς
923 2120 1087 2176 αὑτοῦ
1119 2124 1377 2193 παρεῖναι
1398 2121 1751 2193 δορυφόρους.

1865 2139 2204 2193 clararentur
2232 2138 2299 2191 ⁷⁸.
2327 2136 2562 2191 Necesse
2595 2144 2799 2191 eratut
2833 2134 2981 2206 Rege
3004 2143 3296 2205 praesente,
3319 2134 3441 2204 ejus

198 2214 340 2268 Ἀλλὰ
365 2216 423 2269 τί
453 2216 516 2269 τὸ
554 2218 781 2286 σημεῖον
803 2214 905 2285 τῆς
929 2214 1025 2269 τοῦ
1061 2214 1330 2286 βασιλέως
1359 2214 1755 2285 φανερώσεωςς

189 2310 339 2376 Φωνὴ
367 2306 647 2372 βοῶντος
672 2308 745 2361 ἐν
769 2305 847 2376 τῇ
881 2307 1107 2375 ἐρήμῳ.
1134 2306 1292 2377 ⁴ινωνὴ
1322 2306 1431 2376 πρὸ
1462 2302 1758 2375 προσώπου

186 2400 267 2453 τοῦ
287 2401 464 2468 Λόγου
496 2401 763 2472 προϊοῦσα
786 2440 801 2465 ,
861 2401 957 2454 καὶ
1018 2400 1120 2464 τὰς
1166 2400 1319 2462 ὀδοὺς
1366 2398 1531 2452 αὐτοῦ
1591 2417 1759 2453 κατα-

188 2495 548 2560 σκευάζουσα,
606 2493 677 2547 τὰ
726 2493 1078 2565 ἀνεῤῥωγότα
1116 2492 1433 2562 πληροῦσα,
1459 2490 1529 2544 τὰ
1580 2490 1760 2562 ὑψηλὰ

186 2587 527 2651 ταπεινοῦσα,
553 2588 651 2641 καὶ
697 2587 769 2640 τὰ
814 2585 1000 2639 σκολιὰ
1057 2590 1156 2655 μὲν
1201 2584 1607 2639 κατευθύνουσα
1631 2624 1646 2649 ,
1690 2585 1759 2636 τὰ

185 2679 369 2748 τραχέα
398 2679 462 2732 δὲ
489 2680 929 2734 καταλεαίνουσα
967 2680 1080 2733 τῶν
1136 2679 1306 2749 ήοῶν.
1362 2680 1474 2733 Καὶ
1533 2679 1592 2732 οὐ
1628 2678 1759 2749 ψιλὴ

188 2772 321 2839 φωνὴ
350 2772 495 2843 μόνη
536 2771 599 2824 τὸ
622 2773 952 2843 τεκμήριον,
993 2772 1133 2824 ἀλλὰ
1181 2773 1276 2825 καὶ
1326 2771 1611 2842 βάπτισμα
1666 2790 1763 2843 με·

184 2864 381 2927 τανοίας
413 2880 433 2897 ’
489 2865 588 2919 καὶ
627 2866 658 2919 ὁ
714 2865 816 2935 μὲν
845 2865 1183 2936 ,Βαπτιστής
1236 2867 1330 2919 ἐπὶ
1388 2865 1485 2919 τοῦ
1545 2866 1760 2933 ὓδατος,

187 2956 270 3009 καὶ
302 2957 634 3021 ὸΒασιλεὺς
680 2947 849 3013 κατὰ’
872 2958 1043 3023 πόδας
1085 2959 1248 3023 εὐθὺς
1299 2959 1393 3013 ἐπὶ
1447 2959 1512 3011 τὸ
1562 2959 1762 3029 βαπτί-

186 3049 354 3111 ζεσθαι
383 3050 585 3122 παρών
613 3068 628 3081 ⁸
677 3052 771 3103 καὶ
824 3053 856 3122 ή
911 3050 1238 3124 ἁνάρῤησις,
1268 3051 1343 3113 ὼς
1404 3051 1754 3122 θεοπρεπήςί

186 3142 413 3210 οὐρανῶν
469 3142 587 3212 γὰρ
630 3142 781 3213 αὐτῷ
823 3143 1206 3213 βαπτιζομένῳ
1250 3142 1477 3211 γέγονεν
1513 3142 1759 3196 ἀνάπτυ-

185 3235 272 3301 Et;
321 3236 650 3305 Πνεῦματος
704 3235 1010 3300 ἔπέλευσις,
1047 3236 1199 3306 φωνή
1230 3252 1291 3289 τε
1342 3236 1549 3306 Κυρίου
1604 3237 1762 3308 βρον-

182 3328 387 3393 τῶντος,
421 3331 519 3382 ἐπὶ
543 3330 653 3382 τῶν
684 3328 915 3394 ὑδάτων,
946 3323 1037 3381 οἷα
1055 3328 1323 3399 δακτύλῳ,
1362 3330 1429 3399 τῇ
1462 3331 1762 3400 περιστερᾷ

181 3425 261 3476 τὸν
283 3425 579 3493 ἀγαπητὸν
600 3424 806 3478 ἄνωθεν
832 3423 1257 3487 έπιδεικνύντος.

240 3516 393 3571 Οὕτω
414 3517 513 3571 τοῦ
548 3516 806 3587 οὐρανίου
839 3515 1136 3581 Βασιλέως,
1165 3517 1265 3587 τῆς
1300 3516 1547 3570 Ἰωάννου
1585 3515 1759 3587 μείζω

180 3610 268 3679 τήν
313 3610 424 3663 ἀπὸ
468 3607 570 3662 τοῦ
612 3608 828 3677 [ἰατρὸς
853 3607 1150 3678 ἐσχηκότος
1201 3608 1511 3679 μαρτυρίαν
1540 3626 1553 3638 ·
1596 3607 1761 3670 αὑτός

180 3720 231 3755 τε
285 3704 506 3776 πρῶτος
554 3704 585 3757 ό
632 3701 967 3771 Βαπτιστὴς,
1027 3702 1125 3754 καὶ
1180 3703 1300 3772 μετ’
1357 3702 1523 3756 αὐτὸν
1574 3702 1756 3767 εὐθὺς,

182 3789 632 3867 ὦμακαριώτατε
666 3794 755 3859 σὺ,
794 3796 863 3865 τῇ
899 3794 994 3847 τοῦ
1055 3793 1373 3864 Πνεύματος
1421 3794 1761 3865 συνεκράθης

180 3889 247 3959 τῷ
294 3888 743 3960 μαρτυρουμένῳ
790 3889 1016 3959 στοργῇ.
1072 3888 1185 3940 Καὶ
1236 3888 1346 3957 γὰρ
1390 3886 1492 3940 οὐκ
1542 3888 1761 3957 ἀμέσως

178 3982 248 4051 τῷ
291 3980 735 4053 θεαρχικωτάτῳ
786 3980 1236 4049 προσελήλυθας·
1298 3978 1419 4032 οὐδὲ
1479 3977 1540 4043 ἐξ
1570 3978 1758 4046 αὐτῆς,

177 4072 244 4135 ὡς
308 4074 517 4135 είπείν,
564 4071 666 4140 τῆς
700 4070 926 4141 πρώτης
956 4069 1053 4123 τοῦ
1099 4069 1217 4140 βίου
1274 4069 1521 4140 βαλὸἰδος
1577 4069 1762 4122 ἐπιϐέ-

181 4164 342 4234 ϐηκας
395 4165 504 4233 τῆς
555 4164 893 4232 τελειότητος
924 4179 939 4194 ·
993 4162 1113 4225 πῶς
1161 4162 1317 4234 γάρ;
1376 4162 1522 4215 Ἔδει
1571 4162 1630 4215 δὲ
1683 4162 1763 4233 τῷ

178 4258 312 4326 νόμῳ
356 4256 457 4311 τοῦ
514 4257 851 4327 γράμματος
876 4255 1479 4329 τῖροπαιδαγωγηθέντα
1531 4255 1611 4327 τῷ
1663 4256 1760 4310 τοῦ

181 4350 489 4421 Πνεὺματος
513 4349 667 4403 οῦτω
691 4352 1005 4421 περιτυχεῖν
1037 4366 1052 4381 ·
1099 4349 1195 4402 καὶ
1223 4350 1343 4411 ταῖς
1373 4347 1485 4401 τῶν
1534 4347 1762 4401 ἐντολῶν

179 4443 380 4497 ἀτελέσι
416 4441 983 4514 προστοιχειωθέντα,
1028 4441 1173 4495 οῦτω
1209 4440 1304 4494 τοῦ
1334 4440 1667 4509 Εὑαγγελίου
1694 4443 1760 4511 τῇ

179 4535 475 4608 τελειότητι
536 4539 909 4606 προσχωρεῖν,
964 4535 1041 4597 ὡς
1086 4534 1307 4604 ἑδραίαν
1365 4536 1423 4587 ὲν
1476 4536 1611 4604 αὐτῇ
1668 4534 1763 4587 καὶ

179 4629 510 4695 ἀμετάθετον
546 4628 648 4699 τὴν
679 4628 889 4698 ἵδρυσιν
941 4628 1108 4700 ἔχειν.
1163 4627 1309 4680 Ἔδει
1358 4627 1436 4698 τῷ
1472 4628 1763 4698 προδρόμῳ

181 4719 361 4793 λύχνῳ,
409 4722 520 4785 τὰς
580 4721 682 4791 τῆς
727 4722 957 4791 καρδίας
1000 4720 1650 4790 προκατασκευασοέντας
1674 4721 1765 4773 κό-

1859 2246 2080 2302 quoque
2133 2230 2399 2285 satellites
2438 2237 2640 2300 prrcsto
2672 2236 2879 2283 essent.
2913 2227 3116 2281 Verum
3159 2226 3439 2296 quodnam

1860 2325 2074 2394 signum
2117 2322 2511 2378 declarationis
2550 2321 2757 2391 Regis?
2786 2320 2892 2374 Vox
2934 2318 3217 2374 clamantis
3264 2320 3320 2373 in
3351 2321 3440 2372 de-

1858 2426 2021 2471 serto.
2073 2415 2191 2469 Vox
2242 2415 2474 2485 pracicns
2522 2423 2648 2469 ante
2690 2412 2888 2468 faciem
2930 2411 3095 2466 Verbi
3123 2450 3139 2474 ,
3180 2412 3440 2481 illiusque

1859 2522 2175 2578 pra‘parans
2212 2508 2349 2571 vias,
2387 2522 2510 2575 quae
2556 2506 2775 2575 dirupta
2820 2505 3094 2574 compleat
3125 2513 3182 2559 et
3225 2502 3439 2559 confra-

1860 2615 2026 2670 gosa;
2064 2599 2280 2654 excelsa
2323 2598 2602 2663 humiliet,
2645 2613 2744 2653 seu
2779 2598 3072 2668 deprimat,
3105 2613 3272 2667 prava
3304 2597 3443 2651 diri-

1861 2705 1970 2764 gat,
1991 2707 2184 2762 aspera
2218 2707 2433 2745 morum
2463 2691 2776 2761 complanet
2803 2699 2861 2745 et
2901 2690 3074 2746 leniat
3100 2691 3168 2744 ⁷⁸.
3191 2690 3303 2746 Nec
3326 2689 3442 2745 sola

1862 2804 1966 2843 vox
1997 2788 2212 2857 signum
2247 2795 2353 2849 est,
2401 2784 2497 2840 sed
2527 2793 2583 2840 et
2625 2784 2931 2855 baptismus
2977 2784 3338 2855 ptenitentizn.
3368 2786 3445 2839 Ac

1861 2879 2086 2948 quidem
2136 2878 2380 2948 Baptista
2426 2893 2594 2948 super
2615 2893 2818 2947 aquas;
2846 2877 3071 2947 Rexque
3101 2886 3301 2948 praesto
3331 2886 3444 2931 sta-

1865 2972 1961 3027 tim
2010 2980 2073 3025 ut
2119 2971 2474 3041 intingatur;
2522 2985 2584 3025 ac
2634 2971 2970 3040 praeconium
3012 2985 3179 3040 quam
3220 2970 3446 3039 plenum

1862 3065 2149 3135 majestate
2174 3079 2240 3117 ac
2272 3063 2520 3117 divinum
2551 3063 2564 3116 l
2598 3062 2705 3133 ipsi
2735 3063 2885 3116 enim
2913 3063 3005 3132 qui
3033 3078 3174 3131 aqua
3200 3062 3449 3132 tingeba-

1863 3164 1972 3220 tur,
2024 3153 2361 3224 explicatum
2410 3152 2609 3206 ccelum
2649 3168 2665 3216 ;
2715 3150 2941 3205 advenit
2989 3149 3251 3219 Spiritus,
3302 3150 3447 3202 facta

1863 3261 1967 3299 vox
2007 3245 2223 3299 Domini
2259 3243 2499 3298 tonantis
2529 3260 2698 3313 super
2738 3259 2930 3312 aquas,
2963 3243 3224 3311 velutque
3252 3240 3445 3311 digito,

1863 3339 2131 3393 columbae
2186 3337 2408 3406 illapsu,
2448 3336 2836 3391 charissimum
2885 3349 2949 3389 ac
2998 3334 3376 3404 praedilectum
3417 3349 3449 3386 e

1783 3463 1827 3526 C
1862 3432 2004 3526 creto
2029 3429 2377 3526 ostendentis
2404 3430 2470 3484 ⁷³.

1938 3524 1999 3579 in
2028 3523 2179 3578 hunc
2206 3521 2430 3576 modum
2458 3520 2668 3577 etelesti
2697 3520 2866 3591 Rege,
2916 3519 3093 3589 majus
3126 3517 3337 3573 Joanne
3370 3524 3451 3571 te-

1868 3616 2191 3672 stimonium
2232 3631 2264 3670 e
2308 3614 2449 3670 cmlo
2498 3620 2801 3669 consecuto
2830 3612 2879 3643 ⁷⁸
2914 3625 3043 3666 cum
3090 3609 3207 3679 ipse
3238 3608 3452 3678 primus

1868 3709 2136 3780 Baptista,
2158 3718 2275 3763 tum
2306 3708 2494 3763 statim
2528 3707 2597 3762 ab
2624 3705 2740 3769 illo,
2767 3712 2825 3758 tu
2851 3702 3192 3766 beatissime,
3222 3702 3449 3756 arctiori

1868 3802 2098 3873 spiritus
2148 3800 2356 3855 amoris
2389 3799 2466 3864 vi,
2499 3798 2589 3853 cui
2637 3796 3013 3853 testimonium
3063 3792 3448 3854 deferebatur,

1870 3892 2111 3963 proclive
2149 3889 2451 3945 adluesisti.
2500 3889 2611 3943 Nec
2647 3888 2795 3943 enim
2839 3887 3047 3956 absque
3091 3885 3203 3939 ullo
3245 3883 3449 3944 medio.

1869 3982 2216 4039 divinissimo
2254 3980 2333 4034 illi
2356 3977 2637 4033 accessisti
2660 3994 2675 4042 ;
2702 3992 2804 4031 nec
2830 3975 2900 4029 ab
2934 3974 3069 4044 ipsis
3102 3975 3287 4028 statim
3326 3972 3453 4027 vita:

1869 4073 2188 4129 carceribus
2213 4070 2297 4141 (ut
2326 4071 2407 4125 sic
2434 4068 2649 4138 loquar)
2675 4066 3029 4138 perfectionis
3053 4065 3161 4119 alta
3190 4078 3453 4119 conscen-

1869 4165 1999 4220 disti
2025 4184 2038 4218 :
2069 4164 2174 4230 Qui
2205 4163 2355 4219 enim
2395 4164 2449 4218 id
2476 4163 2671 4218 fieret?
2695 4162 2931 4217 Necesse
2949 4174 3083 4214 vero
3108 4167 3228 4213 erat
3251 4166 3312 4211 ut
3334 4158 3452 4230 lege

1870 4258 2074 4329 scripta
2103 4267 2231 4313 ante
2252 4257 2525 4321 eruditus,
2548 4256 2628 4310 sic
2657 4255 2794 4325 legis
2822 4253 3053 4322 spiritus
3082 4266 3307 4320 compos
3334 4249 3452 4305 elli-

1871 4349 2114 4414 cereris;
2154 4356 2321 4417 atque
2356 4356 2416 4401 ut
2452 4344 2960 4416 imperfectioribus
2993 4344 3149 4413 prius
3180 4340 3452 4395 mandatis

1870 4439 2145 4503 eruditus,
2189 4439 2271 4492 sic
2314 4437 2657 4508 Evangelica:
2697 4435 3023 4511 perfectioni
3052 4432 3447 4497 admovereris,

1872 4533 1929 4585 in
1962 4546 2070 4601 qua
2096 4530 2359 4584 nimirum
2391 4528 2603 4583 firmam
2635 4528 2821 4584 sedem
2857 4543 2921 4583 ac
2949 4536 3150 4582 statum
3197 4524 3451 4580 immobi-

1873 4626 1983 4679 lem
2025 4623 2317 4678 habiturus
2343 4637 2515 4678 esses.
2550 4622 2654 4676 Par
2682 4630 2801 4676 erat
2841 4632 2902 4675 ut
2949 4630 3319 4691 przecurrente
3370 4620 3449 4671 Iu-

1872 4732 2060 4779 cerua,
2092 4715 2260 4769 animi
2295 4714 2499 4784 pupilla
2522 4715 2634 4783 jam
2681 4722 2808 4768 ante
2855 4720 3177 4782 prteparata,
3206 4710 3284 4765 sic
3316 4710 3451 4766 lucis

183 4814 370 4883 ρις,τὺ
396 4812 807 4884 ὑπέρλαμπρον
844 4812 987 4865 οῦτω
1019 4813 1116 4866 καὶ
1170 4813 1315 4881 μέγα
1364 4810 1763 4877 καταδέξασθαι

1873 4824 2067 4864 omnes
2098 4807 2341 4877 fulgores
2364 4811 2637 4860 excedens
2661 4821 2919 4875 magnum
2942 4805 3126 4858 lumen
3156 4803 3446 4871 reciperet.

182 4906 321 4973 φῶς·
353 4908 448 4960 διὰ
500 4906 692 4967 τοῦτο,
723 4905 801 4968 ὡς
860 4905 1020 4974 μόνον
1070 4902 1170 4973 τὴν
1229 4904 1414 4973 φωνὴν
1470 4905 1528 4956 ὲν
1574 4905 1768 4974 ἐρήμῳ

184 4997 380 5067 βοῶσαν
407 5000 765 5069 ἑπακήκοας,
792 4998 890 5069 οὐχ
907 4998 982 5062 ὡς
1013 4999 1136 5067 εἰκῆ
1166 4998 1453 5065 φωνοῦσαν
1484 4997 1770 5051 ἀπεσείσω

184 5096 310 5149 κατά
327 5098 457 5157 τοὺς
489 5094 721 5158 ἁσεόεἰς
758 5109 773 5124 ⁶
827 5094 940 5147 οὐδ’
996 5092 1356 5157 άξιάκουστον
1408 5091 1507 5162 μὲν
1552 5091 1767 5161 ἡγήσω,

184 5190 241 5259 τῇ
294 5189 390 5244 τοῦ
454 5189 585 5260 βίου
637 5188 698 5242 δὲ
752 5188 1073 5258 ματαιότητι
1130 5186 1618 5256 κατατεινόμενος,
1670 5185 1771 5252 τὴν

186 5282 438 5355 ἀκρόασιν
467 5282 791 5354 παρῃτήσω
841 5282 985 5336 κατὰ
1019 5282 1146 5344 τοὺς
1202 5279 1435 5343 πολλούς
1465 5295 1480 5309 ⁸
1510 5278 1621 5332 οὐδ’
1651 5278 1774 5346 ἐγέ-

187 5392 265 5429 νου
287 5378 385 5447 μὲν
424 5374 676 5448 πλησίον
724 5375 917 5444 αὐτῆς,
970 5374 1182 5445 βαρέως
1231 5372 1289 5425 δὲ
1328 5371 1472 5427 κατὰ
1495 5370 1623 5434 τοὺς
1654 5370 1773 5440 ἁψι-

188 5470 365 5541 κόρους
391 5466 687 5541 ἀκηκοὼς,
740 5467 902 5533 εὐθὺς
947 5470 1028 5532 είς
1057 5467 1124 5521 τὰ
1163 5466 1341 5520 ὀπίσω
1392 5463 1733 5526 παλινοστεῖς
1756 5478 1773 5494 ο

188 5562 307 5617 ἀλλὰ
335 5565 566 5635 πρῶτον
623 5561 722 5630 μὲν
755 5560 851 5614 τὸν
893 5563 994 5633 τῆς
1039 5560 1349 5631 γεννήσεως
1410 5558 1632 5630 τρόπον,
1672 5556 1773 5627 τῆς

189 5656 511 5732 ἀνατροφῆς,
548 5656 657 5727 τῆς
683 5654 915 5725 διαίτης,
943 5655 1035 5708 καὶ
1086 5653 1184 5723 τῆς
1228 5654 1358 5724 ὅλης
1406 5648 1501 5704 τοῦ
1533 5649 1775 5721 κήρυκος

248 5843 288 5874 ⁷⁸
316 5843 444 5899 Luc.
488 5856 596 5905 sn,
669 5839 971 5907 42;Jac.1,
1021 5841 1115 5905 l7;
1148 5840 1306 5898 Rom.
1347 5857 1462 5907 vm,
1509 5842 1599 5897 9.9.

200 5912 236 5948 ’¹
258 5915 391 5972 Psal.
423 5928 631 5979 xxviii,
663 5910 693 5965 5
768 5909 811 5943 ⁷⁸
844 5910 998 5967 Joan.
1042 5928 1091 5976 ι’,
1121 5910 1209 5966 3U.

1682 5842 1713 5875 ⁵³
1747 5839 1879 5895 Luc.
1932 5855 1970 5905 ι,
2005 5839 2088 5895 80.

1874 4903 2108 4961 Idcirco.
2146 4917 2273 4955 mox
2303 4916 2367 4955 ac
2412 4915 2603 4955 vocem
2639 4900 2966 4954 clamantem
2998 4898 3053 4952 in
3093 4898 3310 4951 deserto
3348 4911 3448 4949 au-

1874 4994 2026 5061 disti,
2052 5009 2162 5048 non
2188 4993 2340 5048 velut
2364 5003 2573 5047 temere
2599 4992 2950 5055 clamantem,
2980 4990 3274 5060 impiorum
3297 5003 3451 5043 more

1878 5087 2158 5157 repulisti:
2182 5101 2286 5141 nec
2305 5086 2528 5157 dignam
2551 5085 2854 5139 arbitratus
2882 5085 2972 5140 cui
2996 5086 3220 5139 auditus
3239 5098 3455 5138 accom-

1877 5180 2229 5244 modaretur,
2289 5179 2477 5234 saeculi
2533 5178 2765 5235 vanitati
2828 5178 3122 5233 intendens
3171 5176 3453 5243 animum,

1876 5272 2030 5342 vulgi
2079 5287 2231 5326 more
2267 5271 2459 5326 audire
2497 5271 2774 5325 renuisti:
2823 5286 2923 5324 nec
2972 5268 3199 5338 propius
3230 5267 3455 5337 quidem

1878 5364 2180 5431 aceessisti,
2205 5365 2446 5434 graviter
2472 5372 2655 5418 autem
2684 5363 2936 5426 audiens,
2974 5363 3125 5417 velut
3158 5360 3457 5416 fastidiosis

1882 5476 1984 5515 usu
2004 5460 2179 5525 venit,
2202 5459 2383 5514 statim
2416 5457 2613 5528 pedem
2644 5456 2882 5512 retulisti
2908 5474 2920 5510 :
2949 5457 3043 5511 sed
3075 5455 3310 5526 primum
3343 5454 3456 5509 nati

1881 5553 2151 5623 prmconis
2195 5552 2441 5616 modum,
2468 5552 2723 5606 cinniam
2774 5540 3179 5605 institutionem
3221 5547 3459 5615 vitaaque

1880 5662 2101 5702 omnem
2135 5645 2404 5699 rationem
2430 5644 2731 5699 demiratus
2756 5660 2771 5709 ;
2798 5654 3023 5715 tumque
3052 5638 3456 5714 praedicationis

2175 5838 2213 5870 ⁷³
2250 5836 2351 5893 lsa.
2387 5852 2472 5903 ιι,
2502 5837 2567 5902 5;
2617 5831 2807 5889 Matth.
2868 5844 2948 5893 tu,
2998 5828 3065 5895 5',
3119 5827 3257 5883 Luc.
3288 5827 3431 5888 111,5
