4192 6424
745 407 817 470 59
1951 409 2247 469 NICETE
2287 411 2313 468 ῐ

2417 410 2814 469 'llLAGONlS
3949 415 4028 478 σο

744 521 799 575 vi
829 520 1125 576 attendens
1165 519 1434 583 animum,
1474 534 1539 574 ac
1568 521 1719 575 velut
1768 519 2017 575 divinum
2057 523 2313 592 quoddan

2437 521 2664 588 ἀγωγῆς
2724 519 2784 572 τὸ
2835 520 3110 590 ὑπερφυὲς
3174 519 3652 589 ἐκτεθαυμακὼςο

745 615 978 668 verbum
1008 613 1336 682 cunctisque
1381 613 1622 668 salutare
1652 613 1988 683 intelligens,
2021 631 2051 668 a
2078 615 2328 684 parenti-

745 709 851 764 bus
877 717 1038 776 atque
1061 706 1344 768 fratribus,
1360 707 1622 774 omnique
1642 707 1968 775 cognatione
1991 707 2326 770 abscessisti,

744 814 910 872 atque
941 801 1090 854 illius
1121 809 1172 854 te
1201 809 1376 854 totum
1401 799 1706 868 disciplina:
1730 799 2014 863 addiccns,
2044 808 2327 867 paternam

746 895 1121 948 hrrreditatem
1147 901 1206 947 et
1239 893 1623 962 piscationem,
1648 908 1712 946 ac
1744 892 2136 945 uaviculariam
2169 906 2326 959 spre-

742 988 870 1040 visti
897 1003 912 1040 :
950 986 1044 1040 sed
1077 994 1132 1040 et
1173 985 1472 1038 mulcentia
1502 985 1708 1049 omnia,
1735 995 1898 1054 atque
1931 983 1998 1038 ad
2038 983 2326 1038 libidinem

742 1078 1102 1146 pellieieutia,
1130 1077 1530 1145 contempsisti.
1559 1076 1788 1145 Jamque
1817 1075 2013 1129 melius
2036 1089 2200 1144 quam
2227 1089 2328 1144 pro

742 1170 986 1224 hominis
1014 1170 1224 1223 ratione
1251 1169 1490 1237 sapiens,
1519 1170 1761 1222 urbanos
1795 1177 1974 1221 cattus
2010 1182 2323 1235 morasque,

740 1263 1000 1322 deserto;
1035 1263 1306 1316 tumultus
1334 1262 1570 1330 vitaeque
1606 1261 1845 1328 negotia,
1877 1262 2066 1329 quiete
2097 1275 2162 1314 ac
2191 1259 2328 1313 soli-

746 1353 975 1418 tudine;
1025 1352 1286 1416 delicias,
1328 1353 1668 1407 continentia
1715 1368 1780 1406 ac
1832 1354 2091 1423 jejunio;
2135 1366 2322 1406 rerum

739 1446 1078 1500 affluentiam
1106 1487 1121 1510 ,
1155 1447 1424 1500 tenuitate
1471 1461 1673 1499 census
1714 1444 2101 1498 commutasti:
2143 1444 2328 1514 Bapti-

737 1549 944 1608 staeque
968 1538 1418 1601 contubernium,
1443 1553 1636 1605 regum
1667 1537 1790 1590 aula
1818 1536 2031 1606 potiore
2075 1537 2198 1591 loco
2222 1536 2325 1590 du-

737 1646 892 1692 cens,
926 1645 1145 1684 omnem
1180 1629 1332 1683 brevi
1379 1632 1736 1700 przeeeptoris
1767 1629 2028 1682 virtutem
2063 1629 2324 1683 imitatio-

735 1723 823 1776 nis
868 1722 1019 1776 cultu
1065 1721 1375 1787 attraxisti;
1421 1732 1667 1775 exactam
1712 1719 1980 1776 doetrinte
2025 1721 2320 1783 rationem,

733 1814 1098 1866 constantiam
1125 1811 1319 1875 animi,
1345 1826 1558 1865 morum
1589 1812 1950 1872 honestatem,
1984 1809 2111 1863 vita:
2141 1809 2323 1878 splen—

733 1904 946 1966 dorem,
973 1915 1318 1958 terrenorum
1347 1913 1744 1972 contemptum,
1796 1912 2115 1957 contentum
2149 1901 2316 1955 emle-

737 1997 904 2049 stium
954 1995 1232 2049 desiderio
1269 1995 1552 2056 animum;
1598 2003 1760 2063 atque
1799 1994 1883 2064 (ut
1915 1993 2082 2047 semel
2109 1993 2311 2056 dicam,

730 2104 952 2141 omnem
983 2093 1103 2158 ejus
1133 2088 1373 2141 divinam
1415 2087 1727 2140 studiorum
1761 2087 2031 2140 rationem
2071 2099 2136 2139 ac
2177 2085 2310 2139 cha-

731 2192 992 2245 racteres,
1029 2181 1169 2235 bona
1198 2181 1399 2234 mentis
1427 2179 1613 2234 indole
1646 2181 1989 2249 expressisti.

2348 1869 2397 1929 B

3707 521 3896 576 ἔπειτα
3951 529 4024 594 τῇ

2430 611 2522 663 τοῦ
2585 611 2943 680 κηρύγματος
3000 611 3227 676 δυνάμει
3301 611 3739 682 προσεσχηκὼς,
3786 615 3887 666 καὶ
3940 614 4023 677 ὡς

2429 702 2571 754 θεῖόν
2618 719 2671 755 τι
2727 701 2789 754 τὸ
2846 703 3020 771 ῥῆμα,
3074 702 3170 754 καὶ
3227 702 3336 756 τῶν
3387 704 3530 756 ὅλων
3587 704 3673 771 εἴη
3727 706 4023 774 σωτήριον,

2428 796 2726 865 ἐπιστήσας
2746 794 2838 846 τὸν
2869 794 3013 860 νοῦν,
3063 793 3346 860 ἐξίστασαι
3394 797 3498 862 μὲν
3529 796 3730 860 γονέων
3757 796 3850 848 καὶ
3877 797 4004 850 ἀδελ

2428 889 2580 955 φῶν,
2646 886 2927 951 ἐξίστασαι
2982 889 3269 956 συγγενῶν
3303 903 3316 917 °
3367 889 3487 953 ὅλος
3526 887 3589 942 δὲ
3651 888 3750 957 τῆς
3808 888 4025 942 ἐκείνου

2426 982 2717 1052 γενόμενος
2758 979 3117 1050 φιλοσοφίας,
3170 983 3453 1053 ὑπερεῖδες
3503 982 3608 1050 μὶν
3648 980 3850 1052 κλήρου
3911 1000 4021 1036 πα-

2427 1073 2640 1143 τρῴου,
2709 1073 2805 1126 καὶ
2863 1073 3051 1138 ἁλείας
3106 1075 3202 1129 καὶ
3255 1077 3572 1139 ναυτιλίας*
3632 1075 3916 1142 ὑπερεῖδες
3958 1074 4020 1126 δὲ

2426 1162 2650 1216 καὶτῶν
2677 1165 2777 1216 ὅσα
2827 1165 3178 1233 καταθέλγει,
3229 1165 3328 1220 καὶ
3375 1168 3514 1237 πρὸς
3565 1164 3884 1234 φιληδονίαν
3913 1181 4020 1218 κα-

2424 1255 2653 1324 τασύρει
2709 1256 2802 1308 τὸν
2861 1257 3010 1308 νοῦν.
3053 1259 3320 1328 Κρεῖττον
3371 1258 3432 1312 δὲ
3491 1257 3713 1323 λοιπὸν,
3779 1256 3812 1325 ἢ
3869 1256 4016 1308 κατὰ

2425 1348 2712 1416 ἄνθρωπον
2737 1347 2971 1417 φρονῶν,
2999 1348 3096 1418 τὴν
3135 1349 3343 1419 ἔρημον
3389 1349 3506 1420 μὲν,
3551 1351 3660 1404 τῶν
3693 1353 3750 1404 ἐν
3788 1348 4016 1404 πόλεσιν

2425 1438 2640 1506 quae...
2669 1438 2958 1508 διατριϐῶν
2985 1455 3000 1469 °
3039 1439 3285 1512 θορύϐων
3324 1443 3404 1506 δέ,
3439 1441 3540 1512 τὴν
3572 1443 3808 1514 ἡσυχίαν
3831 1459 3846 1473 ·
3879 1458 4013 1509 τρυ-

2426 1529 2532 1598 φῆς
2560 1528 2640 1596 δὲ,
2667 1529 2766 1601 τὴν
2813 1531 3144 1602 ἐγκράτειαν
3169 1549 3184 1564 ·
3245 1534 3564 1604 περιουσίας
3609 1534 3689 1599 δὲ,
3734 1535 3832 1606 τὴν
3862 1533 4013 1589 λιτό-

2424 1640 2564 1692 τητα
2593 1639 2607 1652 ·
2664 1623 2758 1676 καὶ
2804 1623 2903 1692 τὴν
2973 1624 3116 1692 μετὰ
3160 1625 3255 1679 τοῦ
3307 1626 3620 1680 Βαπτιστοῦ
3668 1628 4014 1697 συνοίκησιν,

2429 1716 2720 1787 βασιλείων
2749 1717 3054 1788 ἡγούμενος
3093 1721 3519 1790 προτιμοτέραν,
3554 1721 3683 1791 ὃλην
3722 1722 3780 1774 ἐν
3810 1722 4016 1792 βραχεῖ

2425 1811 2518 1862 τοῦ
2543 1811 2866 1863 διδασκάλου
2897 1809 2987 1864 διὰ
3016 1812 3302 1880 μιμήσεως
3335 1815 3636 1866 ἐπεσπάσω
3660 1813 3760 1884 τὴν
3787 1815 4009 1885 ἀρετὴν,

2424 1903 2520 1955 καὶ
2552 1902 2650 1954 τοῦ
2681 1903 2840 1972 λόγου
2865 1902 2927 1957 τὸ
2958 1904 3205 1974 ἀκριϐὲς,
3239 1906 3334 1958 καὶ
3363 1905 3456 1959 τοῦ
3485 1906 3689 1976 τρόπου
3718 1907 3780 1960 τὸ
3807 1908 4010 1961 εὐστα-

2423 1991 2535 2054 Θές,
2555 1991 2730 2045 καὶτὸ
2755 1993 2850 2046 τοῦ
2868 1993 3033 2064 ἤθους
3054 1994 3272 2064 σεμνὸν,
3290 1995 3386 2048 καὶ
3402 1995 3462 2048 τὸ
3482 1997 3576 2050 τοῦ
3598 1997 3711 2067 βίου
3731 1997 4008 2068 λαμπρὸν,

2421 2087 2514 2138 καὶ
2570 2085 2679 2137 τῶν
2727 2087 2990 2155 ἐπιγείων
3040 2087 3142 2158 τὴν
3191 2087 3520 2156 ὑπεροψίαν,
3579 2090 3674 2143 καὶ
3719 2090 3817 2160 τὴν
3868 2090 4010 2160 πρὸς

2417 2177 2486 2229 τά
2533 2177 2760 2247 οὐράνια
2800 2177 3101 2242 συντονίαν,
3155 2179 3249 2231 καὶ
3306 2180 3488 2232 πᾶσαν
3526 2179 3691 2232 αὑτοῦ
3737 2180 3835 2253 τὴν
3881 2181 4009 2234 θεο-

729 2275 1002 2344 πρέπειαν
1033 2273 1133 2343 (8),
1166 2273 1424 2338 καθάπαξ
1477 2276 1671 2334 εἰπεῖν,
1724 2273 1802 2343 τῷ
1858 2273 2164 2341 ὰγαθοειδεῖ
2189 2270 2518 2342 ἐναπεμάξω
2575 2269 2669 2321 τοῦ
2727 2268 2840 2323 νοῦ.

801 2366 1072 2432 Quoniam
1101 2382 1232 2420 vero
1262 2368 1326 2431 is,
1354 2367 1446 2436 qui
1472 2376 1591 2420 erat
1618 2375 1907 2430 venturus,
1938 2368 2049 2436 jam
2074 2381 2314 2435 praesens

727 2467 870 2520 erat,
899 2469 954 2512 et
984 2459 1251 2512 Dominus
1280 2475 1404 2513 eum
1433 2461 1611 2514 servis
1643 2460 1990 2523 versabatur,
2023 2461 2316 2514 caelorum-

728 2565 837 2619 quc
886 2552 1000 2605 Rex
1053 2552 1217 2605 simili
1265 2555 1525 2623 pauperis
1573 2554 1764 2608 habitu
1803 2569 1930 2607 eum
1977 2554 2316 2622 pauperibus

729 2642 927 2713 agebat
948 2644 1017 2704 ⁷⁵,
1044 2643 1134 2697 hic
1164 2653 1269 2698 tua:
1306 2645 1496 2714 ingens
1531 2646 1753 2700 virtutis
1801 2644 2115 2714 prazstautia
2152 2659 2314 2697 mon.

729 2747 958 2791 stratur.
995 2737 1116 2791 Mox
1155 2739 1300 2790 enim
1347 2755 1409 2792 ac
1443 2738 1816 2807 praeceptoris,
1849 2736 1918 2790 de
1951 2737 2079 2792 Jesu
2115 2751 2308 2792 vocem

725 2829 955 2894 audisti,
1009 2827 1139 2883 Ecce
1176 2831 1354 2900 Agnus
1403 2831 1495 2884 Dci
1529 2833 1593 2895 ⁷⁸,
1631 2849 1740 2886 non
1784 2831 2010 2886 dubiant
2048 2847 2170 2885 eam
2214 2831 2310 2886 ha-

727 2920 921 2981 buisti,
955 2937 1053 2976 uec
1092 2921 1159 2975 de
1191 2924 1507 2977 testimonio
1551 2939 1752 2994 auceps
1796 2924 1980 2978 animo
2025 2925 2217 2989 fuisti;
2252 2933 2307 2978 at

729 3026 909 3079 neque
943 3028 1136 3066 eorum
1182 3028 1334 3068 more
1365 3015 1456 3082 qui
1507 3025 1633 3067 sunt
1680 3015 1908 3070 modicae
1949 3015 2096 3081 fidei,
2137 3017 2203 3070 ad
2243 3016 2307 3070 ﬁ-

726 3102 852 3156 dem
888 3104 1190 3158 faciendam
1219 3114 1431 3159 certum
1463 3106 1681 3174 aliquod
1715 3119 2099 3175 argumentum
2134 3124 2194 3160 ac
2226 3109 2306 3161 iu-

2495 2361 2718 2430 Ἐπειδὴ
2768 2362 2826 2413 δὲ
2871 2363 2900 2414 ὁ
2957 2362 3255 2430 ἐρχόμενος
3306 2362 3511 2432 παρῆν,
3563 2363 3658 2416 καὶ
3701 2364 3837 2433 μετά
3889 2367 4007 2420 τῶν

2411 2452 2614 2506 δούλων
2645 2457 2673 2505 ὁ
2699 2454 2978 2523 Δεσπότης
3011 2467 3026 2482 ⁶
3065 2455 3158 2506 καὶ
3181 2457 3210 2507 ὸ
3263 2455 3371 2508 τῶν
3417 2456 3663 2525 οὐρανῶν
3717 2456 4005 2521 Βασιλεὺς,

2412 2548 2470 2599 ἐν
2510 2545 2821 2614 ὁμοιώματι
2850 2547 3087 2615 πένητος
3137 2550 3249 2608 τοῖς
3298 2548 3528 2617 πένησιν
3579 2549 3952 2619 ἐπεχωρίαζεν
3988 2565 4004 2580 ⁶

2411 2636 2648 2691 ἐνταῦθά
2705 2655 2801 2689 σου
2857 2637 2918 2690 τὸ
2977 2639 3122 2708 μέγα
3181 2641 3505 2710 προτέρημα
3554 2640 3850 2710 καθορᾶται
3897 2643 4005 2711 τῆς

2416 2729 2639 2799 ἀρετῆς.
2686 2728 2774 2792 Ὧς
2809 2728 2969 2798 μόνον
3003 2730 3113 2798 γὰρ
3137 2731 3230 2782 τοῦ
3257 2731 3630 2800 καθηγεμόνος
3661 2733 4002 2802 ἐπακήκοας,

2421 2820 2544 2874 Ἴδε
2590 2821 2780 2888 ἀμνὸς
2812 2821 2918 2874 τοῦ
2967 2822 3138 2880 Θεοῦ.
3180 2822 3426 2892 περὶτοῦ
3468 2823 3639 2894 Ἰησοῦ
3688 2823 4003 2887 λαλοῦντος,

2415 2913 2517 2966 οὐκ
2567 2913 2854 2974 ἐδίστασας
2909 2916 2973 2982 τῇ
3037 2917 3211 2984 φωνῇ,
3260 2915 3321 2967 οὐ
3375 2915 3652 2984 διεκρίθης
3702 2915 3837 2984 πρὸς
3896 2915 4004 2982 τὴν

2416 3005 2718 3075 μαρτυρίαν
2745 3021 2760 3036 ο
2791 3004 2898 3056 οὐδ’
2924 3001 2991 3058 αὖ
3021 3006 3308 3076 τεκμηρίῳ
3338 3007 3444 3059 τινὶ
3489 3005 3830 3075 πιστωθῆναι
3855 3007 4003 3059 κατᾶ

2411 3098 2535 3158 τοὺς
2564 3097 2937 3163 ὀλιγοπὶστους
2991 3099 3256 3168 ἁπητήσω
3281 3114 3294 3126 ·
3334 3099 3468 3168 ὁμοῦ
3494 3100 3551 3152 δέ
3583 3099 3658 3167 τῷ
3683 3098 3825 3168 λόγῳ
3861 3098 4004 3168 πρὸς

727 3197 930 3250 dit-ium
960 3197 1244 3267 flagitasti:
1283 3198 1374 3251 sed
1411 3214 1534 3254 mox
1557 3199 1746 3250 audito
1771 3201 1956 3260 verbo,
1981 3200 2045 3252 ad
2075 3201 2312 3254 Verbum

2418 3190 2509 3241 τὸν
2538 3190 2711 3257 Λόγον
2762 3189 3076 3257 μετετίθεσο
3105 3205 3120 3222 ο
3160 3192 3252 3243 καὶ.
3288 3192 3378 3244 τὸν
3421 3192 3788 3260 νυμφαγωγὸν
3823 3207 4001 3244 κατα-

731 3300 898 3343 temet
921 3289 1035 3359 ipse
1069 3290 1394 3344 transtulisti
1422 3308 1436 3354 ;
1465 3292 1770 3359 relictoque
1801 3292 2073 3360 pronubo,
2095 3309 2308 3349 summa

728 3383 897 3435 animi
935 3384 1272 3452 perspieaeia
1323 3385 1536 3452 Sponso
1571 3386 1880 3447 adhmsisti;
1923 3400 2120 3455 nempe
2162 3387 2310 3441 velut

729 3490 983 3542 sponsam
1020 3475 1452 3538 immaculatum,
1481 3487 1716 3529 mentem
1752 3477 1801 3531 ei
1836 3476 2095 3538 oll‘ercns,
2124 3493 2309 3532 sacra-

731 3567 982 3636 tioreque
1022 3567 1100 3620 illi
1147 3569 1361 3621 ratione
1401 3577 1621 3638 aptatus
1648 3587 1660 3620 :
1689 3569 1821 3638 quin
1855 3583 1910 3622 et
1942 3585 2144 3639 corpus
2175 3571 2310 3624 oll‘e-

733 3676 880 3722 reus,
912 3671 966 3713 et
1003 3676 1129 3715 eum
1173 3676 1239 3714 eo
1283 3675 1504 3714 manere
1535 3677 1790 3730 qtuereus
1821 3679 1883 3716 ac
1911 3664 2308 3734 discipulorum

732 3753 1033 3806 matricula:
1081 3752 1281 3806 ascribi
1321 3757 1384 3819 (ο
1416 3751 1576 3806 fidem
1601 3754 1646 3819 !)
1677 3753 1840 3822 inque
1888 3770 2064 3808 :evum
2100 3755 2177 3810 illi
2213 3772 2308 3810 co-

731 3845 964 3908 hmrere,
1001 3844 1345 3914 ministrique
1395 3855 1580 3914 partes
1633 3845 1880 3915 implere,
1924 3849 2083 3901 enixe
2128 3865 2306 3918 rogas.

801 3935 940 4001 Quid
994 3953 1062 3990 ex
1118 3938 1226 3991 tuis
1277 3939 1516 4007 primum
1571 3938 1962 3993 laudabimus?
1998 3941 2130 4010 quid
2178 3957 2311 3998 vero

730 4028 1100 4096 potissimum,
1133 4044 1166 4080 o
1205 4031 1298 4097 qui
1340 4045 1552 4084 summa
1575 4032 1775 4101 dignus
1804 4033 2167 4089 admiratione
2209 4037 2308 4099 sis,

729 4119 1168 4173 admirabimur?
1207 4121 1357 4175 Fidei
1394 4123 1770 4177 sinceritatem
1795 4125 1818 4177 ?
1846 4141 2032 4178 veram
2061 4127 2311 4182 dilectio.

729 4225 857 4264 nem
880 4213 903 4262 ’ἐ
937 4226 1007 4264 an
1031 4226 1228 4264 sensus
1253 4212 1578 4266 utodestiam
1611 4214 1895 4283 animique
1932 4217 2214 4272 lenitatem
2246 4235 2309 4274 ac

727 4301 1042 4369 a-quitatem
1065 4301 1088 4353 ?
1108 4300 1265 4366 Quod
1293 4302 1441 4356 enim
1475 4301 1660 4358 audita
1687 4305 2031 4359 soluuuuodo
2055 4306 2309 4376 Baptista:

731 4406 888 4455 voce,
915 4391 1009 4445 illo
1041 4396 1224 4446 statim
1256 4391 1468 4456 relicto,
1495 4394 1692 4448 festiue
1720 4405 1842 4463 post
1871 4396 2056 4451 .lesum
2084 4399 2306 4463 abieris,

727 4499 948 4538 omnem
975 4486 1135 4554 plane
1166 4487 1428 4542 virtutem
1460 4489 1748 4557 perspicue
1781 4488 1984 4557 prodit.
2003 4492 2142 4544 Num
2170 4492 2310 4546 leni-

2413 3283 2609 3346 λιπὼν,
2643 3281 2951 3350 νοερώτατα
2977 3282 3055 3353 τῷ
3100 3283 3340 3352 Νυμφίῳ
3375 3283 3684 3352 προσεφύου
3715 3297 3729 3313 ⁶
3771 3277 3858 3335 οἷα
3892 3282 4000 3351 μὲν

2413 3372 2633 3441 νύμφην
2664 3371 2896 3441 ἄμωμον
2917 3411 2931 3436 ,
2960 3372 3057 3440 τὴν
3101 3371 3342 3424 διάνοιαν
3377 3373 3668 3442 προσάγων
3701 3371 3868 3438 αὐτῷ,
3900 3371 4001 3423 καὶ

2418 3464 2696 3534 μυστικῶς
2751 3465 3271 3534 προσαρμοξόμενος
3299 3479 3312 3491 ο
3367 3465 3661 3533 προσάγων
3703 3464 3759 3515 δέ
3810 3465 3899 3516 καὶ
3939 3465 4001 3515 τὸ

2415 3557 2596 3626 σῶμα,
2633 3556 2727 3608 καὶ
2759 3555 2888 3626 παρ’
2921 3555 3070 3625 αὑτῷ
3121 3557 3303 3626 μένειν
3352 3555 3533 3624 ζητῶν
3569 3556 3663 3608 καὶ
3715 3556 4002 3625 μαθητιῶν

2415 3647 2482 3718 (ὦ
2510 3649 2608 3716 τῆς
2635 3649 2868 3711 πίστεως
2892 3651 2957 3715 !),
2990 3650 3083 3702 καὶ
3124 3647 3275 3720 αὐτῷ
3303 3649 3372 3703 δι’
3406 3647 3600 3714 αἰῶνος
3629 3652 3864 3704 συνεῖναι
3901 3653 3998 3703 καὶ

2414 3741 2780 3798 διακονεῖσθαι
2805 3742 3162 3814 παρακαλῶν.

2482 3961 2548 4013 Τί
2589 3979 2683 4013 σου
2737 3963 2956 4032 πρῶτον
3003 3961 3448 4032 ἐπαινεσόμεθα;
3497 3965 3550 4016 τί
3606 3963 3916 4033 δὲμᾶλλον,
3951 3959 4001 4016 ὦ

2414 4051 2872 4122 θαυμασιώτατε,
2933 4053 3375 4122 θαυμασόμεθας
3453 4054 3518 4108 τὸ
3588 4056 3690 4125 τῆς
3756 4056 3997 4119 πίστεως

2411 4143 2709 4213 ἀκραιφνὲς
2737 4183 2751 4206 ,
2778 4145 2839 4197 τὸ
2867 4147 2963 4215 τῆς
2991 4146 3214 4212 ἀγάπης
3245 4145 3558 4214 εἱλικρινὲς,
3597 4147 3629 4214 ἢ
3679 4146 3739 4198 τὸ
3773 4147 4000 4215 μέτριον

2411 4235 2504 4286 τοῦ
2540 4238 2889 4304 φρονήματος
2923 4239 3015 4288 καὶ
3044 4237 3185 4302 ἄγαν
3229 4237 3513 4300 ἐπιεικές;
3565 4237 3638 4288 Τὸ
3669 4236 3778 4306 γάρ
3827 4236 4003 4308 μόνης

2411 4326 2505 4378 τοῦ
2566 4326 2874 4380 Βαπτιστοῦ
2938 4328 3036 4396 τῆς
3089 4330 3273 4398 φωνῆς
3331 4329 3630 4396 ἀκηκοότα,
3679 4328 3842 4380 αὐτὸν
3895 4328 4002 4397 μὲν

2411 4418 2610 4472 αὐτίκα
2652 4419 2856 4481 λιπεῖν,
2899 4420 2978 4489 τῷ
3037 4420 3210 4490 Ἰησοῦ
3261 4420 3319 4472 δέ
3376 4421 3770 4491 προσδραμεῖν,
3814 4421 3999 4492 πάσης

2410 4512 2615 4579 ἀρετῆς
2644 4511 2922 4575 ἀπόδειξις
2959 4515 3218 4582 ἐναργής.
3256 4513 3324 4565 Ἦ
3373 4515 3434 4566 οὐ
3484 4514 3795 4584 πραΰτητος
3835 4513 4003 4583 ἔργον

730 4580 858 4631 tatis
886 4579 1047 4633 simul
1075 4578 1422 4648 modestique
1457 4595 1653 4634 sensus
1682 4596 1745 4636 ac
1769 4583 1960 4647 animi,
1998 4585 2143 4652 quod
2181 4586 2308 4639 illu-

2417 4600 2548 4670 ὁμοῦ
2603 4602 2700 4654 καὶ
2749 4602 3294 4672 ταπεινοφροσύνης,
3350 4602 3443 4655 τὸν
3493 4602 3839 4674 περιώνυμον
3895 4605 4002 4671 μὲν

725 4672 824 4724 sui
863 4673 956 4725 illo
981 4673 1266 4741 gloriaque
1291 4672 1622 4739 clarissimo,
1655 4689 1718 4728 ac
1743 4690 1961 4728 onmem
1980 4693 2151 4746 prope
2183 4679 2306 4732 viu-

727 4775 886 4818 cente
919 4766 1249 4830 elan‘tatem,
1285 4766 1498 4829 relicto,
1532 4768 1653 4821 miti
1683 4768 1851 4822 corde
1889 4779 2054 4838 atque
2087 4772 2304 4836 humili,

728 4857 1075 4925 necdumque
1104 4858 1407 4912 claritatem
1443 4859 1662 4928 adepto,
1691 4860 1897 4929 quaeris
1921 4861 2201 4918 adhaerere
2228 4865 2308 4918 "?

725 4949 867 5003 Num
896 4961 954 5006 et
984 4950 1110 5004 fidei
1151 4951 1295 5005 istud
1329 4953 1768 5022 perfectissimae,
1793 4965 2118 5028 certumque
2155 4960 2302 5016 indi-

725 5043 870 5094 cium
922 5057 1150 5096 summa:
1183 5041 1536 5098 dilectionis?
1583 5043 1718 5098 Eum
1761 5047 1909 5099 enim
1963 5048 2057 5116 qui
2095 5049 2306 5117 primus

725 5132 908 5186 Verbo
933 5133 1238 5203 discipulus
1263 5133 1570 5202 accederet,
1609 5136 1927 5206 primusque
1958 5138 2156 5194 divina:
2183 5142 2306 5211 ejus

725 5226 1150 5279 necessitudinis
1185 5229 1518 5281 commercio
1547 5228 1770 5283 futurus
1805 5242 1973 5295 esset,
2013 5233 2160 5288 illius
2189 5245 2302 5289 tum

727 5317 971 5386 Spiritus
1025 5319 1349 5388 participem
1401 5319 1556 5384 fore,
1603 5329 1720 5375 tum
1773 5323 2042 5379 virtutum
2093 5331 2303 5383 semina

799 5494 848 5526 "
881 5495 1086 5552 llabac.
1121 5516 1180 5567 ιι,
1207 5501 1268 5565 4;
1303 5499 1468 5554 llebr.
1497 5515 1556 5566 ιι,
1585 5501 1673 5555 37.
1753 5503 1958 5560 "Joan.
1987 5523 2024 5571 ι,
2057 5509 2147 5563 29.

803 5657 880 5736 (8)_
912 5657 1121 5736 Ιιιῑςγτίν
1149 5665 1334 5716 αὐτοῦ
1365 5666 1480 5732 τὴν
1528 5671 1936 5736 θεοπρέπειαν.
2002 5673 2108 5728 Alii
2152 5688 2301 5726 com-

730 5729 1028 5812 munium?)
1054 5732 1355 5803 θεοπρεπὲς
1383 5729 1594 5812 dicunt.
1623 5729 1899 5809 Quidquid
1924 5754 2008 5797 est
2033 5744 2307 5812 ejusdivi-

731 5816 923 5874 uarum
977 5802 1163 5855 dolum
1197 5802 1257 5859 ae
1289 5802 1708 5874 perfectiouuut,
1754 5802 1970 5865 diutius
2003 5802 2194 5867 ιιιῖιιιιξμ
2253 5816 2302 5865 iu

729 5885 798 5924 oo
823 5873 980 5928 dotes
1008 5893 1068 5928 at:
1103 5873 1468 5946 rharaeteres,
1495 5900 1555 5936 ιιι·
1617 5886 1656 5935 si
1711 5884 1840 5951 quid
1871 5887 2139 5950 ejusmodi
2195 5885 2300 5938 diu

2225 5511 2385 5566 Joan.

2415 4695 2622 4746 ἐκεῖνον
2674 4693 2770 4747 καὶ
2823 4695 2924 4762 τὴν
2989 4691 3150 4757 δόξαν
3201 4695 3598 4765 ὑπέρλαμπρον
3655 4696 3999 4760 καταλιπεῖν,

2415 4785 2492 4854 τῷ
2524 4787 2689 4854 πραεῖ
2743 4784 2800 4837 δέ
2843 4787 2910 4854 τῇ
2965 4786 3165 4854 καρδίᾳ
3226 4788 3320 4838 καὶ
3373 4786 3632 4856 ταπεινῷ,
3691 4787 3787 4840 καὶ
3839 4786 4004 4842 οὔπω

2413 4875 2789 4946 δεδοξασμένῳ
2812 4877 3106 4930 κολλᾶσθαι
3139 4875 3360 4946 ζητεῖν;
3388 4878 3457 4930 ’Ἡ
3486 4879 3606 4947 οὐχὶ
3637 4882 3729 4930 καὶ
3759 4879 4007 4944 πίστεως

2414 4969 2572 5021 τοῦτο
2597 4969 2696 5038 τῆς
2721 4968 3090 5040 τελειοτάτης,
3136 4970 3231 5023 καὶ
3277 4972 3502 5042 ἀγάπης
3531 4970 3667 5024 θεοῦ
3695 4972 4008 5041 τεκμήριον

2412 5060 2510 5128 τῆς
2549 5061 2860 5131 ἀκροτάτης
2893 5079 2906 5127 ;
2942 5061 3045 5114 Τὸν
3079 5063 3187 5132 γάρ
3236 5064 3451 5132 πρῶτον
3483 5063 3562 5133 τῷ
3623 5064 3780 5132 Λόγῳ
3823 5063 4008 5136 μαθη-

2412 5151 2670 5221 τευθῆναι
2722 5153 3050 5224 προσιόντα,
3091 5154 3184 5207 καὶ
3241 5155 3460 5225 πρῶτον
3517 5158 3574 5207 ἐν
3633 5158 3832 5226 μετοχῇ
3891 5159 4007 5227 τῆς

2412 5241 2711 5312 θεαρχικῆς
2759 5243 3089 5312 οἰκειότητος
3145 5244 3408 5313 μέλλοντα
3457 5244 3836 5310 καθίστασθαι,
3884 5247 4006 5301 ἔδει

2415 5334 2642 5402 μέτοχόν
2673 5351 2732 5385 τε
2765 5329 2905 5386 εἶναι
2935 5333 3028 5386 τοῦ
3078 5334 3395 5405 Πνεῦματος
3425 5336 3659 5400 ἐκείνου,
3695 5338 3787 5388 καὶ
3818 5335 4002 5405 σπέρ-

2415 5530 2452 5578 1,
2479 5513 2566 5568 38.
2649 5515 2690 5546 ’τ
2724 5515 2915 5570 Matth.
2946 5531 3023 5580 xl,
3048 5516 3138 5571 29.

2407 5684 2585 5742 potest
2617 5694 2628 5729 :
2656 5694 2769 5800 quo
2796 5680 2911 5732 fere
2947 5679 3111 5732 modo
3137 5678 3352 5734 Eustat.
3389 5678 3615 5746 exponit
3661 5679 3720 5731 τὸ
3766 5679 4006 5746 θεοπρόο

2415 5764 2508 5800 ποξ
2547 5762 2672 5800 ξιιηιι
2743 5751 2962 5800 llomcr-
3022 5751 3127 5800 Sed
3167 5761 3254 5800 est
3289 5752 3507 5800 urourie
3558 5759 3720 5800 rates.
3758 5752 4005 5800 divinus-

2415 5764 2508 5820 ποι
2547 5751 2694 5820 apud
2743 5751 2962 5805 llomcr.
3022 5751 3127 5803 Sed
3167 5761 3254 5804 est
3289 5752 3507 5820 proprie
3558 5759 3720 5813 rates,
3758 5752 4005 5814 divinus,

2409 5817 2552 5872 idem
2588 5833 2649 5872 ac
2676 5819 2884 5890 θεωρός
2909 5832 2964 5877 et
2994 5817 3318 5892 θεοπροπίας
3350 5821 3679 5875 vaticinium.
