4192 6424
2888 392 2947 405 ,ο

188 422 238 491 61
1067 432 1355 497 ORATIO
1394 436 1489 497 IV.
1523 460 1595 474 ·-
1621 440 1703 501 ΙΝ
1745 442 1791 501 L

1830 443 2060 506 .UDEM
2102 449 2165 508 S.
2204 448 2555 511 ΑΝΒΒΕᾸΞ.
3351 456 3422 520 62

191 560 307 613 ματα
350 540 610 613 προέχειν
667 541 779 595 τῶν
823 545 1055 614 ἀρετῶν.
1105 548 1272 601 Ὅθεν
1326 551 1545 615 οἰκείως
1594 553 1733 623 ἔχων
1762 561 1791 616 Α

1835 559 2179 628 ριτιιιιιώοτε,
2198 564 2448 618 decebat.
2467 562 2991 629 Quamobrem,cum
3020 574 3213 621 natura
3237 583 3422 637 quam-

189 634 298 687 κατὰ
348 634 516 702 φύσιν
572 634 746 705 αὐτῷ,
799 635 1016 707 πρῶτος
1076 643 1219 709 μετά
1266 643 1359 696 τὸν
1421 644 1733 715 Βαπτιστὴν

186 724 366 789 ἐπέγνω
427 723 675 776 Μεσσίαν
727 722 890 787 εἶναι,
955 727 1050 780 τὸν
1109 730 1216 782 ὑπὸ
1268 732 1378 784 τῶν
1433 736 1733 804 προφητῶν

188 811 604 882 μαρτυρούμενον
644 814 883 884 Χριστόν
908 832 925 847 ·
962 817 1056 869 καὶ
1101 818 1319 888 πρῶτος
1363 821 1475 876 τῶν
1503 823 1736 876 ἀποστό-

186 903 270 954 λων
319 902 649 971 αὐτομάτοις
706 906 868 971 ποσὶ,
926 908 989 960 τὸ
1040 908 1136 962 τοῦ
1198 910 1360 979 λόγου
1411 915 1731 985 φερόμενον,

187 1000 469 1067 προσ-χωρεῖ
496 999 591 1051 καὶ
625 997 799 1068 τούτῳ
845 999 1231 1064 συνοικίζεται.

240 1090 352 1142 Οὐδὲ
394 1090 506 1160 γάρ
556 1091 809 1159 ἀνέχεταί
847 1110 1002 1155 τινας
1040 1097 1147 1166 πρὸ
1196 1097 1363 1150 αὐτοῦ
1430 1099 1733 1166 φοιτῶντας

184 1179 323 1248 όρᾷν,
380 1183 479 1234 καὶ
534 1183 1060 1253 παρευδοκιμεῖσθαι
1115 1186 1193 1256 τῷ
1252 1189 1445 1259 ἀγαθῷ
1471 1206 1483 1219 ⁸
1544 1192 1734 1245 δειλῶν

188 1271 375 1339 μᾶλλον,
416 1272 450 1343 ἢ
499 1278 991 1346 περιεσκεμμένων
1022 1282 1084 1332 τὸ
1128 1281 1302 1343 πάθος
1335 1282 1684 1355 λογιζόμενος
1717 1302 1732 1317 ⁸

185 1363 282 1415 οὐδὲ
329 1364 425 1435 τὴν
472 1366 605 1437 παρ’
657 1368 869 1421 ἐκείνου
928 1369 1120 1440 κλῆσιν
1174 1374 1314 1427 κατά
1368 1376 1494 1439 τοὺς
1540 1378 1734 1442 ἄλλους

186 1456 416 1524 ἀναμένει
445 1475 459 1488 ⁸
486 1458 709 1525 ὀξύτητι
734 1460 789 1513 δὲ
836 1462 928 1514 νοῦ
978 1465 1073 1516 καὶ
1128 1466 1381 1541 ἀγχινοίᾳ
1420 1471 1510 1524 τὸν
1536 1472 1733 1537 ζητού-

184 1567 320 1615 μενον
366 1551 580 1623 εὑρὼν,
622 1552 921 1626 θερμότητι
982 1558 1160 1629 τούτῳ
1220 1562 1461 1627 πίστεως
1530 1566 1734 1629 εὐθέως

185 1643 481 1711 συμφύεται.
538 1645 739 1717 Τρόπῳ
789 1646 845 1700 δὲ
882 1650 1169 1723 φιλαγάθῳ
1215 1657 1580 1724 κεχρημένος,
1631 1659 1735 1710 οὐκ

182 1735 403 1803 ἀνέχεται
458 1738 621 1807 μόνος
662 1738 759 1791 τοῦ
810 1741 1021 1808 ἀγαθοῦ
1080 1749 1437 1818 κατατρυφᾷν
1471 1764 1485 1776 ⁸
1545 1750 1733 1821 ῶσπερ

181 1824 226 1876 δὲ
278 1826 544 1897 θησαυρόν
599 1848 725 1884 τινα
784 1834 962 1903 μέγαν
1016 1835 1113 1887 τὸν
1180 1838 1392 1907 Ἰησοῦν
1445 1842 1726 1911 εὑρηκὼς,

1838 650 1964 705 dam
1994 667 2120 705 cum
2154 669 2223 708 eo
2259 654 2726 710 necessitudinem
2754 656 3006 719 haberet,
3038 658 3257 726 primus
3296 671 3416 727 post

1836 742 2157 812 Baptistam,
2183 760 2304 799 esse
2337 761 2464 800 eum
2491 746 2744 801 Messiam
2779 758 2835 799 et
2856 746 3136 801 Christum
3180 749 3420 817 prophe-

1836 844 2018 889 tarum
2064 839 2305 892 oraculis
2343 840 2767 907 praenuntiatum
2803 840 3062 909 agnovit;
3093 841 3421 911 primusque

1834 928 2231 996 apostolorum,
2258 929 2527 983 ultroneis
2553 931 2721 1000 (quod
2762 931 2939 995 aiunt)
2978 931 3233 1000 pedibus,
3266 948 3421 987 acce-

1835 1021 1937 1084 dit,
1964 1037 2028 1075 ac
2062 1023 2483 1077 contubernalis
2516 1024 2567 1076 ei
2597 1024 2854 1079 eﬁicitur.

1906 1114 2024 1169 Non
2061 1118 2210 1169 enim
2246 1116 2503 1179 sustinet,
2537 1126 2597 1170 ut
2646 1133 2703 1172 se
2734 1118 2953 1187 priores
2996 1118 3210 1188 aliquos
3246 1119 3418 1189 Magi-

1836 1218 2013 1263 strum
2045 1210 2335 1273 adeuntes,
2367 1210 2531 1280 eique
2561 1209 2889 1279 discipulos,
2920 1211 3133 1275 videat,
3168 1212 3413 1282 bonique

1834 1300 2021 1355 studio
2062 1301 2141 1354 illi
2176 1311 2541 1370 praestantes:
2584 1302 3036 1357 meticulosorum
3068 1302 3253 1371 potius
3288 1318 3416 1356 eum

1835 1403 1989 1447 ratus
2008 1392 2289 1457 allectum,
2308 1409 2472 1461 quam
2491 1410 2687 1448 eorum
2704 1394 2798 1463 qui
2816 1395 3091 1449 solertiori
3121 1395 3418 1464 prudentia

1833 1486 2129 1540 ducantur.
2162 1487 2352 1556 Neque
2382 1496 2681 1556 exspectat,
2716 1487 3181 1557 quemadmodum
3212 1489 3329 1552 alii,
3357 1496 3419 1543 ut

1833 1576 1903 1630 ab
1936 1578 2056 1645 ipso
2090 1588 2355 1641 vocetur;
2383 1577 2481 1630 sed
2508 1580 2709 1631 mentis
2740 1578 3039 1648 sagacitate
3064 1578 3290 1632 invento
3320 1578 3417 1633 illo

1833 1670 1928 1737 qui
1962 1670 2338 1738 quaerebatur,
2371 1668 2586 1723 fervore
2623 1669 2748 1723 ﬁdei
2797 1670 2876 1723 illi
2924 1672 3110 1725 statim
3151 1672 3413 1725 cohrcret.

1833 1762 2361 1832 Benignissimisque
2392 1778 2525 1816 usus
2560 1763 2832 1826 moribus,
2864 1780 2973 1818 non
3017 1764 3126 1818 fert
3171 1772 3231 1817 ut
3265 1763 3415 1817 solus

1833 1856 1979 1908 bono
2031 1855 2313 1923 potiatur;
2344 1854 2438 1907 sed
2486 1854 2637 1908 velut
2682 1856 2775 1923 qui
2808 1856 3082 1924 ingentem
3123 1856 3446 1926 quemdam'

179 1916 334 1987 τρέχει
384 1921 481 1972 καὶ
531 1923 742 1991 Σίμωνι
796 1925 989 1978 τοῦτον
1050 1929 1423 1998 παραδεῖξαι*
1486 1934 1725 2003 Σίμωνι,
1758 1930 1791 1989 Il

1836 1949 2154 2001 thesaurum
2190 1946 2376 2000 Jesum
2420 1955 2614 2000 nactus
2661 1956 2829 2011 esset,
2858 1947 3025 2001 etiam
3070 1916 3279 2000 Simoni
3332 1946 3414 2006 fe-

178 2010 366 2081 ἀᾶελφῷ
386 2012 489 2082 τὴν
512 2013 696 2080 φύσιν,
724 2016 941 2087 ἀδελφῷ
973 2019 1073 2090 τὴν
1113 2021 1342 2092 γνώμην
1373 2041 1387 2054 ⁸
1419 2026 1518 2095 τὴν
1538 2027 1733 2097 τέχνην

180 2102 396 2172 ὁμοτίμῳ
425 2120 440 2135 ⁸
473 2105 649 2175 ἄμφω
686 2108 797 2177 γάρ
831 2110 1004 2173 ἁλιεῖς
1029 2130 1044 2144 ⁸
1074 2113 1167 2165 τὸν
1196 2117 1399 2185 τρόπον
1426 2118 1684 2187 ὁμοζήλῳ
1714 2139 1729 2152 ·

179 2196 479 2263 νομομαθεῖς
530 2200 642 2269 γάρ
689 2202 881 2271 ἄμφω,
936 2205 1031 2256 καὶ
1088 2206 1190 2275 τῆς
1250 2209 1424 2279 αὐτῆς
1472 2210 1731 2279 ἀληθείας

176 2288 349 2356 ὁμοίως
370 2292 677 2362 συζητηταὶ
719 2294 817 2347 καὶ
838 2297 1090 2366 ἐρασταί.

230 2563 417 2618 Τοῦτον
444 2567 667 2633 πρῶτον
714 2570 743 2622 ὁ
801 2570 1059 2643 Ἀνδρέας
1119 2574 1322 2645 εὑρὼν,
1348 2579 1726 2649 Εὑρήκαμεν,

172 2653 416 2725 ἔφηπότ-
470 2659 776 2714 levatur.
832 2662 1202 2733 Περιχαρείας
1228 2667 1418 2736 γέμων
1471 2671 1500 2721 ὁ
1548 2672 1728 2741 λόγος.
1782 2686 1791 2695 ’

172 2744 251 2831 καὶ
280 2745 592 2816 θαυμασίας
614 2752 831 2821 ἡδονῆς.
864 2756 1033 2807 Οὐδὲν
1065 2759 1174 2828 γὰρ
1209 2757 1385 2823 οὕτως
1417 2762 1729 2831 εὐφραίνειν

170 2830 257 2888 οἶδε
282 2837 477 2911 ψυχὴν,
505 2840 585 2904 ὡς
611 2843 675 2895 τὸ
720 2844 860 2912 μετά
889 2847 1054 2899 πόνου
1080 2852 1173 2901 καὶ
1200 2849 1460 2921 πλείστης
1492 2830 1724 2923 ἐρεύνης

170 2928 531 2999 εὑρισκόμενον
562 2949 579 2965 ο
614 2927 698 2996 οἷς
746 2935 857 3004 γὰρ
896 2936 966 2989 ἂν
996 2939 1064 2991 ἐκ
1104 2940 1200 2992 τοῦ
1254 2942 1517 3012 ἀδοκήτου
1572 2962 1729 3012 περι-

169 3021 431 3090 τύχοιμεν,
493 3025 598 3078 κᾶν
655 3030 873 3096 μεγάλα
928 3031 1084 3102 δοκῇ,
1140 3034 1201 3085 ού
1258 3036 1399 3103 μετά
1458 3038 1728 3108 τοσαύτης

170 3115 549 3185 προσηκάμεθα
578 3119 677 3183 τῆς
716 3118 951 3187 σπουδῆς
977 3137 992 3150 ·
1036 3123 1131 3174 καὶ
1174 3124 1263 3177 διὰ
1314 3126 1475 3179 τοῦτο
1524 3128 1726 3197 μόνιμά

166 3220 215 3254 τε
278 3206 352 3274 τῷ
429 3210 760 3280 κεκτημένῳ
831 3212 1157 3268 καθίσταται
1230 3220 1325 3271 καὶ
1380 3219 1723 3291 βεϐαιότερα.

165 3299 239 3349 Διὸ
281 3302 371 3353 καὶ
431 3298 591 3366 οὗτος
650 3305 799 3374 ψυχῇ
857 3306 960 3374 μὲν
1013 3307 1308 3379 φιλοπόνῳ,
1354 3313 1623 3383 φιλολόγῳ
1668 3316 1723 3367 δὲ

162 3390 345 3462 διανοίᾳ.
398 3396 693 3465 προσέχων
762 3402 888 3461 ταῖς
959 3400 1001 3452 Γ
1007 3405 1231 3470 ραφαῖς.
1299 3404 1418 3474 ᾔδει
1487 3408 1586 3475 μὲν
1634 3408 1725 3461 τὸν

164 3480 369 3551 Χριστὸν
392 3488 476 3548 είς
511 3488 794 3557 σωτηρίαν
826 3490 1135 3559 ἀνθρώπων
1162 3494 1523 3563 ἐλευσόμενον
1548 3536 1563 3559 ,
1628 3499 1726 3550 κά-

164 3592 288 3643 μνων
335 3576 437 3648 Ιμὴ
467 3580 723 3652 κάμνων]
782 3582 841 3634 δὲ
890 3586 955 3653 τῇ
1011 3585 1221 3650 ἐλπίδι,
1280 3590 1413 3659 περὶ
1469 3590 1572 3659 τὴν
1630 3591 1723 3644 τοῦ

164 3672 594 3743 προσδοκωμένου
637 3674 858 3744 εὕρεσιν
892 3678 1098 3731 ἐπόνει.
1136 3680 1245 3733 Καὶ
1272 3682 1469 3752 ἐπειδὴ
1507 3682 1725 3751 πρῶτος

160 3764 350 3817 πάντων
379 3768 572 3835 εὑρεῖν
622 3767 970 3838 κατηξιοῦτο,
1034 3771 1115 3833 εἷς
1172 3789 1231 3824 τε
1284 3773 1409 3841 ὅφιν
1443 3774 1594 3843 αὐτῷ
1629 3777 1724 3829 καὶ

160 3853 324 3921 λόγους
346 3853 453 3928 ἧκε
508 3859 758 3929 βραχεῖς,
818 3862 1108 3916 ἀναϐάλλει
1169 3867 1268 3934 μὲν
1316 3869 1384 3937 τῇ
1420 3868 1620 3938 καρδία
1645 3868 1724 3937 τῷ

161 3950 343 4021 φίλτρῳ
394 3952 497 4004 τοῦ
557 3953 813 4019 ἀγαθοῖν
876 3956 957 4025 τῷ
1021 3959 1164 4024 φωτὶ
1212 3959 1272 4011 δὲ
1317 3963 1417 4029 τῆς
1471 3961 1725 4028 γνώσεως

156 4042 231 4092 τὸν
270 4044 392 4096 νοῦν
415 4045 711 4113 ἀναφθεξ,
762 4046 975 4118 πλήρης
1015 4049 1153 4102 Θεοῦ
1178 4052 1387 4118 γίνεται
1418 4054 1593 4122 χαρᾶς
1618 4069 1631 4083 ⁸
1657 4048 1724 4125 ἧς

161 4136 291 4201 μόνος
341 4139 403 4190 ού
435 4138 627 4208 φέρων
652 4144 1031 4212 κατατρυφᾷν,
1083 4144 1180 4195 καὶ
1204 4145 1410 4213 Πέτρον
1441 4145 1722 4212 ἠπείγετο,

160 4223 323 4295 ὥσπερ
352 4223 506 4297 εἶχεν
551 4228 772 4294 πρῶτον
814 4232 913 4299 τῆς
962 4232 1266 4303 ζητήσεως,
1311 4235 1454 4287 οὕτω
1503 4235 1599 4287 καὶ
1625 4238 1726 4305 τῆς

160 4319 401 4385 εὑρέσεως
452 4321 651 4373 λαϐεῖν
680 4324 937 4377 κοινωνόν
969 4341 983 4353 ⁸
1010 4325 1094 4378 διὸ
1122 4326 1271 4393 λέγει
1295 4345 1311 4359 ⁸
1364 4327 1725 4395 Εὑρήκαμεν

158 4412 245 4462 τὸν
293 4416 617 4480 Μεσσίαν,
680 4416 716 4469 ὅ
772 4416 905 4469 ἐστι
969 4420 1233 4487 Χριστός
1265 4436 1281 4451 ⁸
1336 4421 1435 4474 καὶ
1501 4422 1725 4491 ἤγαγεν

158 4505 315 4558 αὐτὸν
345 4506 505 4575 πρὸς
550 4506 824 4575 Ἰησοῦν.
870 4510 1109 4574 Τούτους
1161 4512 1436 4583 πρώτους,
1468 4514 1724 4584 καθάπερ

1835 2039 2006 2093 stinat
2047 2039 2376 2093 ostendere:
2406 2039 2616 2092 Simoni
2649 2039 2858 2092 scilicet
2884 2049 3081 2092 natura
3116 2054 3413 2107 germano;

1833 2146 2094 2202 germano
2120 2131 2403 2184 voluntate
2438 2138 2603 2199 atque
2644 2130 2871 2192 animo;
2902 2146 3203 2198 paremque
3238 2139 3413 2184 artem

1832 2225 2113 2295 proﬁtenti
2158 2226 2384 2294 (quippe
2418 2239 2544 2278 cum
2575 2223 2735 2275 ambo
2767 2231 2957 2276 essent
2984 2222 3307 2291 piscatores)
3346 2238 3411 2276 ac

1832 2318 1927 2386 qui
1952 2317 2068 2385 pari
2098 2316 2435 2369 ducerentur
2463 2314 2812 2367 aemulatione
2850 2315 3078 2381 (quippe
3112 2313 3277 2365 ambo
3308 2311 3413 2364 Le-

1831 2406 2105 2476 gisperiti)
2131 2420 2193 2459 ac
2219 2406 2315 2474 qui
2350 2404 2636 2458 veritatem
2668 2404 2877 2474 pariter
2906 2402 3313 2472 conquirerent
3344 2416 3410 2455 ac

1832 2498 2172 2567 deperirent.

1906 2589 2060 2642 Hunc
2079 2589 2317 2658 primum
2340 2587 2587 2642 Andreas
2603 2603 2726 2641 cum
2746 2586 3066 2651 invenisset,
3087 2585 3409 2652 Invenimus,

1832 2682 2032 2751 inquit,
2066 2682 2317 2735 Messium
2345 2681 2410 2734 ⁷⁸.
2436 2681 2597 2734 laeta:
2623 2694 2805 2735 sermo
2834 2679 3029 2749 plenus
3046 2678 3412 2748 jucunditatis

1831 2792 1895 2830 ac
1915 2775 2251 2829 admiranda:
2270 2775 2591 2844 voluptatis.
2618 2773 2766 2827 Nihil
2799 2773 2947 2826 enim
2986 2787 3141 2841 aaque
3166 2773 3409 2826 animum

1832 2866 2032 2939 gaudio
2058 2869 2269 2935 replere
2295 2866 2603 2929 consuevit,
2622 2880 2685 2918 ac
2714 2865 2793 2919 rei
2824 2866 2943 2934 ejus
2970 2864 3212 2918 inventio
3244 2880 3412 2933 quam

1831 2960 2005 3013 multo
2051 2960 2239 3014 labore
2283 2959 2601 3029 ingentique
2649 2958 2935 3028 diligentia
2991 2957 3297 3026 quaesieris.
3351 2957 3409 3011 In

1829 3068 1953 3122 qua:
1997 3053 2143 3105 enim
2192 3067 2259 3104 ex
2305 3052 2629 3120 improviso,
2667 3066 2731 3103 ac
2783 3064 2922 3118 pene
2962 3065 3093 3103 casu
3144 3048 3410 3102 incideri-

1830 3156 1973 3204 mus,
2012 3142 2229 3194 tametsi
2272 3156 2468 3210 magna
2515 3141 2827 3199 videantur.
2873 3156 2983 3193 non
3027 3150 3179 3195 tanto
3223 3140 3411 3194 studio

1830 3235 2137 3301 all'ectuque
2163 3233 2568 3300 amplectimur.
2590 3232 2957 3298 Quamobrem
2990 3235 3156 3285 etiam
3188 3233 3409 3286 illorum

1828 3325 2148 3377 diuturnior
2172 3324 2490 3391 ﬁrmiorque
2518 3324 2793 3391 possessio
2815 3333 2920 3377 est.
2946 3323 2995 3376 Is
3023 3324 3207 3392 itaque
3240 3324 3405 3375 etiam

1825 3415 2012 3468 animo
2072 3413 2356 3467 laboribus
2424 3413 2736 3480 indefesso,
2800 3425 3095 3483 menteque
3161 3416 3407 3468 studiosa

1828 3506 2131 3575 Scripturis
2155 3521 2379 3566 vacans,
2419 3516 2715 3559 venturum
2749 3506 3030 3560 Christum
3073 3505 3141 3558 ad
3173 3506 3403 3559 salutem

1829 3597 2149 3651 hominibus
2189 3597 2556 3667 praestandam
2588 3613 2697 3651 non
2740 3598 3040 3659 nesciebat,
3071 3614 3277 3667 speque
3306 3614 3403 3651 ve-

1826 3700 2003 3760 getus,
2047 3698 2107 3744 ut
2147 3699 2523 3759 exspectatum
2553 3690 2883 3760 quandoque
2913 3692 3206 3753 inveniret,
3236 3706 3403 3759 opera

1827 3782 2128 3852 satagebat.
2183 3781 2453 3851 Quodque
2508 3783 2755 3837 omnium
2810 3784 3022 3851 primus
3091 3783 3145 3837 id
3207 3793 3402 3837 nactus

1826 3887 1974 3931 esset
2033 3887 2093 3931 ut
2144 3876 2439 3937 inveniret.
2489 3877 2654 3945 inque
2702 3887 3058 3946 conspectum
3103 3877 3400 3940 admissus,

1826 3966 2053 4019 brevem
2077 3981 2200 4018 cum
2232 3966 2325 4018 illo
2354 3981 2665 4019 sermonem
2701 3965 3012 4019 miscuisset
3043 3970 3170 4036 (qua
3195 3967 3401 4021 amoris

1828 4058 1881 4110 vi
1904 4058 2049 4111 bono
2068 4056 2323 4119 afﬁcitur)
2353 4058 2536 4110 animo
2556 4057 2810 4111 reﬁoret:
2838 4068 3131 4127 menteque
3158 4060 3402 4113 scientia:

1828 4152 1947 4204 luce
1988 4165 2239 4213 accensa,
2274 4149 2369 4203 Dei
2404 4149 2603 4219 gaudio
2633 4150 2933 4203 exuberat:
2968 4165 3078 4219 quo
3111 4151 3262 4203 solus
3292 4150 3398 4203 l'rui

1825 4254 1938 4293 non
1977 4239 2182 4303 ferens,
2226 4240 2450 4293 Petrum
2499 4254 2720 4308 quoque
2760 4238 3005 4301 lestinat,
3038 4240 3116 4293 uti
3161 4239 3399 4307 primum

1825 4332 2109 4401 qmrendi
2138 4330 2454 4399 diligentia},
2494 4331 2573 4384 sic
2601 4342 2660 4384 et
2687 4331 3028 4385 inventionis
3059 4331 3270 4385 socium
3311 4346 3401 4384 as-

1824 4436 2064 4475 sumere.
2116 4421 2325 4475 ldcirco
2359 4422 2473 4475 ait:
2513 4421 2814 4475 Invenimus
2842 4421 3107 4485 Messium,
3145 4422 3283 4491 quod
3327 4430 3402 4475 est

1827 4512 2064 4566 Christus
2089 4530 2105 4567 :
2137 4522 2182 4565 et
2212 4514 2360 4565 duxit
2386 4530 2504 4565 eum
2532 4514 2601 4565 ad
2629 4513 2833 4566 Iesum.
2861 4511 2973 4567 llos
3004 4514 3232 4582 primos,
3252 4513 3402 4566 velut

157 4596 419 4661 ἐκλεκτοὺς
453 4599 669 4662 λίθους,
701 4602 941 4670 τιμίους,
963 4603 1243 4671 δοκίμους,
1272 4607 1300 4656 ὁ
1326 4608 1722 4675 ἀκρογωνιαῖος
1756 4629 1791 4683 ιν]

1830 4606 2039 4676 lapides
2082 4606 2309 4669 electos,
2351 4607 2643 4675 pretiosos,
2684 4606 2946 4674 probatos
2986 4605 3266 4675 angularis
3312 4606 3404 4659 ille

155 4690 419 4761 οἰκοδομῶν
464 4694 560 4760 ἐφ’
610 4693 826 4759 ἑαυτὸν,
886 4697 983 4748 καὶ
1034 4695 1113 4766 τῷ
1161 4696 1263 4765 τῆς
1308 4697 1532 4766 ἀγάπης
1592 4715 1721 4751 συν-

155 4778 308 4851 δέσμῳ
375 4784 904 4853 καταδεσμούμενος
938 4789 1033 4840 καὶ
1120 4790 1719 4860 συναρμολογούμενος,

155 4873 417 4942 ἐπάύτοίς
445 4880 551 4931 καὶ
581 4879 674 4930 τὸν
714 4879 839 4931 ὅλον
888 4880 1015 4951 ἑξῆς
1073 4882 1220 4952 ἱερὸν
1274 4882 1534 4953 μαθητῶν
1571 4884 1723 4936 ἑποι-

155 4966 344 5037 κώομεῖ
363 4972 558 5043 χορόν.

208 5059 338 5126 Εἶεν,
367 5067 431 5117 τὸ
485 5066 595 5134 μὲν
644 5064 711 5135 δὴ
756 5065 920 5135 μέχρι
966 5066 1175 5119 τούτων
1218 5068 1535 5139 ἰδιοτρόπως
1588 5070 1723 5138 ἡμῖν

157 5151 428 5224 ὑπογράφει
478 5158 581 5208 τὸν
631 5158 1020 5227 πρωτόκλητον
1048 5160 1076 5210 ὁ
1109 5158 1299 5225 λόγος’
1334 5159 1586 5212 ἐντεῦθεν
1637 5161 1717 5225 δὲ,

156 5246 296 5309 κοινὸς
326 5251 497 5301 πᾶσιν
524 5250 557 5301 ὁ
592 5250 797 5317 τρόπος
838 5252 938 5318 τῆς
988 5251 1130 5303 κατά
1158 5252 1222 5305 τὸ
1258 5253 1593 5321 Εὐαγγέλιον
1628 5254 1720 5307 εὖ·

156 5334 482 5408 ὅκιμήσεως.
520 5341 605 5393 Ἦ
633 5357 695 5392 τε
739 5342 849 5410 γὰρ
893 5342 1099 5404 πίστις,
1135 5345 1233 5395 καὶ
1273 5345 1307 5413 ἡ
1341 5346 1477 5413 πρὸς
1508 5346 1601 5397 τὸν
1636 5346 1720 5397 δι-

158 5428 387 5485 εάτκαλον
424 5434 764 5505 ἀγαπητικὴ
789 5435 1029 5499 διάθεσις
1059 5438 1244 5505 κοινή⁸
1272 5439 1429 5507 ὁμοία
1449 5440 1560 5501 τοῖς
1590 5440 1725 5490 ἀπο-

159 5522 325 5588 στόλοις
362 5529 539 5580 πᾶσιν
571 5528 612 5595 ἧ
634 5545 695 5579 τε
731 5529 944 5597 κλῆσις,
966 5532 1060 5583 καὶ
1089 5532 1122 5599 ἡ
1154 5529 1383 5600 ἐκλογὴ,
1407 5532 1498 5583 καί
1528 5532 1562 5599 ἡ
1589 5531 1720 5583 ἀκο-

157 5611 373 5685 λούθησις
397 5619 501 5673 τοῦ
527 5619 778 5689 Χριστοῦ
802 5637 817 5650 ⁸
846 5623 939 5673 καί
969 5639 1033 5689 γε
1057 5623 1170 5675 τῶν
1192 5622 1515 5691 θαυμασίων
1542 5622 1720 5692 ἔργων

158 5704 391 5778 ήῦρασις,
438 5714 541 5765 καὶ
585 5714 698 5763 τῶν
740 5711 961 5781 ὑψηλῶν
1003 5716 1318 5785 μυστηρίων
1354 5717 1388 5785 ἡ
1429 5716 1714 5785 ἀκρόασις.

210 5894 417 5953 “Idan.
448 5916 488 5965 ι,
534 5899 627 5953 52.
706 5899 746 5931 7’
780 5898 883 5955 ιω.
907 5917 1098 5967 ιιι-ιιι,
1131 5902 1230 5967 Ιϋ;
1268 5904 1285 5957 l
1324 5903 1467 5958 l’ctr.
1502 5919 1561 5968 11,
1593 5903 1646 5956 ti.

1828 4699 1968 4768 lapis
1996 4699 2051 4751 in
2086 4700 2269 4768 seipse
2299 4698 2598 4762 :ndiﬁcans,
2631 4714 2693 4751 ac
2720 4699 3009 4752 charitatis
3040 4700 3258 4752 vincuio
3287 4700 3403 4753 cel-

1826 4791 2025 4861 ligatus
2053 4806 2115 4844 ac
2144 4799 2452 4859 coaptatus,
2499 4791 2552 4843 in
2585 4791 2667 4843 eis
2715 4790 2881 4844 etiam
2924 4799 3098 4843 totum
3143 4790 3405 4862 deinceps

1830 4898 2047 4937 sacrum
2075 4881 2474 4951 discipulorum
2505 4883 2735 4936 chorum
2766 4880 3169 4951 supemdiﬁcat
3194 4882 3261 4931 ".

1904 5062 2126 5125 Verum,
2170 5061 2674 5131 hactenusquidem
2708 5060 3060 5129 peculiariter
3093 5075 3156 5113 ac
3185 5059 3406 5129 propria

1833 5153 2067 5206 seorsim
2108 5154 2355 5215 ratione,
2380 5168 2529 5215 eum,
2564 5151 2659 5220 qui
2694 5152 2983 5205 vocatione
3024 5150 3236 5220 primus
3269 5166 3403 5219 apo-

1831 5247 2008 5300 stolus
2052 5254 2156 5309 est,
2192 5246 2351 5298 nobis
2386 5246 2564 5297 oratio
2599 5244 2842 5298 delineat
2873 5256 3039 5312 atque
3086 5243 3351 5297 describit
3386 5259 3401 5295 :

1832 5339 2179 5408 postmodum
2203 5354 2332 5391 vero
2360 5338 2670 5392 communis
2695 5337 2891 5391 modus
2915 5345 3023 5401 est,
3042 5351 3150 5405 quo
3178 5351 3403 5404 operam

1834 5444 2095 5487 navantes
2135 5433 2449 5502 Evangelio,
2504 5434 2846 5487 claruerunt.
2882 5431 3022 5485 Tum
3053 5431 3201 5485 enim
3245 5430 3402 5496 ﬁdes,

1831 5536 1947 5579 tum
1984 5524 2294 5579 dilectionis
2325 5542 2453 5593 erga
2488 5526 2811 5594 magistrum
2846 5523 3155 5578 communis
3182 5523 3288 5576 illis
3326 5520 3411 5574 af-

1827 5618 1994 5672 fectio
2020 5628 2125 5671 est.
2160 5617 2264 5671 Par
2302 5618 2567 5687 apostolis
2596 5617 2856 5671 omnibus
2877 5626 2990 5669 tum
3023 5614 3259 5669 vacatio.
3290 5622 3405 5665 tum

1826 5711 2046 5779 electio,
2079 5725 2143 5765 ac
2182 5710 2329 5781 quod
2364 5710 2649 5767 Christqu
2684 5710 2860 5766 secuti
2889 5717 3019 5764 sunt
3049 5725 3063 5763 :
3094 5706 3244 5778 quod
3276 5705 3408 5761 item
