4192 6424
692 418 768 483 63
1232 378 1261 381 ﬁ
1900 416 2196 479 manu:
2228 378 2763 475 PAPHLAGONIS
3890 410 3969 473 et

690 528 1017 585 admiranda
1038 542 1207 599 opera
1230 526 1495 583 viderunt
1516 543 1582 584 ac
1603 527 1900 583 audierunt
1917 529 2131 584 excelsa
2155 546 2272 600 my-

2387 528 2489 580 Καὶ
2529 527 2731 588 πάντες
2781 525 3005 594 ὁμοίως,
3044 523 3233 593 ὥσπερ
3268 523 3476 577 ἐαντῶν
3517 524 3833 589 ἐξεστῶτις,
3866 522 3969 577 οὐο-

688 622 885 675 steri'a.
909 621 1112 676 Omnes
1135 619 1347 689 pariter
1372 621 1525 677 velut
1546 637 1577 675 a
1601 635 1660 675 se
1689 620 2041 687 excedentes,
2074 620 2154 676 sic
2177 621 2269 677 isti

691 713 956 784 Magistro
980 711 1251 778 devincti,
1289 713 1607 783 probraque
1630 722 1955 769 ornamenta
1984 713 2269 782 ducentes,

690 819 754 857 ac
783 804 904 874 ejus
938 817 1104 857 causa
1123 803 1397 859 conscitis
1424 803 1908 872 persecutionibus
1934 804 2272 874 ignominiis,

689 894 951 949 aerumnis
982 895 1304 964 gloriantes,
1333 894 1582 966 sociique
1606 896 1659 952 ei
1687 897 2008 968 passionum
2040 913 2105 955 ae
2134 915 2267 955 cru-

689 985 772 1039 cis
797 983 1005 1049 effecti,
1043 984 1102 1039 in
1128 986 1259 1041 vitae
1294 984 1597 1040 novitatem
1628 1001 1756 1041 cum
1789 1000 1858 1041 eo
1892 995 2275 1044 surrexerunt.

687 1076 770 1130 Ac
803 1075 950 1130 sicut
977 1076 1078 1132 Dei
1110 1075 1277 1131 Verbi
1312 1091 1413 1146 per
1435 1075 1790 1133 dilectionem
1815 1093 1881 1134 ac
1920 1077 2085 1134 fidem
2110 1079 2191 1135 sic
2220 1090 2279 1136 et

688 1166 933 1237 Spiritus
964 1167 1090 1221 vitae
1112 1167 1232 1237 pari
1263 1182 1457 1223 omnes
1483 1168 1795 1239 praastantia
1831 1180 2120 1226 consortes
2146 1187 2277 1226 eva-

692 1259 1004 1326 serunt‘";
1040 1261 1240 1330 partim
1281 1260 1529 1330 quidem,
1562 1268 1691 1315 ante
1718 1262 2063 1331 passionem;
2094 1262 2279 1318 edica-

690 1353 815 1408 cius
849 1366 1002 1415 vero,
1036 1360 1162 1421 post
1200 1351 1510 1421 passionem
1547 1366 1613 1406 ac
1660 1355 2159 1419 resurrectionem;
2191 1356 2281 1409 di-

688 1445 894 1505 vinius,
919 1444 1143 1499 Christo
1159 1445 1273 1513 jam
1304 1445 1368 1499 in
1398 1446 1566 1500 cmlos
1595 1454 1822 1515 recepto
1848 1447 2280 1519 perfectiusque,

689 1536 907 1591 cunctis
940 1537 1168 1606 perinde
1206 1552 1238 1591 e
1272 1536 1414 1591 etelo
1447 1537 1502 1591 in
1557 1552 1695 1592 sono
1736 1546 1911 1594 status
1938 1540 2286 1599 vehementis

692 1626 953 1681 illabente
994 1626 1343 1681 divinissimo
1373 1627 1688 1691 Paraeleto,
1715 1627 1786 1681 ad
1822 1629 2071 1699 singulos
2090 1647 2284 1687 eorum

2376 636 2485 682 τως
2519 619 2630 672 ὅλοι
2667 615 2765 688 τῆς
2796 616 2892 669 τοῦ
2918 617 3243 670 διδασκάλου
3274 616 3458 685 φιλίας
3478 614 3843 681 καθεστῶτες,
3866 618 3971 669 καὶ

2377 714 2492 775 τοῖς
2516 710 2844 779 ὀνειδισμοῖς
2871 707 3361 779 καλλωπιζόμενοι,
3383 707 3611 770 καὶτοῖς
3626 706 3767 778 ὑπὲρ
3792 705 3967 760 αὐτοῦ

2380 805 2644 874 διωγμοῖς
2670 806 2765 857 καὶ
2784 806 2903 868 ταῖς
2930 803 3178 872 ἀτιμίαις
3208 801 3301 855 καὶ⁸
3330 798 3575 870 θλίψεσιν
3600 797 3971 869 ἐγκαυχώμε-

2379 917 2461 953 νοι
2481 916 2499 933 ο
2531 899 2629 953 καὶ
2650 897 2909 967 πάσχοντι
2926 897 2984 950 δὲ
3007 895 3440 965 συμπάσχοντες,
3469 893 3567 947 καὶ
3595 892 3970 962 σταυρωθέντι

2381 990 2880 1063 συσταυρωθέντες,
2905 990 2986 1053 εἰς
3023 988 3322 1058 καινότητα
3349 985 3524 1056 τούτῳ
3556 984 3968 1054 συνανέστησαν

2383 1083 2550 1153 ζωῆς.
2596 1081 2709 1136 Καὶ
2736 1078 2926 1149 ὥσπερ
2973 1075 3070 1130 τοῦ
3116 1076 3254 1129 Θεοῦ
3298 1074 3475 1142 Λόγου
3514 1072 3582 1126 δι’
3619 1072 3840 1140 ἀγάπης
3870 1069 3974 1123 καὶ

2383 1174 2643 1237 πίστεως,
2677 1169 2820 1225 οὕτω
2845 1170 2940 1223 καὶ
2967 1167 3061 1223 τοῦ
3094 1168 3195 1238 τῆς
3217 1165 3363 1237 ζωῆς
3386 1164 3725 1234 Πνεύματος,
3759 1162 3971 1223 πάντες

2384 1266 2663 1335 ὀμοτίμως
2692 1262 2987 1332 γεγένηντο
3014 1258 3283 1314 κοινωνοί.
3305 1257 3563 1325 Μερικῶς
3590 1256 3709 1326 μὲν,
3744 1254 3852 1324 πρὸ
3870 1250 3972 1306 τοῦ

2384 1356 2618 1418 πάθους·
2655 1354 3041 1425 ἐνεργέστερον
3082 1350 3165 1414 δὲ,
3208 1350 3346 1421 μετὰ
3388 1349 3451 1401 τὸ
3494 1347 3665 1409 πάθος
3716 1347 3813 1399 καὶ
3864 1345 3973 1416 τὴν

2383 1449 2708 1503 ἀνάστασιν·
2760 1447 3032 1516 θειότερον
3083 1444 3163 1511 δὲ,
3203 1442 3341 1514 μετὰ
3394 1441 3492 1512 τὴν
3537 1439 3840 1510 ἀνάληψιν,
3870 1438 3973 1491 καὶ

2385 1538 2732 1608 τελεώτερον,
2774 1538 2941 1590 πᾶσιν
2982 1535 3187 1606 ὁμοίως
3237 1533 3529 1604 οὐρανόθεν
3559 1532 3618 1584 ἐν
3649 1530 3769 1602 ἠχῳ
3796 1529 3971 1598 πνοῆς

2390 1632 2570 1701 βιαίας
2619 1632 2718 1701 τῆς
2765 1628 3025 1699 θεαρχίας
3066 1627 3161 1681 τοῦ
3197 1625 3559 1697 Παρακλήτου
3585 1624 3967 1694 καταπτάσης,

689 1718 1061 1787 adimplente;
1094 1727 1371 1789 testesque
1405 1718 1747 1783 auditorum,
1783 1726 1949 1803 atque
1967 1722 2121 1777 laatos
2146 1740 2281 1778 nun-

2389 1727 2484 1779 καὶ
2507 1726 2736 1779 ἕκαστον
2759 1722 2941 1777 αὐτῶν
2970 1722 3079 1792 πλη
3089 1720 3343 1790 ρωσάσης
3365 1737 3379 1751 ο
3417 1722 3512 1773 καὶ
3548 1720 3833 1789 μάρτυρας
3857 1718 3925 1770 αὐ
3947 1748 3963 1757 -

692 1808 800 1864 tios
838 1824 902 1864 ac
937 1825 1217 1879 praecones
1246 1811 1302 1869 in
1335 1811 1651 1867 universam
1689 1802 1890 1867 terram
1929 1813 2053 1870 illos
2078 1817 2286 1872 consti-

693 1913 913 1958 tuentes
941 1901 1006 1958 ⁸⁸.

766 1994 1079 2049 Secundum
1097 1996 1215 2052 haac
1245 1995 1417 2066 igitur
1441 1996 1680 2053 alterum
1701 2000 1859 2055 alteri
1885 2000 2143 2070 praeferre
2173 2018 2284 2059 non

690 2088 839 2151 licet,
867 2102 932 2141 ex
956 2088 1085 2153 illis,
1111 2089 1208 2157 qui
1260 2089 1433 2144 Deum
1488 2090 1769 2158 viderunt,
1798 2092 2027 2163 ejusque
2054 2094 2285 2151 familia-

691 2180 810 2232 rius
824 2183 904 2234 usi
922 2182 1326 2236 necessitudine
1347 2193 1503 2237 sunt:
1521 2186 1737 2240 cunctis
1756 2185 1967 2243 scilicet
1983 2188 2132 2243 velut
2147 2178 2286 2259 prte-

691 2272 1045 2328 stantissimis
1074 2275 1387 2343 margaritis
1415 2292 1525 2331 una
1570 2277 1840 2332 absolutis
1864 2280 2068 2349 gratia;
2101 2282 2285 2337 velut-

693 2379 806 2430 que
842 2364 1102 2433 pretiosis
1154 2365 1358 2435 lapillis
1390 2366 1511 2435 pari
1540 2368 1692 2421 cultu
1721 2369 1790 2424 ad
1822 2370 2083 2425 eximiam
2114 2388 2283 2427 unam

695 2455 827 2525 llegi
851 2457 1115 2510 caelorum
1136 2473 1399 2513 coronam
1420 2461 1608 2530 gloriae
1640 2462 2029 2517 instruendam
2049 2474 2279 2520 contex-

694 2547 784 2601 tis.
838 2547 1133 2617 Postquam
1183 2566 1314 2605 vero
1344 2566 1538 2608 omnes
1567 2553 1798 2623 pariter,
1854 2556 2003 2611 velut
2050 2558 2281 2628 perfecti

692 2640 917 2704 arietes,
948 2641 1222 2712 Principis
1260 2652 1545 2713 pastorum
1572 2646 1770 2702 ovibus
1792 2648 1907 2704 dati
1927 2649 2097 2706 duces
2128 2652 2282 2723 juxta

693 2726 943 2786 divinum
995 2736 1277 2789 oraculum
1326 2735 1593 2806 Spiritum
1641 2748 1895 2795 sanctum
1961 2741 2279 2811 induerant,

696 2825 825 2879 inde
855 2827 999 2881 alius
1030 2829 1194 2883 aliam
1223 2829 1377 2884 orbis
1408 2837 1687 2887 terrarum
1714 2842 1925 2902 partem
1961 2836 2278 2903 sortientes,

584 2967 593 2977 ,
693 2916 763 2969 ad
793 2919 1075 2986 propriam
1116 2922 1459 2989 apostolatus
1487 2931 1715 2991 sortem,
1738 2940 1961 2995 operam
1983 2926 2280 2999 Evangelio

694 3013 949 3064 navaturi
980 3011 1237 3067 exierunt
1259 3014 1325 3066 υ.

766 3100 847 3154 Tu
876 3118 1009 3156 vero
1034 3104 1183 3158 omni
1208 3104 1345 3159 mihi
1371 3107 1731 3164 veneratione
1753 3111 2139 3180 prosequende
2157 3110 2274 3167 An-

695 3192 853 3259 drea,
889 3210 979 3250 res
1014 3196 1127 3250 Deo
1156 3197 1342 3268 digna,
1379 3214 1523 3255 vera:
1555 3200 1907 3257 fortitudinis
1937 3206 2274 3275 exemplum,

694 3285 1040 3373 sustinentia:
1072 3286 1317 3352 adamas,
1351 3290 1631 3358 patientiae
1678 3299 1878 3357 statua,
1932 3293 2107 3348 altera
2156 3304 2279 3364 post

2389 1819 2538 1880 τοὺς,
2567 1812 2644 1871 ὧν
2690 1816 3015 1886 ἀκηκόασιν,
3059 1810 3453 1881 εὐαγγελιστάς
3478 1828 3540 1864 τε
3570 1809 3668 1863 καὶ
3695 1812 3967 1881 κήρυκας,

2319 1897 2361 1953 Β
2390 1910 2485 1964 ἐπὶ
2521 1910 2703 1962 πᾶσαν
2727 1907 3152 1977 καταστησάσης
3175 1904 3275 1976 τὴν
3301 1903 3426 1973 γῆν.

2462 2004 2621 2057 Κατὰ
2652 2000 2824 2056 ταῦτα
2860 2000 3041 2053 τοίνυν
3064 2001 3165 2051 οὐκ
3211 1997 3360 2050 ἐστιν
3400 1997 3588 2065 ἓτερον
3617 1993 3804 2064 ἐτέρου
3831 2010 3971 2065 προ-

2390 2094 2622 2165 τιμῆσαι
2651 2093 2727 2163 (9)
2760 2092 2868 2145 τῶν
2912 2090 3185 2144 θεοπτῶν·
3218 2090 3437 2143 πάντων
3473 2082 3562 2141 οἷα
3608 2084 3973 2156 μαργαριτῶν

2393 2187 2712 2257 πολυτίμων
2748 2186 2848 2256 μιᾷ
2885 2183 3070 2254 χάριτι
3108 2181 3561 2251 κατηρτισμένων
3584 2194 3597 2208 ⁸
3633 2180 3667 2248 ἦ
3694 2179 3860 2232 λίθων
3888 2196 3972 2232 τι-

2392 2279 2531 2347 μίων
2565 2277 2825 2348 ἰσοτίμως
2875 2277 2956 2338 είς
3008 2276 3103 2327 ἕνα
3135 2273 3399 2342 στέφανον
3446 2272 3605 2341 δόξης
3660 2272 3970 2343 ὐπέρτιμον

2388 2368 2466 2439 τῷ
2496 2369 2606 2421 τῶν
2640 2368 2887 2439 οὐρανῶν
2931 2366 3375 2434 διαπλεκομένων
3407 2364 3627 2417 Βασιλεῖ
3646 2380 3659 2393 ⁸
3689 2364 3877 2432 ἐπειδὴ
3906 2363 3969 2415 δὲ

2388 2462 2449 2515 τὸ
2479 2461 2702 2529 Πνεῦμα
2731 2460 2791 2513 τὸ
2818 2460 2994 2527 ἆγιον,
3028 2453 3115 2512 οἷα
3150 2459 3295 2530 κριοὶ
3318 2457 3516 2510 τέλειοι
3553 2457 3663 2508 τῶν
3692 2455 3786 2508 τοῦ
3840 2456 3967 2524 ’Δρ-

2387 2554 2704 2623 χιποίμενος
2765 2551 3055 2621 προϐάτων
3110 2550 3425 2621 ἡγούμενοι,
3484 2550 3687 2609 πάντες
3754 2547 3963 2617 ὁμοίως

2387 2647 2529 2702 κατά
2557 2646 2648 2699 τὸν
2696 2646 2949 2717 θεάρχιον
2987 2645 3146 2712 λόγον
3191 2640 3532 2704 ἐνεδύσαντο,
3564 2641 3724 2704 ἄλλος
3751 2641 3850 2710 μὲν
3876 2643 3971 2693 ἐν-

2386 2738 2574 2793 τεῦθεν
2609 2738 2738 2793 άλλο
2769 2738 2934 2809 μέρος
2986 2735 3441 2807 διαλαγχάνοντες
3471 2734 3571 2804 τῆς
3613 2734 3968 2805 οἰκουμένης,

2386 2834 2524 2903 πρὸς
2560 2833 2651 2885 τὸν
2686 2834 2886 2886 οἰκεῖον
2914 2831 3012 2899 τῆς
3030 2829 3336 2899 ἀποστολῆς
3360 2828 3585 2897 κλῆρον,
3611 2827 3691 2897 τῷ
3717 2828 3970 2895 Εὐάγγε-

2386 2925 2486 2998 λίῳ
2518 2924 2936 2995 διακονήσαντες
2959 2921 3209 2993 ἐξῄεσαν.

2458 3104 2531 3156 Σὺ
2557 3101 2613 3155 δέ
2647 3119 2759 3171 μοι,
2795 3100 3208 3169 σεϐασμιὼτατε
3243 3101 3747 3169 Ἀνδρέα,ἀξιόθεον
3782 3103 3969 3173 πρᾶγ-

2390 3214 2487 3267 μα,
2519 3194 2580 3249 τὸ
2615 3193 2715 3261 τῆς
2736 3192 2997 3262 ἀληθινῆς
3024 3192 3243 3261 ἀνδρίας
3279 3193 3604 3262 ὑπόδειγμα,
3639 3195 3667 3245 6
3701 3194 3798 3262 τῆς
3831 3212 3975 3264 καρ-

2380 3290 2565 3360 τερίας
2612 3276 2856 3354 ἀδάμας,
2906 3287 2936 3337 ὁ
2985 3284 3089 3353 τῆς
3128 3286 3407 3356 ὑπομονῆς
3455 3286 3701 3357 ἀνδριὰς,
3739 3288 3771 3356 ή
3831 3286 3974 3356 μετά

696 3387 932 3445 petram,
962 3388 1114 3447 petra
1143 3379 1192 3411 ⁸³
1214 3396 1228 3433 :
1247 3395 1279 3433 a
1305 3380 1528 3437 Christo
1556 3382 1740 3439 statim
1771 3384 1993 3439 firmum
2015 3386 2279 3444 Ecclesiae

2387 3381 2477 3451 τὴν
2555 3379 2761 3448 πέτραν
2848 3377 3057 3445 πέτρα’
3112 3377 3146 3446 ὴ
3214 3379 3353 3444 μετά
3423 3376 3515 3429 τὸν
3569 3378 3805 3446 Χριστὸν
3878 3378 3974 3430 εὐ-

697 3467 1143 3541 fundainentum,
1185 3474 1442 3543 aquilone
1486 3476 1542 3530 in
1571 3477 1741 3531 sortis
1773 3488 1982 3548 partem
2030 3490 2280 3550 accepto,

699 3560 900 3625 Iberos,
920 3560 1301 3629 Sauromatas,
1335 3565 1548 3622 Tauros
1580 3576 1639 3622 et
1665 3567 1917 3639 Scythas,
1946 3578 2284 3641 cunctasque

702 3652 956 3722 regiones
984 3670 1048 3710 ac
1081 3656 1247 3712 urbes
1279 3658 1456 3714 Ponte
1491 3660 1707 3717 Euxino
1742 3662 1807 3717 ad
1840 3663 2152 3733 aquilonem
2183 3680 2285 3719 au-

699 3753 987 3815 strumque
1036 3747 1353 3817 adjacentes
1394 3752 1726 3809 circumiens
1778 3755 1926 3810 insiti
1965 3756 2282 3820 cucurristi.

699 3837 830 3891 Jesu
858 3854 1059 3894 nomen
1085 3840 1375 3898 celebrans
1402 3859 1467 3898 ac
1496 3844 1807 3902 clarificans
1830 3848 2127 3903 cucurristi
2153 3864 2280 3919 spe-

701 3930 869 3985 ciosis
916 3932 1150 4002 pedibus
1192 3934 1400 3990 Christi
1448 3936 1805 4008 Evangelium
1857 3939 2281 4008 praedicaturus.

706 4031 966 4094 tanquam
998 4026 1143 4081 lucis
1192 4042 1369 4096 penus
1396 4028 1625 4099 ipseque
1671 4030 1764 4084 lux
1798 4031 1935 4100 ipsa,
1961 4031 2028 4086 ad
2058 4048 2154 4087 eos
2186 4034 2282 4102 qui

702 4114 1048 4198 densissimis
1070 4117 1237 4172 obsiti
1270 4118 1517 4173 tenebris
1541 4128 1705 4173 erant
1739 4127 1800 4174 ut
1830 4121 2174 4187 lenissimus,
2210 4122 2278 4178 ad

700 4222 801 4262 eos
829 4210 923 4277 qui
951 4208 1137 4264 furore
1167 4209 1597 4267 ineitatissimi“
1618 4218 1681 4265 ut
1701 4226 1896 4268 revera
1921 4213 2285 4269 suavissimus

703 4314 769 4353 ac
796 4300 1141 4363 mitissimus,
1166 4302 1233 4356 ad
1258 4318 1355 4357 eos
1382 4304 1477 4374 qui
1497 4304 1852 4360 immitissimi
1880 4321 1945 4359 ac
1975 4304 2283 4361 durissimi.

704 4391 982 4458 Quantum
1027 4395 1177 4448 enim
1216 4396 1445 4451 istarum
1471 4398 1722 4468 gentium
1756 4398 2038 4467 protervia
2086 4399 2285 4470 major,

2380 3472 2477 3534 θὺς
2524 3468 2776 3541 ἀρραγὴς
2818 3466 2921 3537 τῆς
2972 3467 3300 3538 Ἐκκλησίας
3356 3468 3584 3537 κρηπὶς,
3622 3468 3714 3521 τὸν
3765 3468 3974 3542 βορρᾶν

2381 3560 2706 3633 κληρωθεὶς,
2751 3558 2981 3629 Ἴϐηρας
3026 3560 3123 3613 καὶ
3153 3560 3535 3631 Σαυρομάτας,
3576 3560 3832 3633 Ταύρους
3869 3564 3973 3616 καὶ

2384 3650 2618 3717 Σκύθας,
2644 3649 2738 3703 καὶ
2770 3649 2955 3703 πᾶσαν
2987 3650 3171 3719 χώραν
3210 3649 3306 3703 καὶ
3339 3651 3516 3716 πόλιν,
3559 3651 3681 3705 ὅσαι
3723 3669 3785 3705 τε
3831 3653 3976 3723 πρὸς

2390 3745 2592 3816 ἄρκτον
2615 3744 2869 3811 Εὐξείνου
2906 3744 3001 3798 τοῦ
3051 3744 3281 3808 Πόντου,
3330 3744 3427 3797 καὶ
3475 3744 3599 3798 ὅσαι
3648 3745 3787 3815 πρὸς
3819 3746 3976 3798 νότον

2389 3837 2690 3891 διάκεινται
2724 3834 2973 3905 περιιὼν,
3001 3835 3239 3906 ἔδραμες
3298 3838 3357 3889 ἐν
3402 3836 3547 3905 δίψει
3593 3836 3831 3902 δοξάζων
3877 3837 3975 3891 τὸν

2402 3926 2631 3997 Ἰησοῦν.
2683 3926 2959 4000 Ἐδραμες
3008 3924 3233 3997 ὡραίοις
3285 3926 3445 3979 ποσὶν
3482 3926 3975 3997 εὐαγγελιούμενος

2390 4020 2626 4090 Χριστόν
2648 4035 2661 4049 ·
2699 4019 2775 4081 ὠς
2820 4018 3035 4087 πλήρης
3062 4018 3261 4087 φωτὸς,
3284 4019 3379 4072 καὶ
3424 4020 3675 4089 αὐτοφῶς
3703 4020 3800 4084 ὢν,
3832 4021 3975 4091 πρὸς

2389 4112 2517 4176 τοὺς
2546 4112 3018 4174 σκοτεινοτάτους·
3040 4112 3119 4173 ὡς
3152 4111 3489 4182 πραῢτατος,
3524 4112 3662 4181 πρὸς
3696 4112 3825 4176 τοὺς
3861 4130 3974 4182 μα-

2392 4207 2763 4269 νικωτάτουςο
2789 4207 2886 4260 καὶ
2936 4206 3013 4268 ὡς
3065 4204 3145 4276 τῷ
3208 4205 3324 4259 ὄντι
3382 4206 3770 4276 χρηστότατος,
3834 4206 3975 4276 πρὸς·

2395 4299 2521 4362 τοὺς
2549 4298 2896 4368 ἀτεράμονας
2924 4298 3020 4350 καὶ
3060 4297 3487 4367 σκληροτάτους.
3528 4297 3683 4351 Κατά
3717 4296 3977 4349 τοσοῦτον

2396 4396 2505 4465 γὰρ
2529 4396 2564 4465 ἡ
2601 4393 3043 4464 μεγαλοπρέπεια
3071 4395 3170 4462 τῆς
3205 4392 3304 4462 σῆς
3334 4392 3558 4462 ἀρετῆς,
3606 4393 3702 4443 καὶ
3750 4391 3783 4461 ἡ
3842 4389 3976 4454 δόξα.

777 4535 822 4566 ⁸⁸
849 4534 1006 4589 Joan.
1035 4551 1128 4599 vn,
1153 4534 1221 4591 59
1244 4552 1259 4601 ;
1285 4552 1373 4603 xx,
1402 4536 1493 4591 22.
1534 4536 1578 4569 ⁸¹
1614 4537 1735 4592 Act.
1770 4553 1829 4605 tl,
1859 4537 1914 4591 2.
1989 4535 2036 4569 θ’
2067 4537 2089 4592 Ι
2118 4539 2263 4593 Petr.

2387 4537 2448 4603 4;
2479 4534 2614 4590 Luc.
2644 4550 2790 4599 xxiv,
2826 4532 2904 4588 l9.
2974 4533 3062 4586 ³³1
3095 4533 3222 4588 Cor.
3270 4549 3322 4597 ιι,
3354 4533 3405 4586 4.
3480 4532 3529 4564 ⁸⁸
3553 4532 3695 4587 Psal.
3744 4546 3851 4595 ιιι,
3902 4532 3973 4597 5;

708 4605 869 4659 Rom.
892 4621 945 4669 κ,
984 4607 1069 4661 ib.

779 4751 857 4820 (0)
888 4750 1131 4823 Ἕτερον
1161 4750 1368 4818 ἐτέρου
1417 4749 1802 4823 προτιμῆσαι.
1843 4751 2040 4808 Sobrie
2094 4752 2281 4807 admo-

2391 4765 2586 4805 novam
2621 4747 2818 4823 (ipsam
2844 4759 3095 4823 errorum
3137 4752 3393 4823 matrem.
3427 4751 3631 4823 totque
3671 4742 3976 4823 haeresiar-

707 4823 839 4876 dum
862 4822 1236 4893 apostolorum
1274 4822 1548 4891 ἰσοτιμίαν
1585 4824 1811 4891 exponit
1839 4823 2082 4883 Nicetas,
2134 4824 2282 4893 quod

710 4909 817 4946 una
845 4891 1085 4953 vocatio,
1102 4892 1295 4946 eadem
1332 4907 1597 4947 concessa
1631 4909 1860 4949 munera
1905 4895 2095 4948 eadem
2136 4891 2276 4947 cun-

707 4964 814 5017 etis
832 4962 1113 5035 destinata
1154 4964 1457 5035 provincia,
1506 4964 1843 5035 praedicandi
1886 4964 2171 5035 Evangelii
2219 4980 2284 5018 ac

709 5032 977 5087 fu‘ndandi
1003 5034 1286 5097 ecclesias,
1309 5034 1455 5103 quod
1478 5033 1617 5087 nihil
1675 5036 1824 5090 laedit
1869 5032 2105 5088 aliorum
2148 5035 2284 5088 alin-

709 5120 944 5173 rumque
966 5104 1255 5175 προνόμια,
1284 5106 1519 5159 maxime
1554 5104 1723 5170 Petri,
1753 5104 1899 5175 quod
1922 5106 2101 5175 gregis
2126 5105 2284 5175 prin-

709 5189 840 5243 ceps
876 5183 995 5227 erat
1026 5174 1285 5245 quodque
1305 5174 1371 5245 in
1394 5190 1459 5228 eo
1488 5174 1781 5244 designata
1795 5174 1995 5240 unitas,
2028 5174 2132 5229 nec
2177 5176 2281 5230 nisi

709 5246 831 5313 ejus
859 5244 1249 5315 communione
1294 5244 1587 5299 fundanda:
1623 5248 1907 5309 Ecclesiae.
1937 5257 2087 5300 extra
2118 5261 2283 5315 quam

710 5314 988 5389 quidquid
1001 5315 1518 5389 est,_profanum;est
1535 5331 1549 5368 :
1569 5320 1845 5389 nedumjn
1872 5318 1987 5386 ipsa
2011 5314 2154 5389 Petri
2171 5333 2288 5387 per-

711 5400 867 5445 sona,
895 5385 993 5439 sed
1018 5394 1077 5440 et
1110 5386 1165 5439 in
1197 5387 1305 5441 illis
1340 5385 1437 5455 qui
1468 5387 1618 5443 Petri
1657 5385 2009 5444 successercs
2030 5385 2286 5443 Ecclesiae

710 5456 927 5527 clavum
958 5463 1169 5520 tenent,
1202 5457 1258 5510 in
1289 5458 1466 5527 ipsum
1495 5460 1679 5515 sreculi
1711 5460 1895 5524 finem,
1943 5474 2006 5512 ac
2040 5460 2285 5525 quandiu

712 5525 981 5597 Ecclesia,
1014 5542 1125 5581 una
1167 5527 1259 5581 illa
1310 5525 1537 5597 sponsa,
1594 5531 1681 5585 vel
1716 5531 1770 5584 in
1821 5530 1937 5583 suis
1965 5528 2193 5582 faecibus
2224 5545 2287 5583 ac

712 5596 913 5657 ruinis,
989 5608 1272 5667 superstes
1324 5596 1509 5652 futura
1567 5612 1671 5657 est.
1725 5600 2043 5655 Glorientur
2103 5601 2287 5667 itaque

710 5667 912 5739 (iunci.
940 5683 1005 5739 ac
1037 5679 1311 5739 quotquot
1340 5670 1431 5723 alii
1475 5686 1505 5724 a
1533 5674 1776 5727 Romana
1809 5671 2053 5725 Ecclesia
2082 5670 2289 5725 disces-

712 5736 923 5790 sionem
956 5736 1221 5804 fccerunt,
1246 5740 1501 5794 Ecclesia:
1525 5744 1806 5797 catholica:
1830 5741 2085 5805 nomine;
2112 5759 2283 5808 παρα-

716 5809 1007 5881 συναγωγη
1034 5820 1151 5881 est,
1187 5828 1308 5879 quia:
1349 5811 1428 5865 sic
1462 5812 1601 5867 ltldit
1653 5816 1868 5881 illisque
1919 5813 2141 5876 mansit,
2178 5828 2286 5865 non

717 5876 864 5933 Petri
905 5876 1509 5949 privilegioseniorem
1561 5876 1793 5939 Humani
1847 5883 2158 5941 dt'llclcnlc,
2221 5884 2288 5936 ad

2391 4821 2510 4875 chis
2536 4811 2881 4873 antistitibus
2918 4816 3211 4880 incessam,
3250 4814 3328 4866 uti
3364 4811 3563 4868 merito
3591 4811 3818 4868 Calecas
3866 4832 3975 4870 no-

2390 4901 2504 4945 ster
2527 4892 2643 4959 ipse
2682 4887 2906 4959 Graecus
2920 4885 3128 4959 (igneis
3148 4885 3262 4959 suis
3285 4884 3497 4959 objicit.
3524 4885 3578 4937 in
3596 4899 3698 4938 suo
3716 4885 3852 4954 Περὶ
3879 4888 3977 4938 οὐ-

2392 4962 2515 5024 σίας
2545 4954 2603 5015 et
2632 4956 2938 5028 ἐνεργείας)
2970 4954 3229 5028 Ecclesia:
3281 4954 3704 5028 catltolic:e_res_
3735 4971 3975 5028 nomen-

2393 5047 2501 5101 que
2533 5024 2805 5101 transivit.
2841 5026 3243 5101 [)eseribebam
3261 5040 3437 5093 nuper
3457 5039 3523 5078 ex
3559 5024 3620 5101 Υ.
3654 5025 3975 5101 εΙ.-ρι·οι›ετ

2432 5119 2499 5157 ue
2520 5101 2726 5155 eruditi
2759 5100 2821 5152 D.
2855 5096 3194 5161 Ballesdens,
3232 5097 3446 5164 integro
3480 5095 3668 5149 codice
3719 5096 3975 5166 Gregorii

2432 5119 2499 5157 ue
2520 5119 2726 5155 eruum
2759 5119 2821 5152 υ.
2857 5119 3194 5161 υῑιιιεδυωιδ,
3234 5119 3446 5164 ιιιιεδῐυ
3480 5119 3668 5149 υυυιυυ
3719 5119 3973 5166 ureguru

2388 5119 2920 5243 gypriipatriarchre
2965 5166 3580 5243 Constantinopolitani,
3627 5176 3749 5236 post
3778 5167 3973 5243 ad_em~

2391 5237 2539 5314 piam
2578 5237 2947 5314 Latiniseain
2974 5238 3190 5314 urbem,
3223 5237 3506 5314 epistolas,
3534 5252 3657 5314 qua:
3694 5238 3977 5307 praecipue

2388 5308 2713 5369 viderentur
2740 5308 2951 5379 aliquid
2980 5308 3419 5379 ecclesiasticum
3462 5308 3665 5379 habere
3718 5320 3977 5379 possent-

2388 5401 2497 5455 que
2530 5384 2702 5452 frugis
2725 5377 2970 5455 _a|iquid
3026 5380 3083 5433 in
3117 5394 3230 5432 rem
3275 5377 3704 5455 ecclesiasticam
3744 5378 3973 5455 afferre.

2390 5448 2449 5510 lii
2474 5455 2557 5509 eis
2589 5448 2696 5508 una
2724 5448 3047 5506 Latinorum
3080 5459 3282 5504 etcum
3314 5448 3396 5502 eis
3426 5448 3783 5501 sentientium
3816 5448 3975 5503 inse-

2392 5526 2581 5588 ctatio,
2619 5523 2767 5591 quod
2799 5520 3157 5583 schismatici,
3189 5519 3336 5588 quod
3365 5519 3619 5591 scindant
3644 5519 3972 5591 Ecclesiam,

2394 5598 2449 5650 in
2474 5611 2570 5649 eos
2594 5588 2992 5655 ulciscendum,
3029 5591 3299 5644 arcendos
3320 5590 3413 5658 qui
3440 5604 3599 5643 secus
3624 5588 3856 5643 doceant
3884 5594 3973 5646 vel

2392 5668 3042 5732 sentiant:arguinenta.
3083 5661 3308 5732 quibus
3364 5676 3462 5713 sua
3509 5668 3733 5723 statuat,
3789 5661 3969 5725 nulla,

2392 5754 2516 5791 cum
2573 5738 2653 5789 sic
2708 5730 2961 5787 eruditus
3008 5730 3180 5785 videri
3236 5732 3389 5795 velit,
3452 5740 3509 5782 et
3562 5732 3654 5798 qui
3696 5738 3974 5801 perpetuo

2394 5808 2471 5863 illi
2499 5807 2780 5862 blanditur
2801 5819 2864 5859 ac
2894 5802 3100 5869 laudat,
3133 5818 3363 5872 magnus
3398 5801 3720 5866 Luguthcla.
