4192 6424
171 373 237 441 65
1087 370 1369 431 ORATIO
1409 370 1507 429 IV.
1542 391 1608 403 -
1643 365 1723 424 IN
1765 363 2078 424 LAUDEM
2119 363 2180 422 S.
2220 361 2568 422 ANDIiE/E.

3357 354 3430 420 (ἶϐ

172 486 262 551 τῆς
300 482 616 551 ἁγιωσύνης
666 482 1011 551 ὑπερφερὴς,
1067 481 1188 533 καθ’
1241 483 1364 533 ὅσον
1400 481 1493 533 καὶ
1551 482 1584 548 ἡ
1640 477 1748 528 τῶν

1881 474 2172 542 aevitiaqnc
2212 488 2277 527 ac
2306 472 2491 525 feritas
2531 468 2797 523 illustrior
2826 474 2991 535 atque
3021 464 3228 527 notior,
3277 470 3425 519 tanto

171 579 335 629 ἐθνῶν
369 577 635 645 ἰταμότης
662 574 888 639 τούτων,
919 574 1014 626 καὶ
1054 575 1088 642 ἡ
1121 573 1386 643 θηριωδία
1417 569 1747 640 περιφανής.

235 756 434 820 Ἔγνω
464 753 594 822 γὰρ,
626 752 779 821 φησὶ,
812 753 1025 818 Κύριος
1050 750 1191 815 τοὺς
1226 752 1405 814 ὄντας
1432 748 1639 813 αὐτοῦ,
1660 747 1753 801 καὶ

169 849 287 910 τοὺς
324 848 463 916 πρὸς
494 848 735 912 ἑκάστην
779 844 1059 897 διακονίαν
1089 843 1426 913 ἐπιτηδείους
1450 841 1625 901 εἰδὼς,
1658 841 1753 892 καὶ

170 942 281 1009 ἅμα
312 944 383 1010 τῇ
408 940 604 1012 πρώτῃ
636 939 835 991 πλάσει
861 937 1067 999 τούτοις
1090 938 1417 1007 ἀθεωρήτως
1448 934 1750 996 συνεισιὼν,

170 1033 455 1100 ἀναλόγως
491 1050 550 1084 τε
593 1035 694 1101 τῆς
716 1032 946 1084 ἑκάστου
994 1030 1307 1101 προθέσεως
1346 1030 1445 1098 τὴν
1472 1029 1603 1099 παρ’
1628 1030 1754 1082 ἐαυ-

167 1128 259 1180 τοῦ
287 1125 656 1197 χαριζόμενος
703 1124 894 1195 ῥοπὴν,
937 1123 1074 1193 πρὸς
1112 1126 1211 1191 τὴν
1240 1122 1365 1176 κατ’
1415 1124 1577 1174 αὑτὸν
1626 1124 1754 1176 ἕκα-

169 1238 291 1273 στον
336 1220 667 1274 κατευθύνει
720 1218 1058 1286 τελειότητα.
1095 1218 1333 1278 Ἐκεῖνος
1361 1218 1453 1268 καὶ
1489 1218 1623 1285 μετά
1659 1215 1754 1268 σοῦ

168 1316 278 1374 τοῖς
324 1311 875 1379 ἀπηλλοτριωμένοις
934 1311 1027 1362 καὶ
1062 1308 1458 1378 ζοφερωτάτοις
1511 1309 1756 1375 ἐπιδεδη-

171 1401 383 1471 μηκὼς,
414 1404 613 1469 νοητὰς
665 1400 849 1461 αὑτοῖς
904 1401 1159 1467 ἐπαφῆκε
1206 1400 1600 1469 μαρμαρυγὰς.
1652 1392 1758 1451 Οἷα

167 1499 272 1564 γὰρ
305 1495 513 1566 νεφέλῃ
534 1494 728 1562 φωτὸς,
756 1494 952 1563 νεφέλῃ
971 1492 1150 1564 κούφῃ
1167 1494 1261 1546 καὶ
1293 1496 1525 1563 μυστικῇ
1552 1496 1619 1563 τῇ
1645 1492 1759 1545 δια-

168 1591 283 1660 νοίᾳ
304 1589 701 1657 ἐποχούμενος,
726 1588 951 1647 καὶτοῖς
976 1587 1285 1655 ἀλαμπέσιν
1304 1587 1531 1649 ἐκείνοις
1549 1586 1758 1638 ἔθνεσιν

168 1682 511 1748 ἐπιφοιτῶν,
574 1679 889 1750 σύμμετρον
934 1680 1136 1742 αὑτοῖς,
1170 1679 1265 1732 καὶ
1310 1678 1385 1741 ὼς
1417 1673 1486 1748 ἦν
1516 1677 1755 1747 θεμιτὸν,

164 1775 265 1842 τὴν
286 1774 393 1843 τῆς
423 1774 755 1842 θεογνωσίας
786 1776 979 1827 ἀκτῖνα
1009 1770 1413 1843 παρεγύμνωσε
1452 1772 1539 1825 διὰ
1570 1770 1683 1825 σοῦ.

1860 566 2083 621 virtutis
2107 576 2212 619 tum
2242 563 2672 631 magnificentia,
2702 574 2765 613 ac
2801 559 3027 628 iustitia:
3055 556 3303 619 claritas,
3335 572 3429 610 ex-

1860 659 2146 715 ccllcntior
2172 667 2337 725 atque
2372 657 2553 709 altior.

1930 750 2083 803 Novit
2122 748 2294 809 enim,
2328 747 2526 815 inquit,
2561 745 2815 798 Dominus
2854 742 2944 808 qui
2967 749 3090 793 sunt
3121 738 3237 808 ejus
3264 736 3309 768 ⁸⁵
3350 744 3435 789 at-

1861 859 1967 912 que
1997 842 2065 896 ad
2097 842 2309 909 singula
2333 854 2564 908 quaeque
2608 835 2913 890 ministeria
2956 831 3184 885 idoneos
3233 844 3438 895 cogno-

1864 949 2046 999 scens,
2078 934 2295 1004 illisque
2322 947 2353 987 a
2372 931 2545 1001 prima
2572 929 2755 983 statim
2787 924 3113 981 formatione
3131 926 3438 991 inaspecta-

1861 1029 1959 1083 bili
2006 1030 2218 1084 ratione
2249 1042 2410 1081 suum
2455 1024 2538 1078 eis
2562 1022 2825 1077 auxilium
2862 1016 3259 1088 benignissime
3293 1030 3434 1083 pra:-

1863 1121 2022 1186 bens,
2076 1131 2526 1189 unumquemque
2560 1115 2626 1169 ad
2658 1129 2801 1179 eam,
2834 1129 2955 1183 quae
2984 1127 3052 1167 ex
3080 1111 3230 1164 illius
3264 1107 3436 1160 ratio-

1866 1214 2030 1267 nibus
2060 1219 2166 1272 est,
2205 1208 2598 1279 perfectionem
2628 1206 2838 1274 dirigit.
2873 1204 2968 1257 Ille
2995 1217 3102 1257 una
3144 1213 3332 1255 comes
3370 1196 3441 1250 ad

1862 1320 1959 1359 eos
1977 1303 2278 1374 profectus,
2296 1301 2390 1368 qui
2413 1300 2571 1369 longe
2594 1296 2917 1352 alienissimi
2940 1310 3003 1349 ac
3042 1289 3443 1361 caliginosissi-

1865 1393 1939 1447 mi
1972 1400 2155 1454 erant,
2184 1389 2463 1460 spiritales
2493 1390 2576 1442 eis
2599 1388 2841 1457 fulgores
2869 1385 3114 1440 immisit.
3150 1385 3443 1452 Tanquam

1864 1488 2012 1542 enim
2065 1486 2213 1540 nube
2252 1482 2435 1538 lucida
2472 1479 2643 1552 (nube
2691 1479 2902 1534 scilicet
2933 1478 3040 1531 lcvi
3095 1492 3160 1531 ac
3193 1474 3444 1546 mystica)

1867 1589 1959 1634 tua
2008 1578 2261 1633 invectus
2300 1583 2509 1639 mente,
2563 1573 2985 1640 obscuratisque
3038 1569 3146 1623 illis
3187 1568 3447 1638 gentibus

1866 1672 2186 1738 adveniens,
2212 1668 2582 1730 moderatum,
2614 1681 2678 1719 ac
2705 1672 2970 1734 quantum
2996 1662 3219 1725 licebat,
3244 1659 3446 1713 divinae

1865 1763 2196 1834 cognitionis
2221 1776 2285 1816 ac
2315 1758 2440 1814 ﬁdei
2466 1758 2702 1821 radium,
2733 1765 2785 1811 te
2813 1762 3061 1819 auctore,
3091 1753 3199 1807 illis
3217 1749 3447 1805 manife-

1787 1842 1836 1900 B
1864 1853 2029 1910 stavit
2052 1852 2117 1901 ⁸⁸.

251 1927 423 1982 Ἀλλὰ
475 1926 562 1989 τίς
624 1929 652 1981 ὁ
702 1928 904 1999 τρόπος
952 1928 1053 1998 τῆς
1103 1928 1200 1983 τοῦ
1234 1929 1794 2001 φιλανθρωποτάτου-

170 2022 307 2090 ape;
326 2023 461 2083 τοὺς
492 2021 1020 2091 ἀπανθρωποτάτους
1050 2024 1375 2089 συνουσίας;
1405 2024 1629 2095 Πρῶτον
1659 2024 1759 2094 μὲν

168 2114 246 2182 τῷ
312 2113 660 2182 όμογλώσσῳ
694 2115 831 2183 πρὸς
871 2114 1062 2169 ἑαυτὸν
1123 2114 1478 2170 ἐπεσπάσατο
1524 2118 1625 2187 τὴν
1668 2117 1760 2168 ἀν-

170 2204 385 2273 ήμερον
411 2204 584 2273 ἀκοήν
605 2221 620 2236 ·
656 2204 737 2274 τῷ
760 2205 933 2276 ὁμοίῳ
954 2208 1063 2277 γὰρ
1094 2207 1255 2275 φύσει
1272 2208 1333 2261 τὸ
1354 2210 1536 2274 ὅμοιον
1564 2209 1763 2274 ἐφέπε-

168 2313 277 2349 ται.
316 2296 425 2348 Διά
457 2295 616 2349 τοῦτο
647 2296 741 2351 καὶ
766 2297 1026 2364 γλωσσῶν
1060 2299 1119 2349 ὲν
1148 2298 1278 2350 εἴδει
1304 2300 1365 2349 τὸ
1396 2299 1619 2367 Πνεῦμα
1650 2301 1761 2360 τοῖς

170 2387 505 2450 ἀποστόλοις
539 2387 835 2455 ὲπεφοίτα⁶
866 2387 963 2440 καὶ
986 2390 1093 2460 πρὸ
1133 2388 1242 2442 τῶν
1284 2389 1459 2442 ἄλλων
1495 2391 1759 2460 σημείων,

172 2482 200 2532 ό
235 2480 519 2552 μερισμὸς
559 2481 743 2543 αὑτοῖς
796 2480 1065 2550 ὲνήργητο
1094 2482 1203 2534 τῶν
1254 2482 1538 2549 γλωσσῶν,
1567 2484 1642 2546 ὡς
1691 2486 1761 2553 τῇ

175 2572 443 2641 κοινωνίᾳ.
467 2570 564 2624 τοῦ
596 2572 757 2640 λόγου
785 2572 1007 2642 μᾶλλον,
1032 2573 1064 2644 ἦ
1090 2576 1203 2637 τοῖς
1234 2574 1413 2637 ἄλλοις
1443 2575 1613 2627 ἅπασι
1636 2574 1766 2627 Θαύ-

178 2682 316 2735 μασι
340 2664 458 2716 τῶν
482 2664 757 2718 ἀτιθάσων
781 2665 1182 2735 ἡμερουμένων
1213 2666 1421 2734 ψυχῶν.
1464 2663 1554 2735 Τῷ
1583 2664 1766 2735 ταυτῷ

176 2761 363 2813 τοίνυν
416 2758 514 2812 τοῦ
574 2758 916 2829 φθέγματος,
954 2759 1017 2811 τὸ
1070 2758 1387 2826 ἀγαθοειδὲς
1416 2758 1512 2812 τοῦ
1559 2759 1766 2829 τρόπου

180 2850 405 2919 μιγνὺς,
436 2850 537 2903 καὶ
584 2851 767 2920 ηπιον,
792 2850 888 2904 καὶ
924 2850 1100 2921 πραῢ,
1128 2852 1224 2904 καὶ
1266 2851 1327 2904 τὸ
1358 2852 1531 2922 τραχὺ
1563 2851 1768 2905 τούτων

181 2944 276 2995 καὶ
308 2944 510 3012 ἄγριον
544 2942 601 2993 ἐν
644 2941 854 3004 τούτοις
901 2942 1347 3011 καταμαλάσσων
1409 2944 1505 2997 καὶ
1536 2943 1764 3012 ἀπηνὲς,

180 3034 300 3086 κατ’
331 3034 517 3102 ὀλίγον
543 3034 743 3097 αὐτοὺς
769 3034 1099 3086 ὑπεποιεῖτο.

248 3121 411 3189 Εἶτα,
446 3124 625 3191 φίλιον
668 3123 849 3193 ἑαυτῷ
888 3125 981 3177 καὶ
1014 3126 1355 3195 προσήγορον
1396 3126 1470 3195 ,τῇ
1514 3125 1770 3196 συνηθείᾳ

181 3218 239 3269 τὸ
276 3216 553 3287 δυσμενὲς
573 3218 1081 3287 καταστησάμενος,
1108 3216 1281 3280 οὑτως
1336 3217 1605 3288 εὐκαίρως
1636 3218 1770 3286 πρὸς
1800 3203 1849 3265 C

181 3312 488 3380 ἐπίγνωσιν
520 3310 723 3379 ὼδήγει
764 3310 923 3362 Θεοῦ.
963 3311 1072 3362 Καὶ
1128 3309 1237 3379 γάρ
1262 3310 1322 3363 τὺ
1348 3310 1605 3379 ἐξαίφνης
1631 3310 1775 3378 ἀψα-

182 3404 312 3457 σθαι
338 3403 442 3472 τῆς
472 3401 683 3472 ὑψηλῆς
715 3401 1015 3468 θεολογίας,
1052 3402 1113 3454 οὑ
1149 3402 1309 3471 μόνον
1336 3402 1439 3453 οὑκ
1469 3401 1679 3471 ὤνησεν
1705 3400 1773 3454 ἂν

182 3499 309 3558 τοὺς
337 3496 591 3565 ἄφρονας
636 3494 735 3546 καὶ
784 3495 997 3562 παχεῖς,
1029 3492 1167 3546 ἀλλά
1195 3495 1291 3546 καὶ
1314 3493 1487 3564 ὀργῆς
1515 3493 1778 3556 πολλάκις

184 3589 278 3640 καὶ
313 3587 527 3649 κακίας
561 3585 809 3654 μείζονος
852 3584 1025 3653 ἀνῆψε
1080 3585 1379 3654 πυρκαϊάν.
1425 3584 1499 3638 Τὸ
1546 3586 1603 3639 δὲ
1653 3588 1777 3648 ταῖς

188 3682 402 3743 κοιναῖς
434 3678 681 3749 ὁμιλίαις
709 3676 979 3748 πρότερον
1006 3680 1118 3741 τοῖς
1147 3677 1404 3731 ἀσεϐέσιν
1434 3678 1775 3748 ἐθιζόμενον,

188 3774 282 3825 καὶ
309 3770 603 3841 ὁμοιότητι
626 3768 839 3832 τούτοις
865 3769 1103 3839 ἀνομοίῳ
1129 3769 1497 3840 φιλιούμενον,
1529 3773 1779 3837 φυσικοῖς

184 3880 242 3913 τε
273 3862 376 3913 καὶ
399 3858 726 3926 συντρόφοις
745 3857 1105 3928 ὑποδείγμασι
1144 3858 1447 3929 χρώμενον,
1478 3860 1620 3913 οὓτω
1642 3861 1782 3913 κατὰ

192 3953 399 4022 μικρὸν
447 3949 810 4019 συμόιὸἀζειν
853 3948 990 4019 πρὸς
1046 3949 1355 4014 εὐσέϐειαν,
1380 3950 1611 4022 ἀρίστην
1644 3946 1784 4004 εἶναι

189 4045 351 4109 τάξιν
375 4041 730 4103 διδασκαλίας
762 4039 860 4094 καὶ
880 4040 1041 4112 ἔργον
1071 4041 1437 4112 ἀπστολικῆς
1472 4038 1627 4112 οἶμαι
1653 4058 1784 4113 φρε-

192 4137 301 4198 σός.

259 4340 464 4403 Οὕτως
491 4342 521 4392 ό
554 4340 725 4409 μέγας
773 4339 1098 4403 ἀπόστολος,
1125 4342 1196 4392 τὰ
1236 4340 1447 4412 πλευρά
1477 4339 1573 4394 τοῦ
1607 4342 1790 4413 Βορῤἅ

200 4436 436 4506 μετιὼν,
475 4434 581 4503 ὅρη
623 4433 925 4503 κατέστησε
949 4433 1111 4486 Σιών.
1149 4433 1262 4486 Καὶ
1304 4432 1412 4502 γὰρ
1463 4433 1789 4502 ὃσοις.ίχνος

1934 1946 2005 1998 At
2027 1942 2279 2012 quisnam
2310 1939 2529 2000 modus,
2582 1953 2692 2006 quo
2728 1936 2813 1990 vir
2854 1932 3286 1989 humanissimus
3317 1946 3447 1986 cum

1865 2031 2275 2089 immanissitnis
2291 2026 2773 2100 congredicbatur?
2791 2027 3032 2081 Primum
3057 2026 3280 2095 quidem
3303 2025 3450 2093 ejus-

1865 2126 1990 2181 dem
2041 2124 2312 2180 sermonis
2356 2138 2482 2183 usu,
2514 2121 2754 2175 ferocem
2796 2119 3046 2173 auditum
3079 2117 3145 2171 ad
3188 2134 3246 2172 se
3278 2127 3450 2170 attra-

1868 2218 2055 2275 hcbat.
2090 2218 2180 2271 Sic
2216 2217 2365 2271 enim
2398 2224 2594 2268 natura
2627 2222 3030 2283 comparatum,
3059 2220 3121 2265 ut
3147 2210 3329 2266 simile
3364 2209 3445 2263 si-

1868 2308 1984 2363 mili
2014 2305 2259 2377 proclive
2296 2303 2623 2359 adducatur.
2655 2302 2868 2357 ldcirco
2905 2301 3074 2356 etiam
3111 2299 3354 2370 Spiritus
3388 2298 3447 2353 in

1869 2404 2051 2474 specie
2081 2403 2398 2471 linguarum
2426 2398 2687 2468 apostolis
2712 2396 2956 2456 advenit,
2981 2398 3212 2467 ejusque
3242 2394 3454 2456 aﬂlatu,

1870 2507 1998 2551 ante
2028 2496 2135 2550 alia
2162 2494 2336 2565 signa,
2366 2491 2559 2545 divisis
2592 2490 2793 2559 linguis
2818 2487 3086 2558 impartiti
3115 2498 3278 2552 sunt;
3305 2484 3455 2557 quod

1871 2587 2136 2643 nimirum
2168 2585 2446 2640 sermonis
2470 2584 2658 2655 potius
2682 2581 3073 2638 communione
3091 2621 3106 2645 ,
3130 2595 3297 2648 quam
3330 2578 3458 2633 ullis

1871 2681 1996 2736 aliis
2038 2681 2341 2744 miraculis,
2371 2688 2615 2749 agrestes
2638 2675 2808 2731 animi
2835 2682 2893 2729 et
2924 2672 3177 2728 indomiti
3204 2685 3461 2725 mansue-

1874 2783 2035 2833 scant
2054 2788 2116 2828 ac
2138 2773 2475 2829 cicurentur.
2520 2769 2602 2824 Illi
2634 2768 2819 2838 itaque
2849 2764 2997 2835 paris
3024 2761 3230 2833 eloquii
3256 2760 3332 2824 vi,
3355 2760 3458 2814 bo-

1874 2870 2101 2924 nitatem
2120 2863 2485 2921 commiscens
2502 2870 2559 2917 et
2574 2860 2856 2915 lenitatem
2876 2866 2933 2913 et
2953 2855 3458 2914 mansuetudinem,

1875 2961 2073 3031 bisque
2101 2974 2207 3028 qua
2237 2955 2559 3017 horrebant,
2588 2967 2804 3008 morum
2834 2950 3193 3021 asperitatem
3227 2956 3284 3001 et
3314 2945 3462 3001 fero—

1875 3055 2014 3110 ciam
2043 3068 2110 3107 ac
2138 3050 2400 3107 saevitiam
2432 3048 2704 3117 subigens,
2738 3060 2834 3100 eos
2864 3042 3128 3114 paulatim
3158 3040 3461 3095 alliciebat.

1947 3145 2155 3201 Deinde
2184 3159 2309 3199 cum
2338 3142 2544 3197 amicos
2569 3155 2634 3195 ac
2678 3137 2955 3206 colloquio
2988 3134 3178 3190 faciles
3219 3131 3466 3187 infensos

1878 3234 2317 3303 alioquianimos
2346 3228 2879 3298 consuetudineipsa
2907 3224 3345 3290 reddidisset,sic
3361 3237 3464 3292 op-

1875 3336 2110 3398 portune
2138 3324 2206 3378 ad
2226 3324 2325 3378 Dei
2353 3322 2607 3376 notitiam
2637 3320 2913 3389 ﬁdemque
2943 3317 3275 3373 adducebat.
3300 3314 3461 3381 Quod

1875 3421 2022 3474 enim
2047 3418 2169 3489 quis
2185 3425 2411 3486 repente
2425 3414 2718 3470 sublimem
2737 3410 3065 3482 theologiam
3094 3408 3465 3480 aggrediatur,

1878 3516 2083 3571 nedum
2112 3514 2250 3569 nihil
2274 3512 2599 3582 insipientes
2621 3509 3007 3577 crassioreque
3037 3505 3259 3577 ingenio
3285 3503 3469 3559 homi-

1879 3627 1980 3667 nes
2005 3610 2229 3682 juverit,
2260 3624 2456 3664 verum
2505 3608 2672 3662 etiam
2719 3622 2830 3660 non
2854 3620 2982 3659 raro
3013 3604 3107 3659 ira:
3128 3602 3468 3672 maiorisque

1881 3703 2140 3773 nequitiae
2170 3700 2442 3755 flammam
2472 3698 2803 3754 accenderit.
2839 3694 3246 3752 Communibus
3281 3701 3469 3748 autem

1883 3791 2174 3862 colloquiis
2197 3786 2350 3861 prius
2374 3790 2559 3859 impiis
2587 3796 3065 3849 consuescentem,
3098 3786 3469 3855 dissimilique

1885 3884 2251 3941 similitudine
2300 3898 2496 3939 eorum
2536 3883 2821 3937 ineuntem
2879 3879 3134 3951 gratiam,
3187 3888 3354 3949 atque
3400 3893 3471 3933 ex

1886 3987 2085 4033 natura
2108 3977 2295 4047 petitis
2315 3976 2788 4045 familiaribusque
2808 3973 3076 4043 exemplis
3099 3981 3368 4034 utentem,
3391 3970 3472 4025 sic

1888 4070 2153 4141 paulatim
2180 4069 2371 4139 pietati
2396 4081 2586 4139 aptare
2613 4082 2679 4123 ac
2718 4080 3069 4137 componere,
3097 4078 3224 4120 eum
3248 4064 3469 4117 demum

1888 4161 2158 4229 optimum
2188 4160 2421 4215 docendi
2448 4159 2700 4213 ordinem
2733 4172 2799 4213 ac
2819 4156 3137 4226 apostolica:
3165 4157 3369 4210 mentis
3392 4154 3472 4209 fa-

1890 4254 2050 4307 cintts
2090 4252 2366 4305 existimo.

1972 4343 2111 4397 Eum
2142 4344 2197 4396 in
2225 4341 2444 4395 modum
2464 4354 2695 4409 magnus
2722 4339 3018 4407 Apostolus
3048 4342 3218 4395 latera
3249 4338 3468 4409 aquilo-

1892 4435 1980 4488 nis
2010 4436 2318 4500 incessens,
2370 4443 2585 4489 montes
2616 4433 2799 4489 et'fecit
2852 4434 3036 4488 Sionis
3061 4432 3127 4487 ⁸⁷.
3165 4430 3472 4502 Quodquod

200 4528 514 4596 εὐθύτητος
561 4525 749 4595 μετῆν,
777 4525 922 4586 ὅσοις
977 4526 1145 4594 μοῖρα
1185 4522 1414 4592 λογικῆς
1455 4522 1650 4592 φρενὸς
1698 4523 1775 4575 κα¹

1896 4528 2043 4583 enim
2087 4526 2438 4582 rectitudinis
2479 4527 2769 4598 vestigium
2798 4526 3008 4592 inerat;
3048 4535 3318 4596 quotquot
3343 4540 3474 4579 sen-

198 4620 472 4684 διανοίας,
521 4617 805 4687 ἄνθρωπον
843 4616 1098 4685 ὁρῶντες,
1133 4617 1199 4685 τῇ
1242 4633 1303 4667 τε
1333 4614 1428 4668 τοῦ
1463 4615 1625 4683 λόγου
1660 4616 1802 4685 λαμ-

201 4713 477 4781 πρότητι,
521 4712 588 4777 τῇ
616 4726 675 4761 τε
723 4707 817 4761 τοῦ
858 4707 975 4775 βίου
1023 4707 1323 4775 τελειότητι
1372 4706 1515 4759 κατὰ
1545 4706 1801 4761 τοσοῦτον

203 4804 459 4864 ἐκείνους
507 4800 897 4870 ὑπεραίροντα.
947 4800 1068 4851 καθ’
1099 4799 1224 4851 ὅσον
1248 4799 1404 4852 αὐτοὶ
1450 4798 1558 4851 τῶν
1595 4798 1803 4869 θηρίων

206 4898 303 4949 καὶ
324 4894 445 4947 τῶν
468 4893 685 4961 κτηνῶν
719 4893 1009 4961 ὑπερέχειν
1040 4892 1451 4963 ὑπελάμεανον,
1488 4894 1583 4946 καὶ
1608 4894 1800 4945 τούτου

209 4988 570 5043 παντάπασιν
614 4985 917 5056 ἡττώμενοι
954 4988 1053 5055 τῆς
1098 4986 1321 5057 ἀρετῆς,
1381 4986 1804 5039 ὑπεκατέκλινον

214 5083 314 5150 μὲν
341 5081 416 5150 τῇ
456 5079 692 5146 διανοίᾳ,
729 5079 1008 5150 προῄεσαν
1033 5079 1093 5131 δὲ
1147 5079 1225 5150 τῷ
1274 5078 1344 5132 δι’
1401 5079 1566 5133 αὑτοῦ
1598 5094 1806 5149 κηρυτ-

211 5177 432 5245 τομένῳ
501 5172 675 5241 φωτί³
725 5173 820 5225 καὶ
878 5172 958 5243 τῷ
1009 5172 1151 5243 λόγῳ
1218 5172 1317 5242 τῆς
1373 5172 1593 5243 χάριτος
1640 5191 1804 5240 φωτι-

217 5268 468 5337 ζόμενοι,
532 5265 629 5318 καὶ
670 5262 751 5333 τῷ
801 5263 900 5333 τῆς
954 5266 1367 5333 ἀναγεννήσεως
1398 5263 1551 5317 ὕδατι
1617 5264 1807 5319 καθαι-

222 5359 469 5427 ρόμενοι,
502 5357 602 5409 καὶ
632 5355 711 5426 τῷ
739 5355 838 5425 τῆς
898 5356 1169 5419 υἱοθεσίας
1222 5356 1504 5425 Πνεύματι
1564 5357 1804 5410 τελειού-

225 5470 397 5518 μενοι,
447 5453 533 5510 εἰς
589 5450 915 5521 Ἐκκλησίας
951 5450 1113 5518 ἁγίας
1169 5450 1246 5521 τῷ
1304 5450 1619 5521 ’Υπεραγίῳ
1665 5469 1795 5504 κατι

222 5545 539 5614 ηρτίζοντο.

290 5807 408 5863 "ll
446 5806 592 5861 Tim.
630 5806 795 5872 11,19.
870 5806 917 5839 “
948 5805 1177 5868 lsa.xrx.
1202 5809 1251 5861 l.
1330 5808 1535 5862 "l‘sal.
1564 5824 1721 5871 XLVII,
1756 5808 1808 5861 3.

1904 4635 1999 4675 sus
2042 4620 2208 4673 animi
2250 4620 2463 4674 ratione
2521 4620 2729 4674 utentis
2782 4619 3089 4687 mentisque
3144 4617 3475 4687 particulam

1904 4714 2071 4767 ullam
2112 4712 2444 4770 retinebant.
2472 4712 2748 4766 hominem
2780 4720 3129 4776 contuentes,
3159 4721 3276 4766 tum
3309 4712 3478 4765 ratio-

1905 4806 1991 4859 nis
2031 4804 2342 4875 splendore,
2372 4813 2486 4857 tum
2511 4804 2637 4858 vita;
2662 4803 3022 4873 perfectione,
3060 4812 3168 4857 tam
3190 4802 3322 4872 ipsis
3342 4802 3480 4857 emi-

1905 4913 2059 4960 nere,
2109 4911 2273 4966 quam
2304 4896 2380 4949 illi
2416 4896 2610 4951 bestiis
2637 4904 2802 4965 atque
2827 4894 3092 4965 jumentis
3131 4903 3478 4965 praestarent,

1906 4988 2316 5043 arbitrabantur
2351 5005 2365 5041 :
2402 4988 2655 5057 illiusque
2684 4988 2910 5042 omnino
2936 5002 2997 5042 se
3024 4987 3213 5041 virtuti
3242 4988 3483 5055 impares

1908 5087 2291 5149 agnoscentes,
2341 5079 2393 5133 ei
2425 5079 2669 5133 animum
2717 5078 3137 5142 submittebant,
3191 5086 3356 5148 atque
3410 5078 3479 5133 ad

1907 5187 2051 5236 eam,
2085 5186 2249 5241 quam
2277 5170 2629 5241 praedicabat,
2662 5171 2839 5227 lucem
2873 5171 3209 5227 accedebant
3240 5190 3255 5226 :
3283 5172 3481 5227 verbo-

1907 5279 2016 5333 que
2072 5263 2261 5331 gratia:
2316 5264 2574 5317 illustrati
2624 5272 2792 5332 atque
2845 5263 3276 5332 regenerationis
3340 5277 3481 5331 aqua

1905 5360 2209 5425 cunmdati,
2242 5374 2344 5415 nec
2374 5376 2480 5413 non
2508 5359 2822 5429 adoptionis
2850 5358 3057 5427 Spiritu
3086 5355 3483 5419 consummati,

1913 5452 1966 5503 in
1996 5449 2269 5505 Ecclesias
2298 5458 2542 5511 sanctas,
2568 5449 2619 5503 ei
2643 5449 2738 5519 qui
2765 5462 2981 5503 omnem
3010 5446 3355 5503 sanctitatem
3385 5458 3483 5499 ex-

1907 5541 2059 5596 cedit
2086 5540 2575 5610 componebantur.
