4192 6424
737 377 805 444 57
1945 361 2240 423 NICETE
2277 362 2362 422 ΡΛ
2375 361 2810 423 PIILAGON’IS
3945 376 4016 429 68

819 489 933 546 Nec
956 487 1165 556 absque
1194 495 1390 538 cruore
1421 493 1678 550 magnum
1720 474 1847 528 ﬁdei
1883 475 1994 530 illis
2025 475 2308 529 constabi-

2488 478 2599 530 Καὶ
2621 478 2682 528 οὐ
2709 478 2878 546 χωρὶς
2906 477 3137 546 αἵματος
3163 478 3375 542 τούτοις
3401 481 3463 534 τὸ
3491 481 3634 552 μέγα
3657 481 3760 549 τῆς
3781 481 4016 542 πίστεως

732 580 977 636 liebatur
1002 575 1324 647 mysterium
1351 588 1366 625 :
1394 571 1490 625 sed
1523 571 1667 624 sicut
1692 567 1949 637 Magister
1975 582 2039 621 ac
2063 566 2324 620 Dominus

733 674 962 746 proprio
1007 667 1270 738 sanguine
1318 672 1706 720 testamentum
1755 676 1917 716 suum
1967 659 2321 727 obsignavit,

734 768 817 821 sic
843 777 1064 834 quoque
1089 775 1188 830 par
1208 767 1328 814 erat
1353 768 1411 811 ut
1433 752 1860 826 probatissimos
1880 752 2186 820 discipulus
2212 766 2321 802 non

742 857 909 912 nudis
958 854 1140 907 solum
1171 851 1362 905 verbis
1399 849 1642 902 salutare
1676 847 1770 901 Dei
1805 846 2178 907 annuntiaret,
2228 843 2323 898 sed

737 961 796 1003 ιιι
847 951 1014 1003 etiam
1076 946 1302 1018 pr0prio
1342 944 1609 1012 sanguine
1653 940 2001 1009 disciplinam
2052 940 2317 993 sanciret.

735 1041 874 1106 Quia
910 1040 1077 1108 igitur
1096 1037 1215 1091 ﬁeri
1251 1051 1359 1089 non
1391 1044 1631 1104 poterat,
1658 1047 1719 1089 ut
1747 1048 1939 1086 omnes
1968 1033 2197 1102 penitus
2229 1048 2325 1087 ve-

737 1131 886 1184 ritati
919 1143 1202 1183 assensum
1250 1126 1599 1195 praeberent;
1632 1123 2099 1193 quemadmodum
2147 1123 2323 1177 Judzei

737 1225 893 1294 prius
941 1221 1211 1274 adversus
1247 1219 1435 1273 Jesum
1485 1233 1706 1270 manum
1745 1216 2081 1276 extulerant,
2114 1215 2192 1268 sic
2223 1214 2324 1267 ad-

738 1331 931 1369 versus
959 1313 1235 1368 Andream
1264 1311 1516 1365 instructi
1547 1308 1880 1379 Scytharum
1914 1308 2322 1377 attiniizregum

739 1409 822 1463 ira
851 1422 1116 1477 praeceps,
1142 1405 1345 1459 e'edcm
1374 1403 1597 1472 spirans
1623 1401 1921 1471 praesidum
1958 1402 2198 1470 impetus
2234 1410 2322 1454 at-

738 1517 846 1571 que
873 1500 1146 1569 jutlicum,
1180 1498 1508 1568 populorum
1539 1495 1655 1548 fera
1680 1496 1848 1548 coitio
1877 1512 1891 1547 :
1920 1495 2049 1548 hinc
2072 1509 2323 1548 carceres

738 1601 904 1660 atque
950 1592 1203 1652 verbera,
1255 1589 1523 1642 distracta
1581 1587 1830 1642 membra
1875 1601 1938 1640 ac
1971 1587 2268 1641 dilacerata
2304 1606 2318 1641 :

738 1686 873 1754 quin
906 1693 962 1737 et
1020 1684 1165 1752 ligna
1224 1692 1281 1736 et
1312 1680 1522 1751 lapides
1551 1689 1606 1732 et
1629 1679 1816 1749 gladii,
1863 1679 2130 1748 quidquid
2160 1679 2321 1733 deni-

740 1793 851 1847 que
876 1778 1124 1832 cruentis
1154 1775 1476 1829 hominibus
1507 1773 1562 1827 in
1595 1789 1790 1826 manus
1819 1773 2083 1836 venisset,
2133 1787 2320 1827 armo-

2432 573 2767 642 ἐκρατύνετο
2825 572 3159 640 μυστήριον·
3217 571 3410 643 ὥσπερ
3447 575 3504 626 δὲ
3546 573 3637 626 τὸν
3686 573 4016 626 Διδάσκαλον

2430 668 2528 718 καὶ
2582 663 2889 734 Κύριοντῷ
2939 663 3058 733 ἰδίῳ
3115 664 3309 732 αἵματι
3343 665 3442 734 τὴν
3491 665 3658 718 αὑτοῦ
3717 665 4017 736 σφραγίσαι

2431 759 2726 828 διαθήκην,
2756 758 2935 820 οὕτως
2961 757 3070 809 ἔδει
3101 758 3196 811 καὶ
3225 757 3318 810 τὸν
3361 758 3736 828 δοκιμώτατον
3767 757 4017 828 μαθητὴν

2435 853 2496 905 οὐ
2518 853 2696 921 ψιλοῖς
2724 851 2906 920 λόγοις
2943 850 3103 920 μόνον
3125 850 3186 903 τὸ
3211 850 3304 904 τοῦ
3335 851 3472 904 Θεοῦ
3498 853 3764 922 σωτήριον
3794 853 4020 919 εὐαγγεο

2429 943 2699 1009 λίζεσθαι,
2732 943 2868 995 ἀλλά
2892 943 2989 996 καὶ
3013 943 3202 1012 οἰκείῳ
3225 942 3423 1012 αἵματι
3452 943 3551 1013 τὴν
3585 943 3749 995 αὑτοῦ
3782 942 4015 1012 βεϐαιῶ-ο

2431 1054 2524 1090 σαι
2557 1034 3040 1107 διδαχήν.Ἐπειδὴ
3088 1035 3182 1088 οὖν
3226 1035 3437 1098 πάντας
3481 1036 3653 1106 ἄρδην
3701 1037 3803 1088 οὐκ
3846 1030 3914 1106 ἦν
3945 1037 4013 1104 τῇ

2428 1131 2655 1203 ἀληθείᾳ
2688 1129 3156 1198 συγκαταθέσθαι·
3201 1128 3679 1200 ὦσττερΊουδαῖκὴ
3723 1129 3866 1180 κατά
3918 1127 4016 1180 τοῦ

2441 1227 2617 1297 Ἰησοῦ
2646 1230 2912 1299 πρότερον
2952 1227 3161 1296 ἐπῆρτο
3194 1229 3346 1296 χεὶρ,
3378 1227 3552 1290 οὕτως
3590 1231 3737 1280 κατά
3769 1225 3864 1280 τοῦ
3891 1226 4018 1279 Ἀν-

2427 1321 2584 1392 δρέου
2626 1319 3043 1389 παρεσκεύαστο
3086 1319 3365 1388 Σκυθικήο
3411 1319 3507 1372 καὶ
3542 1317 3716 1388 θυμὸς
3747 1318 4018 1388 βασιλέων

2429 1412 2728 1483 προπετὴς.
2753 1412 2848 1464 καὶ
2880 1410 3122 1480 φονὼδης
3150 1410 3428 1480 ἀρχόντων
3471 1409 3642 1481 ὁρμὴ,
3670 1411 3767 1461 καὶ
3811 1407 4020 1480 θηριώ-

2427 1505 2524 1574 δης
2573 1504 2928 1566 ὲπισύστασις
2977 1504 3159 1555 λαῶν’
3207 1504 3303 1557 καὶ
3348 1503 3582 1573 εἱρκταὶ,
3617 1502 3710 1554 καὶ
3752 1501 4019 1570 μάστιγες

2427 1598 2698 1661 ἐντεῦθεν,
2727 1596 2988 1666 ὲλκυσμοί
3015 1613 3073 1647 τε
3104 1596 3198 1648 καλ⁵
3226 1596 3404 1664 μελῶν
3438 1594 3780 1664 σπαραγμοί.
3814 1594 3922 1646 Ναὶ
3951 1594 4017 1660 δὴ

2427 1692 2522 1744 καὶ
2556 1690 2686 1755 ξύλα
2722 1689 2818 1742 καὶ
2850 1688 2989 1741 λίθοι
3015 1687 3112 1741 καὶ
3142 1688 3433 1756 μάχαιραι,
3462 1687 3556 1739 καὶ
3585 1688 3694 1738 πᾶν
3732 1686 3795 1737 τὸ
3830 1687 4022 1737 ἐπιτυ-

2427 1783 2522 1853 χδν
2549 1785 2671 1845 ταῖς
2710 1782 3016 1850 μιαιφόνοις
3044 1779 3254 1848 χερσὶν.
3284 1777 3451 1830 ὅπλον
3500 1778 3643 1830 κατά
3683 1778 3786 1843 τῆς
3825 1775 4022 1843 τιμίας

740 1887 862 1924 rum
892 1871 1014 1922 loco
1049 1866 1420 1922 venerandum
1472 1875 1636 1934 caput
1666 1865 2027 1935 impetebant.
2061 1865 2320 1934 Prompta

2435 1876 2662 1948 ἐφέρετο
2680 1875 2946 1944 κεφαλῆς.
2984 1875 3095 1927 Καὶ
3124 1874 3185 1926 τὸ
3216 1872 3369 1942 θῦμα
3393 1872 3698 1941 πρόθυμον,
3719 1867 4020 1940 προθύμως

739 1963 984 2024 victima,
1021 1971 1079 2015 ut
1107 1975 1207 2030 pro
1241 1958 1656 2012 immolantibus
1686 1968 1940 2028 prompte
1974 1957 2314 2013 sacriﬁcare-

741 2064 862 2114 tur;
899 2068 963 2107 ac
1006 2068 1107 2107 ceu
1139 2051 1410 2114 debitum,
1442 2051 1615 2120 ipsius
1640 2067 1805 2106 causa
1828 2051 1982 2121 prius
2016 2051 2318 2117 immolato,

743 2161 904 2199 suum
947 2145 1060 2214 ipse
1087 2143 1286 2197 libaret
1315 2158 1601 2207 cruorem;
1653 2153 1818 2212 atque
1850 2146 1906 2211 (0
1933 2143 2025 2196 Dei
2058 2142 2322 2197 imitatio-

743 2239 934 2304 nem)!
991 2254 1092 2307 pro
1130 2237 1251 2291 neci
1302 2235 1648 2290 tradentibus
1693 2235 2022 2290 sacriﬁcium
2072 2236 2320 2290 oﬂ'erret.

799 2329 943 2394 Quid
971 2344 1100 2382 vero
1128 2342 1358 2396 magnus
1382 2327 1472 2381 ille
1493 2326 1773 2396 pontifex?
1788 2326 2179 2382 Libentissime
2201 2325 2324 2395 qui-

743 2421 869 2475 dem
908 2420 1078 2474 habet
1105 2421 1408 2482 victimam,
1444 2420 1789 2490 volentisqne
1823 2422 1992 2475 animi
2031 2423 2325 2492 perfectio-

742 2529 870 2568 nem
890 2512 1156 2567 odoratur
1177 2513 1405 2568 odorem
1425 2513 1712 2567 suavitatis
1727 2513 1795 2579 "',
1819 2514 2117 2582 perfectam
2142 2523 2322 2566 tamen

749 2615 918 2675 atque
955 2606 1223 2676 integram
1252 2606 1532 2659 victimam
1563 2621 1756 2658 rursus
1789 2604 2050 2667 restituit,
2101 2605 2326 2674 majori-

745 2695 851 2748 bus
875 2696 1094 2748 eoronis
1120 2703 1286 2763 atque
1304 2695 1506 2764 pneliis
1529 2710 1846 2749 reservans.
1869 2696 1926 2749 In
1947 2711 2074 2749 eum
2098 2696 2321 2748 modum

743 2786 994 2842 Andreas
1021 2786 1370 2840 adversarios
1397 2790 1728 2857 superabat;
1755 2797 1918 2857 atque
1938 2785 2160 2842 Christo
2188 2803 2325 2840 con-

745 2879 887 2934 ﬁxus
919 2881 1091 2943 cruci,
1121 2895 1219 2948 per
1245 2895 1372 2934 cum
1401 2881 1497 2948 qui
1531 2879 1818 2946 dilexerat,
1854 2881 2070 2950 potiore
2112 2880 2169 2934 in
2202 2894 2325 2932 om-

746 2974 913 3026 nibus
944 2973 1178 3028 victoria
1213 2972 1486 3042 gaudebat
1516 2972 1582 3024 ⁸⁸.

815 3067 1020 3120 Omnes
1063 3066 1228 3136 igitur
1261 3065 1537 3134 aquilonis
1574 3079 1723 3126 oras,
1780 3078 2111 3133 omnemque
2163 3061 2325 3116 Ponti

746 3160 1102 3221 maritimam,
1150 3158 1203 3211 in
1229 3158 1433 3212 virtute
1459 3158 1733 3211 sermonis
1758 3157 2042 3226 sapientia:
2075 3172 2138 3210 ac
2163 3156 2327 3209 intel-

2427 1971 2568 2040 ὑπὲρ
2612 1970 2720 2022 τῶν
2769 1968 3047 2036 θυομένων
3091 1966 3255 2018 αὐτὸν
3307 1960 3914 2035 ἱερουργούμενον·καὶ
3941 1959 4020 2022 ὡς

2426 2061 2697 2131 ὀφείλημα
2732 2059 2811 2130 τῷ
2851 2060 2992 2129 ὑπὲρ
3023 2059 3188 2112 αὑτοῦ
3217 2057 3498 2128 τεθυμένῳ
3529 2057 3794 2126 πρότερον
3836 2054 3899 2106 τὺ
3941 2054 4022 2105 οἰ-

2427 2155 2576 2206 κεῖον
2622 2150 2946 2203 ὲπισπένδον
2980 2143 3153 2216 αἷμα·
3212 2149 3305 2199 καὶ
3348 2145 3427 2217 (ὦ
3456 2145 3554 2214 τῆς
3585 2140 4019 2212 θεομιμησίαςί)

2431 2243 2574 2313 ὑπὲρ
2605 2242 2715 2294 τῶν
2745 2239 3116 2310 ἀναιρούντων
3151 2238 3425 2309 προσάγον
3454 2237 3534 2299 εἰς
3565 2235 3856 2303 ἐξίλασμα.

2500 2337 2612 2388 Καὶ
2653 2336 2706 2386 τί
2739 2336 2767 2386 ό
2801 2333 3115 2403 Ἀρχιερεὺς
3166 2333 3196 2383 ὁ
3246 2330 3456 2400 μέγας;
3506 2327 3869 2397 Προπέμενος
3916 2323 4023 2392 μὲν

2427 2429 2529 2498 τὴν
2577 2427 2771 2480 θυσίαν
2811 2427 3192 2495 ἀσμενέστατα
3218 2463 3233 2485 ,
3284 2421 3381 2476 καὶ
3425 2421 3598 2492 ὀσμὴν
3643 2418 3874 2479 εὐωδίας
3915 2417 4022 2486 τὴν

2428 2521 2745 2588 τελειότητα
2792 2517 2892 2585 τῆς
2927 2515 3242 2586 προθέσεως
3293 2513 3680 2582 όσφρώμενος·
3726 2511 3912 2580 ἄρτιον
3961 2507 4024 2562 δὲ

2430 2614 2524 2666 καὶ
2549 2612 2743 2682 mm;
2754 2629 2843 2681 ρον
2868 2606 3023 2672 αὖθις
3051 2610 3112 2661 τό
3135 2607 3355 2675 λογικὸν
3381 2609 3577 2677 ἱερεῖον
3603 2600 4019 2668 ἀποκαθιστιῖῖν,

2431 2707 2525 2756 καὶ
2555 2703 2648 2755 ἐπὶ
2694 2700 2906 2771 μείζοσι
2951 2699 3106 2752 τοῦτο
3153 2699 3334 2763 δόξαις
3385 2701 3482 2751 καὶ
3524 2698 3874 2766 ἀγωνίσμασι
3922 2714 4024 2749 τα·-

2435 2797 2773 2866 μιευόμενος.
2798 2793 2985 2856 Οὕτως
3005 2795 3032 2844 ό
3056 2792 3227 2861 μέγας
3264 2791 3538 2861 Ἀνδρέας.
3565 2790 3672 2842 τῶν
3701 2793 4027 2856 ἀντιτεταγο

2435 2889 2610 2958 μένων
2632 2887 2848 2958 περιῆν.
2880 2887 2972 2939 καὶ
2997 2885 3168 2947 οὕτως
3187 2884 3656 2955 συσταυρούμενος
3679 2883 3758 2952 τῷ
3778 2881 4030 2952 Χριστῷ,

2431 2983 2490 3033 ἐν
2525 2982 2689 3032 πᾶσιν
2714 2979 3014 3047 ύπερενίκα
3035 2978 3122 3030 διά
3162 2977 3257 3030 τοῦ
3285 2978 3636 3048 ἡγαπηκότος
3669 2974 3848 3030 αὐτόν.

2504 3071 2692 3124 Πάντα
2734 3069 3028 3140 τοιγαροῦν
3058 3069 3127 3121 τά
3154 3069 3395 3137 κλίματα
3424 3067 3519 3121 τοῦ
3550 3067 3748 3137 βορρᾶ,
3780 3068 3873 3118 καὶ
3911 3066 4029 3118 πᾶ-

2436 3181 2535 3217 σαν
2565 3163 2660 3215 τοῦ
2691 3163 2898 3215 Πόντου
2937 3161 3035 3230 τὴν
3063 3160 3330 3229 παράλιον
3351 3204 3366 3224 ,
3399 3161 3456 3211 ἐν
3485 3159 3716 3228 δυνάμει
3747 3158 3905 3224 λόγου
3936 3175 4031 3208 σο-

744 3251 1003 3319 ligentize,
1033 3251 1086 3303 in
1114 3251 1318 3302 virtute
1339 3250 1623 3317 signorum
1654 3256 1711 3302 et
1733 3249 2132 3318 prodigiorum,
2154 3249 2324 3300 Evan-

2435 3257 2555 3324 ςίας
2581 3254 2676 3307 καὶ
2706 3254 2976 3315 συνέσεως
2997 3297 3010 3314 ,
3040 3255 3096 3304 ἐν
3121 3253 3351 3319 δυνάμει
3389 3251 3633 3320 σημείων
3660 3251 3754 3303 καὶ
3777 3251 4032 3319 τεράτων

745 3344 873 3412 gelii
908 3343 1228 3410 complexus
1253 3342 1681 3410 praedicatione;
1719 3342 1925 3411 ubique
1954 3343 2158 3396 erectis
2187 3342 2326 3404 aris,

746 3435 1237 3502 sacerdotibusque
1272 3448 1336 3487 ac
1355 3433 1631 3501 episcopis
1661 3434 1866 3503 ubique
1898 3434 2154 3488 ﬁdelibus
2185 3449 2327 3502 pra:-

747 3528 960 3596 positis,
993 3527 1060 3580 ad
1088 3527 1301 3581 illustre
1333 3527 1437 3580 hoc
1459 3528 1783 3597 Byzantium
1816 3527 2066 3581 accessit.
2104 3527 2224 3581 Huc
2246 3526 2334 3580 vir

746 3618 1088 3672 admirabilis
1112 3618 1294 3671 obiter
1318 3619 1566 3683 veniens,
1586 3628 1975 3687 exstructaque
2005 3619 2061 3672 in
2089 3633 2213 3672 arce
2239 3619 2336 3673 Dei

750 3711 908 3764 Matri
937 3711 1092 3775 inde;
1146 3712 1383 3781 eleganti
1432 3711 1656 3781 quidem
1706 3711 1796 3764 illa
1848 3712 2147 3773 schemate,
2181 3712 2342 3780 cujus

748 3813 930 3857 tamen
959 3803 1132 3858 moles
1166 3819 1264 3872 pro
1295 3803 1536 3856 ﬁdelium
1584 3812 1714 3856 tunc
1742 3803 2018 3872 paucitate
2062 3803 2335 3872 angustiis

748 3896 865 3947 suis
891 3895 1277 3964 responderet;
1301 3894 1578 3964 dignoque
1601 3894 1865 3948 Ecclesia:
1890 3903 2106 3963 pastore
2129 3909 2326 3963 magno

749 3989 951 4060 διερὴν
997 3989 1292 4058 assignato,
1326 3987 1526 4042 uberes
1574 3986 1928 4056 postmodum
1955 3987 2058 4040 hac
2093 3987 2150 4042 in
2179 3986 2318 4042 urbe

817 4173 865 4204 ⁸⁸
889 4173 1152 4235 Gen.vttt,
1182 4169 1268 4224 ll.
1348 4171 1395 4203 υ
1423 4170 1542 4226 Gal.
1575 4187 1634 4225 tt.
1666 4170 1752 4224 i9.

820 4355 932 4422 (l0)
959 4351 1193 4420 Ὠραῖυι·
1208 4351 1323 4418 μὲν
1347 4351 1462 4416 τὴν
1485 4354 1892 4415 κατασκευήν.
1911 4351 2331 4407 Exstabatforte

746 4421 1038 4493 vestigium
1057 4422 1278 4489 aliquod
1315 4421 1393 4493 sic
1423 4423 1692 4491 elegantis
1733 4425 1980 4480 :edieula:
2012 4439 2078 4477 ac
2120 4424 2330 4485 sacelli,

749 4495 833 4547 vel
870 4492 912 4548 a7
935 4493 1235 4561 majoribus
1267 4492 1529 4545 traditum
1587 4493 1806 4549 Nicetas
1835 4503 2144 4563 acceperat,
2204 4509 2332 4548 cum

751 4566 866 4633 ipsa
902 4565 1074 4616 moles
1116 4563 1314 4631 exigua
1351 4574 1518 4634 esset,
1551 4578 1628 4634 ac
1673 4581 1777 4634 pro
1819 4581 2012 4618 eorum
2059 4565 2332 4633 paucitate

749 4635 844 4702 qui
893 4634 1132 4704 Byzantii
1197 4649 1397 4686 nomen
1432 4633 1656 4687 Christo
1680 4633 1980 4696 dederant,
2031 4652 2129 4703 per
2165 4637 2332 4688 breve

752 4705 886 4758 illttd
943 4716 1178 4773 tempus,
1208 4719 1321 4771 quo
1364 4705 1614 4757 Andreas
1635 4707 1738 4770 ,ille
1776 4707 2116 4775 praedicavit.
2147 4706 2333 4776 Ipsum

750 4776 1013 4843 oppidum
1063 4791 1126 4827 ac
1183 4778 1399 4830 urbem.
1436 4777 1708 4841 πολίχνιον
1757 4778 1940 4830 adhuc
1995 4786 2124 4829 tunc
2177 4787 2336 4830 vocat

751 4846 990 4914 iletaph.
1024 4846 1138 4897 sive
1177 4845 1430 4912 quisquis
1476 4857 1670 4898 auctor
1724 4857 1808 4900 est
1848 4847 2243 4900 Commentarii
2279 4848 2336 4900 in

749 4918 1026 4969 Andream
1056 4915 1390 4986 apostolum,
1422 4931 1451 4968 a
1493 4930 1582 4986 me
1615 4919 1986 4986 reprtesentati
2044 4917 2235 4970 Latine
2266 4934 2333 4970 ex

750 4988 875 5039 cod.
905 4987 1057 5040 card.
1084 4985 1283 5038 Mazar.
1321 4996 1376 5037 et
1411 4985 1559 5054 quod
1592 4985 1911 5041 Graecorum
1945 4988 2148 5041 Nemea
2193 4991 2338 5042 inte-

750 5073 908 5126 grum
952 5059 1006 5110 in
1035 5058 1153 5126 ejus
1187 5056 1276 5108 die
1307 5057 1446 5108 festo
1476 5057 1700 5110 habent.
1738 5057 1892 5123 Quod
1927 5074 2058 5110 vero
2091 5060 2338 5113 Andreas

754 5129 871 5199 ipse
894 5144 1013 5179 eam
1039 5127 1288 5180 fundavit
1321 5126 1647 5199 Eeelesiam,
1677 5129 1841 5197 eique
1871 5129 2109 5199 Staeltyn
2164 5147 2336 5184 unum

750 5217 780 5249 ι·
807 5198 1186 5265 Septuaginta,
1223 5206 1284 5248 ut
1310 5197 1626 5268 Graecorum
1656 5201 1878 5252 traditio
1934 5197 2334 5268 est,‘pr-.efeeit,

751 5269 890 5321 nihil
940 5269 1296 5336 apostolicam
1331 5267 1629 5321 Eeelesiam
1685 5270 1836 5328 facit,
1882 5281 1978 5323 aut
2039 5267 2336 5324 admodum

752 5341 1051 5410 ttilt‘bl'elll,
1088 5349 1214 5391 ante
1247 5340 1569 5391 translatam
1599 5355 1666 5392 eo
1724 5342 1940 5409 imperii
1980 5341 2190 5398 sedem.
2229 5359 2336 5410 qua

753 5409 1019 5478 Byzantio
1078 5424 1232 5462 novze
1292 5410 1478 5461 Itomre
1530 5410 1680 5462 illata
1735 5413 2020 5480 dignitas,
2088 5409 2337 5466 sa-eul’ari

756 5481 996 5547 primum
1057 5481 1223 5536 fastu,
1272 5480 1734 5549 posttnodumquc
1772 5485 1939 5536 etiam
1988 5485 2334 5546 sacerdotio;

751 5566 1065 5618 quanquam
1095 5552 1190 5601 diu
1217 5552 1531 5604 oltluetantc
1555 5553 1795 5604 ltomana
1833 5555 1996 5614 sede;
2044 5555 2131 5605 etti
2166 5558 2336 5606 mole-

755 5630 903 5672 stum
943 5624 1228 5673 videretur
1260 5622 1504 5673 singulari
1538 5639 1606 5674 eo
1631 5626 1840 5676 ambitu
1887 5626 2119 5677 convelli
2153 5627 2338 5678 lit-ele-

754 5691 962 5743 siarum
1017 5690 1342 5759 privilegia,
1378 5694 1655 5763 rviatnquc
1706 5697 1992 5746 sebismati
2049 5697 2336 5763 pnestrui,

747 5769 804 5835 et
846 5772 908 5813 ut
937 5778 967 5814 a
1002 5773 1173 5814 matre
1203 5762 1532 5835 disci-timet.
1572 5781 1693 5832 qtae
1723 5767 1846 5832 jure
1879 5767 1963 5818 vel
1997 5762 2196 5835 injuria
2256 5784 2344 5820 re-

746 5831 916 5902 liquis
935 5847 1134 5904 pneter
1163 5849 1306 5898 eam,
1331 5833 1494 5902 eique
1528 5831 1765 5890 sciunda
1793 5837 1906 5907 jam
1937 5831 2066 5890 tttm'
2088 5854 2200 5907 pne
2218 5854 2342 5894 esse

2426 3348 2504 3417 τῷ
2537 3345 2856 3415 Εὑαγγελίῳ
2903 3345 3215 3416 περιλαϐών
3237 3361 3251 3373 ·
3306 3345 3588 3413 πανταχοῦ
3618 3361 3677 3394 τε
3715 3342 4028 3407 θυσιαστή-

2432 3459 2542 3512 ρια,
2577 3442 2743 3510 ἱερεῖς
2787 3456 2846 3490 τε
2886 3441 2981 3490 καὶ
3028 3439 3291 3508 ἱεράρχας
3338 3440 3451 3500 τοῖς
3501 3436 3822 3489 πιστεύουσι
3874 3436 4021 3487 καθ-

2436 3533 2602 3585 ιστὼν
2631 3530 2930 3599 πανταχοῦ,
2962 3531 3134 3599 τούτῳ
3165 3530 3230 3598 δὴ
3258 3529 3337 3598 τῷ
3369 3529 3704 3598 περιωνύμῳ
3739 3527 4033 3597 Βυζαντίῳ

2436 3619 3152 3691 προσεπέλασεν.Ἐνταῦοα
3202 3618 3344 3670 κατά
3371 3618 3602 3687 πάροδον
3643 3618 3672 3669 ό
3721 3617 4034 3682 θαυμάσ·ος

2437 3709 2698 3778 γεγονὼς,
2727 3711 2824 3764 καὶ
2852 3711 2978 3762 ναὸν
3009 3710 3162 3778 παρά
3194 3712 3261 3779 τῇ
3291 3709 3586 3778 ἀκροπόλει
3611 3711 3679 3778 τῇ
3710 3708 4032 3777 Θεομήτορι

2436 3804 2786 3872 δειμάμενος,
2819 3803 2946 3854 ναδν
2975 3803 3174 3868 ὡραῖον
3221 3802 3320 3870 μὲν
3358 3802 3459 3870 τὴν
3487 3803 3837 3869 κατασκευήν
3863 3800 3978 3870 (ID)
4008 3816 4027 3830 ο

2435 3894 2804 3961 ἀναλογοῦντα
2835 3895 2892 3945 δὲ
2919 3895 2980 3946 τὸ
3013 3893 3245 3963 μέγεθος
3284 3895 3351 3962 τῇ
3384 3892 3496 3944 τῶν
3519 3895 3577 3945 ἐν
3606 3895 3747 3962 ἀρχῇ
3779 3894 3897 3946 τότε
3924 3909 4034 3944 πε-

2436 3989 2809 4039 πιστευκότων
2860 3985 3164 4056 ὀλιγότητιο
3207 3987 3301 4038 καὶ
3351 3985 3592 4056 ποιμένα
3635 3985 3693 4038 δὲ
3738 3985 3885 4049 ἀξιον
3923 3987 4033 4056 τῆς

2438 4353 2607 4407 vellet
2649 4353 2762 4407 :‘ac
2815 4367 2939 4422 qu:e
2993 4350 3345 4420 postmodum
3378 4365 3625 4405 errorem
3679 4350 3904 4419 afﬁnxit,
3966 4364 4036 4407 ut

2439 4427 2560 4492 ejus
2594 4425 2765 4493 ipsius
2827 4427 3019 4492 jttgum
3042 4432 3361 4485 excuteret;
3411 4437 3629 4493 unaque
3654 4423 3872 4476 audiret
3921 4424 4038 4477 Ec-

2441 4492 2942 4552 clesia’Catbolica,
2969 4494 3217 4546 omnium
3256 4492 3677 4564 ἱρεειᾼπροεδρίει.
3710 4494 3859 4546 nulla
3903 4496 4030 4564 jam

2443 4567 2518 4619 illi
2547 4566 2752 4619 veteris
2807 4565 2990 4618 Romae
3021 4564 3118 4628 τῆς
3153 4561 3452 4630 προεδρίας
3495 4561 3761 4629 dignitate
3807 4579 3870 4615 ac
3905 4561 4034 4632 ἰηι-

2438 4637 2635 4690 tentia.
2661 4636 2792 4700 Qttze
2823 4635 2998 4703 prima
3025 4632 3204 4686 Pbotii
3242 4643 3447 4692 strues,
3479 4641 3709 4699 tumque
3747 4634 4034 4689 caerularii

2436 4709 2507 4760 ab
2535 4722 2712 4775 eoque
2741 4706 3080 4774 reliquorum
3134 4719 3255 4756 eam
3294 4703 3483 4756 sedem
3532 4718 3643 4756 non
3684 4707 4032 4767 ornantium,

2437 4779 2532 4832 sed
2569 4774 2712 4830 [uide
2743 4776 3156 4845 stttprantium;
3191 4789 3334 4827 eatea
3355 4789 3487 4826 sane
3509 4774 3839 4834 temeritate,
3861 4778 4035 4843 quasi

2439 4865 2548 4902 non
2576 4848 2781 4902 Christi
2809 4849 2924 4900 bzec
2952 4847 3006 4898 itt
3032 4845 3193 4897 l’etro
3215 4845 3515 4907 institutio,
3561 4845 3658 4898 sed
3694 4861 3882 4912 regum
3925 4863 4042 4899 att—

2439 4921 2664 4973 ctoritas
2691 4929 2855 4986 atque
2885 4919 2975 4986 jtts
3003 4918 3055 4969 in
3083 4917 3315 4984 palpone
3342 4916 3687 4976 incubatore,
3729 4915 3813 4986 vel
3855 4916 4040 4970 etiam

2441 4991 2496 5044 in
2538 4985 2791 5060 tyranno,
2839 4985 3083 5056 ἀντάρτῃ
3121 4998 3260 5060 _tttm
3309 4986 3524 5060 imperii
3564 4996 3677 5038 tum
3730 4985 4036 5060 Ecciesiae;

2439 5077 2551 5130 quo
2563 5057 2806 5127 iitroque
2829 5059 3028 5111 rubros
3054 5057 3271 5111 calceos
3294 5057 3600 5130 ambiissct,
3624 5072 3688 5109 ac
3710 5072 3948 5130 quorum
3971 5058 4040 5114 in

2445 5129 2560 5200 ipsa
2590 5131 2834 5184 Ecclesia
2872 5130 3112 5200 repulsa,
3141 5129 3234 5197 qui
3262 5129 3487 5200 :equalis
3508 5130 3757 5200 Romano
3791 5129 4046 5184 antistiti

2439 5198 2563 5256 esse
2584 5207 2927 5270 nequiverat.
2961 5199 3230 5251 diabolica
3259 5198 3539 5266 superbia,
3577 5199 3655 5250 illi
3686 5213 3744 5270 se
3775 5201 4046 5264 superio—

2442 5289 2557 5326 rem
2590 5288 2652 5325 ac
2673 5268 2979 5324 'snmmum
3013 5270 3273 5322 Ecclesia:
3311 5271 3574 5338 πρόεδρον
3611 5268 3872 5337 pra:fecit.
3907 5270 4047 5335 Qua

2442 5346 2510 5396 de
2539 5360 2595 5397 re
2631 5345 2684 5395 in
2718 5343 2954 5395 Ilistoria
2981 5341 3208 5408 Byzant.
3242 5357 3309 5392 ex
3346 5341 3721 5393 monumentis
3739 5357 3860 5406 qua:
3881 5346 4047 5408 apud

2443 5432 2529 5466 me
2561 5423 2798 5470 exstant,
2831 5414 2980 5463 omni
3020 5414 3225 5480 majora
3257 5412 3606 5478 exceptione,
3636 5411 3704 5462 ad
3735 5412 4049 5478 utriusque

2447 5485 2662 5549 tyranni
2693 5501 2754 5536 ac
2786 5483 3100 5536 schisntatis
3151 5483 3454 5548 int-optorts
3485 5492 3764 5548 tentpora:
3804 5482 4050 5549 jamque:

2445 5547 2600 5624 prelo
2627 5567 2812 5624 parata
2847 5564 2996 5611 sunt,
3052 5553 3094 5603 si
3125 5547 3345 5619 quando
3396 5555 3556 5624 regia
3602 5547 3849 5624 Lupara,
3905 5547 4052 5608 aliis

2445 5622 2603 5693 plene
2629 5622 2924 5694 sujit‘rllttis
2953 5624 3196 5692 fatigata,
3245 5625 3310 5675 ad
3358 5623 3480 5689 ejus
3515 5624 3769 5675 llistorite
3803 5622 4053 5675 absolu~

2445 5700 2650 5749 tionetn
2690 5699 3056 5749 convalescat.
3114 5711 3288 5761 eaque
3340 5695 3466 5752 sibi,
3503 5695 3728 5760 regique
3761 5694 4056 5746 Christia-

2448 5769 2675 5820 nissimo
2696 5782 2912 5834 semper
2930 5770 3176 5834 Augusto
3194 5776 3360 5834 atque
3382 5767 3601 5828 victori,
3630 5764 3817 5833 gloria:
3837 5778 4058 5818 cumu—

2448 5841 2559 5894 lum
2585 5848 2813 5907 quzerat.
