4192 6424
705 410 770 475 τι
1931 392 2224 452 meum
2262 391 2311 450 Pe

2415 391 2790 452 HLAGUNIS
3897 391 3970 454 72

3931 436 3970 454 .-

711 528 913 589 ceptus,
953 517 1008 571 in
1057 515 1148 568 Dei
1217 512 1434 564 dextera
1475 508 1723 562 rotiscdit.
1778 505 1881 568 Qui
1940 511 1990 556 ct
2049 512 2289 557 sanctum

2415 503 2463 553 Er
2501 500 2671 570 δεξιᾷ
2712 501 2991 554 κεκάθικε
3028 501 3135 554 τοῦ
3165 503 3342 555 Θεοῦ·
3368 503 3437 568 ὃς
3486 502 3583 556 καὶ
3621 504 3689 558 τὸ
3733 505 3971 574 Πνεῦμα

712 616 972 684 Spiritum
1007 623 1163 663 suum
1199 606 1255 658 in
1301 623 1394 659 nos
1415 613 1592 676 postea
1654 600 1862 653 abunde
1893 598 2096 669 cﬁ‘udit,
2138 598 2289 665 cujus

711 709 905 761 virtute
927 720 989 755 ac
1015 699 1366 760 invocatione,
1398 698 1475 749 uti
1495 695 1698 756 videtis,
1720 694 1981 746 dtrmnnes
2018 690 2081 742 ab
2120 689 2290 740 obses-

715 800 786 852 ris
821 796 1091 868 pelluntur
1141 790 1466 863 corporibus,
1495 786 1663 839 morbi
1700 785 1930 855 fugiunt,
1965 782 2089 835 cteci
2126 782 2293 833 visum

716 888 994 956 recipiunt,
1048 885 1199 939 surdi
1229 882 1489 941 auditum,
1529 877 1845 932 claudorum
1893 875 2040 926 bases
2073 871 2295 924 consoli-

717 986 937 1042 dantur,
971 985 1249 1048 resurgunt
1277 975 1496 1036 mortui,
1524 973 1755 1042 mgriquc
1787 983 1967 1021 omnes
1993 968 2294 1018 animorum

718 1086 1104 1140 corporumque
1125 1069 1340 1139 an‘cctus
1363 1065 1708 1126 insanabiles,
1731 1063 1843 1115 solo
1868 1059 2062 1113 Christi
2089 1059 2298 1111 nomine

721 1163 1112 1218 conoelluntur.

792 1356 962 1425 Igitur
987 1353 1362 1407 denuntiamus
1387 1349 1549 1411 vobis,
1573 1347 1674 1401 riri
1695 1343 2092 1417 sapientissimi,
2114 1357 2177 1394 ac
2203 1342 2302 1394 ad-

721 1453 1026 1509 hortantur,
1062 1463 1128 1500 ne
1162 1447 1372 1498 verbum
1404 1441 1594 1496 salutis
1624 1440 1801 1510 hujus,
1837 1437 1976 1508 quod
1992 1453 2085 1508 per
2102 1453 2194 1490 nos
2215 1451 2304 1488 vo-

719 1542 795 1593 bis
851 1539 1232 1601 ammntiatur,
1276 1535 1564 1606 repudietis
1610 1551 1623 1586 :
1679 1532 1770 1586 sed
1798 1532 1960 1585 variis
1998 1531 2112 1582 istis
2133 1529 2303 1581 virtu-

720 1631 856 1684 tibus
889 1630 1209 1698 conﬁrmati,
1229 1628 1424 1681 credite
1449 1627 1544 1679 uni
1576 1625 1687 1678 Deo
1726 1624 1840 1677 vivo
1865 1625 2083 1692 ejusque
2121 1621 2304 1689 Unigc-

722 1725 852 1786 nito,
896 1724 988 1792 qui
1026 1737 1122 1792 pro
1160 1721 1307 1774 nobis
1353 1721 1504 1773 homo
1536 1719 1707 1787 factus
1731 1725 1807 1769 est
1856 1725 1905 1768 et
1933 1712 2214 1782 cruciﬁxus
2252 1721 2302 1765 et

719 1813 1029 1874 resurrexit,
1067 1811 1403 1880 ascenditque
1422 1812 1476 1864 in
1499 1808 1678 1873 ctelos,
1725 1824 1789 1861 ac
1820 1822 2007 1860 rursus
2038 1822 2156 1858 cum
2189 1803 2304 1874 glo-
2332 1849 2381 1909 Β

721 1907 802 1959 ria
834 1921 861 1957 e
907 1906 1048 1960 caelis
1076 1913 1326 1959 venturus
1379 1913 1476 1967 est,
1508 1911 1565 1955 ut
1607 1901 1846 1954 vivorum
1876 1916 1939 1954 ac
1971 1907 2304 1952 mortuorum

719 1995 892 2050 Index
912 1999 1108 2060 sedeat,
1138 1994 1459 2066 singulisque
1482 1989 1589 2063 pro'
1611 2008 1670 2045 eo
1700 2008 1762 2045 ac
1790 1999 2063 2061 gesserunt
2093 1988 2304 2043 reddat.

721 2086 856 2140 lluic
881 2087 1169 2150 credentes,
1193 2085 1545 2155 baptizamini
1595 2085 1652 2136 in
1678 2083 1792 2152 ejus
1812 2081 2022 2134 nomine
2044 2095 2063 2143 ;
2098 2079 2301 2132 sancti-

720 2194 820 2247 que
858 2177 1086 2249 Spiritus
1124 2185 1364 2248 susccpto
1401 2173 1962 2238 dono,illuminamini
2002 2171 2203 2236 animo,
2229 2169 2302 2224 il-

721 2267 1062 2321 luminamini
1106 2277 1297 2329 mente,
1349 2269 1510 2336 inque
1548 2283 1668 2320 eum
1710 2265 1924 2319 modum
1967 2263 2032 2317 ab
2093 2265 2306 2332 impura

720 2361 1315 2415 emundatidwmonum
1348 2360 1603 2430 religione
1641 2376 1704 2412 ac
1742 2357 1911 2422 cultu,
1942 2356 2174 2412 lueredes
2197 2353 2310 2425 effi-

719 2454 939 2507 ciamiui
959 2456 1079 2508 vita:
1105 2463 1318 2509 αισι-ηαξ
1350 2456 1405 2508 in
1428 2453 1635 2510 Christo
1663 2452 1814 2508 Jesu.

2394 595 2582 646 αὑτοῦ
2633 595 2698 645 τὸ
2736 592 2927 660 ἅγιον,
2957 595 3108 660 μετὰ
3151 595 3339 647 ταῦτα
3381 598 3690 660 πλουσίως
3731 599 3974 668 ἐξέχεεν

2395 687 2488 754 ἐφ’
2521 687 2697 752 ἡμᾶς,
2733 682 2804 740 οὗ
2838 686 2914 752 τῇ
2942 687 3191 754 δυνάμει
3218 687 3315 739 καὶ
3346 687 3420 755 τῇ
3455 689 3802 753 ἐπικλήσει,
3832 696 3974 743 καί]-

2395 779 2475 842 ὼς
2521 774 2694 848 ὁρᾶτε
2719 821 2734 843 ,
2774 779 3052 847 δαίμονες
3092 778 3209 831 τῶν
3255 780 3643 848 ἀνθρωπίνων
3687 781 3976 849 σωμάτων

2397 874 2857 937 ἐξελαύνονται,
2887 875 3062 926 νόσοι
3099 874 3557 939 δραπετεύουσι,
3583 875 3798 941 τυερλοι
3827 874 3996 951 dra?l

2399 966 2694 1018 ϐλέπουσι
2713 1005 2728 1024 ,
2762 964 2946 1034 κωφοὶ
2976 965 3270 1018 ἀκούουσι
3289 980 3305 994 ο
3353 965 3452 1018 καὶ
3495 964 3976 1033 ἁναῤῥώννυνται

2401 1059 2514 1126 μὲν
2542 1060 2746 1128 χωλοὶ,
2771 1059 3126 1114 ἀνίστανται
3147 1057 3217 1112 δὲ
3239 1059 3462 1124 νεκροὶ,
3486 1059 3583 1113 καὶ
3605 1058 3761 1125 πάθη
3781 1057 3978 1112 πάντα

2399 1151 2618 1220 ψυχῶν
2664 1154 2761 1207 καὶ
2807 1151 3098 1220 σωμάτων
3138 1153 3386 1217 ἀνΙατα,
3414 1153 3580 1220 μόνῳ
3605 1149 3978 1220 καταργεῖται

2401 1243 2482 1309 τῷ
2520 1246 2765 1311 ὀνόματι
2801 1245 2908 1299 τοῦ
2948 1246 3228 1312 Χριστοῦ.

2477 1333 2692 1385 τοίνυν
2724 1335 3220 1402 παραγγέλλομεν
3247 1333 3410 1400 ὑμῖν,
3450 1331 3497 1384 ὦ
3525 1331 3741 1398 ἄνδρες
3787 1329 3983 1399 σοφώ-

2403 1440 2589 1485 τατοι,
2621 1426 2720 1477 καὶ
2771 1425 3200 1491 παραινοῦμεν,
3226 1424 3311 1492 μὴ
3365 1419 3823 1490 ἀποστραφῆναι
3875 1423 3986 1472 τεν

2403 1518 2588 1586 λόγον
2630 1516 2738 1584 τῆς
2785 1517 2930 1583 ζωῆς
2975 1520 3229 1584 ταύτης,
3276 1517 3383 1570 τὸν
3428 1517 3501 1569 δι’
3528 1515 3694 1586 ἡμῶν
3730 1515 3801 1569 ἐν
3841 1512 3986 1580 ὑμῖν

2406 1609 2999 1677 καταγγελλίτμενον·
3027 1608 3190 1662 ἀλλὰ
3217 1607 3346 1672 ταῖς
3397 1609 3699 1674 ποικίλαις
3741 1609 3986 1675 ταύταις

2399 1701 2818 1768 ,βεϐαιούμενοι
2841 1700 3155 1768 δυνάμεσι,
3171 1701 3537 1754 πιστεύσατε
3551 1700 3639 1752 ἐνὶ
3655 1699 3775 1764 Θεῷ
3795 1699 3984 1766 ζῶντι,

2406 1792 2502 1844 καὶ
2534 1791 2614 1855 τῷ
2629 1792 2841 1844 τούτου
2867 1791 3195 1860 Μονογενεῖ
3215 1790 3294 1856 τῷ
3322 1791 3472 1857 ὑπὲρ
3499 1789 3670 1859 ἡμῶν
3693 1793 3984 1858 ἀνθρωπι-

2422 1883 2632 1937 σθέντι
2675 1883 2774 1936 καὶ
2813 1886 3214 1949 σταυρωθέντι
3255 1885 3349 1936 καὶ
3390 1885 3740 1948 ἀναστάντι,
3772 1885 3870 1936 καὶ
3895 1888 3987 1952 εἷς

2411 1976 2707 2041 οὐρανοὺς
2739 1977 3084 2043 ἀνελθόντι,
3116 1979 3214 2032 καὶ
3263 1978 3561 2048 ἐρχομένῳ
3611 1978 3795 2031 πάλιν
3834 1977 3989 2046 μετὰ

2406 2069 2592 2136 δόξης
2623 2070 2691 2123 ἐκ
2719 2069 2839 2122 τῶν
2876 2067 3169 2138 οὐρανῶν,
3205 2071 3408 2139 κρίσιν
3451 2056 3988 2136 ποιήσασόαιζώνο

2408 2179 2527 2217 των
2551 2164 2648 2216 καὶ
2676 2163 2796 2215 τῶν
2823 2163 3076 2230 νεκρῶν,
3092 2163 3193 2216 καὶ
3222 2159 3557 2218 ἀποδοῦναι
3583 2162 3820 2226 ἑκάστῳ
3839 2163 3991 2215 κατὰ

2409 2257 2526 2324 τὴν
2572 2253 2795 2324 πρᾶξιν
2841 2257 3050 2311 αὐτοῦ.
3076 2258 3266 2320 Τούτῳ
3311 2257 3720 2320 πιστεύοντες,
3767 2255 3988 2319 βαπτί-

2413 2355 2598 2417 σθητε
2627 2350 2696 2402 ἐν
2720 2348 2800 2414 τῷ
2827 2350 3071 2418 ὀνόματι
3117 2348 3334 2403 αὐτοῦ’
3366 2349 3463 2402 καὶ
3495 2349 3610 2415 τὴν
3633 2345 3858 2414 δωρεὰν
3879 2343 3993 2399 τοῦ

2419 2444 2516 2510 ἁγί
2517 2460 2587 2492 ου
2603 2441 2946 2510 Πνεύματος
2965 2440 3392 2510 λαμϐάνοντες,
3408 2443 3742 2509 φωτισθητε
3756 2438 3989 2507 ψυχὴν,

720 2552 1060 2619 φωτίσθητε
1109 2551 1283 2617 νοῦν,
1336 2552 1434 2605 καὶ
1482 2551 1673 2616 οὕτως
1719 2545 1834 2617 τῆς
1880 2544 2138 2615 ἐναγοῦς
2197 2540 2317 2596 τῶν
2365 2537 2666 2604 δαιμόνων
2711 2535 3249 2605 ἀποκαθαιρόμενοι
3303 2533 3572 2602 τελετῆς,
3633 2534 3994 2602 κληρονόμοι

721 2643 1062 2714 γενήσεσθε
1102 2641 1254 2711 ζωῆς
1289 2643 1534 2697 αἰωνίου
1574 2642 1644 2695 ἐν
1681 2638 1914 2709 Χριστῷ
1942 2636 2166 2706 Ἰησοῦ.

793 2735 1082 2806 Ejusmodi
1133 2751 1352 2807 semper
1398 2735 1669 2791 doctrinis
1724 2740 1988 2802 tantaque
2037 2725 2311 2800 prodigio-

2493 2719 2784 2782 Τοιαύταις
2830 2718 2920 2771 ἀεὶ
2966 2719 3211 2788 διδαχαῖς
3236 2757 3254 2782 ,
3288 2716 3628 2789 τηλικούτοις
3671 2717 3729 2771 δι
3769 2717 3995 2788 τέρασιν

723 2844 848 2882 rum
864 2827 942 2892 vi,
977 2835 1147 2881 totam
1170 2827 1256 2880 vir
1273 2841 1488 2882 summe
1513 2823 1872 2880 admirandus
1891 2821 2122 2876 nimium
2139 2833 2311 2888 quan-

2421 2815 2602 2867 πᾶσαν
2641 2812 2733 2865 ἐπὶ
2777 2809 2914 2865 πολῦ
2957 2811 3056 2880 τὴν
3078 2811 3298 2880 Ἀχαῐδα
3329 2811 3452 2879 γῆν,
3483 2813 3512 2864 ὁ
3538 2810 3995 2879 θαυμασιώτατος

724 2929 844 2973 tum
875 2917 1094 2972 Achaia:
1116 2917 1460 2988 provinciam
1485 2916 1541 2970 in
1564 2924 1848 2986 stuporem
1877 2928 2064 2983 agens,
2095 2911 2167 2966 ab
2200 2908 2311 2964 ido-

2418 2901 2646 2968 ὲξιστῶν
2666 2941 2682 2965 ,
2713 2900 2954 2970 ὑπεξῆγε
2983 2901 3081 2969 μὲν
3104 2901 3204 2970 τῆς
3229 2899 3340 2954 τῶν
3362 2899 3596 2954 εἰδώλων
3617 2901 3825 2968 πλάνης
3849 2901 3995 2954 κατὰ

727 3012 906 3064 lorum
936 3009 1201 3080 paulatim
1228 3024 1418 3064 errore
1449 3007 1814 3070 subducebat,
1855 3005 2116 3073 virosque
2147 3000 2311 3056 simul

2415 2995 2608 3064 μικρόν
2628 3011 2643 3024 ·
2689 2995 3000 3064 προσήγετο
3035 2992 3094 3046 δὲ
3122 2995 3188 3064 τῇ
3216 2992 3466 3064 ἀληθείᾳ,
3498 2992 3700 3064 ἄνδρας
3726 2991 3864 3062 ὁμοῦ
3896 2994 3995 3045 καὶ

729 3116 793 3154 ac
832 3101 1115 3160 mulieres,
1151 3115 1332 3162 senes,
1391 3114 1616 3169 pueros,
1652 3098 1883 3160 nobiles,
1919 3097 2188 3166 privatos,
2223 3108 2311 3148 sa-

2415 3087 2695 3154 γυναῖκας,
2723 3086 3010 3154 γέροντας,
3051 3084 3241 3154 νήπια,
3291 3085 3579 3154 ἄρχοντας,
3637 3083 3868 3148 ἰδιώτας,
3898 3103 3993 3137 σο-

728 3191 947 3260 pieutes
968 3202 1025 3245 et
1061 3190 1249 3256 rudes,
1277 3191 1477 3246 divites
1503 3207 1568 3246 ac
1586 3204 1859 3262 pauperes
1885 3185 2311 3244 verilatiadmo-

2415 3175 2546 3245 φούς
2593 3190 2655 3228 τε
2697 3176 2792 3228 καὶ
2831 3174 3065 3244 ἀμαθεῖς
3086 3213 3102 3238 ,
3136 3173 3428 3236 πλουσίους
3461 3175 3558 3227 καὶ
3592 3175 3996 3245 πένητας.Ἐπ“ι

723 3285 910 3340 vehat.
957 3285 1222 3355 Adeoque
1285 3285 1541 3355 provexit
1591 3283 1910 3354 pradicatio
1957 3290 2014 3336 et
2053 3279 2305 3344 invaluit,

2415 3268 2661 3322 τοσοῦτον
2683 3266 2739 3320 δὲ
2759 3267 2849 3319 τὸν
2875 3267 3033 3332 λόγον
3062 3267 3386 3330 αὐξάνεσθαι
3449 3265 3545 3320 καὶ
3572 3266 3992 3337 κραταιοῦσθαι,

739 3333 910 3340 ----___
957 3333 1222 3355 "ﬂ--."
1287 3333 1540 3355 r_-______
1592 3333 1903 3354 ἴση---
1965 3333 2011 3336 η
2271 3333 2305 3344 κ,

725 3394 789 3433 ut
815 3387 870 3432 et
905 3379 1204 3433 Maximilia
1232 3378 1579 3449 proconsulis
1599 3393 1738 3430 uxor
1760 3385 1817 3430 et
1842 3375 2142 3431 Stratocles
2165 3373 2311 3428 illius

2416 3360 2556 3412 ὥστε
2581 3359 2674 3412 καὶ
2701 3357 3051 3428 Μαξξμιλ).αν
3076 3358 3385 3410 ἀνθυπάτου
3411 3359 3510 3426 τὴν
3561 3333 3805 3426 γαμετὴν
3829 3358 3873 3426 (I
3893 3358 3992 3419 1'),

726 3471 1077 3534 frater,.Deo
1123 3485 1254 3525 vero
1297 3469 1666 3534 crediderint;
1706 3477 2076 3537 susceptoque
2127 3465 2312 3536 bapti-

726 3573 892 3628 mate,
920 3565 976 3618 in
1006 3563 1258 3618 doctrina
1283 3561 1534 3632 Apostoli
1562 3569 2003 3632 perseverarent.
2035 3558 2128 3613 Sic
2164 3558 2315 3613 Crte-

727 3671 918 3709 eorum
949 3670 1013 3710 ac
1029 3655 1397 3710 Barbarorum
1433 3653 1670 3708 detritus
1691 3652 1871 3706 omnis
1893 3650 2312 3705 simulacrorum

727 3747 950 3811 cultus;
983 3747 1174 3815 sicque
1213 3744 1527 3799 daemonum
1575 3756 1741 3796 omne
1769 3739 2150 3810 supercilium,
2181 3738 2312 3794 Jesu

727 3839 783 3891 in
814 3837 1034 3892 Andrea
1058 3839 1266 3892 virtute
1289 3835 1600 3890 detractum
1634 3843 1801 3903 atque
1828 3831 2154 3887 convulsum
2185 3845 2200 3884 :
2235 3829 2317 3885 sic

727 3927 968 3997 denique
994 3928 1216 3984 Domini
1244 3925 1505 3983 Ecclesiae
1550 3923 1800 3996 quotidie
1825 3923 2077 3980 exaltata:
2111 3937 2176 3978 ac
2206 3921 2315 3977 ﬁde

729 4018 1024 4072 roboratus.

802 4195 942 4259 Quia
975 4193 1141 4265 igitur
1207 4208 1334 4247 eum
1368 4193 1423 4246 in
1454 4191 1678 4246 modum
1728 4191 1812 4244 vir
1849 4190 2201 4246 beatissimus
2256 4191 2313 4244 in

805 4327 941 4438 (ll‘l
998 4369 1382 4435 Μαείμιλλαν
1431 4366 1782 4438 ἀνθυπάτου
1848 4365 1973 4438 τὴν
2021 4366 2310 4438 γαμετήν.

734 4437 912 4495 Etiam
947 4439 1116 4493 Graeci
1155 4442 1208 4492 in
1244 4439 1567 4508 Synaxario,
1596 4437 1882 4506 fusiusque
1903 4437 2010 4491 illis
2044 4437 2312 4508 metaphr.

2416 3451 2515 3504 καὶ
2547 3449 2888 3521 Στρατοκλέα
2915 3450 2972 3502 δὲ
3001 3449 3092 3502 τὸν
3118 3448 3281 3501 αὑτοῦ
3318 3448 3603 3517 σύγγονον,
3627 3449 3704 3518 τῷ
3732 3449 3830 3518 τῆς
3853 3448 3996 3516 ἀλη-

2417 3544 2571 3605 Θείας
2619 3541 2956 3595 καταθέσθαι
3000 3540 3155 3611 Θεῷ*
3191 3542 3286 3594 καὶ
3330 3540 3748 3609 βαπτισθέντας,
3779 3543 3847 3611 τῇ
3895 3540 3995 3594 τοῦ

2430 3632 2755 3686 Ἀποστόλου
2788 3632 3220 3702 προσκαρτερεῖν
3249 3630 3461 3701 διδαχῇ.
3494 3631 3679 3694 Οὕτως
3709 3631 3994 3684 εἰδωλολα-

2415 3725 2573 3796 τρεία
2619 3727 2771 3779 πᾶσα
2818 3724 2930 3778 τῶν
2953 3724 3226 3794 Ἑλλήνων
3265 3725 3361 3778 καὶ
3394 3723 3685 3794 βαρϐάρων
3708 3739 3722 3754 ο
3752 3723 3846 3774 καὶ
3879 3723 3997 3774 δαι-

2421 3819 2598 3889 μόνων
2621 3817 2792 3888 ὀφρῦς
2832 3816 2978 3870 οὕτω
3009 3818 3178 3879 πᾶσα,
3209 3814 3298 3868 διὰ
3325 3815 3423 3885 τῆς
3453 3816 3511 3867 ὲν
3541 3814 3618 3883 τῷ
3637 3813 3859 3885 Ἀνδρέᾳ
3897 3814 3996 3867 τοῦ

2427 3911 2600 3982 Ἰησοῦ
2623 3910 2905 3979 δυνάμεως
2934 3909 3184 3978 ἐμειοῦτο
3217 3907 3673 3978 καταργούμεναο
3706 3909 3798 3960 καὶ
3822 3906 3997 3970 οὕτως

2414 4005 2470 4057 al
2491 4003 2810 4072 Ἑκκλησίαι
2837 4003 2931 4056 τοῦ
2957 4003 3163 4072 Κυρίου
3183 4001 3400 4073 ἡμέραν
3428 4001 3487 4068 ὲξ
3507 4001 3722 4072 ἡμέρας
3740 3999 3996 4070 ὑψοῦντο,

2413 4099 2479 4167 τῇ
2521 4097 2705 4148 πίστει
2746 4113 2837 4148 στε
2847 4097 3164 4166 ρεούμεναι.

2494 4189 2648 4242 Ἐπεὶ
2666 4189 2722 4242 δὲ
2750 4189 2939 4242 τοῦτον
2963 4189 3056 4240 ἐπὶ
3093 4187 3229 4241 πολὺ
3258 4186 3352 4241 τὸν
3395 4185 3597 4258 τρόπον
3625 4187 3654 4240 ὁ
3711 4183 4002 4254 μακαριώ-

2423 4366 2677 4429 reddere,
2695 4367 3026 4434 supposuerit
3055 4366 3250 4417 marito
3283 4364 3537 4418 ancillam
3563 4381 3715 4416 suam
3750 4363 4000 4417 Eucliam

2425 4439 2654 4498 nomine,
2683 4453 2946 4489 exornans
2984 4452 3123 4498 eam,
3173 4445 3306 4496 etc.,
3343 4436 3558 4504 aliaque
3586 4436 3744 4502 plane
3782 4435 3996 4503 putida,

734 4513 866 4584 sive
887 4511 1266 4584 cujuscunque
1287 4505 1441 4584 alius
1470 4505 1911 4584 arntiquis_Actis,
1941 4508 1998 4560 in
2027 4505 2234 4584 quibus
2260 4518 2316 4562 et
2348 4527 2393 4584 ι)
2422 4508 2625 4584 quibus
2644 4507 2782 4584 nihil
2813 4521 3104 4584 commune
3123 4520 3250 4559 cum
3273 4505 3363 4584 his
3385 4521 3507 4574 qua:
3534 4519 3835 4584 versamus,
3861 4520 4006 4572 prae-

735 4580 871 4634 illud
894 4581 962 4634 de
985 4594 1048 4632 ea
1086 4581 1340 4640 habetur,
1397 4581 1638 4633 Reverso
1691 4579 1864 4632 Roma
1887 4578 2218 4647 proconsule
2248 4593 2312 4631 ac

735 4650 1139 4710 viro.noluisse
1175 4650 1408 4704 maritali
1457 4651 1651 4718 copula
1703 4649 1781 4702 illi
1818 4647 2187 4712 commisceri,
2245 4663 2311 4702 eo

735 4722 882 4792 quod
913 4721 1225 4775 Christiana
1251 4720 1373 4792 jam
1406 4720 1510 4773 ﬁde
1559 4721 1766 4773 imbuta
1809 4718 1980 4772 nollet
2023 4732 2148 4792 cum
2211 4718 2312 4771 ho-

739 4788 885 4844 mine
916 4791 1198 4844 nesciente
1248 4791 1526 4844 Christum
1571 4803 1978 4854 consuescere;
2027 4788 2124 4842 sed
2186 4803 2312 4842 cum

739 4860 963 4917 Davide.
1021 4861 1112 4929 qui
1147 4862 1318 4914 Deum
1349 4861 1617 4925 odissent,
1660 4859 1868 4913 odisset
1913 4875 1927 4911 :
1968 4858 2116 4928 quod
2172 4857 2314 4912 forte

738 4932 1045 5000 disciplin
1097 4930 1422 4984 Christiana:
1477 4946 1586 4985 non
1621 4930 1754 5000 satis
1796 4929 2136 5000 consentiat._
2167 4930 2314 5000 nulla

743 5003 833 5054 tali
867 4998 1012 5056 fideli
1072 5001 1289 5070 conjugi
1348 5001 1593 5063 licentia,
1642 4999 1882 5070 nisikubi
1932 4998 2172 5070 inﬁdelis
2227 4999 2315 5070 illi

741 5086 1089 5125 eommanere
1121 5067 1724 5138 non'sustiuetabsque
1747 5067 2044 5122 Salvatoris
2075 5069 2314 5138 injuria:

741 5149 961 5194 exstant
993 5151 1174 5194 tamen
1199 5141 1254 5194 in
1283 5142 1431 5194 Actis
1450 5139 1750 5194 Clementis
1783 5140 2015 5193 Romani
2038 5139 2106 5192 de
2133 5140 2315 5192 Theo-

741 5211 874 5265 dora
904 5212 1090 5264 Sisinii
1116 5226 1284 5265 uxore
1317 5225 1453 5278 pene
1480 5210 1700 5270 similia,
1755 5209 1985 5278 aliisque
2019 5224 2128 5262 non
2183 5224 2320 5277 pau-

741 5282 842 5344 cis,
871 5296 995 5350 qua:
1014 5282 1198 5335 omnia
1225 5281 1425 5334 durum
1450 5281 1633 5335 dicere
1650 5279 2072 5333 Manichaeorum
2092 5278 2319 5347 fuligine

743 5367 983 5420 aspersa.
1041 5351 1201 5405 Forte
1231 5367 1351 5405 eam
1399 5352 1572 5420 ipsam
1606 5350 2024 5420 ducebantpia:
2061 5350 2321 5420 mulieres

745 5418 1046 5476 salvatoris
1066 5421 1346 5490 injuriam,
1369 5418 1520 5490 quod
1553 5419 1734 5474 mariti
1764 5418 2096 5490 obstinatius
2119 5418 2320 5472 intide-

745 5491 825 5544 les
869 5489 1187 5552 manebant,
1240 5501 1294 5544 et
1354 5489 1416 5544 ut
1454 5491 1692 5560 proclive
1714 5499 1820 5560 est,
1845 5489 1950 5542 sibi
1979 5504 2322 5560 sumquesu-

748 5561 1056 5629 pet-stitioni
1098 5577 1295 5616 uxores
1321 5558 1582 5616 addicere
1607 5559 1904 5615 studebant
1929 5577 1942 5612 :
1974 5569 2070 5612 aut
2098 5558 2322 5612 studere

747 5630 923 5683 videri
948 5639 1220 5698 poterant.
1255 5633 1385 5696 Quae
1415 5636 1643 5698 August.
1676 5630 1842 5683 refert
1871 5645 1934 5683 ac
1964 5629 2220 5698 suggillat
2256 5645 2322 5680 ex

747 5701 901 5754 Actis
929 5703 1182 5766 Andrcaa,
1240 5701 1278 5754 1.
1339 5702 1411 5753 Dc
1465 5703 1568 5768 [ide
1623 5709 1808 5753 contra
1855 5700 2107 5760 Manu-IL,
2147 5716 2198 5752 c.
2233 5700 2320 5760 58,

749 5773 910 5841 plane
941 5771 1275 5825 Mauichaica
1310 5784 1459 5831 sunt,
1499 5786 1733 5841 vereque
1782 5770 1947 5838 digna
1993 5769 2196 5841 Leucio
2219 5769 2326 5821 Ma-

755 5838 972 5898 nichteo
1021 5852 1282 5906 auctore;
1337 5843 1483 5911 quod
1531 5838 1659 5910 ipsa
1691 5842 1884 5896 nolens
1929 5841 2047 5894 viro
2077 5838 2322 5894 debitum

2426 4574 2512 4631 ter
2567 4577 2790 4630 nimiam
2833 4577 2973 4629 forte
3012 4575 3157 4628 illam
3209 4576 3530 4643 religionem
3567 4574 3836 4628 castitatis
3883 4589 4007 4628 ser-

2420 4647 2637 4711 vandae,
2656 4655 2752 4700 aut
2780 4647 2946 4701 etiam
2969 4645 3070 4698 viri
3118 4644 3352 4699 inﬁdelis
3367 4643 3786 4698 consuetudinis
3817 4644 4004 4697 vitan-

2420 4718 2525 4773 διε.
2550 4718 2682 4782 Quae
2707 4725 2885 4769 exstat
2921 4717 2989 4770 de
3019 4717 3249 4768 Andrea:
3305 4715 3564 4769 Passione
3618 4714 3836 4767 Achaiae
3872 4729 4007 4782 pre.-

2421 4789 2768 4860 sbyterorum
2791 4787 3052 4860 Epistola_,
3070 4785 3418 4860 Maximillam
3442 4784 4005 4860 Egetisuxoremnon

2422 4854 2611 4921 habet,
2658 4860 2751 4911 sed
2803 4854 3132 4910 senatoriam
3177 4855 3464 4909 mulierem
3519 4870 3583 4909 ae
3623 4854 4004 4922 praenobilcm,

2423 4945 2546 4997 qute
2569 4927 2826 4995 martyris
2847 4942 3047 4997 Corpus
3069 4935 3125 4979 et
3153 4926 3389 4997 apostoli
3417 4924 3670 4994 religiose
3695 4924 4003 4997 sepelierit,

2424 4994 2584 5068 cujus
2637 4994 2726 5051 ille
2777 4998 2854 5050 rei
2905 4994 3134 5068 ueltiine
3163 4995 3231 5068 ad
3265 4994 3670 5068 imperatorem
3718 4994 4010 5068 delatus-us

2424 5065 2591 5129 esset,
2624 5083 2732 5120 non
2763 5083 2952 5127 ausus,
2976 5081 3083 5135 qua
3115 5065 3354 5134 fulgebat.
3376 5065 3686 5135 nobilitate,
3718 5065 4004 5118 ordinaria

2426 5138 2581 5208 quasi
2617 5146 2888 5207 potestate
2919 5138 2972 5190 in
3000 5151 3136 5208 eam,
3159 5151 3355 5208 manus
3413 5134 3662 5208 injicere,
3693 5150 3788 5208 seu
3830 5136 4002 5188 etiam

2426 5205 2652 5269 civium,
2686 5208 2781 5276 qui
2805 5208 2990 5276 plures
3012 5205 3308 5276 Christiani
3330 5215 3518 5276 essent
3542 5205 3841 5276 abfAndrea
3866 5219 4006 5276 con-

2425 5279 2591 5342 versi,
2619 5275 2882 5347 majorcm
2914 5287 3150 5346 stragem
3180 5275 3344 5347 edere
3378 5293 3393 5328 :
3426 5275 3542 5330 sive
3558 5275 3693 5328 alias
3709 5275 4005 5330 Maximilla

2429 5350 2550 5419 ejus
2583 5346 2718 5419 uxor
2749 5357 2890 5408 erat,
2916 5348 3184 5419 sivenon.
3218 5346 3336 5400 Non
3383 5347 3532 5419 enim
3566 5347 3683 5399 haec
3713 5357 3963 5419 pugnant
3991 5365 4005 5398 :

2427 5415 2573 5488 quod
2600 5418 2719 5484 ejus
2749 5427 2896 5472 tanta
2920 5417 3199 5478 nobilitas,
3219 5415 3445 5488 etquod
3478 5430 3616 5488 uxor
3650 5417 4002 5488 proconsulis

2429 5485 2592 5542 esset.
2617 5489 2834 5542 Nicetas
2859 5488 3063 5556 ubique
3095 5487 3327 5546 cautior,
3379 5485 3722 5553 oratorisque
3756 5485 4005 5543 licentia.

2432 5574 2658 5611 uxorem
2687 5558 2869 5626 Egetis
2907 5557 3063 5618 dixit,
3110 5557 3318 5625 reliqua
3344 5556 3534 5618 tacuit,
3565 5566 3659 5608 aut
3692 5565 3842 5626 certe
3875 5555 4012 5609 sub-

2431 5631 2719 5682 obscurius
2752 5628 2924 5690 dixit;
2960 5642 3084 5681 cum
3146 5636 3203 5678 ct
3231 5628 3346 5694 ipse
3378 5628 3558 5680 crucis
3599 5625 3829 5679 Andreae
3865 5639 4009 5679 cau-

2433 5714 2547 5751 sam
2604 5699 2788 5758 tradit,
2823 5697 2970 5765 quod
3033 5697 3252 5763 Egeatis
3306 5699 3562 5763 γυναικὴς
3623 5696 3843 5764 ἠστόχει
3906 5700 4009 5746 καὶ

2433 5769 2693 5834 ἀδελφοῦ,
2725 5783 2943 5820 uxorem
2984 5767 3306 5835 fratremque
3347 5769 3498 5835 quasi
3541 5766 3853 5830 amittebat,
3906 5779 4011 5818 au—

2435 5839 2735 5894 scultantes
2763 5838 2887 5891 ﬁdei
2915 5853 3079 5906 quam
3110 5839 3357 5892 Andreas
3380 5837 3734 5906 praadicabat.
