4192 6424
710 369 780 428 75
1909 369 2203 430 NICETIS
2239 370 2767 432 PAPHLAGONIS
3919 374 3991 435 76

780 479 956 551 llujus
986 481 1147 535 unius
1168 495 1331 550 quam
1350 483 1584 537 maxime
1611 482 1999 537 assumendam
2027 484 2297 538 sollicitu-

2477 485 2683 538 Τούτου
2722 486 2885 556 μόνου
2943 485 3253 555 φροντίζειν
3299 485 3384 539 ὅτι
3439 484 3675 553 μάλιστα
3710 486 3863 550 δεῖν,
3912 488 3992 548 ὡς

707 570 918 637 dinem,
945 573 1146 643 quippe
1168 588 1295 627 cum
1313 572 1412 627 Dei
1428 588 1567 643 opus
1583 572 1751 639 sit”;
1779 574 1946 645 inque
1960 590 2029 629 eo
2050 574 2300 644 primitus

706 665 1066 719 laborandum
1084 683 1099 731 ;
1120 680 1313 721 omnes
1327 676 1509 721 autem
1526 676 1774 723 terrenas
1787 668 2180 738 possessiones,
2198 683 2298 721 ceu

712 756 907 820 ﬂuxas,
947 759 1288 826 spernendas
1340 775 1462 815 esse
1496 778 1511 815 :
1542 760 1743 815 bonam
1790 760 2038 830 corporis
2076 760 2296 814 habitu-

706 848 913 914 dinem,
981 858 1041 903 ut
1089 868 1212 921 qua:
1271 852 1388 923 ipsa
1434 852 1643 925 fragilis
1669 854 1761 918 sit,
1785 853 2295 916 contemnendam;

708 941 1004 1012 animoque
1056 944 1278 999 virtutis
1336 959 1502 1000 causa
1557 947 1848 1001 laborante
1896 947 2296 1002 connitendum

713 1036 935 1092 fortiter
998 1038 1363 1104 admonebat,
1410 1055 1513 1095 nec
1570 1040 1858 1095 laboribus
1911 1040 2294 1095 fatiscenduin.

705 1128 879 1185 Unam
912 1132 1052 1186 scire
1078 1140 1308 1186 mortem
1332 1134 1427 1202 qui
1474 1135 1547 1188 sit
1573 1134 1935 1204 philosophus
1956 1174 1971 1197 ,
2016 1143 2297 1202 peccatum

704 1221 917 1275 scilicet
944 1237 1009 1275 ae
1043 1222 1401 1291 impietatem.
1448 1224 1642 1278 Veram
1684 1224 1826 1278 hanc
1891 1232 2121 1278 mortem
2179 1240 2299 1279 esse

710 1330 887 1368 veram
921 1315 1181 1369 nimirum
1216 1318 1381 1370 vitam
1451 1317 1727 1385 ignorare,
1782 1317 2061 1385 animique
2108 1318 2300 1371 oculos

703 1407 982 1469 claudere,
1029 1424 1099 1463 ne
1132 1408 1332 1463 Christi
1364 1409 1490 1463 fidei
1519 1410 1690 1464 radiis
1708 1410 2119 1464 eollustrentur.
2149 1409 2300 1464 Hane

707 1499 1053 1553 tremendam
1090 1502 1455 1572 acerbamque
1478 1502 1657 1556 aiebat
1687 1510 1919 1555 mortem
1954 1518 1968 1567 ;
2001 1517 2163 1571 quam
2199 1517 2296 1555 au-

702 1602 811 1645 tem
858 1592 1106 1648 infideles
1145 1592 1401 1659 inferant,
1444 1595 1659 1649 cunctis
1696 1596 2007 1649 suaviorem
2062 1594 2297 1655 deliciis.

700 1684 940 1755 vittaque
990 1702 1211 1741 causam
1273 1686 1689 1741 existimandam
1727 1701 1881 1750 esse,
1926 1694 1987 1740 ut
2028 1703 2150 1757 quae
2186 1687 2290 1757 ipsi

700 1779 861 1842 Viue,
892 1779 992 1849 ipsi
1029 1779 1161 1833 Luci
1186 1788 1350 1849 atque
1388 1780 1656 1833 luminum
1682 1779 1830 1834 Patri
1862 1780 2061 1847 (omnis
2092 1780 2299 1853 scilicet

702 1870 1135 1940 pulchritudinis
1184 1872 1395 1926 auctori
1447 1872 1736 1940 omnisque
1774 1870 2039 1926 bonitatis
2058 1870 2297 1945 parenti)

700 1964 1008 2027 adnmveat,

773 2056 850 2107 Ne
886 2057 1065 2125 igitur,
1091 2056 1211 2122 ﬁlii,
1246 2072 1427 2108 eorum
1454 2072 1615 2109 causa
1637 2056 1983 2126 indignemini
2009 2059 2100 2126 qui
2128 2058 2295 2109 inter-

704 2148 897 2199 imunt.
933 2146 1072 2199 Nam
1127 2155 1177 2199 et
1218 2148 1370 2199 inviti
1400 2148 1565 2200 vitam
1586 2146 1910 2211 conciliant;
1954 2155 2003 2199 et
2047 2163 2166 2201 eum
2199 2147 2293 2201 [α’-

702 2238 823 2289 dere
880 2237 1255 2301 arbitrentur,
1308 2237 1614 2305 beneﬁcium
1690 2246 1946 2308 prwstant
1979 2254 1998 2292 :
2044 2247 2289 2308 putantes

702 2326 888 2379 honori
915 2326 1211 2386 detrahere,
1259 2326 1509 2377 honorem
1564 2325 1907 2379 accumulant
1943 2328 2293 2381 :ezistiman-

702 2432 776 2472 tes
806 2420 1029 2488 afﬂigere
1089 2427 1242 2486 atque
1288 2434 1540 2471 wramna:
1572 2425 1813 2472 auctores
1839 2435 1946 2472 esse
1970 2460 1983 2482 ,
2029 2420 2098 2472 ad
2120 2436 2297 2473 verum

702 2530 763 2565 ac
787 2529 1058 2581 nunquam
1114 2511 1351 2581 difﬂuens
1402 2511 1659 2579 gaudium
1741 2513 2132 2565 transmittunt.
2180 2512 2298 2565 Non

718 2605 881 2672 igitur
906 2604 1031 2655 mihi
1064 2602 1298 2654 maeroris
1355 2618 1526 2655 causa
1556 2610 1603 2653 et
1633 2601 1868 2655 tristitia:
1916 2603 2183 2671 animique
2206 2603 2299 2654 da—

716 2696 865 2756 loris,
902 2696 1101 2763 injusta
1126 2696 1234 2745 hcce
1291 2695 1597 2748 existimata
1628 2697 1912 2748 sententia.
1948 2694 2100 2747 Esset
2173 2695 2300 2747 mihi

706 2792 866 2858 plane
914 2788 1068 2842 valde
1105 2789 1325 2841 molesta
1363 2806 1425 2841 ac
1451 2791 1635 2851 tristis,
1668 2807 1730 2842 ac
1761 2806 1882 2843 vere
1905 2790 2089 2842 mortis
2115 2805 2297 2850 causa,

711 2884 971 2952 siquidem
988 2882 1138 2950 justa
1158 2888 1315 2936 esset.
1349 2879 1407 2933 Si
1427 2882 1736 2950 deprehensi
1784 2896 2016 2934 essemus
2050 2880 2300 2949 facinoris

704 2974 783 3025 rei
806 2989 823 3035 ;
849 2974 894 3025 si
932 2989 1025 3025 nos
1050 2970 1263 3040 {Egeati
1289 2979 1454 3023 morte
1492 2972 1673 3040 dignos
1701 2972 2129 3024 exhibuissemus.
2151 2969 2303 3023 Nunc

704 3074 878 3117 autem
900 3080 1081 3117 veram
1101 3065 1283 3126 vitam,
1302 3064 1467 3115 vitam
1517 3063 1780 3127 stabilem,
1799 3061 2136 3132 ineﬂ'abilem,
2169 3062 2304 3114 inte-

706 3166 996 3218 meratum,
1047 3172 1207 3225 quam
1237 3154 1400 3207 oculis
1428 3154 1676 3219 vidimus,
1697 3154 1939 3207 manibus
1961 3155 2305 3207 contrectari-

704 3251 893 3311 mas”;
916 3250 1064 3319 cujus
1084 3252 1195 3317 ipso
1216 3247 1291 3302 rei
1305 3244 1791 3316 periculOpirtutem
1815 3245 2167 3315 cognovimus,
2184 3260 2304 3297 cum

705 3342 1105 3403 auuuntiemus,
1151 3348 1466 3406 cunctosque
1513 3338 1672 3407 (quod
1720 3345 2024 3389 nostrarum
2067 3339 2304 3406 partium

704 3434 800 3500 est)
826 3433 944 3485 boni
964 3432 1129 3484 socios
1155 3446 1420 3483 assumere
1444 3430 1995 3497 studeamus,eiusque
2026 3429 2102 3481 rei
2125 3431 2304 3498 gratia

708 3524 766 3576 in
794 3522 925 3577 talia
955 3523 1277 3588 incidamus,
1304 3538 1408 3574 non
1422 3520 1600 3574 delicti
1627 3537 1807 3590 paruas
1835 3519 2050 3584 luimus,
2076 3520 2168 3573 sed
2190 3520 2305 3573 cla-

709 3618 961 3669 rescimus
999 3631 1016 3679 ,'
1052 3632 1155 3667 non
1189 3615 1462 3684 punimur,
1489 3614 1580 3667 sed
1602 3628 1879 3667 servantur
1910 3629 1928 3677 ;
1960 3628 2053 3665 nec
2079 3614 2158 3679 (ut
2187 3614 2303 3682 quis

707 3707 998 3777 putaverit)
1025 3713 1193 3759 morte
1233 3706 1511 3774 afficiatur,
1543 3704 1633 3758 sed
1654 3705 1763 3758 vita
1790 3703 2054 3757 donamur
2070 3704 2140 3757 °'.
2159 3702 2300 3769 Quid

717 3800 872 3852 enim
913 3799 997 3851 vir
1055 3797 1389 3863 fortissimus
1437 3796 1659 3851 virtutis
1706 3809 1871 3849 causa
1933 3794 2133 3865 injuria
2161 3794 2301 3849 allici

707 3903 771 3943 ac
796 3888 1072 3953 cruciari,
1125 3886 1443 3958 philosophi
1499 3902 1664 3942 sensu
1712 3889 2076 3950 existimaret,
2135 3901 2299 3956 quam

709 3982 1005 4053 iustificari
1041 3997 1106 4037 ae
1153 3981 1458 4036 coronari?
1487 3980 1629 4046 Quid
1687 3997 1819 4036 vero
1852 3982 1979 4036 .lesu
2039 3996 2208 4035 causa
2245 3980 2298 4034 in

707 4090 930 4129 crucem
952 4074 1037 4145 agi
1082 4088 1147 4128 ac
1172 4073 1439 4137 interimi,
1493 4089 1659 4143 quam
1692 4074 1802 4128 vita
1850 4089 1914 4128 ac
1946 4073 2152 4127 deitate
2197 4089 2297 4127 au-

707 4167 821 4235 geri
842 4184 855 4225 :
879 4182 941 4222 ac
964 4167 1107 4222 sicut
1144 4166 1400 4235 supplicii
1433 4165 1738 4235 mortisque
1767 4164 2156 4230 similitudine,
2219 4164 2299 4219 sic

707 4258 971 4314 claritatis
1018 4258 1281 4313 societate
1303 4258 1352 4311 ei
1385 4258 1652 4327 capulari,
1689 4273 1751 4310 ac
1783 4274 1906 4311 cum
1942 4274 2010 4309 eo
2054 4258 2105 4310 in
2136 4267 2297 4312 reter-

708 4367 839 4404 num
874 4366 1121 4419 regnare.

784 4442 958 4509 Atque
1015 4440 1131 4494 haec
1183 4438 1407 4509 quidem
1467 4439 1533 4491 ad
1593 4438 1809 4508 plebem
1848 4456 1861 4491 :
1901 4439 2008 4493 sibi
2044 4455 2176 4493 vero
2214 4441 2297 4493 vir

2408 578 2570 648 ἔργου
2590 578 2934 642 καθεστῶτος
2963 576 3122 642 Θεοῦ,
3154 579 3250 631 καὶ
3284 578 3413 650 περὶ
3450 578 3609 632 τοῦτο
3636 579 3992 648 προηγουμέ-

2408 687 2514 732 vui;
2541 672 2759 722 πονεῖνο
2791 672 3040 740 κτήσεως
3068 670 3126 723 δὲ
3161 670 3357 740 γηῖνης
3395 670 3600 737 πάσης,
3627 668 3701 733 ὡς
3734 670 3990 739 ῥεούσης,

2408 764 2719 834 ύπερορᾷν·
2779 764 3078 827 εὐπαθείας
3139 763 3409 833 σώματος,
3463 762 3540 827 ὠς
3584 764 3646 815 ού
3696 763 3992 833 μενούσης,

2408 857 2771 927 ὑπερφρονεῖν
2791 873 2805 886 ⁸
2851 857 2947 911 καὶ
2974 856 3154 926 ψυχῆς
3175 856 3233 908 δὲ
3260 856 3403 926 ὑπὲρ
3434 854 3645 925 ἀρετῆς
3696 857 3993 924 πονούσης.

2406 950 2752 1021 ἀνδρίζεσθαι
2800 950 3169 1021 παρήγγελλε,
3192 949 3289 1003 καὶ
3333 948 3408 1019 μὴ
3438 950 3727 1002 ὲκκακεῖν·
3765 948 3997 1002 θάνατον

2405 1042 2462 1098 δὲ
2494 1044 2653 1114 μόνον
2694 1043 2893 1096 εἰδέναι
2945 1044 3259 1111 φιλόσοφον,
3310 1042 3409 1113 τὴν
3440 1043 3716 1112 ἁμαρτίαν
3740 1043 3832 1095 καὶ
3857 1042 3994 1095 ἀσέ-

2407 1136 2581 1191 ϐειαν.
2640 1137 2883 1190 Θάνατον
2928 1137 3119 1190 τοῦτον
3173 1135 3353 1207 ἀληθῆ
3378 1177 3393 1199 ,
3449 1136 3548 1205 τὴν
3614 1135 3789 1203 ἀληθῆ
3846 1134 3996 1203 ζωὴν

2406 1232 2641 1299 ἀγνοεῖν,
2661 1231 2756 1285 καὶ
2790 1230 3108 1301 μυωπάζειν
3126 1231 3255 1292 τοὺς
3280 1230 3378 1298 τῆς
3402 1228 3629 1298 καρδίας
3654 1227 3993 1297 ὀφθαλμοὺς,

2406 1325 2482 1387 ὡς
2510 1326 2584 1393 μὴ
2618 1326 2739 1387 ταῖς
2766 1325 2947 1377 ἀκτῖσι
2972 1323 3075 1392 τῆς
3103 1322 3342 1385 πίστεως
3381 1321 3828 1388 καταυγασθῆναι
3852 1320 3993 1389 Χρι-

2408 1416 2556 1469 στοῦ.
2589 1416 2762 1469 Τοῦτο
2799 1416 3029 1471 θάνατον
3061 1414 3300 1483 ἔφασκεν
3328 1409 3468 1467 εἶναι
3494 1413 3724 1484 φρικτὸν
3770 1411 3864 1463 καὶ
3900 1430 3995 1463 πι-

2408 1511 2571 1581 κρόν’
2610 1508 2701 1562 τὸν
2727 1508 2881 1579 παρὰ
2906 1508 3019 1561 τῶν
3056 1508 3304 1561 ἀπίστων
3335 1506 3393 1559 δὲ
3422 1505 3781 1574 ἐπαγόμενον,
3811 1503 3996 1572 πάσης

2406 1579 2539 1673 ἡδίω
2595 1599 2811 1671 τρυφῆς
2848 1598 2945 1653 καὶ
2991 1600 3138 1669 ζωῆς
3189 1598 3363 1652 αἴτιον
3410 1596 3687 1667 ἡγεῖσθαι,
3746 1596 3822 1658 ὡς
3850 1595 3993 1663 αὐτῇ

2408 1693 2757 1764 προσάγοντα
2773 1694 2840 1763 τῇ
2868 1689 3139 1760 αύτοζωῇ.
3162 1688 3242 1760 τῷ
3258 1690 3555 1758 αὺτοφωτὶ,
3579 1686 3765 1756 καὶτῷ
3797 1686 3996 1755 φώτων

2408 1788 2614 1859 Πατρί·
2650 1785 2730 1857 τῷ
2793 1785 2975 1853 πάσης
3028 1781 3336 1854 καλλοποιῷ
3386 1782 3674 1851 καλλονῆς,
3701 1780 3780 1851 τῷ
3810 1779 3995 1847 πάσης

2333 1861 2373 1915 Β
2402 1876 2737 1945 ἁγαθὸτητος
2768 1873 3107 1945 ἀγαθοποιῷ.

2463 2063 2519 2113 Μ
2528 2059 2560 2125 ὴ
2602 2054 2716 2113 οὖν
2745 2058 2845 2111 ἐπὶ
2880 2056 3005 2123 τοῖς
3035 2055 3413 2124 ἀναιροῦσιν,
3448 2048 3497 2106 ὦ
3529 2052 3731 2115 τέκνα,
3762 2049 3992 2116 δυσχε-

2387 2153 2639 2219 ραίνειν.
2671 2151 2947 2213 Ἀκοντες
2976 2148 3088 2217 γὰρ
3105 2145 3455 2207 ζωοποιοῦσι
3475 2160 3488 2171 ⁸
3516 2144 3613 2195 καὶ
3640 2141 3869 2194 κακοῦν
3887 2157 3994 2191 νο-

2389 2243 2678 2313 μίζοντες,
2734 2240 3111 2309 εὐεργετοῦσι
3132 2255 3145 2268 ·
3202 2239 3300 2291 καὶ
3330 2234 3581 2305 ἀτιμοῦν
3604 2237 3880 2302 οἰόμενοι.
3911 2250 3997 2284 τι-

2390 2334 2548 2404 μῶσι
2570 2355 2585 2368 ο
2613 2334 2711 2389 καὶ
2741 2335 2968 2389 θλίϐειν
2996 2332 3339 2402 ἡγούμενοι,
3371 2332 3521 2397 ⁸τὶρῶς
3544 2328 3658 2394 τὴν
3691 2325 3999 2391 ἀληθινὴν

2396 2427 2496 2482 καὶ
2519 2428 2856 2495 ἇρῤευστον
2876 2421 3341 2492 παραπέμπουσι
3372 2420 3583 2489 χαράν.
3599 2420 3836 2471 Οὔκουν
3861 2415 3997 2483 ἐμοὶ

2396 2521 2755 2589 δυσθυμίας,
2776 2520 2887 2572 οὐκ
2907 2518 3101 2583 ἀνίας,
3127 2516 3269 2570 οὐδὲ
3296 2516 3499 2581 λύπης
3524 2512 3701 2573 αίτία,
3727 2511 3764 2576 ἠ
3785 2510 3997 2573 ἄδικος

2398 2617 2549 2682 αῦτη
2578 2613 2930 2684 νομιζομένη
2962 2606 3309 2679 κρίσις.⁷Ην
3342 2608 3420 2660 ἄν
3448 2624 3571 2676 μοι,
3605 2602 3997 2673 Miriﬁcae}—

2400 2707 2511 2773 δρα
2539 2705 2802 2772 λυπηρὰ,
2840 2703 2935 2757 καὶ
2971 2703 3155 2767 ὅντως
3178 2699 3437 2755 θανάτου
3468 2698 3783 2766 πρόξενος,
3823 2693 3999 2758 ειπερ

2399 2797 2639 2862 ἔνδικος
2671 2792 2750 2866 ἦν
2770 2813 2782 2825 ·
2806 2798 2857 2849 εὶ
2889 2792 3363 2861 κακουργοῦντες
3380 2791 3648 2858 ἑάλωμεν
3666 2805 3680 2817 ο
3710 2789 3759 2841 εὶ
3779 2786 3999 2849 ἀξίους

2400 2887 2652 2952 ἑαυτοὺς
2687 2886 2944 2940 θανάτου
2973 2884 3053 2949 τῷ
3068 2882 3316 2950 Λὶτεάτῃ
3352 2881 3848 2949 παρεστήσαμεν·
3874 2878 3999 2929 νῦν⁷

2401 2980 2469 3031 δὲ
2506 2978 2657 3044 ζωὴν
2684 2977 2904 3045 ἀληθῆ,
2930 2975 3082 3042 ζωὴν
3101 2975 3415 3044 μένουσαν
3444 2975 3725 3041 ῠρῤητον,
3764 2969 3840 3037 ῆν
3867 2968 3998 3032 τοῖς

2403 3068 2732 3139 ἐξεθαλμοῖς
2760 3068 3120 3137 ἑωράκαμεν,
3163 3065 3289 3131 ταῖς
3340 3064 3552 3132 χερσὶν
3586 3058 3997 3130 ὲιε-ηλαρήσας-

2404 3177 2515 3230 μεν
2533 3175 2546 3190 ⁸
2582 3154 2657 3227 ἧς
2674 3158 2773 3211 διὰ
2802 3158 3012 3225 πείρας
3039 3155 3382 3225 ἐγνώκαμεν
3406 3153 3519 3219 τὴν
3539 3152 3815 3219 δύναμιν,
3849 3148 3998 3200 ταύ-

2406 3268 2519 3319 την
2538 3248 3068 3319 εὐαγγελιζόμενοι,
3088 3248 3185 3299 καὶ
3205 3248 3568 3313 βουλόμενοι
3585 3242 3814 3305 πάντας
3840 3239 3999 3291 ὅσον

2404 3344 2496 3411 ἐφ’
2528 3341 2692 3409 ἡμῖν,
2728 3340 2835 3393 τοῦ
2862 3339 3086 3409 ἀγαθοῦ
3116 3337 3324 3391 λαϐεῖν
3356 3334 3703 3399 κοινωνοὺς,
3740 3331 3838 3385 καὶ
3867 3347 3994 3383 τοι·

2404 3437 2603 3499 ούτοις
2634 3435 3091 3501 περιπίπτοντες
3112 3432 3188 3483 δι’
3212 3429 3426 3495 αὐτὴν,
3462 3430 3534 3481 οὐ
3564 3426 3993 3495 τιμωρούμεθα,

2404 3526 2765 3595 δοξαζόμεθα
2822 3524 2923 3577 δέ’
2976 3525 3048 3577 οὐ
3098 3519 3479 3589 κολαζόμεθα,
3533 3516 3835 3585 σωζόμεθα
3899 3513 3994 3565 δέ’

2405 3619 2532 3672 οὐδ’
2557 3619 2637 3684 ὡς
2669 3617 2747 3671 ἄν
2768 3634 2860 3682 τις
2891 3614 3203 3677 ὑπολάϐοι,
3225 3612 3652 3680 θανατούμεθα,
3693 3607 3997 3675 ζωούμεθα

2404 3710 2491 3765 δέ.
2522 3711 2586 3764 Τί
2618 3710 2728 3781 γὰρ
2756 3710 2817 3762 τὸ
2848 3709 2988 3778 ὑπὲρ
3019 3707 3221 3777 ἀρετῆς
3255 3704 3559 3760 ἀδικεῖσθαι
3594 3703 3688 3753 καλ⁸
3730 3699 3998 3769 τιμωρεῖ-

2406 3804 2531 3858 σθαι
2574 3805 2602 3857 ὁ
2638 3802 3016 3873 ἀνδρειότατος
3046 3798 3381 3867 ἐφιλοσόφει,
3426 3794 3541 3847 ἀλλ’
3574 3793 3607 3863 ἦ
3646 3790 3993 3844 δικαιοῦσθαι

2404 3898 2497 3951 καὶ
2528 3893 2927 3965 στεφανοῦσθαι
2954 3910 2968 3959 ;
3028 3891 3094 3945 Τί
3121 3891 3176 3943 δὲ
3211 3890 3273 3942 τὸ
3302 3889 3442 3957 ὑπὲρ
3470 3889 3568 3957 τῆς
3604 3884 3779 3953 Ἰησοῦ
3830 3882 3996 3952 δόξης

2404 3985 2772 4057 σταυροῦσθαι
2820 3986 2917 4039 καὶ
2945 3981 3291 4054 νεκροῦσθαι,
3349 3978 3464 4033 ἀλλ’
3516 3978 3550 4048 ἢ
3608 3973 3993 4039 ζωοποιεῖσοαι

2403 4080 2497 4132 καὶ
2540 4077 2830 4131 Θεοῦσθαιο
2870 4077 2964 4129 καὶ
2995 4075 3186 4144 ὥσπερ
3230 4077 3299 4145 τῇ
3330 4071 3613 4141 ὁμοιότητι
3636 4066 3732 4121 τοῦ
3756 4066 3992 4127 πάθους,

2400 4170 2541 4223 οὕτω
2566 4173 2662 4224 καὶ
2681 4173 2746 4239 τῇ
2772 4169 3027 4239 κοινωνίᾳ
3045 4168 3143 4237 τῆς
3164 4167 3323 4235 δόξης
3342 4162 3707 4235 συμφύεσθαι,
3733 4162 3826 4213 καὶ
3848 4176 3995 4229 συμο

2402 4261 2709 4313 ϐασιλεύειν
2731 4261 2880 4330 αύτῷ
2906 4262 2985 4323 εἰς
3009 4260 3132 4322 τοὺς
3161 4259 3398 4321 αἰῶναςς

2470 4438 2579 4490 Καὶ
2608 4436 2783 4490 ταῦτα
2813 4437 2911 4505 μὲν
2940 4436 3077 4506 πρὸς
3107 4435 3170 4486 τὸ
3214 4433 3421 4503 πλῆθος
3448 4450 3462 4465 ·
3498 4432 3695 4486 ἑαυτοῦ
3730 4431 3788 4484 δὲ
3822 4430 3993 4484 πάλιν

711 4534 886 4603 reipsa
920 4532 1362 4601 sapientissimus
1422 4532 1750 4585 incumbens
1773 4575 1786 4597 ,
1818 4541 1982 4601 atque
2022 4531 2090 4585 ad
2140 4549 2288 4595 cum,

2401 4531 2423 4582 δ
2450 4528 2526 4599 τῷ
2560 4529 2673 4581 δντι
2702 4526 3144 4596 φιλοσοφώτατος
3187 4528 3495 4595 γινόμενος,
3528 4525 3624 4578 καὶ
3650 4525 3786 4594 πρὶς
3810 4524 3898 4575 τὸν
3927 4525 3992 4575 ἐν

707 4640 868 4692 quem
903 4624 955 4676 in
983 4640 1041 4677 sc
1074 4633 1383 4677 manentem
1422 4623 1679 4687 habebat,
1704 4638 2017 4676 sermonem
2057 4638 2289 4677 conver-

710 4730 853 4779 tens,
887 4718 1123 4775 tiratias,
1148 4715 1347 4783 inquit.
1395 4732 1493 4785 ago
1528 4716 1640 4775 tibi,
1669 4732 1781 4767 mea
1812 4714 2055 4784 voluptas
2082 4732 2143 4768 ac
2181 4716 2296 4785 glo-

709 4810 897 4871 riatio,
933 4824 1047 4859 mea
1080 4808 1363 4859 exsultatio
1420 4824 1480 4860 ac
1510 4807 1787 4870 exultatio,
1842 4824 1957 4859 mea
2010 4808 2098 4860 lux
2128 4848 2143 4870 ,
2180 4826 2296 4862 mea

709 4908 957 4965 potestas,
1006 4915 1116 4950 mea
1140 4915 1356 4960 mraua,
1410 4914 1527 4950 mea
1551 4899 1849 4951 substantia
1870 4938 1883 4958 .
1920 4914 2035 4951 mea
2054 4899 2294 4961 claritas,

709 5010 824 5045 mea
870 4993 1084 5061 gratia,
1142 5006 1329 5043 nomen
1372 4988 1754 5055 desiderabile,
1810 4991 2151 5059 divinumque
2198 5007 2289 5043 nn-

706 5100 845 5135 mcn.

780 5176 993 5227 Gratias
1038 5172 1153 5237 tibi,
1185 5172 1331 5237 Jesu,
1396 5174 1516 5227 vita:
1554 5190 1701 5238 meat,
1743 5190 1870 5229 mea:
1923 5175 2285 5244 respirationi,

706 5269 818 5318 alto
886 5266 1057 5319 cordis
1126 5266 1227 5317 mei
1289 5267 1499 5329 sensui,
1542 5266 1729 5319 mentis
1792 5282 1922 5320 mea:
1952 5267 2285 5336 gloriationi,

711 5374 861 5429 quem
887 5356 980 5409 Dei
1012 5373 1190 5411 amore
1221 5374 1343 5412 amo
1376 5375 1477 5429 quo
1508 5360 1615 5425 frui
1640 5358 1791 5412 liceat
1819 5369 2024 5413 aeterna
2048 5358 2291 5429 volupta-

631 5433 645 5451 ’
715 5463 761 5504 ιε
787 5469 803 5516 ;
840 5466 997 5521 quem
1028 5451 1209 5516 habeo,
1246 5468 1399 5522 quem
1419 5452 1558 5519 sitio,
1582 5453 1666 5505 cui
1696 5454 1827 5519 vivo,
1862 5470 1923 5507 ac
1954 5454 2039 5507 cui
2066 5470 2184 5506 sum
2206 5451 2292 5506 al-

715 5544 925 5612 ligatus.
966 5552 1016 5596 et
1044 5543 1114 5597 ad
1147 5559 1301 5612 quem
1322 5559 1513 5614 urgeor
1543 5544 1920 5614 provehorque,
1946 5561 2008 5601 ac
2053 5552 2294 5599 contente

716 5634 980 5690 mittendo.

814 5838 819 5845 ‘
860 5824 898 5871 ,lt
928 5840 988 5875 ςιιι
1045 5839 1113 5877 \‘t,
1150 5826 1226 5874 39.
1311 5823 1399 5875 ﬁ"l
1442 5823 1582 5875 ll'llll.
1622 5823 1729 5887 ’,9.

2395 4621 2544 4690 αὑτῷ
2604 4621 2833 4691 μένοντα
2880 4620 2973 4673 τὸν
3030 4619 3188 4687 λόγον
3245 4618 3593 4688 ποιούμενος,
3633 4614 3993 4685 Εὐχαριστῶ

2393 4728 2517 4775 σοι,
2548 4712 2702 4780 φησὶ,
2737 4710 2803 4763 τὸ
2859 4709 3006 4778 ἐμὸν
3033 4710 3381 4779 ὲντρύφημα
3417 4708 3515 4762 καὶ
3560 4708 3987 4775 καλλώπισμα.

2396 4805 2460 4856 τὸ
2498 4805 2645 4872 ἐμὸν
2672 4803 3016 4872 ἀγαλλιάμα
3043 4801 3141 4855 καὶ
3178 4802 3413 4870 ὕψωμα,
3459 4801 3525 4855 τὸ
3563 4800 3710 4868 ἐμὸν
3735 4799 3879 4867 φῶς,
3918 4798 3991 4851 τὸ

2394 4895 2539 4963 ἐμὸν
2562 4894 2800 4961 κράτος,
2831 4894 2895 4947 τὸ
2921 4892 3284 4962 στεφάνωμα
3306 4894 3372 4946 τὸ
3400 4893 3567 4962 ἐμὸν,
3588 4892 3627 4957 ἠ
3655 4891 3802 4961 ἐμοῦ
3824 4907 3993 4960 περι-

2396 4990 2597 5051 ουσία,
2630 4990 2666 5054 ἠ
2689 4986 2802 5056 ἐμὴ
2834 4986 3005 5051 δόξα,
3031 4987 3069 5052 ἡ
3097 4985 3268 5054 χάρις
3294 4982 3334 5052 ἠ
3358 4985 3494 5054 ἐμὴ,
3533 4984 3600 5038 τὸ
3619 4985 3994 5047 ἐπιπόθητον

2398 5081 2607 5149 ὄνομα,
2647 5079 2715 5131 τὸ
2751 5077 3029 5146 θεὰρχιον
3054 5077 3261 5146 ὄνομα.

2468 5167 2816 5239 Εὐχαριστῶ
2868 5184 2988 5231 σοι,
3046 5166 3273 5234 Ἰησοῦ,
3319 5164 3393 5233 τῇ
3420 5164 3534 5234 ζωῇ
3556 5183 3697 5235 μου,
3736 5163 3811 5232 τῇ
3839 5165 3992 5218 ἁνα-

2395 5263 2553 5331 πνοῇ
2579 5281 2720 5332 μου,
2770 5259 2851 5326 τῷ
2880 5259 3229 5329 γαυριάματι
3281 5259 3393 5328 τῆς
3435 5259 3682 5328 καρδίας
3728 5276 3867 5327 μου,
3906 5258 3992 5323 τῷ

2398 5355 2736 5425 καυχήματι
2762 5352 2873 5421 τῆς
2898 5352 3167 5418 διανοίας
3182 5370 3322 5422 μου,
3370 5349 3442 5408 οὗ
3467 5350 3579 5419 ἐρῶ
3612 5349 3760 5403 Θεοῦ
3790 5351 3990 5419 ἔρωτι,

2398 5443 2470 5502 οὗ
2504 5446 2764 5514 ὀναίμην
2818 5447 3034 5509 αἰωνίῳ
3087 5444 3309 5514 τρυφῇ,
3356 5445 3426 5496 ἓν
3455 5445 3591 5513 ἔχω,
3622 5444 3695 5496 ὃν
3716 5443 3892 5512 διψῶ,
3936 5439 3993 5508 ᾧ

2401 5537 2494 5601 ζῶ,
2546 5539 2643 5591 καὶ
2764 5537 3035 5606 δέδεμαι,
3074 5538 3171 5591 καὶ
3211 5539 3359 5605 πρ‹’ς
3414 5538 3486 5590 ὂν
3539 5537 3843 5606 ἐπείγομαι
3881 5537 3992 5591 καὶ

2403 5632 2715 5700 (ti-(ironia,
2754 5632 2847 5685 καὶ
2884 5634 3336 5697 συντεταμένως
3364 5632 3768 5703 ἁιίιτείνομαι.
