4192 6424
191 422 243 481 ἳῖ
1088 412 1371 472 “RATIO
1413 412 1508 473 Π.
1538 413 1703 472 -ΙΝ

1848 412 2058 472 UDEM
2101 414 2160 472 S.
2205 413 2551 471 ANDREJ‘I.
3369 412 3438 477 78

238 526 590 598 Ε’ὖχαριστὼ
615 543 733 589 σοι,
770 527 1005 596 Χριστὲ,
1036 526 1114 592 τῷ
1143 526 1339 594 Κυρίῳ
1363 543 1479 595 μου
1510 526 1609 578 καὶ
1644 522 1767 589 Θεῷ
1793 526 1838 585 Α

170 639 276 689 μου
299 621 401 672 καί
430 619 683 672 Βασιλεῖ
713 636 852 687 μου,
906 618 996 671 ὅτι
1041 635 1118 686 με
1147 617 1298 683 πρὸς
1346 615 1474 681 τοῖς
1511 616 1746 680 ἄλλοις,

176 715 259 766 καί
290 711 365 780 τῇ
392 712 673 778 κοινωνίᾳ
706 712 1026 779 τετίμηκας
1052 709 1160 763 τοῦ
1186 708 1303 761 σοῦ
1338 709 1568 774 πάθους
1592 724 1607 738 ·
1657 707 1749 761 ὅτι

1939 526 2152 580 Gratias
2202 525 2316 587 tibi,
2363 523 2584 585 Christe,
2616 522 2840 577 Domino
2897 540 3012 579 meo
3062 536 3109 577 et
3163 524 3270 577 Deo
3324 543 3434 580 meo

1851 635 1912 669 ac
1937 615 2062 687 Regi
2090 598 2241 679 meo;
2259 615 2396 684 quod
2438 624 2630 684 praeter
2680 615 2793 668 alia
2820 656 2834 675 .
2879 617 3041 670 etiam
3082 626 3188 698 tua:
3211 632 3295 669 me
3349 632 3436 672 so-

1851 721 1984 771 cium
2013 708 2270 779 passionis
2299 710 2634 763 honoraveris
2656 710 2702 740 "
2726 726 2743 763 :
2765 708 2905 779 quod
2936 720 2991 762 ut
3033 726 3252 763 cursum
3281 710 3441 779 probe

169 820 234 873 με
256 803 362 855 τὸν
381 804 605 870 δρόμον
628 802 871 855 τελέσαι
894 799 1113 864 καλῶς,
1140 800 1249 852 τὸν
1269 799 1468 869 ἀγῶνα
1487 800 1743 867 νομίμως

1847 812 2289 859 consumntarem,
2308 803 2571 849 certamen
2596 795 2824 865 legitime
2852 805 3109 849 certarem
3145 797 3246 861 ⁸⁸⁸,
3266 813 3330 851 ac
3343 796 3443 864 ﬁr—

172 896 591 961 ἀτωνίσασθιιι,
622 894 723 945 καὶ
752 892 867 960 τὴν
894 895 1104 945 πίστιν
1134 892 1473 959 ἐνίσχυσας
1492 890 1750 954 βεϐαίαν

170 987 441 1054 τηρῆσαι.
470 988 578 1041 Καὶ
608 986 727 1039 νῦν
745 986 843 1039 διὰ
869 985 975 1039 τοῦ
1001 983 1268 1052 σταυροῦ
1304 986 1519 1037 τούτου
1552 983 1744 1050 ὑψού-

1850 907 1993 944 mam
2010 904 2273 943 servarem
2294 888 2621 957 ﬁdem,|vircs
2645 890 2904 959 roburque
2917 889 3197 958 pratbueris
3208 888 3442 943 ".Nunc

1854 983 2036 1051 itaque
2060 998 2152 1052 per
2194 984 2340 1054 ‘Itanc
2362 980 2621 1034 eleuatum
2646 999 2873 1042 crucem,
2912 983 2982 1035 ad
3013 990 3062 1033 te
3098 982 3290 1050 gaudio
3320 999 3439 1035 sus-

169 1096 362 1146 μενον,
395 1080 548 1148 πρὸς
568 1078 644 1132 σὲ
669 1080 1063 1149 χαρμοσύνως
1107 1079 1396 1142 ὑπόλαϐε,
1450 1066 1740 1146 φιλοφρό-

1844 1081 1970 1148 cipe,
2007 1086 2249 1130 amanter
2270 1077 2587 1146 benigneque
2612 1074 2786 1142 accipe
2804 1112 2819 1137 ,
2842 1083 3057 1142 paterno
3081 1073 3394 1141 amplectere
3420 1091 3440 1136 ,-

169 1192 273 1237 νως
287 1172 595 1237 ὄεξίωσαι,
617 1172 913 1241 πατρικῶς
932 1172 1348 1240 ἐναταάλισαι·
1373 1172 1475 1224 καί
1493 1187 1561 1238 τε
1581 1170 1739 1237 παρὰ

1844 1188 1902 1224 ac
1930 1185 2050 1222 vero
2072 1171 2213 1239 apud
2230 1179 2277 1221 te
2305 1183 2538 1227 manere,
2559 1167 2613 1219 in
2641 1174 2690 1217 te
2715 1166 2974 1223 vivere.in
3009 1175 3270 1218 wternum
3307 1166 3437 1246 inte

168 1265 256 1317 σοί
284 1266 516 1335 μένειν,
547 1266 617 1319 ἐν
648 1266 751 1319 σοὶ
798 1265 924 1333 ζῇν,
960 1264 1364 1335 ἁγαλλιᾶσθαι
1395 1264 1470 1316 δι’
1521 1262 1737 1328 αἰῶνος

167 1356 229 1406 ἑν
268 1357 387 1417 σοὶ,
430 1357 901 1425 κατατέρπεσθαι
960 1357 1341 1421 ωταξίωον
1375 1356 1444 1408 ἐν
1472 1356 1595 1417 σοὶ,
1638 1354 1735 1407 καὶ

1842 1262 2139 1325 exsultare,
2161 1262 2215 1313 in
2242 1248 2555 1312 te'delectari
2579 1258 2831 1321 concede;
2850 1267 3038 1338 tuoque
3072 1258 3255 1311 decore
3272 1275 3333 1311 ac
3355 1273 3440 1310 re-

1834 1369 1936 1421 gno
1960 1352 2233 1421 potiri,cui
2256 1350 2386 1403 nihil
2404 1359 2727 1402 terrenorum
2752 1364 2976 1415 usquam
3022 1350 3173 1401 velim
3209 1349 3431 1402 anteire.

167 1451 266 1519 τῆς
290 1452 413 1521 σῆς
449 1453 830 1521 ὡραιότητος,
880 1452 993 1520 τῆς
1035 1452 1159 1520 σῆς
1224 1454 1549 1518 ,βασιλείας
1598 1447 2005 1518 κατατρυφᾷν,
2052 1443 2126 1516 ἧς
2188 1445 2369 1499 οὐδέν
2423 1462 2526 1514 μοι
2583 1442 2704 1497 τῶν
2737 1443 2837 1496 ἐπὶ
2876 1442 2989 1511 τῆς
3027 1443 3154 1495 κατ’
3212 1443 3435 1498 οὐδένα

170 1548 627 1618 προτετιμῆσθαι
656 1550 887 1617 καιρόν.

238 1644 419 1695 Ἀλλὰ
452 1645 550 1697 καὶ
600 1644 708 1710 τὰς
751 1644 872 1697 τῶν
898 1643 1240 1712 ἐκκλησιῶν
1275 1644 1581 1709 ἀπαρχὰς.
1627 1642 1734 1703 τὰς

164 1737 513 1806 συναγωγὰς
544 1736 661 1789 τῶν
690 1736 941 1801 πιστῶν,
969 1738 1041 1790 τὰ
1070 1735 1190 1789 τῶν
1220 1734 1380 1804 ἐμῶν
1407 1731 1734 1799 ἁκροθήνια

162 1832 372 1892 πόνων,
400 1830 472 1883 τὰ
496 1828 801 1898 δράγματα
826 1828 937 1897 τῆς
958 1828 1240 1898 γεωργίας
1270 1825 1380 1892 τῆς
1404 1822 1573 1893 ἐμῆς,
1602 1823 1639 1878 ἂ
1658 1820 1736 1886 τῷ

1902 1637 2006 1690 Sed
2029 1646 2073 1690 et
2104 1635 2459 1689 Ecclesiarum
2478 1635 2739 1705 primitias
2763 1674 2778 1698 ,
2821 1631 3056 1701 ﬁdelium
3091 1642 3249 1685 cmtus
3294 1647 3439 1684 meo-
3481 1624 3485 1627 ’

1835 1748 1955 1781 rum
1975 1728 2213 1782 laborum
2241 1728 2540 1787 manubias,
2568 1725 2793 1779 cultura:
2821 1741 2949 1777 mea:
2963 1724 3282 1794 manipulos,
3307 1739 3437 1792 quos

1841 1833 1930 1875 tuo
1968 1821 2222 1890 acquisiui
2262 1819 2487 1887 Spiritu,
2511 1819 2660 1881 mihi,
2681 1814 2908 1880 Christe,
2929 1818 3437 1886 custodi,servaque,

161 1921 242 1986 σῷ
268 1924 735 1990 περιπεποίημαι
766 1923 1087 1988 Πνεύματι,
1121 1916 1406 1987 φύλασσέ
1444 1933 1565 1984 μοι,
1605 1918 1737 1983 Χριο

1844 1932 1904 1968 ac
1930 1934 1961 1969 a
1987 1913 2292 1983 nequissimi
2311 1911 2506 1965 invidia
2538 1919 2766 1981 protege.
2786 1910 3004 1980 Adauge
3031 1925 3237 1980 gregem
3263 1917 3436 1974 tuum,

160 2016 279 2075 στέ,
306 2015 408 2067 καὶ
434 2015 621 2081 τήρει,
652 2014 750 2065 καὶ
774 2013 966 2067 σκέπε
990 2012 1100 2079 τῆς
1117 2011 1464 2076 βασκανίας
1491 2011 1596 2064 τοῦ
1623 2027 1733 2063 πο-

162 2106 360 2173 νηροῦ.
394 2106 760 2174 Μεγιὶλιννόν
786 2120 901 2158 σου
926 2105 990 2158 τὸ
1017 2106 1318 2174 ποίμνιον,
1343 2102 1549 2173 ἀγαθὲ,
1590 2120 1731 2171 xpu-

162 2202 434 2263 ταίωσον,
469 2197 715 2268 ἰσχινρέ·
777 2199 1111 2262 σθένωσον,
1158 2196 1735 2257 πολλαπλασίασον,

161 2291 303 2345 ὥστε
340 2292 555 2347 πᾶσαν
582 2292 798 2360 ψυχὴν
821 2291 1139 2360 ἀνθρώπου
1156 2290 1285 2358 «τῆς
1311 2286 1547 2353 ἀπάτης
1579 2287 1742 2340 ἐλευ-

160 2371 518 2456 θερουμένιιγ
556 2386 666 2439 τοῦ
722 2386 1087 2454 δυσμενοῦς,
1123 2384 1275 2451 πρὸς
1299 2380 1415 2448 τὴν
1451 2379 1743 2447 ἀλήθειαν

1836 2010 1927 2079 qui
1963 2009 2127 2060 bonus
2181 2023 2267 2068 es;
2318 2004 2574 2072 confirma
2600 2023 2663 2057 ac
2723 2004 2913 2056 robora
2946 2044 2959 2066 ,
2996 2003 3083 2071 qui
3138 2002 3288 2071 fortis
3333 2016 3436 2085 es;

1834 2102 2114 2170 conforta,
2176 2099 2491 2168 multiplica,
2558 2115 2659 2168 quo
2718 2099 2887 2149 omnis
2946 2097 3170 2149 hominis
3220 2096 3427 2158 anima,

1833 2194 2031 2246 inimici
2090 2173 2269 2244 errore
2325 2191 2546 2243 liberata
2580 2233 2593 2250 ,
2651 2199 2765 2241 tuto
2811 2204 2869 2242 se
2916 2198 3070 2257 portu
3126 2187 3196 2241 ad
3242 2187 3428 2240 Evan-

1838 2286 1959 2355 gelii
1992 2287 2264 2339 veritatem
2294 2284 2555 2352 recipiat;
2599 2292 2653 2335 ut
2708 2300 2870 2352 quam
2902 2285 3003 2336 cito
3036 2282 3113 2335 tui
3159 2281 3431 2351 agnitione

1844 2388 1896 2431 et
1921 2377 2093 2448 gloria
2122 2378 2391 2446 repleatur
2430 2376 2673 2429 universa
2699 2385 2863 2427 terra.

159 2480 254 2533 τοῦ
303 2480 683 2548 Εὑαγτελίου
737 2476 1245 2548 καθορμισθιῙναι·
1286 2474 1444 2529 ὥστε
1506 2472 1615 2541 τῆς
1645 2471 1767 2541 σῆς
1802 2469 2178 2540 ἐπιγνώσεως
2223 2470 2321 2524 καὶ
2371 2470 2556 2535 δόξης
2612 2471 2965 2539 σύμπασαν,
3008 2471 3087 2534 ὡς
3152 2470 3428 2539 τάχιστα,

158 2575 504 2644 πλησθῆναι
527 2577 644 2643 τὴν
673 2575 812 2645 γῆν.

221 2672 506 2732 Τοιοῦτοις
544 2672 608 2741 ῥή
619 2687 774 2739 μασι,
803 2670 896 2722 καὶ
920 2666 999 2720 ἔτι
1022 2665 1204 2736 πολλῷ
1229 2665 1436 2718 πλείοσι
1451 2665 1545 2717 καὶ
1566 2663 1750 2731 κρείτ-

156 2781 314 2827 τοσιν,
361 2756 409 2815 ὦ
441 2759 955 2832 τρισμακαριώτατε
998 2759 1233 2829 μαθητὰ,
1290 2756 1370 2827 τῷ
1417 2754 1724 2839 διδασκάλῳ

157 2855 491 2925 καθομιλῶν,
540 2854 636 2905 καὶ
658 2852 787 2913 ὅλος
840 2852 898 2902 ὲν
913 2849 993 2920 τῷ
1036 2849 1157 2920 Θεῷ
1186 2849 1443 2915 ὲξεστὼς,
1474 2843 1615 2907 εἶδες
1644 2845 1742 2915 μὲν

157 2946 457 3013 ἁνεῳγότας
493 2961 579 2998 σοι
603 2945 850 3013 κρυφίως
878 2942 1007 3004 τοὺς
1039 2939 1302 3011 οὐρανούς
1325 2956 1339 2968 ·
1377 2934 1514 3000 εἶδες
1552 2936 1609 2988 δὲ
1644 2934 1738 2989 καὶ

152 3038 234 3090 τὸν
289 3037 535 3097 Βασιλέα
580 3036 688 3089 τῶν
717 3034 985 3104 οὐρανῶν,
1021 3033 1095 3095 ὡς
1131 3032 1420 3101 ὑπέσχετο,
1460 3028 1738 3099 μυστικῶς

154 3131 562 3200 ἐμφανισθέντα
594 3147 697 3189 σοι,
734 3129 830 3180 καὶ
849 3126 1206 3198 νοερωτὰτοις
1237 3123 1467 3194 καρδίας
1497 3121 1741 3190 ὄμμασιν

153 3222 362 3289 ὑψηλῶς
384 3222 485 3274 καὶ
504 3218 829 3290 θεοπρεπῶς
850 3216 996 3286 αὐτῷ
1017 3213 1362 3286 προσϐαλὼν,
1389 3210 1485 3265 καὶ
1517 3210 1744 3279 ἀρρήτῳ

1932 2660 2243 2716 Istiusmodi
2272 2661 2475 2724 verbis,
2504 2661 2771 2729 longeque
2802 2658 2866 2714 iis
2898 2660 3149 2729 pluribus
3166 2675 3229 2713 ac
3256 2660 3434 2729 potio-

1854 2753 2033 2812 ribus.
2068 2761 2153 2806 ter
2184 2752 2499 2807 beatissime
2548 2751 2838 2821 discipule,
2876 2751 3138 2820 magistro
3184 2752 3432 2807 collocu-

1849 2854 1961 2908 tus,
2013 2850 2273 2911 totusque
2323 2842 2435 2894 Deo
2458 2842 2752 2905 excedens,
2790 2842 2978 2896 vidisti
3013 2843 3181 2897 cmlos
3214 2843 3313 2897 tibi
3334 2859 3433 2898 oc-

1846 2934 1994 2988 culte
2029 2942 2275 3001 apertos,
2316 2930 2500 2985 vidisti
2532 2939 2588 2984 et
2626 2932 2887 2986 cmlorum
2926 2932 3126 3002 Regem
3150 2975 3165 2997 ,
3226 2943 3286 2987 ut
3314 2947 3435 2990 erat

1844 3023 2140 3094 pollicitus,
2168 3023 2394 3093 mystice
2428 3035 2804 3093 apparentem,
2830 3026 3432 3096 perspicacissimisqne

1846 3116 2015 3170 animi
2041 3116 2218 3170 oculis
2266 3116 2581 3171 sublimiter
2617 3133 2677 3172 ac
2710 3118 2895 3172 divine
2948 3119 3029 3172 illi
3078 3119 3428 3183 incumbens,

1849 3221 2157 3274 arcanaque
2214 3206 2453 3276 quadam
2501 3222 2566 3260 ac
2618 3208 2847 3276 mystica
2883 3208 3052 3263 animi
3085 3210 3431 3279 jucunditate

151 3316 247 3367 τινὶ
274 3315 373 3368 καὶ
408 3317 654 3383 μυστικῇ
683 3312 921 3382 θυμηδίᾳ
956 3311 1051 3364 καὶ
1077 3307 1410 3381 τερπνὸτητι
1446 3302 1738 3373 συνδεόμε-

1844 3308 1897 3351 et
1922 3298 2285 3352 oblectatione
2318 3299 2418 3368 ipsi
2444 3298 2735 3353 devinctus
2767 3316 2829 3353 ac
2859 3315 3064 3363 eomes,
3086 3317 3211 3354 cum
3238 3301 3431 3355 favore

147 3425 228 3470 νος
258 3409 355 3461 καὶ
382 3408 754 3477 ἐφεπόμενος,
799 3403 1210 3473 συνανελήφθης
1244 3401 1384 3470 μετὰ
1426 3397 1743 3468 παρρησίας

148 3502 234 3553 καὶ
262 3500 657 3567 ἀγαλλιάσεως
694 3500 776 3561 είς
804 3499 928 3560 τοὺς
963 3496 1228 3565 οὐρανούς
1246 3510 1262 3525 ο
1309 3492 1405 3545 καὶ
1426 3486 1514 3544 οἷα
1539 3483 1743 3560 χίτῶνα

147 3593 200 3643 τὸ
228 3593 541 3661 ἱερώτατον
568 3592 765 3658 σκῆνος
802 3588 879 3657 τῷ
917 3586 1060 3656 ξύλῳ
1090 3582 1516 3651 καταδεδεμένον
1558 3581 1741 3649 ἀφεὶς,

147 3682 297 3744 αὐτὸς
325 3679 592 3750 ἐπήρθης
621 3678 699 3748 τῷ
735 3676 1029 3744 πνεύματι,
1078 3674 1170 3726 καὶ
1223 3670 1547 3740 σύμμορφος
1573 3667 1741 3729 ὅντως

145 3774 323 3842 ὤφθης
351 3776 414 3824 ἐν
455 3773 729 3841 ὑψίστοις,
777 3768 857 3838 τῷ
893 3766 1103 3836 σώματι
1147 3764 1245 3834 τῆς
1294 3760 1451 3829 δόξης
1476 3758 1739 3829 Χριστοῦ.

204 3866 381 3936 Χαίρέ
418 3882 521 3934 μοι
566 3860 888 3933 τοιγαροῦν,
925 3853 971 3912 ὦ
1018 3856 1371 3928 πρωτόκλητε
1399 3856 1493 3906 καὶ
1534 3851 1740 3921 προδα-

142 3957 257 4026 θμιε
310 3958 434 4025 (15)
489 3955 602 4009 τῶν
642 3953 955 4007 ἀποστόλων
982 3953 1077 4004 καὶ
1102 3947 1345 4019 ἀρχηγέο
1398 3948 1427 3999 ὁ
1474 3943 1615 4016 μετὰ
1648 3944 1741 3996 τὸν

146 4053 408 4120 σύγγονον
456 4052 565 4120 μὲν
612 4049 710 4120 τὴν
756 4048 909 4113 τάξιν
938 4047 1120 4109 εὐθὺς,
1154 4044 1250 4114 τὴν
1284 4040 1476 4111 κλῆσιν
1526 4040 1583 4093 δὲ
1634 4040 1742 4111 πρὸ

142 4147 297 4197 αὑτοῦ
314 4163 329 4176 ·
356 4146 467 4213 τῆς
501 4146 584 4205 εἰς
601 4144 691 4196 τὸν
714 4142 939 4212 Σωτῆρα
960 4141 1016 4193 δὲ
1038 4141 1272 4199 πίστεως
1292 4137 1389 4189 καὶ
1418 4133 1736 4203 μαθητείας,

141 4238 192 4288 οῦ
216 4237 294 4306 τῷ
328 4237 541 4305 Πέτρῳ
595 4233 777 4304 μόνον,
827 4231 962 4285 ἀλλὰ
993 4232 1089 4285 καὶ
1125 4232 1236 4294 τοῖς
1257 4228 1399 4290 ὅλοις
1450 4227 1740 4296 γενόμενος

140 4330 352 4399 ἀπαρχὴ
384 4328 693 4399 μαθηταῖς.

200 4424 402 4492 Χαῖρε,
431 4422 527 4473 ὅτι
563 4419 640 4489 τῷ
663 4415 955 4494 προδρόμῳ
986 4416 1168 4486 λύχνῳ
1200 4416 1735 4487 προκαταυγασθεὶς,

138 4512 195 4565 r313
224 4514 397 4567 αὐτοῦ
437 4512 589 4583 πρὸς
610 4510 699 4563 τὸν
725 4510 912 4562 Ἥλιον
945 4510 1044 4579 τῆς
1073 4510 1417 4580 δικαιοσύνης
1441 4512 1737 4581 ὲχειραγω-

1845 3399 1901 3445 et
1937 3392 2305 3447 exsultatione
2330 3393 2449 3460 pari
2479 3392 2762 3461 triumpho
2790 3394 2841 3446 in
2862 3396 3031 3449 oculos
3050 3404 3308 3464 receptus
3335 3411 3426 3450 es:

1843 3479 2389 3549 sacratissimumque
2450 3481 2871 3537 tabernaculum
2929 3485 3129 3539 tunica:
3183 3488 3357 3540 instar
3394 3501 3426 3540 e

1840 3570 1991 3639 ligno
2026 3571 2274 3625 vinetum
2316 3572 2655 3640 relinquens,
2686 3573 2803 3641 ipse
2854 3574 3055 3643 spiritu
3091 3575 3292 3637 elatus.
3325 3590 3426 3629 ve-

1841 3677 2010 3730 reque
2040 3663 2093 3715 in
2122 3664 2354 3717 excelsis
2383 3663 2686 3718 conformis
2710 3664 2889 3719 factus
2947 3668 3167 3736 corpori
3201 3667 3393 3721 clarita

1841 3755 1911 3808 tis
1932 3753 2137 3809 Christi
2159 3772 2218 3810 es
2238 3756 2337 3810 97“.

1912 3864 2072 3918 Salve
2133 3864 2301 3933 igitur
2354 3865 2487 3918 mihi
2529 3864 2624 3929 sis,
2652 3865 2833 3934 primo
2858 3866 2912 3919 in
2954 3867 3215 3936 apostolis
3231 3878 3426 3923 vocate

1841 3954 2125 4025 graduque
2183 3972 2377 4010 eorum
2433 3958 2608 4026 prime
2658 3969 2714 4012 et
2766 3958 3120 4025 antesignane
3166 3975 3181 4012 :
3229 3959 3425 4014 ordine

1842 4047 2067 4116 quidem
2096 4048 2381 4117 dignitatis
2414 4049 2654 4103 secunde
2681 4050 2864 4103 statim
2893 4066 2921 4103 a
2944 4050 3113 4103 fratre
3136 4091 3150 4113 ,
3181 4060 3236 4105 at
3271 4053 3425 4120 prior

1844 4138 1938 4191 illo
1972 4140 2263 4193 vocatione
2303 4157 2316 4192 ε
2368 4138 2473 4193 ﬁde
2503 4149 2687 4192 autem
2723 4140 2778 4193 in
2818 4140 3154 4194 Salvatorem
3183 4141 3421 4211 discipu-

1840 4232 2131 4302 lorumque
2164 4233 2471 4297 matricula,
2504 4234 2706 4288 nedum
2732 4233 3027 4297 Petro,sed
3060 4246 3115 4289 et
3137 4235 3423 4305 discipulis

1839 4324 2101 4378 omnibus
2124 4324 2267 4379 facte
2288 4325 2565 4395 primitiae.

1912 4428 2111 4491 Salve,
2166 4429 2311 4499 quod
2356 4437 2728 4497 prtecttrrente
2776 4428 3000 4483 lucerna
3031 4432 3270 4499 primum
3295 4431 3419 4485 illu-

1843 4528 2071 4582 stratus,
2109 4536 2207 4588 per
2241 4520 2387 4574 illam
2424 4521 2491 4573 ad
2528 4520 2709 4573 Solem
2742 4521 2968 4590 iustitia:
3000 4522 3272 4577 adductus
3302 4538 3362 4576 es
3398 4540 3413 4575 :

138 4607 337 4674 τήθης·
374 4608 468 4658 ὅτι
508 4601 732 4673 πρῶτος
763 4602 856 4654 τὸν
906 4600 1105 4670 ’Λμνὸν
1129 4601 1223 4653 τοῦ
1252 4601 1390 4654 Θεοῦ
1431 4604 1527 4655 καὶ
1571 4602 1733 4653 καλὸν

1844 4612 1984 4681 quod
2043 4628 2167 4664 cum
2208 4614 2421 4680 Agnum
2480 4613 2572 4667 Dei
2633 4614 2949 4682 bonumque
3004 4614 3160 4667 illum
3230 4616 3417 4670 ovium

142 4701 373 4769 Ποιμένα
408 4698 536 4750 τῶν
570 4696 859 4767 προϐάτοιν
883 4693 1232 4763 ἐπεγνωκὼς,
1272 4695 1346 4756 ὡς
1375 4696 1560 4765 ἀρνίον
1594 4694 1734 4747 ἄκα-

138 4808 241 4857 κον,
274 4794 415 4861 ἄχρι
442 4788 713 4849 θανάτου,
744 4786 977 4840 θανάτου
994 4786 1050 4838 δὲ
1070 4784 1326 4857 σταυροῦ,
1352 4786 1526 4856 τούτῳ
1550 4785 1739 4854 σαςςῶς

138 4881 602 4951 ὲπτδκολούθησας
625 4895 638 4908 ³
664 4878 745 4931 διὸ
766 4877 862 4931 καὶ
881 4876 1017 4946 πρὸς
1047 4878 1141 4929 τὸν
1164 4878 1411 4950 οὐράνιον
1441 4880 1738 4947 γεννήτειρα

139 4976 582 5045 συν-ιψοῦμενος,
630 4973 725 5023 καὶ
780 4973 859 5033 εἰς
884 4971 945 5022 τὸ
974 4970 1242 5039 ἐσώτερον
1286 4970 1379 5023 τοῦ
1424 4971 1735 5023 καταπετά-

141 5086 336 5137 σματος
365 5064 702 5130 συνεισιὼν,
727 5063 821 5116 τοῦ
856 5064 1161 5134 ὑπερτάταν
1212 5063 1429 5117 πάντων
1472 5064 1733 5132 ὀνόματος

138 5160 509 5230 κατηξιώθης.
1480 5228 1489 5241 1

199 5254 394 5322 Χαῖρε,
430 5253 526 5305 ὃτι
558 5250 649 5302 τὸν
682 5249 856 5318 ἀληθῆ
895 5247 1005 5301 τῶν
1054 5247 1241 5316 ψυχῶν
1274 5247 1546 5318 Νυμφίον,
1578 5248 1729 5317 πρῶ-

198 5420 240 5449 “
262 5418 427 5472 Joan.
469 5431 573 5476 xx,
607 5414 697 5469 9.8.
766 5413 846 5446 ’“
870 5414 915 5469 ιι
943 5414 1087 5470 Tim.
1126 5432 1200 5476 tv,
1227 5416 1278 5468 7.
1345 5414 1390 5447 ’⁷
1423 5413 1464 5467 ll
1493 5413 1632 5468 Tim.
1660 5431 1722 5480 ιι,
1753 5417 1807 5470 4.

200 5584 308 5650 (15)
340 5582 461 5637 Kal
519 5578 873 5650 προὸἁθμιε.
910 5579 1049 5634 Novi
1094 5581 1199 5635 hoc
1230 5580 1375 5635 tituli
1424 5584 1537 5636 sola
1568 5599 1733 5637 voca-

144 5649 299 5711 tione,
354 5651 620 5719 ﬁdeique
673 5649 729 5703 in
782 5649 1063 5705 Christum
1112 5651 1397 5720 explicata:
1449 5653 1728 5722 primitiis,

144 5722 571 5794 intelligendum
607 5730 723 5783 est;
753 5735 880 5775 cum
903 5721 1107 5790 alioqui
1132 5721 1348 5794 Petrus,
1380 5721 1494 5791 ipSe
1519 5724 1727 5793 junior,

142 5791 390 5848 oinnib'us
428 5791 684 5864 Δηὼ-ειη
713 5800 935 5859 praeeat,
965 5808 1108 5846 unus
1153 5792 1270 5861 ipse
1313 5791 1636 5864 coryphieus
1665 5811 1729 5848 ac

144 5864 308 5935 gregis
358 5865 514 5928 dux,
577 5862 944 5933 princepsque
989 5864 1364 5933 apostolorum
1412 5862 1473 5919 ac
1522 5864 1725 5923 Christi

1840 4706 2116 4758 Pastorem
2156 4705 2374 4759 cunctis
2405 4707 2559 4775 prior
2586 4707 2703 4774 ipse
2732 4707 3068 4776 agnovisses,
3100 4708 3251 4761 velut
3294 4710 3413 4764 ovis

1838 4797 2123 4860 innocens,
2158 4795 2227 4849 ad
2261 4804 2492 4851 mortem
2522 4812 2717 4865 usque,
2748 4796 2913 4866 idque
2942 4808 3176 4853 mortem
3207 4801 3412 4863 crucis,

1837 4903 1963 4941 eum
1991 4888 2167 4957 palam
2196 4897 2421 4942 secutus
2454 4904 2514 4942 es
2549 4904 2563 4939 :
2596 4891 2953 4957 quamobrem
2987 4890 3151 4944 etiam
3189 4891 3256 4945 ad
3302 4907 3412 4945 οω-

1837 4977 2029 5031 lestem
2092 4978 2308 5031 Patrem
2362 4994 2470 5032 una
2520 4978 2882 5046 sublimatus,
2934 4981 3100 5049 inque
3148 4982 3412 5035 interiora

1838 5068 2127 5121 velaminis
2177 5067 2384 5137 pariter
2412 5068 2724 5140 ingressus,
2785 5085 3107 5139 supremum
3161 5077 3411 5127 omnium

1839 5174 2040 5212 nomen
2075 5168 2406 5213 consecutus
2425 5175 2485 5213 es
2509 5160 2576 5212 ’⁸.

1909 5250 2091 5314 Salve,
2141 5248 2284 5319 quod
2331 5265 2524 5304 verum
2577 5251 2887 5305 animorum
2946 5250 3243 5321 Sponsum,
3282 5268 3408 5308 cum

1881 5416 1961 5449 ’⁷⁸
2004 5416 2237 5488 Philipp.
2272 5434 2353 5483 ιιι,
2391 5417 2478 5473 10.
2554 5420 2882 5487 ⁹⁶11οιιικνῃ
2915 5422 3001 5477 19.

1840 5585 2415 5659 singulariss‘icarius,
2448 5588 2502 5641 in
2528 5604 2639 5659 quo
2664 5589 2891 5644 fundata
2923 5591 3180 5647 Ecclesia:
3202 5598 3407 5652 unitas.

1838 5657 2060 5732 non-in
2120 5656 2369 5732 hndrea,
2423 5656 2603 5732 ulloife
2659 5660 2767 5713 alio
2822 5661 3273 5731 discipulorum:
3314 5666 3405 5732 qui

1836 5727 2069 5804 proinde
2092 5728 2341 5804 absolute
2367 5729 2724 5804 προὸάθμιος,
2749 5727 3121 5800 apostolorum
3148 5727 3407 5804 primitiae

1835 5812 1898 5853 ac
1933 5798 2138 5867 primas
2161 5798 2368 5855 electus
2394 5798 2425 5855 ε
2457 5800 2688 5856 Domino
2710 5798 2815 5858 est.
