4192 6424
158 382 214 446 85
902 377 1185 439 ORATIO
1221 379 1285 439 V.
1308 404 1374 415 --
1398 376 1479 438 ΙΝ
1518 376 1827 438 LAUDEM
1948 379 2201 438 JACOBI
2242 381 2601 440 ZEBEDEI.
3300 384 3368 443 96

154 490 261 558 τελῇ
288 487 393 557 μὲν
421 486 555 557 ἡμῖν
584 485 865 558 τράπεζαν
897 487 1114 541 ππτῶν
1150 488 1370 540 ἰννοιιῖιν
1393 500 1409 517 ο
1438 486 1621 556 ἡδεῖαν
1642 485 1699 537 δὲ
1728 502 1742 542 Α

1826 488 1961 542 nobis
2019 488 2415 543 venerabilium
2488 490 2883 544 sententiarum
2970 504 3367 560 sensorumque

157 583 221 635 δτι
270 579 506 649 μάλιστα
558 580 1011 650 παρεσκευάσατο
1066 579 1386 648 φιλοτησίαν
1413 596 1429 610 ο
1481 572 1543 632 οὗ
1600 578 1701 647 τῆς

1826 594 2071 642 nensam,
2105 594 2168 634 ac
2191 595 2353 649 quam
2391 583 2626 636 maxime
2659 596 2827 637 suave
2855 582 3169 637 convivium
3212 597 3372 651 para-

157 672 362 740 άφθόνου
387 674 486 725 καὶ
500 672 715 743 ζωηρᾶς
736 671 1193 742 κατατρυφῶντες
1216 671 1577 743 ἐστιατορίας,
1607 672 1704 725 καὶ

1826 671 1883 725 rit
1922 686 1937 723 :
1971 670 2128 740 cujus
2166 671 2406 741 copiosis
2452 673 2823 743 vitalibusqne
2872 674 3129 730 delectati
3172 673 3370 742 epulis,

160 768 212 837 τῇ
237 765 481 835 δαψιλείᾳ
503 765 602 834 τῆς
642 763 863 834 χάριτος
894 762 1263 833 πληρούμενοι
1294 763 1393 817 καὶ
1420 763 1704 834 θερμαινό-

1826 779 1907 818 nec
1960 776 2069 816 non
2134 762 2468 818 abundantia
2523 764 2711 835 gratiae
2768 766 2967 834 repleti
3022 765 3373 835 accensique,

162 875 306 929 μενοι,
335 851 427 909 οἷά
448 872 569 908 τινα
621 856 826 926 μικράν
852 856 919 908 ὲκ
946 853 1173 925 καρδίας
1197 854 1307 908 τῶν
1333 854 1506 922 λόγων
1556 854 1705 926 αύτῷ

1826 853 1960 925 [nasi
1997 854 2250 926 exiguam
2284 855 2575 925 quamdam
2604 874 2673 912 ex
2704 857 2874 913 corde
2902 872 3217 912 sermonum
3245 872 3377 911 eru-

1807 946 2107 1003 ctationem
2138 948 2189 1003 ei
2221 947 2584 1019 dependimus
2610 966 2624 1003 :
2661 950 2865 1019 quibus
2910 956 3230 1021 suppeteret
3254 948 3376 1018 qui-

1806 1039 1934 1096 dem
1982 1041 2140 1106 nihil,
2176 1041 2322 1112 quod
2364 1056 2467 1112 pro
2508 1056 2736 1097 munere
2765 1042 2990 1112 dignum
3042 1041 3376 1107 offerretur;

1808 1134 1904 1190 sed
1929 1135 2023 1204 qui
2058 1145 2262 1199 tamen,
2293 1146 2497 1203 quanta
2540 1135 2775 1190 facultas
2809 1146 2948 1199 erat,
2982 1136 3052 1191 ad
3095 1133 3381 1206 depellen-

1810 1228 1934 1283 dam
1963 1228 2161 1298 ingrati
2191 1228 2359 1281 animi
2385 1236 2578 1283 tetram
2618 1228 2801 1283 labem
2840 1242 2905 1281 ac
2933 1228 3164 1293 crimen,
3192 1225 3381 1282 lauda-

1813 1321 1960 1375 tione
1992 1321 2045 1374 in
2074 1334 2201 1374 eum
2229 1318 2473 1374 defuncti
2508 1319 2698 1373 simus.

160 949 649 1019 προσενηνέγκαμεν
675 947 879 1019 ὲρυγήν
900 963 916 977 ·
942 949 1044 1016 τῆς
1080 944 1179 1015 μὲν
1207 944 1530 1015 εὐεργεσίας
1555 946 1705 1011 ἄξιον

161 1044 521 1113 προσενεγκεῖν
552 1041 770 1110 ἔχοντες
792 1039 943 1093 οὐδέν
959 1054 974 1070 ·
1005 1037 1083 1101 ὡς
1105 1037 1173 1092 ἂν
1198 1038 1256 1091 δὲ
1286 1037 1362 1108 μὴ
1384 1038 1705 1107 ἀχαριστίας

160 1133 310 1203 δεινὴν
338 1131 698 1202 άποισὼμεθα
723 1132 961 1203 γραφὴν,
996 1128 1144 1184 κατὰ
1178 1128 1408 1199 δύναμιν
1431 1130 1525 1183 τὸν
1555 1128 1705 1183 Enat-

161 1241 235 1278 νον
260 1224 677 1292 είσενεγκόντες.

218 1397 345 1450 Νυνὶ
392 1397 449 1451 δὲ
508 1396 624 1467 μετ’
678 1395 863 1463 αὐτὸν,
912 1396 1051 1466 άλλη
1084 1395 1321 1467 μυστικὴ
1370 1396 1711 1451 διαδέδεκται

1882 1413 2041 1468 Nunc
2068 1426 2202 1465 vero
2230 1420 2355 1481 post
2382 1410 2536 1465 illum
2577 1411 2682 1465 alia
2721 1411 2882 1466 nobis
2909 1412 3138 1484 mystica
3167 1426 3383 1467 succes-

164 1485 417 1558 πράπεζα,
470 1488 567 1539 καὶ
616 1485 777 1549 ἄλλος
810 1486 943 1556 ἡμῖν
997 1485 1282 1558 ζωηρύτου
1312 1485 1559 1556 πόματος
1615 1503 1712 1555 με-

1826 1506 1886 1559 tit
1913 1520 2099 1559 mensa
2120 1524 2134 1558 :
2155 1505 2295 1560 alius
2323 1505 2485 1560 nobis
2500 1505 2709 1559 mellito
2727 1507 2921 1576 plenus
2949 1517 3173 1563 nectare
3200 1514 3382 1561 crater

165 1578 491 1647 μεστωμένος
536 1577 818 1648 προεὸήθη
845 1579 1060 1649 κρατήρ
1082 1595 1097 1609 ο
1134 1577 1231 1633 καὶ
1260 1578 1291 1630 ὁ
1331 1578 1600 1675 ἑστιάτωρ
1636 1578 1714 1641 ὡς

1826 1596 2129 1665 propositus
2159 1606 2271 1662 est;
2319 1613 2630 1667 mensaeque
2661 1606 2904 1652 structor
2931 1613 2995 1653 ac
3036 1598 3380 1660 convivator,

166 1667 427 1736 φιλότιμός
452 1683 512 1719 τε
544 1666 638 1720 καὶ
683 1664 934 1737 δαψιλὴς,
965 1665 1120 1719 οὐδὲν
1147 1663 1358 1719 ἐκείνου
1388 1663 1489 1734 τῆς
1542 1680 1714 1733 μεγα-

1826 1663 1971 1757 quasi
2015 1689 2333 1758 splendidus
2381 1663 2678 1761 largusque
2718 1706 2993 1760 opumtac
3046 1691 3385 1761 magnificus,

165 1760 477 1830 λοπρεπείας
502 1757 824 1828 λειπόμενος
842 1773 856 1787 ·
906 1756 1085 1810 πάντα
1109 1756 1168 1810 δὲ
1193 1756 1395 1827 τρόπον
1426 1753 1713 1825 ἐξισούμε-

1826 1784 1955 1839 nihil
1990 1785 2071 1840 illi
2119 1785 2297 1856 impar
2331 1786 2625 1841 ambitioso
2665 1786 2816 1842 cultu
2859 1795 2915 1842 et
2960 1784 3387 1857 magniﬁcentia,

164 1849 507 1918 vo;,d6£ktpb;
554 1848 654 1920 τὴν
682 1848 869 1917 φύσιν,
922 1846 1149 1917 ἁδελφὸς
1187 1848 1287 1918 τὴν
1318 1846 1521 1901 πίστιν.
1567 1843 1716 1908 Ἐνὸς

1826 1882 1913 1933 sed
1942 1841 2256 1935 omnimode
2277 1879 2505 1949 aequalis
2538 1898 2551 1933 :
2589 1889 2785 1935 natura
2819 1841 3134 1951 germanus,
3175 1894 3239 1933 ac
3283 1877 3391 1932 fide

163 1943 258 2015 γάρ
296 1942 551 2013 ἑκάτεροι
580 1939 808 2010 πατρὸς,
848 1937 1042 2011 ὥσπερ
1087 1938 1183 1992 τοῦ
1226 1936 1514 1993 Ζεϐεδαίου
1540 1937 1715 2002 κάτω,

162 2034 313 2096 οὕτως
357 2032 474 2086 ἄνω
500 2031 594 2086 τοῦ
625 2031 795 2085 Θεοῦο
826 2032 1057 2103 ὀνόμασι
1109 2032 1291 2103 μόνοις
1338 2031 1593 2102 Ἰωάννης
1623 2029 1721 2083 καὶ

174 2125 417 2189 Ἰάκωϐος
441 2125 807 2196 διενηνόχασι,
856 2125 1055 2197 μικροῦ
1084 2127 1199 2189 τοῖς
1242 2126 1532 2195 πράγμασι
1592 2139 1721 2176 συν-

164 2216 479 2284 απτόμενοι·
524 2214 629 2269 ίσοι
658 2215 758 2285 τὴν
791 2214 1041 2286 γνώμην,
1096 2218 1205 2271 ίσοι
1245 2215 1345 2286 τὴν
1376 2215 1558 2286 χάριν,
1617 2212 1721 2267 [σοι

164 2306 248 2375 τὴν
267 2304 465 2376 ἀρετὴν
498 2307 593 2359 καὶ
616 2306 715 2377 τὴν
739 2306 876 2377 πρὸς
895 2307 1029 2359 Θεὸν
1054 2306 1355 2361 οίκείωσιν.
1378 2300 1481 2361 Ὧν
1508 2304 1723 2376 άληθῶς

166 2399 351 2468 Κύριος
381 2394 489 2462 εἷς,
526 2399 725 2469 ὁμοίως
755 2399 1034 2471 ὀρώμενός
1076 2416 1136 2453 τε
1189 2398 1286 2452 καὶ
1312 2399 1723 2469 πιστευόμενος,

164 2491 346 2558 opim;
382 2489 862 2561 προσκυνούμενός
890 2508 950 2544 τε
985 2491 1078 2545 καὶ
1132 2491 1528 2560 λατρευόμενος
1551 2509 1565 2521 ·
1625 2493 1725 2562 μία

165 2580 356 2652 κλῆσις,
418 2583 523 2650 μία
568 2581 847 2653 πρόθεσις,
902 2581 1059 2647 ἐλπὶς
1095 2583 1218 2654 μία,
1257 2582 1449 2654 ὥσπερ
1504 2583 1599 2636 καὶ
1627 2583 1727 2654 βά-

166 2688 359 2743 πτισμα
384 2673 469 2726 ἒν.

232 2764 520 2834 Ὀμότιμοι
570 2765 671 2836 τὴν
715 2764 776 2819 ὲν
818 2764 1111 2836 γράμματι
1144 2764 1422 2835 λατρείαν,
1476 2765 1729 2837 ὁμότιμοι

161 2854 251 2927 τὴν
288 2857 430 2929 πρὸς
484 2857 550 2913 τὸ
594 2856 817 2930 πνεῦμα
868 2858 1183 2930 μετάθεσιν.
1249 2858 1580 2931 Ὀμόφρονες
1632 2859 1733 2930 τὴν

163 2947 445 3016 ἐπίγνωσιν
470 2947 570 3001 τοῦ
597 2949 829 3018 Πατρὺς,
873 2948 1177 3020 ὁμόφρονες
1204 2947 1304 3020 τὴν
1333 2950 1416 3013 είς
1442 2949 1535 3002 τὸν
1564 2950 1734 3002 Μονο-

162 3039 281 3108 γενῆ
306 3043 402 3092 καὶ
430 3039 717 3109 ἀγάπησιν
742 3055 757 3069 ·
784 3040 847 3093 ού
881 3040 1044 3109 μόνον
1070 3039 1149 3104 δὲ,
1186 3039 1324 3094 ἀλλὰ
1350 3040 1447 3093 καὶ
1470 3041 1606 3111 πρὸς
1632 3040 1735 3110 τὴν

1818 1984 2112 2039 germanus
2148 1988 2162 2024 :
2193 1985 2308 2025 uno
2349 1969 2496 2025 enim
2542 1970 2739 2040 prolati
2782 1980 2963 2041 patre,
3006 1970 3087 2025 uti
3132 1970 3186 2025 in
3226 1968 3392 2025 terris

1818 2059 2103 2125 Zebedaeo,
2140 2061 2215 2116 ita
2258 2061 2315 2115 in
2345 2061 2503 2116 caelis
2540 2062 2675 2117 Deo.
2710 2061 2856 2117 Solis
2884 2062 3107 2117 discreti
3145 2061 3389 2116 nomini-

1820 2153 1925 2208 bus
1973 2154 2213 2209 Joannes
2264 2165 2427 2224 atque
2479 2154 2738 2221 Iacobus,
2772 2155 3170 2227 propemodum
3226 2155 3396 2209 rebus

1820 2246 2067 2301 concreti
2108 2262 2172 2300 ac
2211 2247 2492 2316 copulati:
2530 2263 2692 2318 pares
2735 2248 2938 2312 animo,
2995 2261 3156 2318 pares
3201 2247 3395 2318 gratia,

1821 2356 1985 2411 pares
2013 2341 2217 2395 virtute
2246 2357 2310 2394 ac
2354 2357 2479 2395 cum
2518 2342 2632 2396 Deo
2664 2341 3074 2395 necessitudine
3106 2359 3121 2394 :
3159 2355 3396 2411 quorum

1822 2446 2014 2485 revera
2044 2446 2189 2486 unus
2218 2432 2502 2496 Dominus,
2524 2446 2687 2502 quem
2735 2431 2993 2486 similiter
3036 2431 3307 2495 viderent,
3342 2437 3402 2485 et

1824 2538 1933 2578 una
1960 2524 2201 2587 vacatio,
2236 2540 2407 2578 unum
2439 2523 2641 2579 mentis
2668 2525 3009 2593 propositum
3033 2568 3048 2590 ,
3080 2540 3188 2579 una
3220 2539 3349 2595 spes
3380 2564 3400 2589 ,

1827 2616 1907 2670 uti
1942 2626 2000 2671 et
2022 2616 2290 2686 baptisma
2315 2632 2487 2672 unum
2516 2617 2555 2669 ί.

1900 2788 2024 2844 Pari
2062 2788 2294 2853 honore,
2340 2789 2489 2859 quod
2530 2791 2728 2846 attinet
2766 2792 2834 2845 ad
2873 2792 3082 2846 cultum
3130 2792 3403 2861 legalem;

1830 2878 1973 2949 pari,
2028 2878 2173 2948 quod
2227 2878 2293 2932 ad
2355 2879 2768 2934 translationem
2824 2881 2892 2934 ad
2946 2880 3221 2949 spiritum.
3280 2871 3404 2936 Pari

1832 2970 2003 3025 animi
2032 2985 2197 3025 sensu
2234 2986 2297 3025 ac
2328 2970 2621 3027 concordia
2662 2972 2717 3026 in
2748 2972 2928 3027 Patris
2958 2973 3257 3043 agnitione,
3286 2974 3406 3043 pari

1832 3075 2103 3130 propensa
2151 3059 2205 3114 in
2254 3059 2604 3131 Unigenitum
2658 3061 2940 3116 voluntate
2991 3072 3045 3117 et
3090 3062 3404 3117 dilectione.

163 3128 248 3180 τοῦ
294 3130 623 3201 Πνεύματος
657 3130 1055 3199 συγκατάθεσιν
1086 3131 1183 3184 καὶ
1219 3132 1498 3202 ὑποταγὴν
1547 3130 1597 3182 oi
1635 3132 1736 3184 αὐ·

1836 3128 2024 3223 Neque
2055 3152 2106 3207 id
2139 3152 2325 3217 modo,
2358 3128 2454 3207 sed
2484 3160 2541 3207 et
2569 3168 2839 3208 consensu
2880 3154 2934 3207 in
2962 3152 3230 3223 Spiritum
3257 3154 3406 3224 ejus-

162 3221 254 3275 τοί.
283 3222 378 3275 Διδ
406 3228 509 3275 καὶ
540 3222 866 3293 Βοανεργὲς,
900 3223 929 3276 ὃ
970 3224 1121 3275 ἐστιν
1152 3223 1263 3276 υἱοὶ
1290 3221 1539 3293 βροντῆς,
1568 3221 1737 3292 άμφω

162 3313 290 3384 πρὸς
314 3315 497 3383 αὐτῆς
532 3313 829 3383 κέκληνται
872 3317 973 3383 τῆς
998 3314 1281 3384 ἀληθείας,
1328 3313 1406 3376 ὠς
1433 3314 1513 3366 ἐνὶ
1539 3313 1635 3366 καὶ⁵
1661 3311 1740 3383 τῷ

162 3402 299 3473 αὐτῷ
328 3403 624 3473 Πνεύματι
677 3404 815 3472 πρὸς
841 3402 939 3472 τὴν
972 3402 1067 3455 τοῦ
1117 3402 1453 3471 Εὑαγγελίου
1502 3401 1739 3471 μεγαλο-

162 3498 360 3563 φωνίαν
389 3493 851 3562 καταρτιζόμενοι
903 3494 999 3548 καὶ
1043 3493 1435 3565 κροτούμενον
1470 3492 1743 3563 ὀφθαλμοὶ

159 3585 245 3639 δύο
293 3588 397 3656 τῆς
455 3586 860 3658 ἁγιοπρεπείας
927 3585 1125 3656 Ἰησοῦ,
1182 3586 1281 3656 τὴν
1338 3586 1599 3641 ἀνωτάτω
1643 3583 1740 3638 τοῦ

159 3681 493 3734 Δεσποτικοῦ
524 3680 780 3749 σώματος
809 3678 1130 3749 κατέχοντες
1160 3680 1393 3734 σκοπιάν
1417 3694 1430 3708 ⁸
1466 3680 1561 3733 καὶ
1592 3679 1743 3749 πρῶ-

157 3790 232 3825 τοι
262 3774 375 3826 τῶν
412 3771 733 3844 Θεαρχικῶν
773 3772 1011 3825 ἀκτίνων
1053 3772 1277 3841 ὁμοίως,
1326 3770 1402 3835 ὡς
1432 3770 1595 3825 άπλοῖ
1644 3772 1743 3824 καὶ

156 3863 363 3927 datast;
392 3862 501 3916 καὶ
532 3863 875 3931 φωτοφανεῖς
912 3860 1398 3932 άποπληρούμενοι
1419 3876 1435 3891 ⁶
1464 3861 1561 3914 καὶ
1604 3860 1744 3928 άγαο

158 3957 449 4025 θοπρεπῶς
480 3956 611 4010 ὅλον
650 3954 719 4007 δι’
747 3953 960 4009 ἑαυτῶν
986 3952 1441 4023 καταλάμποντες
1467 3952 1529 4007 τὸ
1557 3953 1742 4024 σῶμα.

158 4049 461 4120 Κορυφαῖοι
488 4046 594 4117 τὴν
621 4046 776 4110 τάξιν
802 4044 1083 4111 ὡσαύτως,
1136 4045 1214 4108 ὡς
1233 4048 1301 4116 τῇ
1331 4046 1609 4116 κορυφαίᾳ
1634 4045 1745 4098 τῶν

158 4140 360 4207 ἀρετῶν
418 4139 624 4207 ἀγάπῃ
670 4137 889 4189 πάντων
920 4136 1121 4207 μᾶλλον
1151 4136 1232 4207 τῷ
1260 4136 1353 4190 τοῦ
1384 4136 1517 4190 Θεοῦ
1566 4154 1740 4207 προσ-

156 4234 503 4305 ῳκειωμὲνοι
535 4228 832 4300 ἀγαπητῷ.
861 4228 952 4281 Διὸ
971 4230 1067 4282 καὶ
1094 4228 1486 4300 πρωτόθρονοι,
1508 4229 1603 4283 καὶ
1635 4229 1746 4283 ίσόο

155 4340 293 4392 τιμοι
340 4324 444 4376 καὶ
477 4323 709 4375 πάντων
759 4318 959 4389 μικροῦ
989 4318 1160 4387 φάναι
1202 4319 1512 4390 πρόκριτοι,
1540 4317 1617 4381 ὡς
1642 4318 1743 4387 τῆς

157 4418 268 4486 ίσης
309 4419 411 4470 καὶ
456 4413 699 4486 πρώτης
758 4413 911 4481 παρὰ
942 4411 1020 4483 τῷ
1077 4411 1421 4483 Παμὸασιλετ
1472 4411 1744 4483 κατηξιω-

159 4513 299 4582 μένοι
325 4510 539 4585 τιμῆς.

214 4689 425 4744 Τοῦτον
453 4690 513 4743 oi
549 4687 655 4755 τῆς
685 4687 916 4758 βροντῆς
942 4687 1049 4741 uici
1093 4685 1186 4740 τὸν
1210 4685 1416 4758 τρόπον
1469 4686 1749 4756 ἑνούμενοι

158 4784 243 4837 καὶ
265 4784 695 4855 ταυτιζόμενοι,
740 4782 857 4844 πῶς
884 4780 947 4834 ού
998 4781 1092 4834 τὸν
1119 4780 1284 4835 αὐτὸν
1321 4781 1419 4851 τῆς
1475 4777 1751 4849 εὐφημίας

1839 3258 1947 3313 que
1980 3242 2341 3313 subiectione,
2368 3241 2557 3298 iidem.
2588 3242 2952 3307 Quamobrem
2970 3243 3135 3297 etiam
3169 3243 3408 3297 Boaner-

1841 3348 1935 3403 gcs
1971 3332 2141 3403 (quod
2169 3343 2274 3398 est,
2305 3332 2428 3388 Filii
2464 3332 2718 3400 tonitrui)
2753 3332 2823 3386 ab
2854 3334 2971 3401 ipsa
3000 3332 3162 3387 ambo
3192 3348 3410 3386 nuncn-

1841 3423 1953 3493 pati
1978 3434 2108 3478 sunt
2129 3424 2382 3489 veritate,
2404 3424 2557 3478 velut
2585 3439 2725 3494 quos
2762 3437 2904 3478 unus
2938 3423 3195 3493 idemque
3233 3423 3411 3494 Spiri-

1842 3524 1933 3569 tus
1958 3514 2027 3569 ad
2056 3514 2402 3586 magniﬁcam
2451 3514 2737 3583 Evangelii
2788 3515 3232 3583 praedicationem
3279 3530 3413 3569 con-

1841 3604 2120 3660 cinnasset
2141 3614 2304 3675 atque
2332 3604 2687 3660 conﬂasset’.
2731 3603 2945 3659 Gemini
2989 3605 3133 3659 oculi
3182 3606 3413 3659 sanctis-

1842 3696 1967 3751 simi
2013 3694 2236 3751 decoris
2273 3696 2426 3760 Jesu,
2474 3694 2746 3750 Dominici
2795 3696 3047 3765 corporis
3099 3710 3412 3764 supremam

1843 3796 2096 3843 tenentes
2121 3790 2436 3858 speculam;
2463 3788 2626 3858 primi
2672 3787 2882 3842 scilicet
2916 3788 3115 3841 divinae
3151 3787 3293 3841 lucis
3320 3802 3413 3840 ra-

1843 3878 1970 3942 diis,
2004 3894 2105 3933 ceu
2141 3878 2420 3948 simplices
2447 3888 2611 3947 atque
2644 3877 2857 3947 limpidi
2898 3877 3177 3947 lucidique
3211 3878 3414 3947 pariter

1846 3968 2063 4038 repleti,
2105 3967 2608 4038 benignissimeque
2644 3974 2818 4020 totum
2861 3982 3063 4035 corpus
3111 3966 3415 4034 fulgoribus

1843 4061 1959 4115 suis
1986 4060 2400 4115 collustrantes.
2435 4058 2671 4114 Perinde
2722 4058 2916 4111 ordine
2960 4057 3259 4126 principes,
3293 4065 3415 4110 tan-

1842 4167 2006 4221 quam
2038 4152 2308 4207 charitate
2332 4166 2455 4219 quae
2480 4150 2740 4220 princeps
2761 4150 3033 4203 virtutum
3060 4158 3145 4203 est
3166 4148 3413 4201 omnium

1844 4240 2079 4295 maxime
2118 4240 2215 4295 Dei
2243 4240 2448 4295 dilecto
2474 4240 2717 4294 devincti
2749 4253 2813 4293 ac
2842 4238 3165 4293 familiares.
3209 4237 3415 4304 Quam-

1844 4332 2035 4386 obrem
2059 4332 2226 4387 etiam
2256 4332 2451 4401 primis
2493 4330 2759 4385 sublimes
2787 4331 3034 4394 sedibus,
3061 4331 3293 4401 parique
3318 4331 3419 4385 ho-

1846 4436 1981 4476 nore
2023 4436 2087 4476 ac
2115 4420 2331 4476 cunctis
2355 4419 2753 4491 propemodum
2784 4419 3017 4490 praelati,
3050 4429 3311 4490 tanquam
3339 4420 3421 4475 vi-

1778 4531 1821 4586 ι)
1850 4512 2050 4568 delicet
2072 4528 2261 4583 parem
2292 4514 2643 4582 primumque
2669 4511 2814 4581 apud
2837 4526 3113 4566 summum
3135 4512 3417 4567 universo-

1848 4620 1969 4659 rum
1995 4604 2198 4673 Regem
2223 4604 2506 4659 consecuti
2533 4604 2822 4657 honorem.

1918 4696 1978 4751 ln
2001 4696 2151 4749 hunc
2180 4693 2403 4748 modum
2444 4691 2722 4763 conjuncti
2761 4690 2991 4746 tonitrui
3032 4691 3156 4747 Filii
3198 4705 3421 4761 unaque

1848 4788 1999 4842 velut
2018 4786 2231 4840 ratione
2257 4786 2467 4849 coaliti,
2496 4783 2774 4855 quomodo
2804 4798 2916 4837 non
2947 4782 3206 4837 eumdem
3236 4782 3425 4836 lauda-

158 4880 549 4947 molaowat
573 4875 734 4943 λόγον
754 4891 771 4939 ;
795 4868 900 4927 Ὧν
927 4873 1037 4945 γάρ
1060 4873 1110 4925 oi
1160 4872 1371 4942 ἀγῶνες
1406 4872 1531 4936 ίσοι,
1564 4872 1661 4926 καὶ
1692 4872 1742 4926 al

1849 4875 2015 4929 tionis
2041 4889 2106 4929 ac
2141 4874 2402 4944 praeconii
2436 4888 2749 4929 sermonem
2773 4872 3138 4928 admiserint?
3178 4872 3423 4939 Quorum

157 4968 496 5040 ἀναρρήσεις
512 4966 579 5019 αἱ
610 4963 774 5019 αύταί
792 4980 807 4994 °
843 4956 919 5017 ὧν
947 4962 1005 5015 δὲ
1034 4961 1191 5035 κοινὴ
1220 4965 1321 5034 τῆς
1337 4962 1539 5032 ἀρετῆς
1566 4963 1600 5032 ή
1627 4961 1742 5033 κτῆ-

1856 4967 2005 5022 enim
2039 4965 2339 5021 certamina
2364 4967 2540 5036 paria,
2562 4966 2757 5021 eadem
2797 4965 2966 5019 etiam
2995 4963 3259 5018 exsistant
3282 4979 3429 5033 prae-

160 5076 255 5124 σις,
300 5062 483 5114 κοινοὶ
508 5058 684 5128 δῆλον
724 5059 808 5111 ὃτι
832 5057 882 5110 οί
910 5057 1187 5125 στέφανοι.
1222 5054 1320 5119 Τίς
1347 5050 1441 5110 οὖν
1476 5055 1548 5109 τά
1570 5055 1742 5110 ἀδιαί-

1858 5060 2042 5113 conia.
2058 5056 2302 5123 Quorum
2331 5070 2622 5111 commune
2645 5055 2869 5110 virtutis
2893 5054 3085 5117 decus,
3107 5066 3432 5108 communes

163 5168 282 5222 ρετα
320 5154 565 5217 διελεῖν,
616 5150 717 5203 καὶ
743 5149 817 5203 τά
844 5147 987 5203 κατά
1013 5147 1179 5217 φύσιν
1222 5148 1320 5201 καὶ
1360 5147 1588 5219 γνώμην
1612 5148 1742 5219 ήνω·

1862 5150 2123 5206 nimirum
2155 5149 2323 5205 etiam
2349 5163 2587 5205 corona.
2614 5147 2749 5213 Quis
2783 5148 2949 5217 igitur
2969 5160 3090 5215 qua!
3118 5154 3250 5199 sunt
3281 5144 3425 5199 indi-

221 5311 238 5342 '
274 5311 491 5382 Ephes.
522 5326 611 5375 tv,
637 5308 693 5364 5.
765 5307 788 5337 ‘
826 5304 1023 5360 Matth.
1062 5322 1144 5370 ιιι,
1178 5303 1269 5359 17.

163 5467 335 5523 Jacobi
364 5469 424 5523 in
458 5463 800 5534 Hispaniam
828 5460 1014 5517 ﬁdem.
1049 5462 1233 5534 Porro
1248 5459 1609 5534 interpolator
1638 5458 1756 5527 ipse
1863 5458 2046 5534 munia
2078 5468 2137 5534 et_
2163 5456 2493 5534 episeopaiia
2532 5466 2871 5534 praestantes,
2902 5456 3033 5507 dum
3054 5451 3291 5531 apostoli
3324 5465 3433 5534 IIII:

168 5522 418 5601 insulsus,
448 5522 795 5613 qni-printer
836 5534 1176 5613 Stephanum
1205 5522 1759 5613 Jacobi-.Hierosotv-
1857 5529 1979 5613 ξατο
1994 5522 2281 5613 magisque
2310 5522 3434 5613 ρῇοιιιιιιιίειι-οθίιῑὶογιειιιΑοτςιιιΞ-ιιιεξ.κρὶτ’

168 5589 701 5663 Ξοιῖιῖιῖι-Ξιιῖιίειῖιίε
730 5619 863 5659 vere
894 5589 1234 5675 diaconum,
1261 5609 1319 5655 et
1345 5601 1401 5655 in
1424 5599 1531 5653 hoc
1561 5589 1757 5667 praac'i-
1857 5589 2054 5675 ῑξοχῂν
2092 5589 2363 5675 ᾗσι-ᾗσι)ὴὲιί
2396 5589 2454 5651 et
2484 5596 2784 5675 principes,
2806 5589 3432 5675 eminentiusgue‘quidf

169 5660 262 5746 pne
284 5660 367 5735 ΞΒ
393 5660 690 5749 apostolis
722 5682 992 5749 creatum,
1025 5673 1167 5727 inter
1183 5660 1451 5749 diaconos
1479 5660 1754 5749 numeret,
1864 5660 1997 5749 quid
2010 5660 2404 5749 episcoporum
2428 5660 2537 5749 est,
2579 5681 2643 5749 ac
2670 5660 2824 5749 "velut
2864 5664 3036 5735 prima
3077 5660 3179 5717 sub
3208 5660 3440 5718 Christo

169 5736 250 5817 qui
272 5736 472 5805 omne's
502 5746 773 5820 episcopi
794 5736 1041 5807 fuerunt,
1061 5751 1118 5798 et
1139 5741 1363 5811 quidem
1381 5742 1755 5820 apostolorum
1865 5736 2221 5796 fundamenta
2247 5746 2408 5809 atquc
2434 5736 2573 5793 ostia
2611 5736 2898 5791 habentes.

170 5811 306 5889 quasi
358 5811 742 5889 suﬂ‘raganci',
775 5831 915 5887 quos
944 5823 1176 5878 vocant;
1235 5822 1417 5883 partes
1449 5811 1657 5867 scilicet
1704 5825 1761 5866 ct
