4192 6424
194 391 258 452 89
957 388 1240 452 ORATIO
1274 393 1340 455 V.
1372 414 1442 431 -
1472 393 1555 455 IN
1595 394 1908 460 LAUDEM
1945 398 2004 460 S.
2039 399 2298 464 JACOBI
2335 406 2695 471 ZEBEDASI.
3374 417 3443 479 90

195 500 535 572 βαθύναντες,
571 501 668 555 καὶ
695 499 786 554 τὸν
816 498 942 553 νοῦν
971 501 1436 571 μεταλλεὺσαντες
1466 508 1558 560 καὶ
1593 508 1752 576 εὑρη-

1862 510 2236 584 animumque,
2263 519 2542 576 curiosius
2578 522 2986 593 investigantes,
3021 541 3148 580 cum
3180 527 3438 586 oﬂculis-

190 593 354 654 κότες,
387 595 481 644 καὶ
510 593 570 644 ἐν
600 589 746 660 αὐτῷ
772 590 874 658 τῆς
911 590 1090 642 αὐτῶν
1145 591 1383 654 πίστεως
1422 597 1490 644 τὰ
1528 594 1758 662 θεμέλια

188 684 649 752 καταπηξψενοι,
700 681 952 752 κραταιοι
1006 699 1151 745 τινες
1188 685 1282 736 καὶ
1326 685 1594 738 ἀνένδοτοι
1623 688 1758 756 πρός

186 793 244 828 τε
293 777 417 838 τοὺς
451 775 780 844 νοουμένους
815 774 1015 844 ὁμοίως
1045 776 1141 828 καὶ
1177 779 1302 839 τοὺς
1322 777 1632 846 ὁρωμένους
1664 797 1758 846 γε-

185 870 407 936 γένηντο
460 867 828 938 πειρασμούς·
869 868 990 920 ὅθεν
1037 868 1138 935 τῆς
1183 871 1489 938 κορυφαίας
1524 862 1642 939 ἅμα
1680 871 1758 943 τῷ

188 961 400 1032 μεγάλῳ
419 961 609 1030 Πέτρῳ
636 961 731 1013 καὶ
769 960 1080 1030 ἀκροτάτης
1109 961 1239 1031 παρ’
1263 962 1410 1030 αὐτῷ
1441 961 1761 1026 καταξιοῦν-

184 1073 265 1108 ται
289 1055 478 1124 τιμῆς,
511 1055 608 1107 καὶ
635 1053 736 1123 τὴν
775 1054 884 1108 ἀπὸ
925 1052 1019 1106 τοῦ
1057 1053 1350 1122 θεαρχικοῦ
1381 1054 1631 1124 σώματος
1663 1057 1757 1108 ἐπὶ

182 1148 268 1202 τοῦ
306 1148 466 1216 ὅρους
493 1146 873 1216 ἀστράψασαν,
907 1145 981 1207 ὡς
1001 1147 1344 1207 πιστοτάτοις
1368 1147 1757 1216 παραδεικνὺει

186 1238 420 1306 μορφήν.
458 1235 682 1299 Τούτοις
714 1238 809 1290 καὶ
838 1237 936 1306 τὴν
957 1239 1101 1290 κατὰ
1137 1237 1197 1289 τὸ
1227 1236 1398 1298 πάθος
1421 1241 1519 1306 τῆς
1550 1237 1760 1309 ἀνθρω-

184 1326 339 1394 πίνης
385 1327 446 1378 ἐν
481 1325 634 1394 αὑτῷ
673 1325 890 1394 φύσεως
911 1327 1152 1394 ἀγωνίαν
1193 1327 1285 1379 καὶ
1321 1327 1642 1396 ἀδημονίαν,
1682 1328 1758 1390 ὡς

179 1419 529 1481 οἰκειοτάτοις
569 1417 924 1486 ἀνατίθησινο
975 1420 1066 1471 καὶ
1103 1418 1242 1487 μετὰ
1296 1419 1358 1471 τὸ
1419 1419 1634 1472 δεῖπνον
1671 1420 1761 1470 εὐ-

181 1511 290 1572 θὺς,
329 1511 711 1588 συλλήπτορας
747 1511 946 1574 αὐτοὺς
1000 1512 1330 1579 παρειλήφει
1378 1512 1478 1580 τῆς
1519 1529 1759 1581 προσευ-

180 1603 272 1670 χῆς
294 1618 308 1631 ·
349 1603 401 1654 εἰ
432 1603 528 1654 καὶ
560 1602 622 1656 τὸ
653 1603 787 1655 πολὺ
819 1602 918 1670 τῆς
946 1602 1124 1671 λύπης
1143 1604 1429 1666 ἀπέκναιε,
1473 1603 1568 1656 καὶ
1602 1602 1756 1674 ὕπνῳ

180 1696 384 1758 τούτοις
411 1697 728 1766 κατενάρκα
757 1698 848 1749 τὸν
878 1697 1158 1766 λογισμόν.

243 1789 351 1842 Καὶ
371 1788 518 1842 κατά
555 1791 738 1842 πᾶσαν
769 1789 826 1841 δὲ
863 1789 970 1840 τῶν
989 1789 1083 1842 δύο
1110 1787 1316 1842 τούτων
1337 1786 1432 1841 τοῦ
1469 1787 1604 1842 Θεοῦ
1633 1789 1758 1842 παί-

1859 614 2001 666 sent,
2033 618 2198 676 atque
2230 610 2380 665 ineo
2419 629 2530 668 suae
2583 615 2707 668 fidei
2753 617 3108 672 fundamenta
3156 619 3436 687 fixissent,

1860 695 2001 750 firmi
2031 715 2093 752 ac
2123 711 2439 758 constantes
2493 707 2760 760 adversus
2807 709 3086 774 Spiritales
3138 712 3343 778 pariter
3381 723 3437 766 et

1857 805 1980 858 qu;e
2041 794 2218 847 oculis
2271 795 2632 864 subjiciautur
2667 841 2680 860 ,
2747 802 3078 854 tentatioues
3137 804 3435 869 exstitere;

1859 883 2007 936 unde
2039 887 2216 953 primo
2239 894 2402 956 atque
2455 891 2701 959 principe
2748 907 3114 962 supremoque
3165 913 3269 949 una
3313 911 3438 950 cum

1831 987 2055 1040 .magno
2099 976 2260 1029 Petro
2285 977 2427 1045 apud
2470 993 2594 1031 eum
2647 981 2854 1032 honore
2900 981 3214 1043 donantur;
3263 983 3440 1053 iisque

1858 1078 1953 1116 seu
1988 1065 2321 1120 fidelissimis
2342 1067 2693 1136 eﬂ'ulgentem
2729 1071 2898 1124 divini
2922 1073 3176 1138 corporis
3207 1074 3437 1128 formam

1860 1152 1915 1208 in
1949 1167 2132 1209 monte
2161 1157 2420 1211 ostendit.
2450 1157 2530 1211 Ad
2561 1173 2659 1211 cos
2689 1174 2908 1226 quoque
2935 1169 3192 1228 tauquam
3227 1177 3438 1216 smume

1858 1250 2222 1312 necessarios,
2255 1250 2505 1306 humame
2533 1253 2586 1306 in
2626 1252 2744 1321 ipso
2787 1264 2995 1306 naturze
3028 1258 3250 1309 anxium
3298 1273 3440 1309 mor-

1860 1339 1930 1392 tis
1960 1342 2212 1394 timorem
2252 1356 2316 1395 ac
2349 1345 2686 1406 mmstitiam,
2712 1345 2815 1397 sub
2862 1346 3038 1413 ipsum
3078 1355 3295 1415 tempus
3320 1364 3439 1417 pas-

1858 1431 2031 1485 sionis
2085 1431 2286 1494 refert;
2344 1448 2576 1502 moxque
2631 1450 2659 1488 a
2718 1452 2897 1496 omna.
2952 1437 3220 1491 orationis
3258 1441 3438 1493 socios

1859 1519 2112 1572 adhibuit
2155 1537 2170 1586 ;
2211 1537 2525 1591 quanquam
2576 1525 2742 1579 nimia
2793 1527 3027 1582 tristitia:
3087 1528 3171 1584 vis
3214 1530 3438 1588 exulce-

1861 1611 2037 1672 rabat,
2073 1627 2138 1666 ac
2167 1622 2473 1683 torpentem
2508 1631 2700 1670 eorum
2746 1621 2988 1674 animum
3018 1636 3211 1677 somno
3238 1622 3436 1692 degra-

1861 1699 2040 1755 vabaL

1928 1792 2203 1860 Quantum
2239 1794 2477 1864 denique
2521 1798 2587 1852 ad
2634 1814 2854 1854 onmem
2897 1802 3185 1856 amborum
3238 1802 3436 1856 horum

179 1883 276 1935 δων
305 1882 409 1953 τὴν
453 1882 595 1953 μετά
626 1881 722 1936 τοῦ
772 1882 977 1954 Κυρίου
1010 1883 1110 1952 τὴν
1146 1882 1619 1954 συναναστροφὴν,
1663 1881 1752 1936 καὶ

1865 1885 1957 1941 Dei
1983 1902 2278 1955 puerorum
2305 1903 2430 1942 cum
2472 1890 2702 1948 Domino
2733 1895 3234 1957 conversationem,
3271 1907 3437 1964 atque

179 1973 266 2026 τοῦ
305 1973 474 2044 ζήλου
499 1975 602 2044 τὴν
628 1974 962 2044 θερμότητα,
994 1973 1090 2026 καὶ
1113 1973 1216 2042 τῆς
1249 1974 1489 2038 πίστεως
1530 1977 1631 2044 τὴν
1669 1974 1756 2026 δο-

183 2066 474 2136 κιμότητα,
504 2066 598 2118 καὶ
650 2067 749 2135 τῆς
781 2065 1003 2136 ἀγάπης
1045 2065 1144 2136 τὴν
1182 2067 1500 2132 τελειότητα
1525 2083 1539 2096 ⁸
1570 2069 1660 2118 ναὶ
1691 2065 1756 2138 δὴ

180 2156 267 2209 καὶ
301 2157 450 2209 κατα
483 2157 583 2226 τὴν
617 2156 710 2209 τοῦ
751 2156 1068 2226 ΙΙνεύματος
1099 2156 1307 2210 ἄνωθεν
1345 2157 1635 2210 ὲπέλευσιν
1662 2157 1757 2210 καὶ

178 2249 262 2300 τὸν
297 2249 410 2301 τῶν
450 2248 714 2315 γλωσσῶν
743 2249 1012 2319 μερισμὸν
1061 2250 1157 2302 καὶ
1200 2251 1298 2318 τὴν
1336 2249 1599 2319 διανομὴν
1646 2248 1756 2301 τῶν

179 2341 414 2410 δωρεῶν,
451 2341 605 2394 οὐδὲν
632 2341 820 2412 ἕτερον
849 2341 1095 2410 ἡγοῦμαι
1114 2341 1212 2394 τοῦ
1231 2341 1420 2412 ἑτέρου
1439 2341 1754 2409 διενεγκεῖν.

182 2433 332 2486 Ὅθεν
374 2427 459 2495 εἷς
489 2433 822 2502 ἀμφοτέρων
869 2433 966 2485 καὶ
987 2435 1167 2498 κοινὸς
1219 2433 1348 2503 ἄχρι
1389 2432 1596 2488 τούτων
1653 2434 1753 2486 αὺ-

178 2526 280 2587 τοῖς
315 2526 342 2577 ό
389 2520 566 2587 αἶνος,
607 2525 706 2595 μιᾷ
759 2525 996 2595 Χριστοῦ
1049 2527 1507 2596 μεμορφωμένοις
1549 2529 1756 2596 μορφῇ,

178 2616 263 2668 καὶ
293 2616 375 2668 ἑνὶ
398 2615 480 2685 τῷ
515 2617 665 2685 αὐτῷ
694 2617 1000 2686 Πνεῦματι,
1037 2619 1126 2670 τὸν
1173 2619 1286 2670 ἴσον
1325 2620 1525 2688 τρόπον
1552 2635 1757 2688 κατηρ-

175 2711 442 2777 τισμένοις
499 2710 601 2762 καὶ
658 2711 1241 2780 χαρακτηριζομένοις.
1315 2711 1469 2764 Ἐπεὶ
1521 2711 1579 2763 δὲ
1628 2711 1757 2773 ἴδιος

176 2801 410 2873 ἐκατέρῳ
437 2802 544 2871 τῆς
575 2803 958 2871 μεταστάσεως
1007 2804 1035 2856 ὅ
1079 2819 1139 2856 τε
1172 2803 1361 2872 χρόνος
1395 2803 1628 2872 ὑπάρχει
1661 2802 1757 2855 καὶ

173 2896 439 2964 ὁτρόπος,
479 2893 592 2965 ἰδίᾳ
632 2893 821 2948 λοιπὸν
852 2895 946 2946 καὶ
991 2895 1083 2947 τὸν
1130 2893 1288 2963 λόγον
1325 2893 1435 2946 τῶν
1465 2897 1757 2964 ἐγκωμίων

175 2985 484 3054 ἀποδῶμεν.

235 3075 324 3144 Τῷ
341 3075 445 3144 μὲν
461 3070 560 3128 οὖν
577 3073 952 3143 Εὐαγγελιστῇ
977 3074 1244 3144 πρότερον
1272 3073 1591 3138 ἀφωσίωται
1617 3074 1758 3126 κατὰ

173 3166 392 3237 δύναμιν
429 3169 465 3238 ἡ
498 3168 707 3229 αἴνεσις
728 3181 743 3196 ·
784 3166 877 3218 καὶ
906 3165 1298 3235 πνευματικῶς
1329 3165 1498 3218 αὑτοῦ
1535 3168 1631 3233 τῆς
1661 3183 1754 3234 με·

173 3258 335 3328 γάλης
373 3257 839 3326 κατατρυφῶντες
871 3256 1092 3326 ἀρετῆς,
1142 3255 1325 3318 καθὼς
1359 3249 1460 3307 οἷοί
1493 3273 1548 3306 τε
1588 3250 1750 3325 ἦμεν,

173 3349 508 3418 ἀπετίσαμεν
556 3348 792 3416 μετρίως
852 3346 948 3417 τὴν
1003 3347 1248 3415 ὀφειλὴν.
1307 3345 1420 3398 Νῦν
1453 3347 1508 3397 δέ
1549 3364 1662 3414 μοι.
1707 3340 1752 3399 ῶ

171 3443 347 3509 ἄριστε
378 3443 478 3496 καὶ
510 3438 856 3510 δοκιμώτατε
907 3437 1144 3508 Χριστοῦ
1192 3438 1432 3508 μαθητὰ,
1464 3437 1623 3508 δεῦρο
1656 3440 1752 3491 καὶ

172 3535 228 3586 σὺ
255 3536 528 3606 σήμερον,
564 3531 810 3592 Ἰάκωϐε,
846 3534 875 3583 ὁ
903 3531 1010 3582 τῶν
1036 3529 1258 3599 ὑψηλῶν
1283 3527 1376 3582 τοῦ
1409 3529 1545 3581 Θεοῦ
1577 3531 1751 3597 Λόγου

169 3626 354 3694 θεατὴς
380 3625 484 3677 καὶ
515 3624 752 3693 ποιητὴς
785 3621 963 3691 ἔργων
985 3637 1002 3653 ο
1034 3622 1260 3673 καὶτῶν
1292 3622 1619 3691 ἀπορρήτων
1645 3619 1750 3690 μύ-

169 3735 293 3787 στης
323 3719 419 3770 καὶ
481 3715 850 3785 μυσταγωγὸς
880 3715 1074 3780 λόγων.
1127 3713 1192 3765 Ἦ
1223 3713 1422 3782 κινύρα
1452 3713 1546 3766 τοῦ
1585 3712 1750 3765 [Ινεύ-

169 3823 347 3874 ματος,
379 3807 412 3875 ὴ
458 3805 747 3876 ἡδῦφωνος
784 3804 880 3856 καὶ
934 3804 1301 3870 καλλίφωνοςο
1347 3805 1380 3872 ἡ
1422 3803 1626 3872 εὐμελῆ
1655 3804 1750 3856 καὶ

165 3900 505 3967 εὐάρμοστον
559 3899 672 3959 τοῖς
701 3895 883 3949 εὑθὲσι
919 3896 1010 3949 τὸν
1033 3896 1176 3958 νοῦν,
1208 3895 1307 3966 τὴν
1341 3898 1440 3966 τῆς
1475 3896 1750 3965 θεολογίας

165 3989 596 4061 ἀνακρουομένη
643 3992 860 4058 φωνήν·
913 3992 945 4059 ἠ
1022 3988 1236 4058 μεγάλη
1269 3988 1365 4041 τοῦ
1408 3989 1544 4042 Θεοῦ
1577 3990 1750 4056 Λόγου

167 4082 374 4154 βροντὴ,
405 4084 441 4152 ἡ
471 4081 790 4150 ὑψηγόρως,
823 4081 855 4149 ή
901 4079 1295 4151 μεγαληγόρως
1328 4079 1427 4150 τὴν
1458 4081 1752 4134 ἀνάστασιν

163 4175 247 4228 τοῦ
290 4174 496 4244 Ἰησοῦ,
551 4175 673 4236 ταῖς
737 4174 1061 4237 Ἰουδαῖκαῖς
1111 4173 1372 4235 διανοίαις
1402 4176 1748 4243 ὲνηχήσασα,

163 4264 246 4314 καὶ
277 4264 376 4332 τὴν
406 4261 760 4330 σκληρότητα
786 4261 885 4330 τῆς
936 4261 1118 4314 αὐτῶν
1173 4260 1400 4330 καρδὲας
1431 4261 1751 4331 καταθραύ-

165 4367 294 4404 σασα
321 4367 336 4382 ·
373 4350 480 4419 τὴν
534 4349 744 4418 ἔρημον
786 4348 843 4400 δὲ
891 4349 1026 4410 τέως
1069 4348 1368 4418 ἐκκλησίαν
1420 4351 1752 4401 συσσείσασα

163 4441 257 4492 τῶν
286 4440 482 4503 ἐθνῶν,
525 4441 622 4492 καὶ
656 4438 837 4508 ἡρέμα
865 4440 998 4507 πρὸς
1048 4439 1299 4509 αἴσθησιν
1346 4439 1440 4492 τοῦ
1483 4457 1750 4509 κηρυττο-

165 4534 312 4602 μένου
343 4534 531 4600 Λόγου
553 4532 833 4601 προσαγου
845 4548 908 4584 σα
927 4571 941 4593 ,
970 4533 1062 4584 καὶ
1089 4534 1152 4601 τῇ
1182 4531 1419 4602 ἀποϐολῇ
1442 4532 1543 4602 τῆς
1573 4530 1751 4599 ἀγνώ-

166 4641 312 4688 μονος
368 4626 717 4693 Συναγωγῆς
785 4623 883 4690 τὴν
957 4623 1276 4692 εὐγνώμονα
1336 4623 1746 4694 μνηστευομένη

164 4717 397 4788 Χριστῷ.

227 4807 393 4877 Δεῦρο
432 4823 556 4876 μοι,
588 4804 978 4873 μακαριώτατε
1022 4795 1267 4866 Ἰάκωϐε,
1301 4807 1330 4856 ὁ
1373 4804 1450 4874 τῷ
1485 4804 1749 4874 ἀπλάστῳ

160 4899 245 4951 τοῦ
271 4901 436 4969 ἤθους
471 4898 572 4950 καὶ
601 4896 911 4964 ἀγαθοειδεξ
939 4897 1034 4948 καὶ
1065 4897 1404 4966 μονοτρόπῳ,
1433 4897 1509 4967 τῷ
1545 4898 1626 4950 ἑνὶ
1655 4899 1748 4950 καὶ

163 4991 339 5061 ἀγαθῷ
393 4991 552 5060 μόνῳ
605 4988 708 5057 τὴν
739 4989 901 5056 φύσιν
933 4988 1258 5058 ἀγαπηθεὶς,
1291 4989 1387 5041 καὶ
1409 4989 1519 5041 τῶν
1549 5006 1746 5060 πατρι-

163 5083 262 5134 κῶν
292 5084 565 5150 εὖλογιῶν
609 5081 951 5151 κληρονόμος
1005 5081 1373 5150 ἀποδειχθεὶς,
1426 5081 1520 5134 καὶ
1575 5081 1749 5155 ταύτῃ

162 5177 242 5226 τὸν
266 5175 368 5244 πρὸ
408 5177 728 5245 γεννήσεως
770 5173 1140 5244 μεμισημένον
1210 5173 1378 5226 Ἡσαῦ
1414 5173 1749 5244 ἔπτερνικὼς

164 5269 246 5318 καὶ
277 5265 804 5337 παρευδοκιμηκὼς,
839 5265 916 5329 ὼς
940 5265 1048 5319 τῶν
1075 5267 1459 5336 πρωτοτοκίων
1483 5268 1582 5336 τῆς
1606 5267 1750 5322 κατά

165 5356 366 5427 πνεῦμα
391 5357 718 5426 γεννήσεως
738 5353 1061 5425 ἠξιωμένος.
1087 5355 1145 5408 ’0
1160 5355 1236 5426 τῷ
1258 5355 1494 5426 ἀληθινῷ
1535 5356 1743 5423 Ἰσαὰκ,

165 5451 252 5518 τὴν
280 5451 501 5520 ἀληθῶς
530 5450 700 5519 φίλην
742 5447 894 5518 αὐτῷ
927 5449 1026 5520 τῆς
1053 5448 1292 5512 πίστεως
1323 5449 1744 5520 προεισενεγκά-

170 5559 316 5609 μενος
350 5544 595 5612 τροφὴν,
633 5541 729 5593 καὶ
760 5541 848 5595 διὰ
892 5540 1056 5595 τοῦτο
1087 5544 1376 5596 κατέναντι
1406 5541 1501 5594 τοῦ
1534 5542 1744 5613 πατρὸς

169 5634 568 5706 εὖηρεστηκὼς,
599 5633 694 5685 καὶ
721 5632 809 5686 διὰ
854 5630 1014 5685 τοῦτο
1042 5630 1246 5696 τελέως
1274 5631 1616 5701 εὐλογηθείςο
1651 5632 1744 5684 καὶ

235 5817 254 5843 ⁸
291 5814 430 5872 νεα..
460 5828 656 5874 Ἆγιη,
688 5815 739 5878 .‘i,
769 5815 820 5866 8.
899 5813 917 5846 τ
954 5813 1092 5867 lien.
1126 5831 1246 5880 ην,
1280 5814 1368 5866 27$.
1400 5812 1485 5866 ‘27'

1859 1977 2222 2032 aemulationis
2258 1979 2549 2044 fervorem,
2579 1983 2974 2052 probatamque
3002 1985 3164 2038 fidem
3200 2002 3262 2040 ac
3295 1986 3435 2039 dile—

1859 2069 2058 2124 ctionis
2100 2071 2537 2140 perfectionem;
2584 2074 2678 2127 sed
2710 2083 2767 2128 et
2799 2084 3064 2144 quantum
3096 2076 3163 2129 ad
3201 2077 3439 2146 Spiritus

1858 2179 1888 2218 c
1920 2163 2061 2219 emlo
2105 2164 2380 2233 illapsum,
2426 2164 2846 2234 liuguarumque
2890 2165 3329 2235 dispertitionem
3375 2183 3437 2221 ac

1859 2258 2130 2311 donorum
2167 2257 2515 2316 divisionem.
2555 2256 2690 2311 nihil
2739 2257 3037 2326 quidquam
3079 2260 3314 2312 alterum
3369 2261 3437 2314 ab

1858 2351 2032 2402 altero
2059 2349 2315 2402 existimo
2359 2350 2605 2403 diﬂ'erre.
2639 2349 3010 2414 Quamobrem
3038 2365 3142 2401 una
3173 2350 3438 2402 hat-tenus

1859 2457 1923 2494 ac
1953 2442 2262 2494 communis
2293 2441 2398 2494 erit
2429 2456 2619 2494 eorum
2657 2441 2920 2503 laudatio,
2961 2441 3056 2510 qui
3087 2457 3193 2494 una
3229 2441 3436 2495 Christi

1858 2535 2030 2588 forma
2083 2534 2302 2597 imbuti,
2354 2548 2574 2602 unoque
2625 2548 2688 2586 ac
2735 2533 2927 2586 eodem
2977 2534 3184 2603 pariter
3227 2533 3436 2602 Spiritu

1858 2625 2082 2695 perfecti
2117 2623 2323 2677 fuerint
2356 2638 2420 2677 ac
2445 2623 2793 2689 contigurati.
2833 2622 2991 2688 Quod
3032 2638 3168 2675 vero
3215 2624 3434 2692 propria

1857 2719 2058 2786 cuique
2094 2715 2435 2785 migrationis
2463 2724 2577 2768 tum
2613 2723 2849 2783 tempus,
2880 2723 2996 2768 tum
3041 2715 3238 2768 modus
3269 2715 3438 2769 exsti-

1861 2810 2047 2871 terint,
2082 2808 2311 2861 seorsim
2343 2807 2532 2873 etiam,
2563 2823 2671 2877 qua
2721 2806 2803 2862 eis
2838 2807 3210 2879 defungimur,
3242 2809 3437 2863 lauda-

1861 2902 2066 2955 tionem
2095 2900 2413 2954 reddemus.

1927 3075 2087 3129 Prius
2141 3074 2324 3142 itaque
2371 3087 2470 3141 pro
2534 3071 2681 3124 virili
2740 3079 2928 3125 nostra
2994 3069 3327 3125 laudationis
3383 3070 3437 3124 iu

1857 3166 2246 3235 evangelistam
2268 3163 2513 3232 partibus
2535 3162 2706 3216 functi
2737 3177 2948 3225 sumus,
2974 3164 3202 3231 ejusque
3221 3178 3437 3216 summa

1857 3260 2060 3312 virtute
2112 3257 2436 3326 spiritaliter
2474 3256 2751 3310 delectati.
2791 3255 2937 3325 quod
2977 3271 3074 3324 per
3125 3255 3438 3310 facultatem

1854 3351 2031 3414 licuit,
2080 3350 2161 3402 vel
2194 3349 2406 3402 modice
2437 3348 2684 3401 debitum
2717 3348 3082 3416 dependimus
3143 3349 3297 3402 Nunc
3345 3365 3442 3400 an-

1855 3450 1985 3505 tetu,
2027 3441 2232 3511 Optime
2259 3441 2577 3509 Christique
2607 3440 3008 3509 discipulorqu
3054 3440 3440 3510 probatissimo

1850 3535 2076 3596 Jacobe,
2120 3542 2177 3587 tu
2215 3549 2435 3602 quoque
2484 3532 2618 3584 mihi
2645 3532 2833 3586 adesto
2864 3532 3068 3596 hodie;
3102 3546 3307 3600 nempe
3343 3547 3440 3584 su-

1853 3628 2105 3685 blimium
2153 3626 2248 3680 Dei
2308 3624 2474 3679 Verbi
2525 3633 2804 3692 spectator
2849 3623 3130 3692 factorque
3179 3638 3434 3692 operum,

1851 3733 2289 3786 arcanorumque
2335 3717 2606 3786 discipule
2657 3733 2721 3770 ac
2767 3717 3030 3785 magister
3075 3731 3433 3770 sermonum:

1851 3811 2136 3866 duleisona
2173 3824 2235 3862 ac
2265 3808 2615 3876 pulchrisona
2650 3808 2888 3878 Spiritus
2933 3809 3141 3877 ciuyra,
3186 3807 3436 3860 modula-

1856 3915 1964 3958 tam
1999 3902 2438 3970 coneinuamque
2473 3901 2560 3954 his
2604 3901 2698 3968 qui
2744 3909 2896 3953 recto
2946 3900 3131 3953 animo
3175 3900 3286 3954 siut
3316 3899 3436 3968 pul-

1853 4012 1982 4050 sans
2029 3994 2317 4063 theologia:
2365 4007 2554 4046 vocem
2588 4009 2601 4045 :
2633 4007 2890 4060 magnum
2940 3990 3030 4044 [)ei
3076 3991 3243 4044 Verbi
3287 3989 3433 4044 toni-

1853 4096 2061 4148 truum,
2093 4085 2313 4139 sublimi
2346 4099 2653 4153 magnoque
2671 4083 2885 4152 fragore
2914 4083 3044 4136 Jesu
3076 4081 3432 4135 resurrectio-

1853 4193 1978 4230 nem
2011 4175 2328 4230 Judzeorum
2370 4174 2652 4228 mentibus
2694 4173 2976 4236 insonans,
3031 4183 3194 4242 atque
3239 4189 3429 4226 eorum

1852 4268 2038 4323 cordis
2081 4267 2337 4336 frangens
2381 4265 2688 4320 duritiam:
2741 4265 3114 4334 bactenusque
3156 4265 3430 4318 desertam

1853 4358 2177 4414 concutiens
2203 4357 2448 4428 gentiqu
2480 4357 2812 4420 Ecclesiam,
2833 4357 2994 4426 eique
3029 4357 3232 4410 sensim
3267 4355 3430 4409 Verbi

1854 4449 2155 4519 evangelici
2187 4464 2408 4502 sensum
2451 4449 2728 4518 ingerens,
2762 4457 2925 4517 atque
2960 4447 3221 4516 improba.-
3257 4448 3431 4519 Syna-

1780 4559 1826 4616 D
1852 4563 2002 4616 εοεαε
2035 4544 2266 4614 repudio
2296 4545 2527 4615 probam
2561 4555 2883 4615 gratamque
2929 4559 3184 4615 sponsam
3211 4544 3434 4601 Christo

1848 4635 2122 4689 adhibens
2158 4635 2199 4688 “.

1925 4807 2070 4861 Ades
2100 4805 2254 4868 dum,
2289 4804 2606 4859 beatissime
2645 4805 2870 4868 Jacohe,
2906 4821 3118 4860 morum
3169 4805 3434 4875 simplici-

1850 4909 1960 4954 tate
1988 4908 2044 4953 et
2075 4899 2321 4952 bonitate
2352 4906 2408 4952 et
2441 4897 2836 4956 uniformitate.
2865 4898 2913 4950 ei
2943 4897 3037 4965 qui
3072 4913 3214 4949 unus
3255 4897 3434 4951 solus-

1858 5005 1966 5060 que
2021 4999 2215 5042 natura
2265 4987 2447 5041 bonus
2496 4997 2601 5051 est,
2661 4987 2917 5051 dilectus,
2967 4996 3434 5055 paternarumque

1858 5079 2306 5135 benedictiouum
2366 5081 2539 5133 hzeres
2584 5079 2920 5143 echcte",ae
2977 5079 3070 5148 qui
3119 5094 3181 5132 ea
3223 5082 3434 5133 ratione

1857 5172 1998 5226 Esau
2031 5181 2155 5224 ante
2189 5179 2371 5223 ortum
2398 5170 2702 5224 nativitatis
2735 5171 2862 5225 odio
2894 5171 3139 5225 habitum
3171 5171 3432 5240 supplau-

1860 5260 2084 5321 taveris,
2119 5274 2184 5312 ac
2218 5258 2392 5328 gloria
2433 5259 2806 5328 superaveris,
2854 5259 3003 5312 velut
3034 5259 3294 5312 nimirum
3335 5260 3429 5327 qui

1854 5353 2119 5424 spiritalis
2149 5352 2450 5406 nativitatis
2473 5352 2750 5421 primitiva
2774 5364 2964 5406 nactus
2995 5352 3279 5418 sis"‘.Qui
3302 5368 3432 5407 vero

1853 5443 2027 5510 Isaac,
2063 5458 2191 5497 vere
2221 5442 2297 5495 illi
2329 5451 2585 5512 acceptos
2617 5443 2744 5496 lidei
2786 5442 2941 5496 cibos
2976 5442 3248 5505 intuleris,
3283 5460 3430 5495 eaut-

1853 5551 1962 5606 que
1995 5535 2066 5589 ob
2113 5550 2227 5589 rem
2262 5551 2443 5590 coram
2478 5536 2636 5590 Patre
2678 5535 2977 5605 placueris,
3023 5550 3086 5589 ac
3140 5547 3424 5606 propterea

1850 5628 2149 5700 perfectam
2184 5627 2625 5685 benedictionem
2648 5638 2981 5685 consecutus
3002 5628 3111 5696 sis;
3143 5630 3430 5684 frumenti-
3462 5693 3468 5698 ι

1562 5815 1609 5844 ⁷⁸
1643 5815 1795 5867 iiutn.
1835 5830 1903 5864 ιλ.
1947 5813 1996 5866 ll
2027 5830 2040 5871 ;
2087 5811 2314 5865 Malarh.
2347 5827 2378 5875 t,
2416 5810 2468 5863 ἓ.
