4192 6424
738 343 802 406 91
1950 351 2247 414 NICET/E
2284 354 2476 415 PAPH
2487 353 2813 416 LAGONIS
3934 360 4007 423 92

732 479 842 532 que
872 478 938 519 ac
976 464 1090 519 vini
1139 466 1298 530 loco,
1349 464 1630 537 Unigeniti
1672 480 1909 537 corpore
1950 478 2008 524 et
2055 470 2321 540 sanguine

2433 473 2566 525 ἀντὶ·
2607 471 2757 524 σίτου
2815 471 2910 524 καὶ¹
2959 472 3126 533 οῐνου,
3170 470 3252 535 τῷ
3285 471 3498 541 σώματι
3553 470 3648 524 καὶ
3693 473 3888 542 αίματι
3914 476 4010 528 του

731 555 1140 617 constabilitus,
1190 556 1570 627 Dominusque
1609 567 1667 612 et
1702 558 1873 627 judex
1918 561 2314 615 contribulium

732 648 802 700 ab
827 663 894 700 eo
925 649 1259 702 constitutus
1288 650 1330 704 ⁸.

797 739 1112 804 Adesdum;
1143 756 1204 794 os
1234 741 1576 810 deiloquium
1609 743 1865 809 admove,
1903 745 2177 801 excelsam
2219 762 2317 802 vo-

733 847 852 885 cem
888 848 952 885 ac
977 833 1269 888 deisonum
1305 833 1608 888 immittens
1649 837 1954 906 eloquium,
1982 837 2166 905 aspira
2193 854 2319 893 ver-

735 925 864 978 bum
904 925 1065 980 fidele
1093 943 1158 987 ac
1188 943 1418 992 verum;
1459 945 1656 998 nempe
1691 931 1924 984 verbum
1966 941 2149 985 vestra
2190 947 2322 1002 apo-

735 1019 916 1072 stolici
946 1022 1193 1074 muneris
1222 1020 1531 1087 functione,
1563 1023 1678 1078 sive
1709 1025 2014 1078 certamine
2069 1024 2318 1094 dignum.

739 1111 904 1166 Nefas
932 1114 1078 1167 enim
1109 1130 1170 1166 ea
1202 1117 1446 1184 aggredi,
1472 1133 1594 1185 quae
1623 1118 1826 1185 majora
1849 1133 2012 1186 quam
2040 1133 2140 1187 pro
2171 1120 2324 1173 tenui

736 1221 858 1259 mea
887 1205 1146 1259 facultate
1168 1216 1318 1260 sunt.
1349 1208 1590 1262 Mortalis
1618 1211 1766 1262 enim
1799 1219 1992 1262 temere
2029 1219 2184 1264 natat
2209 1228 2326 1264 ser-

736 1297 1016 1359 monibus,
1073 1307 1132 1350 ut
1184 1298 1370 1353 divina
1435 1299 1721 1369 Scriptura
1776 1301 2024 1371 loquitur
2078 1320 2091 1356 :
2154 1313 2326 1358 status

738 1398 912 1442 autem
929 1392 1164 1444 omnium
1189 1395 1590 1458 conservatoris,
1608 1395 1806 1464 inquit,
1825 1397 1936 1463 ipse
1954 1397 2100 1450 docet
2123 1415 2218 1452 nos
2247 1399 2324 1455 ".

735 1483 855 1536 Jam
887 1484 1036 1536 enim
1081 1485 1429 1539 divinissimo
1474 1486 1678 1546 Verbo,
1724 1487 1802 1540 uti
1835 1504 2058 1558 semper
2095 1490 2325 1556 deitate,

736 1577 920 1630 sedet
953 1579 1134 1630 anima
1184 1594 1281 1631 sua
1325 1579 1668 1648 intelligente
1702 1591 1759 1635 et
1806 1597 1928 1650 quae
1976 1583 2140 1637 simul
2181 1585 2328 1639 Deus

735 1669 988 1733 exsistat,
1015 1671 1198 1723 omnia
1235 1671 1462 1740 implere
1491 1683 1772 1742 satagente
1803 1692 1816 1726 :
1849 1690 1916 1727 ac
1957 1691 2080 1728 cum
2110 1675 2325 1732 inferna

747 1758 997 1826 quidem,
1026 1775 1126 1811 suo
1159 1760 1288 1814 illuc
1319 1777 1415 1830 per
1435 1778 1653 1816 crucem
1682 1763 1950 1817 descensu
1982 1766 2231 1834 impleret
2256 1768 2323 1822 ad

737 1863 906 1916 seque
969 1865 1182 1903 summa
1265 1851 1587 1919 colligeret;
1649 1867 1714 1906 ac
1769 1869 1961 1908 rursus
2033 1857 2309 1921 caelestia,

737 1958 834 1996 sua
896 1943 948 1995 in
1017 1946 1183 1998 cmlos
1254 1945 1631 2008 exaltatione,
1701 1947 1985 2015 majestate
2051 1966 2147 2004 sua
2227 1952 2328 2006 im-

737 2038 917 2105 pleret
963 2056 975 2090 :
1036 2055 1272 2108 cumque
1326 2040 1465 2094 adeo
1516 2056 1796 2110 congeneo
1861 2043 2108 2110 Spiritu,
2163 2045 2330 2099 vcbe-

736 2130 939 2182 mentis
1002 2129 1164 2185 ﬂatus
1228 2131 1400 2185 instar
1451 2149 1482 2187 e
1541 2134 1681 2187 cmlo
1747 2135 1800 2188 in
1855 2135 2156 2205 discipulos
2231 2154 2329 2191 ve-

735 2223 860 2275 nien
871 2233 941 2288 te,
956 2239 1285 2293 omnemque
1306 2225 1387 2280 eis
1410 2243 1632 2281 sensum
1652 2243 1716 2281 ac
1730 2230 1978 2298 corporis
1997 2231 2326 2298 membrum,

735 2329 1068 2382 omnemque
1130 2325 1340 2369 motum
1387 2332 1453 2372 ac
1509 2320 1888 2386 operationem
1945 2322 2011 2374 ad
2067 2324 2328 2392 pietatem

736 2407 1048 2474 complente
1087 2423 1100 2460 :
1151 2409 1373 2476 quando
1418 2409 1571 2464 visus
1619 2411 1843 2479 quidem
1899 2414 2099 2482 linguis
2151 2415 2328 2485 igneis

737 2498 1026 2551 collucens
1073 2499 1644 2569 circumfulgcbatur;
1693 2502 1918 2558 auditus
1959 2521 2113 2567 vero,
2150 2506 2326 2562 divini

738 2590 954 2642 sonitus
984 2590 1202 2659 fragore
1227 2593 1677 2647 sanctificabatnr
1702 2611 1715 2646 :
1745 2604 1910 2664 atque
1939 2596 2176 2652 olfactus
2203 2600 2328 2667 qui-

737 2681 861 2734 dem
896 2683 1141 2751 mysticis
1167 2684 1356 2753 gratiaa
1387 2685 1578 2750 radiis,
1604 2694 1863 2755 tanquam
1896 2699 2174 2758 unguenta
2202 2708 2327 2760 per-

737 2772 1083 2840 spirantibus
1143 2775 1600 2845 suavissimaaque
1658 2777 1977 2846 fragrantia:
2026 2781 2324 2847 odoribus,

737 2864 1062 2931 elllorebat;
1100 2866 1301 2936 lingua:
1325 2883 1456 2921 vero
1489 2868 1576 2923 his
1606 2869 1807 2923 eximie
1849 2872 2059 2935 aﬂlataa,
2094 2875 2327 2942 potiori-

740 2969 848 3022 que
876 2954 1150 3026 theologia
1184 2957 1400 3018 excitae,
1429 2959 1510 3012 sic
1542 2959 1781 3028 Spiritus
1804 2961 1855 3014 vi
1895 2961 1962 3015 ad
1985 2977 2202 3016 omnem
2232 2979 2329 3017 na-

739 3047 950 3100 tionum
974 3051 1256 3120 sermonis
1280 3050 1392 3104 vim
1418 3067 1483 3105 ac
1504 3053 1898 3121 pr0prietatem
1921 3056 2326 3124 componeban-

741 3150 854 3204 tur,
887 3149 948 3195 ut
979 3151 1034 3197 et
1065 3145 1403 3199 temulentis:
1427 3145 1642 3214 profani
1678 3162 1792 3201 rem
1819 3149 2159 3202 ascriberent
2187 3166 2199 3202 :
2229 3165 2327 3219 per
2358 3181 2399 3238 ο

740 3250 962 3288 onmem
1012 3245 1198 3290 autem
1240 3245 1471 3300 tactum,
1508 3253 1838 3307 omnemque
1873 3241 2101 3294 rationis
2144 3257 2208 3296 ac
2241 3242 2328 3295 in-

743 3326 1062 3397 telligentia:
1085 3328 1219 3394 vim,
1251 3329 1439 3382 divina
1481 3331 1790 3399 pervadens
1823 3331 1995 3400 gratia
2021 3373 2034 3396 ,
2075 3340 2330 3403 totosque

743 3417 869 3471 illos
893 3434 1024 3472 vere
1057 3419 1428 3490 undequaque
1445 3421 1791 3490 adimplens;
1820 3433 2086 3492 extraque
2120 3426 2331 3495 seipsos

743 3523 808 3561 ac
873 3510 1139 3564 mundum
1196 3524 1416 3566 omnem
1478 3516 1822 3568 constituens
1872 3518 1925 3586 (ο
1977 3517 2198 3571 beatum
2275 3528 2332 3572 et

743 3603 1114 3669 exoptandum
1149 3608 1474 3673 excessum!
1509 3623 1541 3659 ο
1574 3608 1902 3661 laudabilem
1942 3610 2088 3663 illam
2135 3611 2332 3663 immu-

745 3694 1008 3747 tationem
1034 3695 1098 3764 l),
1133 3696 1276 3749 intra
1308 3698 1477 3751 Deum
1501 3714 1622 3753 esse
1652 3699 1888 3755 fecerat:
1915 3701 2135 3770 quando
2165 3701 2331 3755 nimi-

747 3800 890 3844 rum.
926 3800 1144 3848 eorum,
1180 3802 1301 3854 quae
1333 3787 1401 3840 ad
1439 3803 1536 3842 eos
1566 3789 1804 3857 primum
1841 3789 1983 3844 dicta
2027 3807 2056 3845 a
2088 3791 2329 3858 Christo,

747 3876 981 3931 obscure
1006 3888 1354 3958 acceperant,
1389 3896 1512 3949 qua!
1559 3891 1688 3937 tunc
1723 3883 2057 3953 gerebantur
2085 3899 2149 3938 ac
2187 3901 2333 3954 prs:-

749 3970 950 4031 sentia,
998 3972 1147 4024 clara
1197 3972 1400 4025 evictio
1446 3983 1648 4027 erant:
1696 3991 1762 4030 ac
1811 3992 2046 4045 quorum
2081 3976 2335 4031 obscuris

747 4064 996 4132 vestigiis
1031 4065 1155 4119 fidei
1187 4069 1410 4121 umbras
1437 4069 1622 4121 animo
1647 4067 2002 4138 ellingebant,
2034 4085 2228 4123 eorum
2256 4069 2332 4124 ibi

751 4163 882 4208 tunc
911 4157 1152 4210 dilucida
1182 4175 1243 4211 ac
1272 4161 1562 4229 perspicua
1600 4161 1995 4230 adimpletione
2034 4163 2210 4217 oculis
2231 4162 2336 4217 ob-

750 4256 1027 4308 versante,
1064 4251 1453 4320 rationumque
1486 4268 1550 4306 ac
1579 4253 1976 4322 cogitationum
2015 4255 2179 4308 missa
2231 4256 2337 4310 du-

748 4337 951 4392 bietate
1007 4350 1267 4410 metuque
1291 4343 1543 4412 deposito
1581 4365 1596 4399 :
1645 4345 1795 4399 omni
1822 4345 2061 4416 denique
2099 4347 2335 4418 ignavia,

746 4428 1006 4497 omnique
1036 4430 1201 4484 animi
1250 4431 1370 4485 labe
1405 4432 1642 4495 detersa,
1681 4433 1918 4487 caalestis
1948 4433 2060 4502 jam
2089 4433 2332 4504 vitaegu-

745 4529 890 4572 stum
947 4520 1502 4592 faciebant:quando
1547 4525 1708 4594 plane
1743 4523 2202 4594 praemagnificum
2259 4541 2341 4580 re-

746 4627 875 4665 vera
894 4614 1141 4668 maximze
1170 4616 1524 4685 perfectionis
1550 4617 1914 4671 arrhabonem
1938 4617 2106 4680 nacti,
2135 4618 2327 4672 certis.

753 4707 949 4762 simam
997 4710 1123 4765 inde
1160 4728 1311 4780 spem
1359 4713 1866 4781 divinissimamque
1894 4713 2264 4783 arripuerant.

815 4919 972 4974 Tunc
999 4935 1153 4986 sane,
1183 4931 1315 4976 tunc
1341 4939 1534 4978 rursus
1561 4925 1839 4979 aemulatio
1861 4923 2000 4979 nihil
2025 4923 2210 4994 priore
2233 4924 2336 4978 mi-

753 5027 878 5074 nor,
921 5011 1250 5067 insolentem
1281 5016 1548 5084 populum
1598 5015 1830 5082 invasit;
1864 5016 2114 5087 ignisque
2142 5017 2337 5071 adver-

751 5103 931 5158 sarios
950 5120 1170 5170 vorans,
1202 5106 1577 5162 adversariam
1609 5109 1818 5178 Deique
1844 5109 2124 5164 inimicam
2143 5108 2336 5163 factio-

752 5213 901 5261 nem,
930 5196 1193 5252 adversus
1221 5200 1581 5268 apostolicam
1610 5201 1878 5270 (divinam
1898 5200 2137 5270 scilicet)
2167 5201 2331 5254 ﬁdem

753 5303 818 5341 ac
857 5289 1150 5343 consilium
1188 5292 1527 5346 accendebat
1550 5291 1593 5345 '.
1633 5291 2108 5357 Quemadmodum
2147 5303 2331 5346 autem

758 5379 917 5433 initio
966 5383 1391 5438 scelestissimus
1441 5385 1555 5449 ille,
1604 5400 1760 5438 suam
1805 5384 1934 5440 Jesu
1987 5384 2332 5453 apparitione

757 5471 1171 5526 convellendam
1210 5475 1552 5542 tyrannidem
1581 5476 1850 5537 sentiens,
1880 5473 2072 5529 Judam
2105 5474 2330 5544 quidem

758 5572 820 5616 ut
849 5563 1097 5632 proditor
1128 5575 1298 5629 esset,
1333 5568 1726 5632 suscitaverat;
1759 5583 2091 5638 omnemque
2122 5569 2332 5623 incom-

760 5656 993 5726 positam
1020 5658 1232 5725 plebem
1263 5675 1483 5729 cogens,
1534 5661 1600 5714 ad
1651 5661 1988 5714 deditionem
2035 5661 2335 5730 turbasque

831 5818 1002 5872 “Gen.
1042 5822 1317 5886 xxvn,‘:’.7.
1390 5823 1442 5855 "
1485 5822 1586 5878 Job
1615 5840 1777 5888 xxxii,
1813 5824 1862 5877 8.

1942 5828 1960 5856 θ
2001 5825 2101 5879 lsa.
2135 5840 2276 5888 nvu,
2312 5823 2392 5878 ll.

2420 560 2760 630 Μονογενοῦς
2807 560 3120 632 στηριχθείς
3140 576 3154 591 ·
3187 561 3284 614 καὶ
3321 561 3512 632 κύριος
3542 561 3639 615 καὶ
3679 563 3874 633 κριτὴς
3901 563 4012 616 τῶν

2419 653 2695 722 ὁμογενῶν
2726 653 2819 706 ὐπ’
2851 653 3016 706 αὐτοῦ
3040 654 3335 718 καταστάς.

2493 745 2661 816 Δεῦρό
2694 762 2808 815 μοι,
2839 746 3084 815 πρόσαγε
3113 745 3176 798 τὸ
3201 744 3464 816 θεηγόρον
3490 746 3688 815 στόμα,
3729 745 4005 816 ὑψηγόρον

2424 839 2670 910 φθέγμα,
2724 840 2820 891 καὶ
2872 839 3206 907 θεόφθογγον
3251 842 3416 902 ἐνιεὶς
3447 838 3657 904 λαλιάν,
3693 839 4006 908 εμπνευσον

2426 935 2580 1005 ῥῆμα
2609 933 2800 988 πιστὸν
2827 935 2921 987 καὶ
2951 934 3226 1003 ἀληθινὸν,
3261 933 3412 1004 ῥῆμα
3441 933 3542 1000 τῆς
3569 933 3842 1002 ὑμετέρας
3870 935 4010 985 ἀπο·-

2427 1027 2645 1098 στολῆς,
2683 1027 2781 1080 εἶτ’
2823 1024 2918 1080 οὖν
2953 1027 3234 1095 ἀθλήσεως
3280 1025 3460 1090 ἀξιον·
3490 1027 3552 1078 οὐ
3593 1027 3701 1098 γάρ
3737 1043 3828 1094 μοι
3855 1025 4018 1095 θέμις

2425 1121 2695 1192 ἐγχειρεῖν
2715 1125 2822 1184 τοῖς
2858 1122 3000 1192 ὑπὲρ
3033 1123 3132 1190 ἐμέ
3152 1140 3164 1152 ·
3203 1121 3422 1189 Βροτὸς
3454 1119 3623 1192 [Sixt.
3665 1120 4016 1190 Ἀνθρωποςι

2426 1211 2536 1282 γὰρ
2588 1213 2794 1279 ἄλλως
2843 1213 3094 1282 νήχεται
3145 1215 3385 1280 λόγοις,
3434 1211 3578 1265 κατά
3607 1212 3707 1280 τὴν
3753 1211 4010 1281 Γραφήν’

2427 1301 2588 1371 πνοὴ
2614 1302 2702 1366 δὲ,
2723 1303 2910 1372 φησὶν,
2935 1303 3417 1372 παντοκράτορος
3436 1305 3475 1372 ή
3514 1301 3893 1357 διδάσκουσά
3909 1320 4006 1369 με.

2433 1399 2593 1464 Ἀρτι
2646 1395 2758 1466 γάρ
2784 1396 2879 1450 τοῦ
2911 1397 3350 1468 θεαρχικωτάτου
3379 1397 3582 1465 Λόγου.
3613 1396 3804 1466 ῶσπερ
3831 1395 3916 1449 ἀεὶ
3940 1397 4010 1465 τῇ

2431 1491 2668 1561 θεότητι,
2697 1490 2841 1544 οὕτω
2872 1492 2966 1544 καὶ
2995 1492 3139 1544 κατά
3166 1492 3266 1561 τὴν
3295 1489 3488 1558 νοεράν
3514 1488 3681 1543 αὐτοῦ
3709 1488 3887 1558 ψυχὴν
3917 1487 4021 1540 καὶ

2429 1585 2680 1653 ὁμόθεον,
2737 1583 2801 1635 τὸ
2861 1583 3039 1636 πάντα
3074 1581 3317 1651 πληροῦν
3375 1581 3765 1651 ἐπειγομένουο
3815 1580 3910 1633 καὶ
3948 1579 4021 1631 τά

2434 1678 2732 1747 ὑποχθόνια
2781 1677 2882 1748 μὲν
2930 1676 3073 1730 κατά
3103 1676 3202 1745 τὴν
3250 1677 3428 1729 ἐκεῖσε
3482 1675 3572 1728 διὰ
3625 1674 3721 1728 τοῦ
3782 1672 4020 1742 σταυροῦ

2433 1769 2660 1822 κάθοδον
2689 1769 2853 1822 αὐτοῦ
2881 1785 2951 1821 τε·
2978 1767 3333 1838 πληροῦντος.
3368 1767 3462 1821 καὶ
3493 1766 3631 1838 πρὸς
3661 1767 3851 1819 ἑαυτὸν
3877 1769 4013 1820 ἀνα-

2435 1860 2892 1928 κεφαλαιοῦντοςο
2920 1862 2988 1914 τά
3032 1862 3331 1931 ἐπουράνια
3366 1860 3424 1912 δέ
3455 1859 3632 1921 αὖθις,
3665 1858 3754 1910 διὰ
3787 1857 3886 1925 τῆς
3920 1856 4020 1908 ἐπὶ

2433 1955 2562 2016 τοὺς
2613 1954 2876 2025 οὐρανοὺς
2905 1953 3186 2022 ὐψώσεως,
3229 1957 3325 2023 τῆς
3372 1953 3578 2016 οἰκείας
3635 1951 4016 2022 ἐμπιπλῶντος

2434 2045 2611 2112 δόξης,
2669 2044 2761 2098 τοῦ
2796 2043 3078 2113 συμφυοῦς
3116 2044 3176 2097 δὲ
3207 2044 3524 2114 Πνεύματος
3557 2042 3785 2104 ἀνωθεν,
3825 2042 4016 2109 ῶσπερ

2437 2136 2617 2206 βιαίας
2665 2136 2835 2206 πνοῆς
2865 2137 2957 2189 ἐπὶ
2999 2138 3125 2200 τοὺς
3163 2136 3412 2206 μαθητὰς
3445 2137 3650 2200 ίόντος,
3705 2135 3800 2188 καὶ
3833 2135 4023 2188 πᾶσαν

2434 2231 2619 2293 αὐτοῖς
2655 2230 2932 2300 αἴσθησιν,
2965 2231 3071 2282 πᾶν
3097 2244 3158 2280 τε
3191 2228 3350 2298 μέλος
3382 2226 3475 2280 τοῦ
3509 2227 3760 2296 σώματος
3791 2225 3884 2278 καὶ
3909 2225 4020 2276 πᾶ-

2436 2339 2534 2374 σαν
2596 2322 2831 2391 κίνησιν,
2892 2323 2986 2374 καὶ
3043 2322 3224 2373 πᾶσαν
3281 2318 3565 2389 ἐνέργειαν
3619 2315 4019 2384 κατορθοῦντος

2435 2411 2572 2482 πρὸς
2606 2411 2889 2465 εὐσέϐειαν
2912 2429 2925 2442 ·
2977 2410 3141 2482 ἡνίκα
3170 2409 3383 2469 τούτοις
3416 2410 3606 2480 ὅρασις
3639 2407 3738 2478 μὲν
3771 2409 3891 2469 ταῖς
3915 2424 4009 2458 πυ-

2440 2505 2614 2574 ρὶναις
2689 2500 2965 2569 γλώσσαις
3029 2499 3459 2570 λαμπρυνομένη
3525 2498 4018 2568 κατηστράπτετοσ

2434 2594 2572 2665 ἀκοὴ
2600 2595 2654 2647 δὲ
2688 2593 2762 2663 τῷ
2789 2594 3078 2663 ῥοιζήματι
3121 2593 3220 2660 τῆς
3249 2591 3400 2655 θείας
3426 2590 3566 2660 ἠχῆς
3608 2586 3979 2658 καθηγιάζετο
4002 2603 4019 2617 ·

2435 2689 2529 2742 καὶ
2567 2689 2834 2757 ὄσφρησις
2871 2687 2992 2756 μὲν,
3037 2687 3158 2748 ταῖς
3196 2685 3485 2752 μυστικαῖς
3524 2683 3704 2735 ἀκτῖσι
3727 2682 3828 2749 τῆς
3859 2681 4016 2749 χάρι·

2433 2797 2544 2840 τος.
2576 2774 2663 2831 οἷα
2705 2781 3022 2847 μυριπνόοις
3059 2777 3317 2831 ἀνέθαλλε
3353 2775 3740 2835 εὐωδεστάτοις
3783 2773 3982 2845 ὀσμαῖς
4008 2787 4019 2794 ·

2435 2873 2674 2938 γλῶσσαι
2722 2872 2778 2923 δὲ
2827 2871 3038 2932 τούτοις
3092 2869 3387 2944 ὑπερφυῶς
3445 2867 3873 2936 θεοφορούμεναι
3923 2865 4023 2916 καὶ

2435 2964 2741 3033 κρείττονος
2765 2961 3174 3030 ἑμφορούμεναι
3206 2958 3521 3026 θεολογίας,
3565 2958 3708 3010 οὕτω
3741 2956 3881 3026 πρὸς
3908 2957 4021 3020 πᾶ-

2437 3070 2536 3105 σαν
2566 3053 2734 3105 ἐθνῶν
2780 3053 3063 3104 διάλεκτον
3123 3050 3532 3121 μεθηρμόζωτο
3587 3047 3666 3118 τῷ
3722 3047 4026 3115 πνεύματι,

2434 3141 2576 3195 ὥστε
2612 3143 2703 3196 καὶ
2735 3143 2904 3212 μέθην
2931 3144 3046 3205 τοῖς
3079 3139 3346 3210 ἀμύστοις
3379 3138 3560 3192 αὐτῶν
3602 3139 4020 3206 καταγινώσκε’

2436 3234 2598 3288 σθαι·
2628 3235 2696 3288 δι’
2728 3236 2870 3304 ἁφῆς
2921 3235 2978 3287 δέ
3029 3233 3233 3304 πάσης,
3289 3233 3384 3286 καὶ
3420 3232 3601 3302 πάσης
3633 3232 3857 3300 λογικῆς
3921 3231 4008 3284 δυσ

2447 3327 2667 3397 νάμεως
2696 3327 2792 3380 καὶ
2824 3329 3018 3398 νοερᾶς
3045 3329 3078 3396 ἡ
3108 3326 3226 3378 θεία
3257 3325 3668 3378 καταδεδωκυῖα
3713 3323 3895 3392 χάρις,
3926 3325 4026 3375 καὶ

2435 3422 2590 3483 ὅλους
2643 3421 2711 3473 δι’
2767 3422 2890 3475 ὅλου
2947 3419 3172 3483 τούτους
3201 3417 3523 3491 ἀκραιφνῶς
3571 3415 3856 3486 πληροῦσα
3884 3433 3898 3446 ο
3927 3419 4030 3468 κατ

2437 3513 2541 3578 ἔξω
2569 3515 2665 3582 μὲν
2699 3513 2926 3571 ἑαυτῶν.
2955 3509 3060 3576 ἔξω
3093 3511 3150 3564 δὲ
3176 3510 3270 3563 τοῦ
3302 3510 3512 3577 κόσμου
3542 3508 3859 3561 καθιστῶσα
3885 3523 4021 3559 πανη

2433 3608 2523 3668 τός
2547 3623 2560 3634 ·
2601 3607 2689 3676 (Ὢ
2725 3607 3004 3676 μακαρίας
3025 3605 3334 3666 ἐκστάσεως
3367 3603 3462 3654 καὶ
3504 3601 3791 3672 ζηλωτῆςι
3832 3599 3877 3652 ὦ
3924 3601 4030 3668 τῆς

2436 3698 2724 3769 ἐπαινετῆς
2751 3697 2965 3766 ἐκείνης
3001 3696 3359 3758 ἀλλοιώσεως,
3384 3694 3535 3757 ἐντὸς
3565 3693 3795 3763 καθίστη
3822 3692 3958 3745 Θεοῦ
3985 3695 4000 3745 !
4014 3706 4033 3760 )

2435 3792 2599 3861 ἡνίκα
2641 3789 2748 3842 τῶν
2792 3789 2898 3841 ὑπὸ
2935 3787 3175 3859 Χριστοῦ
3206 3787 3424 3859 πρῶτον
3469 3785 3608 3856 πρὸς
3639 3786 3838 3848 αὐτοὺς
3864 3787 4027 3855 εξρη-

2440 3885 2614 3954 μένων
2639 3883 2732 3936 καὶ
2753 3880 3011 3952 ἀμυδρῶς
3037 3880 3404 3949 ἀκουομένων,
3431 3879 3652 3947 ἐλεγχος
3679 3873 3748 3948 ἦν
3773 3876 3843 3928 τά
3873 3893 4031 3946 παρ-

2439 3975 2567 4027 όντα
2634 3973 2856 4042 σαφής⁶
2893 3970 2987 4024 καὶ
3040 3963 3116 4024 ῶν
3163 3971 3434 4039 ἀμαυροῖς
3475 3968 3646 4037 ῖχνεσι
3695 3967 3930 4027 πίστεως
3965 3967 4035 4017 ἐν

2437 4066 2720 4134 λογισμοῖς
2749 4062 3044 4116 ἐνετύπουν
3096 4063 3196 4133 τὴν
3229 4061 3627 4129 σκιαγραφίαν,
3661 4057 3869 4111 τούτων
3904 4057 4035 4110 ἐκεῖ

2437 4159 2559 4212 τότε
2589 4157 2766 4228 φανὴν
2799 4174 2858 4207 τε
2885 4157 2981 4209 καλ⁵
3007 4154 3228 4223 εῦδηλον
3257 4151 3729 4219 καταθεασάμενοι
3757 4149 3857 4216 τὴν
3885 4148 4039 4216 πλή-

2444 4266 2631 4320 ρωσιν,
2659 4248 2752 4300 καὶ
2784 4246 2892 4298 τῶν
2922 4243 3197 4314 λογισμῶν
3229 4243 3328 4312 τὴν
3354 4240 3629 4311 διάκρισιν
3658 4237 4040 4300 ἀποϐαλόντες

2444 4343 2540 4396 καὶ
2571 4341 2669 4412 τὴν
2702 4339 2953 4408 διψυχίαν
2981 4339 3244 4405 ἀφέντες,
3280 4335 3374 4387 καὶ
3406 4333 3497 4386 τὸν
3523 4331 3688 4400 φόϐον
3711 4331 4038 4382 ἀποσκευα-

2444 4434 2689 4504 σάμενοι,
2726 4433 2820 4485 καὶ
2850 4433 3031 4484 πᾶσαν
3058 4429 3259 4482 δειλίαν
3285 4426 3380 4479 καὶ
3409 4427 3518 4479 πᾶν
3545 4425 3718 4486 πάθος
3744 4422 4038 4490 ἀποκαθη-

2378 4540 2423 4596 ι)
2453 4526 2675 4597 ράμενοι
2723 4527 2824 4592 τῆς
2859 4521 3060 4591 ψυχῆς,
3115 4519 3215 4587 τῆς
3245 4517 3500 4588 οὐρανίας
3545 4515 3729 4568 λοιπὸν
3775 4509 3918 4583 ἦσαν
3969 4514 4040 4564 ἐν

2436 4614 2786 4683 συναισθήσει
2845 4613 2990 4680 ζωῆς
3019 4625 3034 4640 ⁶
3086 4613 3173 4663 ὅτε
3229 4609 3292 4679 δὴ
3329 4607 3582 4678 λαμπρὸν
3628 4605 3742 4658 ὄντι
3789 4604 4034 4673 μάλιστα

2427 4711 2520 4764 τὸν
2547 4708 2842 4782 ἀρραϐῶνα
2869 4707 3150 4774 δεξάμενοι
3178 4705 3276 4773 τῆς
3296 4700 4037 4771 τελειότητος,ἀξιολογωτά-

2433 4819 2532 4872 της
2552 4799 2800 4854 ἐντεῦθεν
2827 4798 3038 4860 ἐλπίδος
3059 4796 3152 4850 καὶ
3169 4794 3585 4861 θεοτελεστάτης
3602 4790 4028 4862 κατεδράξαντο.

2511 4922 2647 4975 Τότε
2677 4921 2763 4992 δὴ,
2793 4920 2914 4973 τότε
2940 4917 3100 4989 ζῆλος
3127 4916 3228 4987 μὲν
3248 4915 3411 4969 πάλιν
3439 4915 3538 4984 οὐχ
3563 4908 3725 4985 ἦττον
3751 4911 3845 4964 τοῦ
3871 4911 4034 4982 πρώ-

2433 5032 2550 5078 του,
2587 5015 2678 5067 τὸν
2708 5013 3031 5066 ἀπαίδευτον
3061 5009 3273 5077 εἰλήφει
3299 5007 3426 5060 λαόν
3447 5023 3461 5036 ·
3497 5005 3608 5076 πῦρ
3660 5004 3719 5056 δὲ
3753 5004 3882 5066 τοὺς
3913 5004 4029 5057 ὐπ-

2434 5105 2711 5167 εναντίους
2760 5103 3076 5168 κατεσθίον,
3104 5101 3184 5163 είς
3237 5099 3533 5152 ἀντίπαλον
3588 5096 3685 5150 καὶ
3751 5095 4035 5165 θεομάχον

2439 5201 2654 5269 μοῖραν,
2683 5198 2823 5250 κατά
2848 5197 2946 5266 τῆς
2969 5192 3328 5263 ἀποπολικῆς
3356 5193 3475 5261 ἦτοι
3502 5189 3796 5260 θεαρχικῆς
3814 5188 4032 5256 ἐξῆπτε

2435 5292 2669 5352 πίστεως
2703 5290 2798 5342 καὶ⁵
2827 5287 3040 5359 βουλῆς.
3083 5287 3293 5354 Ὠσπερ
3320 5284 3377 5336 δὲ
3406 5283 3504 5354 τὴν
3527 5280 3702 5352 ἀρχὴν
3743 5282 3771 5333 ὀ
3815 5281 4032 5349 δυσμε-

2439 5385 2535 5454 νὴς
2567 5380 3006 5450 καθαιρουμένην
3021 5376 3189 5432 αὐτοῦ
3215 5375 3314 5447 τὴν
3344 5373 3634 5445 τυραννίδα
3666 5373 3754 5425 διά
3773 5372 3870 5442 τῆς
3899 5373 4031 5424 ἐπι-

2441 5476 2665 5544 φανείας
2710 5475 3031 5542 αἰσθόμενος
3053 5469 3150 5524 τοῦ
3189 5467 3391 5539 Ἰησοῦ,
3437 5466 3636 5520 Ἰούδαν
3668 5466 3766 5533 μὲν
3796 5465 4035 5534 ἡγειρεν

2440 5573 2520 5631 εἰς
2547 5567 2836 5636 προδοσίαν
2860 5585 2871 5594 ·
2907 5565 3085 5618 πάντα
3132 5562 3189 5615 δὲ
3237 5561 3328 5614 τὸν
3367 5558 3664 5613 ἀσύνθετον
3693 5557 4030 5627 ὀχλαγωγῆ-

2446 5679 2540 5724 σας
2578 5660 2770 5729 δῆμον,
2805 5659 2883 5722 εἰς
2919 5658 3272 5710 ἐπισύστασιν
3304 5651 3606 5722 ἐξέμηνενο
3655 5650 3933 5721 ἀρχιερεῖς
3959 5665 4037 5702 τε
