4192 6424
191 435 245 497 93
936 434 1221 495 ORATIO
1258 437 1325 499 V.
1352 460 1422 472 —
1450 435 1530 497 IN
1574 436 1846 499 LAUDE]

1750 436 1886 499 ΕΜ
1925 438 1987 498 S.
2026 438 2285 499 JACOBI
2322 438 2679 500 ZEBED/EI.
3334 434 3405 498 94

190 549 266 603 καὶ
286 544 631 614 γραμματεῖς
680 542 894 608 πάντας
942 543 1147 615 ἐξῆπτε
1200 546 1339 617 πρὸς
1388 546 1727 600 θεοκτονίαν·
1758 555 1845 608 At

1758 555 1806 608 Α
1833 547 2178 601 consciverat
2202 564 2217 610 ;
2242 548 2642 617 pontiﬁcesque
2663 560 2727 600 ac
2753 544 2963 601 scribas
2994 558 3188 599 omnes
3212 560 3276 600 ac
3291 546 3409 601 dei-

189 640 264 693 καὶ
284 639 309 690 ό
332 637 562 699 Πιλάτος
586 635 680 688 τὸν
710 634 888 689 ἀθῶον
915 635 1167 702 ἐξεδίδου,
1198 638 1294 691 καὶ
1318 638 1368 690 oi
1401 638 1733 709 στρατιῶται

187 728 490 791 κατέπαιζον
508 745 524 759 ο
556 728 656 781 καὶ
680 729 709 782 ό
726 729 957 799 σταυρὸς
982 729 1183 799 ὖψωτο,
1211 732 1308 784 καὶ
1334 732 1364 784 ό
1391 730 1598 795 δίκαιος
1620 734 1733 796 τοῖς

186 824 379 891 ἀνόμοις
432 823 880 894 συνεπαύρωτο·
946 824 1239 879 κάντεῦθεν
1282 825 1457 878 ἐδόκει
1518 825 1619 895 μὲν
1670 826 1732 879 τὸ

188 919 344 987 χρῆμα
367 914 510 968 κατά
538 915 662 969 νοῦν
688 918 801 979 τοῖς
823 916 1045 969 ἀσεϐέσι
1078 920 1277 987 χωρεῖν
1297 960 1313 982 ,
1348 919 1445 971 καὶ
1474 917 1729 971 τεθνάναι

186 1011 258 1063 τὸν
292 1009 520 1078 Ἰησοῦν,
560 1010 655 1063 καῖ⁵
684 1007 783 1076 τὴν
804 1009 969 1064 αὑτοῦ
997 1010 1453 1064 καταπαύσασθαι
1483 1010 1727 1080 διδαχὴν,

187 1102 261 1153 καὶ
282 1101 684 1170 διεσκορπίσθαι
711 1103 838 1164 τοὺς
896 1100 1142 1171 μαθητάς
1162 1120 1176 1133 ·
1215 1102 1509 1156 ἐλάνθανον
1537 1102 1595 1155 δὲ
1636 1104 1726 1158 διὰ

184 1193 265 1263 τῆς
291 1192 466 1246 αὐτῶν
492 1193 845 1264 κακουργίας,
875 1191 1033 1257 δόξαν
1064 1194 1163 1262 μέν
1192 1193 1569 1257 ὁδοποιοῦντες
1588 1195 1726 1264 Χρι-

188 1285 302 1354 στῷ·
341 1286 602 1353 αἰσχύνην
627 1285 685 1339 δέ
723 1287 820 1338 καὶ
843 1285 1064 1357 ὄλεθρον
1088 1284 1307 1339 αἰώνιον
1329 1288 1544 1351 ἑαυτοῖς
1565 1304 1727 1357 περι-

186 1377 311 1429 ποιού
320 1394 488 1445 μενοι.

244 1470 441 1539 Ὠσπερ
465 1465 559 1522 οὗν
593 1469 701 1539 πρὸ
725 1467 823 1521 τοῦ
870 1467 1188 1538 Πνεῦματος
1227 1469 1424 1527 ταῦτα.
1457 1470 1601 1524 οὕτω
1630 1471 1726 1523 καὶ

188 1564 303 1631 μειά
348 1562 412 1614 τὸ
456 1561 700 1631 Πνεῦμα,
732 1562 925 1632 ἐπειδὴ
954 1563 1018 1615 τὸ
1055 1562 1216 1632 ἐργον
1254 1562 1435 1633 Ἰησοῦ
1470 1564 1635 1617 πάλιν
1664 1564 1723 1616 ἐν

184 1655 276 1716 τοῖς
296 1654 614 1717 ἀποστόλοις
660 1654 750 1707 διὰ
786 1653 881 1707 τοῦ
926 1655 1249 1725 Πνεύματος
1282 1655 1592 1721 άνενεοῦτο,
1629 1655 1725 1708 καὶ

182 1748 208 1799 ό
244 1749 332 1815 τῆς
361 1748 585 1816 χάριτος
643 1746 805 1813 λόγος
844 1747 1307 1819 ἐπαρρησιάζετο,
1339 1746 1434 1800 καὶ
1470 1746 1534 1799 τὺ
1582 1748 1727 1817 μέγα

183 1836 339 1908 θαῦμα
358 1838 455 1908 τῆς
466 1840 817 1900 ἀναστάσεως
853 1837 1287 1908 μεγαλοπρεπῶς
1300 1839 1467 1907 ἀνεκη
1476 1838 1721 1909 ρύττετο.

1836 639 1965 693 cidii
2002 641 2182 693 scelus
2214 640 2553 694 animaverat
2582 657 2596 692 :
2632 638 2993 707 tradebatque
3021 638 3233 691 Pilatus
3260 638 3410 693 inno-

1831 732 2003 797 xium,
2031 747 2093 786 ac
2117 732 2322 785 milites
2342 732 2581 786 illudeha
2593 739 2654 785 nt
2682 748 2695 780 :
2718 731 2950 785 exaltata
2968 730 3207 799 denique
3220 744 3410 794 cruce,

1827 824 2011 895 justus
2034 841 2159 878 cum
2203 824 2486 879 sceleratis
2519 825 2595 878 illi
2627 823 2880 877 conﬁxus
2912 822 3094 877 fuerat
3123 841 3136 876 :
3171 822 3411 891 hincque

1831 912 1970 967 adeo
2002 929 2091 967 res
2140 928 2205 966 ex
2239 912 2427 966 animo
2475 912 2658 981 impiis
2705 911 2905 966 cedere
2954 912 3261 975 videbatur,
3317 927 3414 965 ex—

1832 1003 2033 1058 stincto
2050 1004 2203 1066 Jcsu,
2238 1004 2361 1073 ejus
2394 1002 2657 1071 abrogata
2689 1003 2961 1065 doctrina,
3010 1002 3277 1071 dispersis
3320 1004 3410 1056 dio

1830 1097 2077 1166 scipulis.
2137 1099 2201 1151 At
2253 1097 2633 1167 imprudentes
2676 1096 2917 1164 nequitia
2969 1111 3066 1149 sua
3116 1097 3411 1165 pravisque

1829 1189 2076 1243 consiliis
2125 1188 2329 1243 Christi
2376 1188 2563 1259 gloria:
2614 1186 2755 1240 viam
2800 1188 3227 1256 perstruehant,
3283 1186 3417 1240 sibi-

1827 1296 1935 1350 que
1984 1282 2118 1349 ipsis
2174 1281 2435 1350 probrum
2502 1296 2568 1336 ac
2617 1282 2849 1335 exitium
2905 1292 3173 1335 aeternum
3231 1295 3418 1335 arces-

1824 1373 2041 1428 sebant.

1896 1463 2369 1531 Quemadmodum
2408 1465 2573 1534 igitur
2601 1465 2719 1521 haec
2762 1477 2888 1520 ante
2917 1464 3211 1533 Spiritum,
3253 1467 3333 1521 sic
3359 1475 3419 1521 et

1824 1564 1948 1626 post
1992 1554 2278 1622 Spiritum.
2323 1555 2478 1621 Quod
2529 1571 2766 1625 namque
2812 1556 2941 1609 Jesu
2995 1571 3135 1624 opus
3179 1556 3418 1625 Spiritus

1825 1663 2055 1703 munere
2101 1650 2154 1703 in
2203 1649 2465 1717 apostolis
2516 1665 2735 1702 rursum
2787 1649 3233 1711 instaurabatur,
3289 1665 3410 1703 mae

1823 1756 2098 1810 gnumque
2195 1742 2615 1797 resurrectionis
2695 1743 3025 1797 miraculum
3122 1742 3411 1812 magniﬁce

1825 1833 2243 1902 praedicabatur.
2258 1833 2361 1899 Qui
2379 1835 2540 1902 paulo
2558 1845 2683 1889 ante
2695 1834 2927 1905 profugi,
2945 1835 3147 1904 pavidi,
3166 1844 3377 1888 tremen
3395 1863 3411 1874 -

183 1931 234 1982 Οἱ
262 1929 359 1998 πρὸ
389 1928 589 1999 μικροῦ
610 1930 669 1983 δέ
694 1928 934 1998 φυγάδες
962 1929 1059 1981 καί
1098 1928 1331 1992 δεδιότες
1369 1928 1467 1981 καὶ
1493 1928 1725 1998 τρέμον·
1761 1926 1798 1951 υ
1828 1936 1838 1979 l

1764 1926 1798 1951 ν
1828 1936 1909 1981 tes
1927 1937 2106 1989 erant,
2131 1943 2253 1981 cum
2278 1943 2468 1996 magna
2492 1928 2693 1979 virtute
2722 1928 2898 1995 palam
2929 1928 3221 1996 loquentes
3264 1926 3419 1981 testi-

180 2036 275 2082 τες,
298 2021 388 2072 σὺν
420 2020 635 2090 μεγάλῃ
683 2020 1189 2091 παρρησιαζόμενοι
1224 2017 1454 2089 δυνάμει
1477 2019 1537 2072 τὸ
1575 2035 1721 2089 μαρ-

181 2112 340 2180 τύριον
364 2111 652 2164 ἀπεδίδουν
683 2111 766 2181 τῷ
805 2110 954 2180 Θεῷ·
978 2111 1076 2163 καὶ
1103 2113 1133 2165 ό
1165 2113 1258 2165 ἐπὶ
1285 2115 1353 2181 τῇ
1396 2110 1590 2179 Ὠραίᾳ
1627 2109 1723 2161 τοῦ

182 2202 306 2271 ἱεροῦ
325 2203 469 2275 πύλῃ
503 2204 818 2273 καθήμενος
852 2202 1141 2274 ἀνώρθωτο
1168 2203 1363 2273 χωλὸς,
1404 2202 1501 2256 καὶ
1540 2202 1607 2254 ἐκ
1643 2218 1725 2255 νε-

1821 2019 2066 2072 monium
2109 2020 2217 2073 Deo
2252 2019 2554 2073 reddebant
2579 2020 2640 2073 “.
2664 2019 2765 2086 Qui
2790 2019 2857 2072 ad
2877 2027 3088 2088 portam
3106 2017 3421 2088 Speciosam

1820 2112 2005 2179 templi
2041 2111 2268 2165 claudus
2296 2111 2542 2175 sedebat,
2574 2121 2821 2174 erectus;
2844 2111 3078 2164 Tahitha
3108 2127 3139 2164 a
3183 2111 3419 2167 mortuis

1816 2203 2078 2258 suscitata
2105 2204 2204 2256 ⁸⁸*ι
2239 2204 2467 2258 morbus
2497 2205 2676 2257 omnis
2702 2213 2760 2259 et
2793 2203 3268 2273 languor,lnedum
3291 2218 3423 2272 prev-

180 2296 307 2367 ιρῶν
324 2296 577 2350 ἀνίστατο
626 2297 886 2362 Ταδυθά,
919 2297 1017 2351 καὶ
1058 2300 1211 2350 πᾶσα
1250 2297 1405 2361 νόσος
1447 2299 1543 2351 καὶ
1572 2297 1723 2349 πᾶσα
1817 2313 1835 2352 ι

1817 2298 1976 2352 cibus
2004 2311 2068 2351 ac
2100 2305 2303 2351 sanctae
2334 2312 2529 2351 manus
2561 2306 2841 2359 contactu,
2877 2295 2973 2350 sed
3002 2304 3059 2349 et
3092 2296 3207 2350 sola
3236 2295 3404 2350 disci-

182 2386 394 2453 μαλακία
435 2388 499 2439 οὐ
536 2390 813 2458 προσευχῇ
867 2388 1047 2457 μόνον,
1076 2388 1171 2441 καὶ
1195 2389 1379 2459 χειρὸς
1408 2389 1561 2452 ὁσίας
1588 2390 1727 2459 ἀφῇ,

179 2474 292 2529 ἀλλά
318 2477 407 2528 καὶ
447 2479 520 2546 τῇ
551 2478 679 2547 σκιᾷ
714 2478 851 2549 μόνῃ
872 2477 981 2530 τῶν
1019 2479 1279 2549 μαθητῶν
1318 2480 1684 2550 ἐθεραπεύετο
1708 2497 1722 2509 ·

178 2570 255 2620 καὶ
273 2571 441 2622 πάντα
470 2570 706 2633 συνόλως
741 2572 910 2638 φάναι
944 2572 1014 2624 τά
1052 2571 1191 2644 ἔργα
1214 2573 1306 2627 τοῦ
1335 2573 1597 2643 Χριστοῦ.
1631 2574 1724 2626 καὶ

179 2659 375 2724 μείζονα
409 2654 484 2713 ὧν
517 2664 726 2723 ἐκεῖνος
759 2663 1085 2733 πεποίηκεν,
1115 2665 1193 2727 ὡς
1223 2666 1258 2735 ἡ
1286 2665 1613 2732 ἐπαγγελία,
1643 2665 1722 2733 τῷ

176 2752 376 2819 όνόματι
395 2754 493 2808 τοῦ
523 2756 851 2809 διδασκάλου
886 2758 1332 2828 κατειργάζοντο.
1379 2759 1600 2829 Ἐπειδὴ
1632 2755 1727 2812 οὖν

175 2844 323 2898 ταῦτα
352 2846 544 2899 τοῦτον
568 2847 751 2917 ὠρὶτο
788 2848 1052 2918 γινόμενα
1084 2849 1177 2902 τὸν
1210 2850 1433 2917 τρόπον,
1464 2852 1726 2920 ἐκμαίνε-

175 2952 251 2989 ται
286 2938 378 3005 μὲν
420 2935 581 3001 αὖθις
634 2941 663 2990 ὁ
696 2940 808 2992 τῶν
852 2941 1030 3009 φόνων
1049 2942 1237 3012 πατήρ
1264 2958 1279 2971 ·
1317 2942 1644 3009 ἐκμαίνεται
1668 2943 1725 2996 δὲ

174 3028 253 3079 καὶ
273 3032 414 3082 πᾶσα
448 3032 483 3098 ἡ
514 3032 611 3082 ὑπ’
657 3031 854 3101 ἐκείνῳ
893 3034 1347 3102 στρατηγουμένη
1379 3034 1682 3103 Συναγωγή
1705 3050 1718 3065 ⁸

1826 2391 2083 2461 pulorum
2106 2390 2302 2444 umbra
2330 2390 2651 2444 curabatur.
2676 2391 2855 2458 Atque
2879 2399 2939 2443 ut
2970 2405 3183 2443 summa
3207 2389 3408 2451 dicam,

1828 2492 2027 2538 cuncta
2050 2482 2257 2537 Christi
2278 2497 2467 2551 opera.
2501 2482 2637 2549 quin
2667 2490 2724 2535 et
2756 2483 2961 2549 majora
2984 2496 3147 2550 quam
3173 2480 3263 2534 ille
3286 2495 3419 2548 ope-

1826 2583 1977 2628 ratus
1995 2583 2116 2628 erat
2150 2577 2271 2642 (pro
2295 2588 2362 2626 eo
2378 2588 2441 2626 ac
2466 2572 2644 2625 fuerat
2663 2571 2962 2641 pollicitus)
2982 2572 3038 2625 in
3064 2571 3308 2641 magistri
3331 2586 3425 2625 no-

1824 2668 1971 2721 mine
1998 2667 2200 2721 ﬁebant
2221 2666 2352 2720 ‘°“.
2391 2665 2545 2731 Quod
2591 2666 2778 2734 itaque
2804 2665 2920 2718 hac
2950 2679 3076 2719 eum
3112 2664 3166 2718 in
3195 2663 3421 2717 modum

1828 2760 1949 2814 ﬁeri
1974 2760 2364 2822 cernebantur,
2399 2759 2587 2813 furore
2620 2773 2810 2811 rursus
2838 2756 3154 2811 incenditur
3181 2756 3417 2810 caedium

1823 2862 2055 2915 auctor;
2098 2850 2422 2904 accenditur
2450 2859 2506 2903 et
2534 2850 2610 2903 illi
2653 2849 3063 2903 succenturiata
3095 2848 3275 2901 omnis
3316 2848 3417 2916 Sy-

1821 2959 2052 3013 nagoga.
2077 2944 2337 2997 Vibratur
2359 2944 2593 3013 gladius,
2622 2957 2783 2995 arcus
2806 2941 3090 3005 tenditur;
3132 2943 3411 3011 romphaea

1823 3036 2124 3090 suscitatur
2142 3051 2207 3090 ac
2242 3036 2446 3089 bellum
2481 3036 2744 3089 adversus
2772 3034 3075 3090 Ecclesiam
3116 3034 3410 3088 conﬂatur.

173 3124 305 3190 καὶή
334 3126 582 3195 μάχαιρα
623 3124 957 3193 στιλϐοῦται,
996 3128 1093 3180 καὶ
1138 3128 1377 3180 τείνεται
1415 3130 1475 3181 τὸ
1529 3129 1707 3195 τόξον,
1745 3132 1839 3184 καὶ
1866 3132 2111 3201 ῥομφαία
2138 3134 2231 3185 καὶ
2270 3132 2506 3201 πόλεμος
2566 3130 2881 3202 ἐρριπίζετο
2947 3129 3093 3184 κατά
3156 3130 3257 3200 τῆς
3295 3130 3421 3182 Ἐκ-

173 3216 396 3284 κλησξας.

230 3308 439 3379 Πρῶτον
490 3308 592 3376 μὲν
616 3304 730 3371 οὖν,
776 3310 1198 3379 παραγγελίαις.
1231 3313 1507 3377 ἀπειλαῖς,
1539 3312 1715 3381 φυλα-
1746 3319 1790 3377 C

1764 3319 1790 3377 ζ’.
1892 3315 2137 3368 Primum
2166 3316 2355 3385 igitur,
2380 3314 2686 3385 praeceptis,
2715 3314 2904 3390 minis,
2928 3314 3272 3378 carceribus,
3298 3315 3419 3383 pla—

170 3401 295 3462 καίς,
353 3401 600 3467 πληγαῖς
625 3439 643 3463 ,
690 3401 817 3462 τοὺς
854 3402 1033 3469 ἱεροὺς
1075 3400 1170 3455 τοῦ
1214 3404 1388 3471 Λόγου
1442 3403 1724 3471 Θεολόγους

170 3491 366 3560 οἰομένη
388 3491 607 3559 φοϐεῖν,
626 3492 974 3545 ἀναστέλλειν
1004 3493 1187 3546 αὐτῶν
1206 3494 1272 3564 (ῶ
1300 3495 1400 3564 τῆς
1432 3496 1720 3559 ἀσεϐείαςι

169 3581 205 3633 ὦ
228 3584 319 3649 τῆς
349 3585 681 3653 σκαιότητος
705 3586 746 3650 ι)
776 3586 1037 3654 ἐπειρᾶτο
1076 3586 1175 3656 τὴν
1212 3586 1512 3655 θεολογίαν.
1567 3588 1725 3641 Ἐπεὶ

167 3673 213 3726 δὲ
252 3674 455 3738 τούτοις
505 3678 590 3738 εἰς
637 3676 817 3745 μάτην
861 3677 1127 3746 ᾐσθάνετο
1179 3678 1419 3733 πονοῦσα
1448 3696 1462 3709 '
1502 3681 1569 3733 οὐ,
1612 3683 1723 3751 γάρ

168 3770 368 3835 μανίαις
410 3772 671 3840 ἀφρόνων
710 3770 773 3822 τὸ
806 3770 964 3823 Θεῖον
1013 3771 1414 3842 περιτρέπεται
1438 3788 1452 3802 ⁸
1510 3772 1635 3826 οὺδέ
1671 3776 1722 3827 οἱ

164 3858 360 3927 ἀληθεῖς
389 3862 589 3915 τούτου
639 3864 770 3933 ῥᾷον
822 3862 1110 3915 ὑπείκουσι
1166 3865 1460 3934 συνήγοροι
1485 3880 1500 3894 ³
1547 3860 1636 3918 οἶα
1662 3866 1721 3918 δέ

162 3950 380 4021 ἇργυρος
440 3957 512 4024 τῇ
573 3955 823 4023 πυρώσει
873 3955 1289 4025 καθαιρόμενοι,
1339 3956 1720 4025 εὐφωνοτέραν

163 4042 245 4110 τῆς
279 4047 520 4108 πίστεως
563 4047 772 4099 οἴδασιν
819 4047 1128 4113 ἀποδιδόναι
1170 4048 1271 4119 τὴν
1308 4047 1554 4118 φθογγήν
1577 4063 1592 4077 ’
1636 4048 1726 4102 διὰ

164 4134 302 4187 τοῦτο
330 4138 429 4205 τὴν
454 4138 666 4206 συνήθη
690 4137 875 4190 λοιπὸν
900 4141 981 4201 εἰς
1008 4139 1318 4209 ὑπόμνησιν
1348 4140 1541 4210 εἴληφε
1572 4157 1724 4210 μιαι-

164 4228 329 4293 φονίαν
354 4246 371 4260 ·
402 4231 505 4283 καὶ
527 4230 593 4299 δὴ
619 4229 768 4299 ζήλῳ
790 4231 1216 4302 προφητοκτόνῳ
1238 4229 1720 4302 διαθερμανθεῖσα,

163 4320 354 4385 πρῶτον
385 4321 488 4389 μὲν
538 4321 712 4384 λίθοις
737 4322 1035 4375 κατέλευσε
1070 4322 1164 4375 τὸν
1198 4322 1496 4391 Στέφανον,
1522 4318 1609 4377 οἷα
1633 4324 1723 4380 δεο

170 4412 280 4463 κτὸν
329 4414 691 4484 καλλιέρημα
740 4414 929 4467 τοῦτον
983 4416 1289 4486 μιαιφόνοις
1360 4417 1724 4488 ίερουργοῦσα

160 4508 343 4576 χερσὶν,
369 4509 473 4579 τὴν
504 4511 655 4580 ὑπὲρ
677 4511 789 4563 τῶν
830 4510 1111 4581 θυομένων
1137 4514 1562 4583 χριστοπρεπῶς
1587 4516 1722 4571 ἀνα·

159 4599 368 4666 φέροντα
389 4604 737 4673 προσευχήν.

1825 3405 1929 3475 gis,
1967 3421 2151 3461 sacros
2186 3406 2345 3461 Verbi
2379 3407 2662 3475 theologos
2692 3421 2751 3460 se
2778 3406 2868 3459 illa
2918 3406 3233 3460 territuram
3302 3407 3422 3461 cxi-

1829 3499 2102 3565 stimans;
2129 3500 2371 3568 ipsorum
2400 3510 2455 3565 to
2483 3499 2818 3567 impietatem
2846 3500 2858 3550 ι
2890 3496 3155 3552 ocousilii
3178 3498 3428 3567 maligni—

1828 3600 1995 3646 tatem
2033 3592 2046 3644 !
2078 3595 2092 3658 )
2118 3591 2360 3645 divinam
2386 3591 2636 3645 inhibere
2656 3590 2963 3645 doctrinam
2988 3591 3292 3645 nitebatur.
3321 3591 3423 3648 Ubi

1825 3693 2007 3736 autem
2036 3683 2240 3736 frustra
2261 3699 2319 3737 se
2342 3684 2526 3736 conari
2552 3684 2817 3737 sensisset
2838 3685 2968 3751 (non
2989 3684 3135 3736 enim
3160 3682 3255 3735 Dei
3283 3698 3420 3736 con-

1826 3775 2013 3829 silium
2046 3776 2427 3844 insipientium
2461 3776 2646 3829 furore
2679 3777 2973 3837 evertitur,
3003 3791 3107 3830 nec
3139 3776 3298 3830 facile
3332 3792 3425 3830 ce.

1825 3866 1981 3928 dant,
2001 3868 2095 3936 qui
2125 3867 2272 3920 illius
2296 3867 2411 3921 veri
2441 3868 2657 3937 patroni
2684 3884 2747 3922 ac
2766 3868 3086 3923 defensores
3114 3872 3419 3924 exsistunt:

1826 3958 1923 4012 sed
1945 3958 2089 4013 sicut
2113 3968 2400 4029 argentum
2420 3961 2543 4030 igne
2560 3960 2947 4029 depurgatum,
2968 3976 3224 4015 sonoram
3249 3963 3423 4031 magis

1828 4049 1955 4104 ﬁdei
1976 4067 2166 4105 vocem
2192 4052 2422 4107 reddere
2445 4065 2744 4107 sueverunt
2767 4056 2807 4123 ).
2867 4055 3078 4109 Idcirco
3101 4066 3420 4110 consuetam

1826 4145 2013 4199 animo
2045 4148 2247 4215 repetit
2269 4146 2499 4201 caedium
2524 4148 2634 4201 vim
2674 4164 2737 4203 ac
2760 4150 3023 4204 saavitiam
3052 4168 3066 4203 :
3098 4161 3262 4221 atque
3286 4154 3422 4207 adeo

1825 4238 2213 4302 aemulatione,
2275 4254 2382 4307 qua
2431 4240 2731 4309 prophetas
2786 4242 3075 4295 occiderat
3134 4258 3420 4311 succensa,

1826 4330 2069 4400 primum
2102 4330 2324 4399 quidem
2358 4331 2634 4401 lapidibus
2664 4334 2855 4387 obruit
2899 4334 3263 4405 Stephanum,
3291 4347 3419 4391 tan-

1828 4438 1994 4493 quam
2022 4423 2237 4477 scilicet
2266 4424 2590 4493 placabilem
2617 4425 2854 4479 hostiam
2880 4428 3129 4481 cruentis
3163 4429 3422 4483 manibus

1825 4515 1984 4569 illum
2015 4514 2324 4576 immolans,
2351 4515 2446 4584 qui
2473 4514 2680 4571 Christi
2710 4517 2964 4586 exemplo
2999 4533 3100 4587 pro
3124 4519 3417 4573 immolan-

1829 4607 1980 4661 tibus
2008 4621 2201 4676 preces
2219 4606 2488 4661 oﬁerebat
2508 4608 2570 4660 “.

216 4691 252 4743 Γ
253 4696 535 4764 ευσαμένη
565 4696 626 4748 δὲ
660 4695 758 4748 τοῦ
785 4697 1144 4751 ἀποστολικοῦ
1172 4699 1405 4769 αἵματος
1428 4701 1463 4771 ἠ
1492 4701 1716 4771 ἐναγὴς,
1744 4705 1798 4765 D

1761 4705 1798 4765 [)
1889 4698 2063 4753 Gustu
2114 4705 2377 4767 percepto
2426 4698 2714 4767 apostolici
2764 4700 3090 4770 sanguinis,
3138 4700 3416 4756 scelestis-

159 4783 237 4835 καὶ
262 4786 494 4854 ἡσθεῖσα
555 4788 781 4858 κομιδῇ,
812 4782 898 4843 οἶα
944 4791 1131 4858 ἐκείνη
1175 4793 1266 4845 ἀεὶ
1308 4796 1422 4857 τοῖς
1450 4794 1717 4858 τοιούτοις

158 4873 571 4948 ἐπιτερπμένη,
609 4878 842 4947 ἐμελέτα
867 4879 967 4949 μὲν
1008 4882 1240 4946 πάντας,
1280 4883 1335 4936 εί
1360 4900 1423 4953 γε
1466 4884 1718 4952 δυνατὸν,

159 4963 238 5017 ἰπὶ
278 4967 354 5021 τῶ
415 4967 741 5039 όμοιιίιματι
776 4970 1213 5041 διαχειρίσασθαι
1262 4975 1560 5042 Στεφάνου,
1619 4977 1722 5029 οὐκ

158 5050 283 5125 εἶχεν
307 5061 362 5113 δέ
389 5067 549 5124 ὅπως
574 5062 679 5130 τὴν
699 5061 871 5132 αὐτῆς
896 5062 1131 5134 μελέτην
1168 5065 1510 5128 συντελέσαι,
1533 5065 1720 5136 όρῶσα

161 5147 222 5217 μὴ
249 5151 362 5204 καθ’
388 5153 487 5206 ἕνα
542 5153 632 5223 τῷ
676 5153 820 5224 λόγῳ
855 5156 984 5219 τοὺς
1029 5155 1387 5221 πιστεύοντας
1431 5158 1723 5228 προστιθε-

160 5240 349 5308 μένους,
374 5247 515 5302 ἀλλά
540 5247 693 5300 κατά
721 5248 927 5317 χιλίους
953 5266 1015 5302 τε
1044 5250 1140 5302 καὶ
1188 5252 1417 5321 μυρίους
1456 5252 1557 5320 τὴν
1596 5252 1721 5305 Ἐκ-

157 5331 361 5403 κλησίαν
394 5339 486 5392 διά
516 5340 639 5391 τῶν
680 5342 1006 5409 προστατῶν
1052 5340 1148 5396 τοῦ
1190 5342 1353 5407 λόγου
1380 5361 1719 5417 συγκροτου-

593 5635 612 5683 ;
675 5614 766 5688 ἆρ’
799 5620 973 5674 ἔδεισε
1006 5623 1101 5675 τὸν
1154 5623 1531 5694 ὑπερηφάνοις
1557 5627 1710 5678 ἀντι-

157 5709 486 5778 τασσόμενον,
514 5715 814 5777 ταπεινοῖς
844 5715 904 5768 δέ
926 5715 1088 5786 χάριν
1137 5717 1545 5788 ἐπιμετροῦντα
1573 5736 1589 5786 ;
1622 5720 1712 5772 τὸν

216 5888 382 5949 "Act.
412 5913 484 5964 tv,
519 5894 619 5963 E3;
651 5910 727 5963 lx,
751 5894 839 5950 56.
929 5899 1010 5929 “"
1039 5899 1161 5954 Act.
1192 5917 1269 5961 nt.
1302 5902 1356 5965 7;
1382 5918 1437 5966 v,
1478 5903 1558 5955 l5.

1824 4789 1985 4854 sima,
2024 4802 2201 4858 eoque
2242 4788 2542 4859 plurimum
2580 4790 2849 4846 delectata
2874 4834 2890 4857 ,
2925 4802 2986 4846 ut
3021 4809 3143 4862 qua:
3172 4792 3417 4847 caedibus

1828 4896 2045 4950 semper
2071 4881 2253 4949 gavisa
2273 4881 2518 4945 esset,.id
2545 4882 2691 4937 serio
2718 4884 3015 4953 cogitabat,
3042 4894 3103 4939 ut
3122 4885 3168 4940 si
3199 4885 3412 4952 liceret,

1817 4973 1934 5042 pari
1961 4987 2084 5025 cum
2119 4970 2399 5041 Stephano
2428 4989 2563 5029 nece
2586 4986 2817 5029 cunctos
2843 4977 3081 5031 tolleret.
3105 4976 3244 5032 Cum
3270 4995 3406 5033 vero

1818 5065 2111 5120 consilium
2145 5066 2372 5135 implere
2403 5082 2511 5121 non
2540 5078 2763 5137 posset:
2795 5070 3000 5139 quippe
3030 5086 3141 5123 non
3165 5071 3413 5141 singulos

1820 5158 1888 5212 ad
1935 5157 2097 5212 ﬁdem
2158 5173 2223 5212 ac
2276 5158 2583 5213 doctrinam
2626 5161 3070 5229 amplectendam
3108 5162 3407 5227 accedere;

1818 5249 1916 5305 sed
1956 5250 2192 5304 millenis
2227 5250 2494 5321 denisque
2540 5252 2784 5307 millibus
2819 5269 2916 5322 per
2941 5253 3097 5308 verbi
3138 5255 3405 5324 praesules

1820 5343 2029 5413 pariter
2043 5344 2337 5413 adiunctis,
2360 5344 2661 5400 Ecclesiam
2695 5346 2920 5402 conﬂari
2958 5362 3024 5402 ac
3052 5346 3405 5417 multiplicari

1822 5436 2071 5491 videbat.

1886 5531 2027 5597 Quid
2063 5546 2196 5601 ergo
2232 5531 2362 5587 facit
2384 5532 2410 5585 ?
2448 5532 2589 5587 Num
2626 5533 2829 5590 divinis
2854 5534 3027 5606 signis
3069 5533 3215 5589 victa
3266 5547 3400 5589 con-

1814 5625 2015 5679 cessit?
2032 5641 2258 5694 operum
2278 5626 2521 5680 novitate
2537 5627 2560 5665 ν
2581 5628 2875 5696 splendore
2886 5642 3204 5683 sermonum
3219 5626 3244 5679 ?
3258 5626 3400 5682 Num

1812 5733 1939 5773 eum
1971 5718 2173 5785 timuit,
2202 5721 2297 5789 qui
2326 5721 2582 5791 superbis
2611 5720 2818 5777 resistit
2846 5729 2901 5775 et
2932 5718 3236 5776 humilibus
3269 5734 3395 5791 gra-

1658 5902 1765 5932 ³⁸⁸⁵
1788 5901 1943 5956 John.
1973 5920 2078 5964 nr,
2130 5905 2210 5957 lO.
2296 5906 2332 5937 “
2363 5905 2479 5959 Act.
2513 5921 2587 5971 γε,
2609 5904 2659 5956 7-
