4192 6424
754 428 825 488 95

1967 422 2260 483 ΝΙΟΕἸῪΕ
2296 421 2825 483 PAPIILAGONIS

3943 418 4018 480 96

752 540 883 595 tiam
908 536 1145 592 tribuit?
1173 536 1393 591 Fortem
1424 537 1577 591 illum
1608 538 1661 591 in
1685 535 1863 600 bellis,
1891 535 2247 589 clariﬁcatum
2276 534 2329 587 in

2452 534 2694 605 ιραταιὸν
2720 536 2777 587 ἐν
2808 531 3095 600 πολέμοις;
3150 532 3241 585 τὸν
3275 531 3669 600 δεδοξασμένον
3718 532 3777 584 ὲν
3812 533 4015 599 ἁγίοις,

748 631 991 697 sanctis,
1043 628 1353 684 mirabilem
1402 630 1456 683 in
1504 629 1817 698 majestate;
1873 629 2031 698 cujus
2080 627 2336 696 potentize

748 723 1081 777 documenta
1132 722 1306 774 multa
1344 729 1665 790 acceperat;
1710 730 1876 790 atque
1915 736 1945 773 a
1997 736 2175 789 pugna
2210 735 2331 773 cum

747 815 860 869 Deo
893 812 1145 867 destitit?
1181 814 1405 868 Minime
1450 812 1738 881 gentium:
1791 811 1887 867 sed
1934 813 2076 866 sieut
2120 813 2334 881 pridem

750 906 983 960 Pilatum
1029 904 1245 969 adiens,
1293 918 1512 958 crucem
1556 918 1619 957 ac
1662 911 1927 964 mortem,
1965 900 2334 954 Sodomorum

747 997 1178 1067 Goinorrhzeque
1204 995 1541 1051 clamoribus
1569 996 1836 1049 adversus
1859 994 1951 1048 Dei
1976 994 2217 1048 Verbum
2239 1009 2337 1064 po-

750 1096 1031 1156 poscerat,
1079 1089 1159 1142 sic
1204 1095 1389 1156 postea
1433 1087 1501 1139 ab
1542 1086 1756 1142 Herode
1800 1087 1919 1157 ejus
1959 1084 2335 1154 apostolorum

750 1196 966 1245 nec-em,
988 1182 1214 1249 supplex
1248 1181 1526 1249 ﬂagitabat
1551 1182 1614 1233 ".

819 1272 1008 1330 Nulla.
1045 1273 1246 1335 aiebat,
1286 1272 1459 1336 nulla,
1492 1288 1584 1324 rex
1608 1272 1823 1341 optime,
1850 1271 1993 1340 genti
2022 1278 2125 1323 tute
2147 1269 2337 1324 salutis

746 1378 883 1431 spes.
932 1360 1313 1425 Concidimus;
1357 1364 1603 1431 periimus
1633 1379 1653 1416 :
1707 1362 1939 1430 periculo
1991 1363 2213 1416 vertitur
2274 1376 2339 1413 ne

748 1467 962 1521 prorsus
1000 1468 1030 1503 a
1060 1451 1197 1519 facie
1237 1450 1619 1520 discipulorum
1657 1449 1785 1504 Jesu
1823 1450 2128 1518 deﬁciamus
2163 1466 2225 1505 ac
2256 1452 2339 1504 in-

748 1551 1035 1595 tereamns.
1066 1543 1185 1597 Non
1214 1546 1345 1596 satis
1374 1545 1494 1612 fuit,
1524 1543 1664 1613 quod
1701 1543 1793 1596 ille
1822 1546 1993 1597 adhuc
2020 1546 2194 1597 vivens
2224 1553 2339 1614 post

747 1650 803 1687 se
842 1634 1042 1704 plebem
1072 1637 1317 1689 seduxit:
1350 1638 1440 1689 sed
1469 1638 1556 1706 qui
1593 1652 1651 1689 eo
1684 1636 2003 1704 familiarius
2045 1637 2148 1699 usi,
2189 1637 2337 1689 illius

749 1727 1001 1780 doctrinae
1031 1738 1411 1793 successerunt,
1444 1737 1682 1782 nostram
1702 1728 2070 1781 dementarunt
2093 1738 2301 1799 gentem
2318 1745 2338 1783 :

748 1816 1022 1870 duodecim
1068 1819 1234 1871 tribus
1291 1830 1498 1873 nostras
1543 1820 1883 1887 perdiderunt
1920 1836 1937 1873 :
1977 1836 2166 1889 parum
2198 1820 2337 1873 abest

2438 627 2529 679 τὸν
2557 626 2869 694 Θαυμαστὸν
2916 625 2975 675 ὲν
3027 624 3227 689 δόξαις,
3259 620 3319 677 οὗ
3362 625 3528 677 πολλά
3578 625 3677 693 τῆς
3727 622 4019 693 δυνάμεως

2438 717 2665 789 εἴληφεν
2689 717 3087 786 ὑποδείγματα,
3125 719 3221 770 καὶ
3259 718 3353 769 τοῦ
3406 718 3693 786 θεομαχεῖν
3725 717 4016 785 ὑπανεχώ-

2439 826 2606 881 ρησεν
2629 826 2643 873 ;
2670 809 2933 879 Οὐδαμῶς
2959 824 2972 838 °
3007 809 3195 880 ὥσπερ
3234 811 3291 863 δὲ
3340 810 3419 879 τῷ
3470 812 3684 879 [Ιιλάτῳ
3712 810 4019 880 προσιοῦσα

2438 901 2651 973 πρώην,
2691 903 2924 970 σταυρόν
2947 919 3004 954 τε
3037 904 3130 953 καὶ
3172 901 3403 954 θάνατον
3432 905 3487 953 ἐν
3531 904 3803 970 κραυγαῖς
3845 904 4012 955 2955..

2441 1012 2559 1066 μων
2588 996 2683 1050 καὶ
2714 995 2753 1047 Γ
2756 996 2998 1068 ομόρῤας
3026 995 3169 1047 κατὰ
3193 995 3286 1048 τοῦ
3313 994 3453 1048 Θεοῦ
3479 996 3655 1063 Λόγου
3691 1000 4015 1067 παρῃτεῖτο,

2436 1086 2581 1141 οὕτω
2623 1087 2762 1159 μετὰ
2803 1087 2978 1143 ταῦτα
3008 1102 3085 1158 τῳ
3148 1086 3853 1160 Ἡρώδῃιπροσπίπτουσα,
3910 1090 4015 1159 τὴν

2437 1180 2581 1233 κατὰ
2617 1179 2726 1233 τῶν
2763 1179 3076 1234 ἀποστόλων
3103 1178 3271 1233 αὐτοῦ
3311 1182 3669 1251 κατελιπάρει
3690 1183 3927 1249 σφαγήν.

2516 1270 2797 1339 Οὐδεμία,
2830 1269 3083 1337 λέγουσα,
3112 1268 3191 1335 τῷ
3234 1271 3393 1324 ἔθνει
3433 1286 3569 1336 σου,
3600 1271 3879 1337 κράτιστε
3901 1271 4017 1333 βα-

2440 1361 2636 1424 σιλεῦ,
2664 1363 2910 1432 οὐδεμία
2932 1365 3231 1429 σωτηρίας
3256 1362 3452 1426 ἐλπίς.
3493 1362 4013 1428 Διαπεπτώκαμεν,

2439 1451 2861 1522 ἀπολώλαμεν.
2897 1454 3340 1521 Κινδυνεύομεν
3388 1452 3743 1519 οἰχήσεσθαι
3802 1455 4020 1506 τέλεον

2441 1546 2537 1599 καὶ
2579 1545 3120 1614 διαφθαρήσεσθαι,
3163 1546 3282 1599 ἀπὸ
3312 1545 3638 1614 προσώπου
3672 1544 3792 1597 τῶν
3823 1552 4023 1612 μαθη-

2439 1638 2557 1691 τῶν
2584 1639 2690 1693 τοῦ
2735 1640 2961 1704 Ἰησοῦ.
2989 1641 3111 1692 Οὐκ
3136 1638 3490 1706 ἀπέχρησεν
3518 1636 3750 1702 ἐκεῖνος
3790 1637 3874 1689 ἐτι
3907 1635 4025 1695 ζῶν

2440 1731 2633 1783 ὀπίσω
2664 1732 2848 1785 αὑτοῦ
2881 1732 2986 1784 τὸν
3018 1730 3174 1785 λαὸν
3221 1727 3593 1795 ὺποπλανᾷν
3621 1744 3634 1758 ο
3667 1729 3783 1781 νῦν
3806 1727 3874 1780 δὲ
3903 1728 4025 1792 τὴν

2439 1823 2674 1876 ἐκείνου
2696 1823 2956 1891 διδαχὴν
2974 1828 3028 1877 οἱ
3051 1824 3421 1892 ὡμιληκότες
3464 1820 3626 1886 αὐτῷ
3668 1820 4025 1889 διαδεξάμε-

749 1906 877 1975 quin
910 1906 1163 1977 populum
1192 1925 1399 1962 onmem
1433 1908 1733 1961 allexerint.
1770 1908 2121 1977 Defectione»:
2161 1929 2194 1962 a
2219 1910 2336 1964 Ca:-

2452 1934 2552 1974 μοι,
2594 1914 2943 1982 ἐξέστησαν
2977 1917 3043 1968 τὸ
3092 1917 3268 1981 ἔθνος
3329 1913 3535 1983 ἡμῶν
3593 1912 3921 1966 ἀπώλεσαν
3953 1912 4027 1965 τὸ

746 2018 871 2080 tare
895 2003 1119 2065 docent;
1150 2003 1204 2054 in
1237 2003 1570 2069 majestatem
1611 2009 1759 2053 tuam
1789 2002 2153 2055 contumeliosi
2180 2013 2337 2066 sunt;

750 2096 982 2165 patriam
1012 2094 1176 2162 legem
1206 2103 1463 2147 evertunt.
1492 2093 1665 2163 Neque
1693 2094 1747 2146 id
1777 2094 1953 2155 modo,
1978 2109 2157 2146 verum
2179 2096 2339 2147 etiam

2445 2006 2876 2075 δωδεκάφυλον
2934 2006 3123 2076 ἡμῶν.
3168 2007 3400 2074 Ὸλίτου
3437 2005 3567 2057 δεῖν
3616 2005 3848 2068 πάντας
3882 2004 4025 2055 ἑπε-

2445 2100 2762 2153 σπάσαντο
2793 2099 2934 2165 τοὺς
2963 2100 3173 2164 λαούς.
3220 2099 3636 2151 Ἀποστασιάν
3653 2098 3770 2150 ἀπὸ
3796 2097 4027 2150 Καίσα-

748 2190 806 2242 in
842 2189 1015 2257 ipsum
1055 2186 1222 2239 Deum
1258 2186 1482 2241 Patrum
1520 2188 1668 2257 impii
1711 2187 1994 2250 exsistunt,
2034 2188 2123 2256 qui
2154 2187 2337 2240 Iesum

2452 2210 2548 2255 ρος
2606 2192 3096 2245 ἐκδιδάσκουσιν.
3150 2191 3305 2259 Πρὸς
3352 2189 3469 2255 τὴν
3526 2189 3651 2255 σὴν
3695 2188 4032 2253 ,Βασιλείαν

749 2278 924 2341 illum,
969 2282 1058 2349 qui
1087 2279 1368 2347 cruciﬁxus
1411 2289 1507 2342 est,
1553 2280 1752 2348 faciant
1797 2278 1985 2333 Deum.
2016 2279 2132 2333 Nisi
2168 2282 2334 2349 igitur

752 2374 915 2435 ocius,
946 2390 1125 2443 regum
1154 2376 1402 2436 maxime,
1432 2374 1638 2442 justam
1670 2372 1773 2426 illis
1802 2390 2011 2443 poenam
2036 2375 2320 2445 inﬂixeris,

751 2466 1026 2533 conspicue
1054 2466 1130 2516 rei
1166 2464 1338 2517 malus
1373 2466 1541 2517 exitus
1570 2466 1688 2518 erit.

2442 2282 2879 2349 ἐξυϐρίζουσιν,
2942 2281 3053 2335 τὸν
3106 2282 3385 2350 πατρῷον
3453 2280 3737 2335 ἀθετοῦσι
3805 2280 4025 2347 νόμον.

2440 2376 2544 2429 Καὶ
2565 2378 2855 2443 οὺμόνον,
2879 2375 3039 2430 ἀλλά
3064 2376 3262 2439 καὶείς
3285 2373 3472 2428 αὐτὸν
3489 2373 3597 2426 τὸν
3612 2370 3731 2425 τῶν
3749 2370 4028 2437 πατέρων

2442 2469 2731 2523 ἀσεϐοῦσι
2766 2470 2934 2533 Θεὸν,
2980 2471 3088 2523 τὸν
3128 2465 3585 2535 ἐσταυρωμένον
3613 2464 3849 2518 ἐκεῖνον
3884 2466 4024 2516 θεο-

751 2553 1067 2619 ποιοῦντες
1110 2553 1374 2621 Ἰησοῦν.
1402 2554 1584 2622 Εἴπερ
1607 2550 1720 2609 οὖν
1747 2553 1833 2623 μὴ
1869 2554 2085 2610 θᾶττον
2111 2555 2314 2621 αὐτοῖς
2355 2558 2467 2626 τὴν
2504 2559 2683 2624 ἀξίαν
2721 2560 2920 2627 δίκην,
2980 2556 3028 2614 ὧ
3084 2559 3329 2627 μέγιστε
3352 2556 3645 2621 βασιλεῦ,
3692 2552 4026 2620 ἐπιϐαλεῖς,

751 2650 842 2713 είς
873 2649 1205 2714 περίοπτον
1231 2647 1297 2700 τὸ
1327 2646 1525 2717 χρῆμα
1558 2649 1733 2702 τοῦτο
1760 2650 2086 2715 καταλήξει
2108 2654 2319 2707 κακόν.

826 2738 966 2804 Quid
986 2740 1153 2807 igitur
1171 2755 1299 2793 vero
1327 2740 1491 2793 simili
1511 2743 1828 2810 conjectura
1850 2742 2053 2796 dixisse
2073 2740 2341 2797 Herodem

759 2831 1108 2902 putabimus?
1141 2830 1279 2895 Quid
1312 2848 1434 2885 vero
1453 2848 1626 2902 operae
1653 2834 1881 2903 pretium
1912 2834 2212 2902 faciamus?
2241 2834 2343 2899 Qui

757 2932 935 2976 autem
953 2923 1203 2974 adversus
1220 2931 1427 2975 tantam
1456 2924 1725 2976 hominum
1743 2924 1952 2977 turbam
1974 2927 2089 2977 neci
2108 2927 2343 2978 dandam

758 3014 1109 3083 procedentes,
1138 3031 1240 3067 non
1268 3015 1526 3083 majorem
1552 3031 1745 3068 noxam
1766 3015 2065 3085 malumque
2083 3016 2343 3086 difﬁcilius

759 3106 1138 3159 reddiderimus
1155 3107 1180 3158 Ρ
1202 3108 1266 3158 At
1302 3123 1407 3159 non
1437 3108 1685 3160 adversus
1707 3124 1884 3161 omnes
1910 3109 2137 3177 penitus,
2161 3109 2339 3171 aiunt,

760 3199 1051 3267 potentiam
1070 3206 1299 3251 vestram
1316 3201 1627 3251 exsuscitari
1646 3201 1942 3251 hortantur.
1964 3198 2109 3252 Nam
2126 3208 2349 3269 prwter-

759 3308 921 3361 quam
947 3292 1084 3361 quod
1119 3308 1200 3344 res
1230 3291 1559 3359 diﬁicillima,
1600 3307 1771 3362 neque
1801 3292 1934 3360 forte
1964 3290 2162 3346 (Σιττατί
2193 3302 2348 3362 grata

2519 2749 2587 2801 Ti
2616 2743 2709 2801 οὖν
2758 2746 3130 2818 διανοηθῶμεν
3178 2746 3448 2819 Ἡρώδην,
3502 2746 3579 2809 ὡς
3622 2745 3790 2810 εἰκὸς,
3825 2744 4024 2815 «privat;

2457 2840 2515 2893 Ti
2545 2841 2610 2893 δὲ
2622 2838 2907 2907 ποιητέον
2935 2840 3120 2908 mir;
3145 2839 3269 2905 πῶς
3291 2838 3360 2893 δὲ
3376 2839 3530 2893 κατά
3554 2839 3849 2892 τοσούτου
3873 2837 4032 2906 πρὸς

2450 2933 2692 3000 σφαγὰς
2726 2931 2915 2999 ὄχλου
2938 2930 3295 2999 χωροῦντες,
3346 2933 3418 2984 οὐ
3440 2929 3614 2999 μείζω
3632 2931 3750 2998 τὴν
3778 2930 4034 2995 ,ϐλάϐην

2452 3024 2550 3076 καὶ
2622 3023 3069 3091 ἀργαλεώτερον
3122 3023 3614 3092 ἀπεργασαίμεθα
3664 3022 3728 3076 τὸ
3796 3024 3987 3075 κακόν
4010 3062 4029 3087 ,

2465 3116 2630 3171 Ἀλλ’
2661 3117 2733 3168 οὺ
2766 3114 2917 3168 κατὰ
2954 3114 3197 3168 πάντων
3217 3113 3433 3183 ἄρδην,
3464 3115 3621 3183 φασὶ,
3648 3114 3713 3166 τὸ
3739 3112 4038 3182 ὑμέτερον

2454 3206 2671 3274 κράτος
2700 3205 3102 3271 διαναστῆναι
3129 3204 3541 3273 παραινοῦμεν
3572 3219 3585 3234 ο
3618 3202 3717 3256 καὶ
3751 3202 3858 3270 γὰρ
3880 3202 4038 3270 πρὸς

2457 3299 2536 3364 τῷ
2564 3300 2851 3368 δυσχερεί
2878 3297 2987 3351 τοῦ
3020 3297 3387 3366 πράγματος,
3433 3296 3561 3351 οὐδ’
3592 3294 3753 3359 αὐτῷ
3788 3295 3866 3347 ἂν
3896 3294 4037 3359 ἀρέ-

761 3384 871 3452 fore
904 3384 1178 3446 videatur;
1222 3383 1381 3435 tantis
1408 3383 1602 3436 scilicet
1630 3384 1854 3436 caedibus
1883 3386 2147 3438 civitatem
2185 3385 2348 3454 pollui

2454 3408 2555 3445 σαι
2633 3392 2713 3456 τῷ
2778 3394 3032 3456 Καίσαρι
3066 3391 3382 3453 τοσούτοις
3424 3389 3636 3453 αἵμασι
3684 3386 3798 3453 τὴν
3849 3387 4038 3437 πόλιν

763 3491 826 3529 ac
848 3475 1172 3543 deformari:
1202 3475 1294 3528 sed
1315 3476 1544 3545 insignes
1567 3477 1679 3545 ejus
1705 3476 1987 3545 discipulos
2011 3477 2153 3546 (sunt
2174 3487 2354 3531 autem

761 3567 845 3621 illi
870 3568 1141 3622 duodecim
1164 3584 1404 3633 numero,
1424 3585 1553 3639 quos
1581 3578 1630 3621 et
1652 3568 1794 3638 plebs
1817 3573 1986 3623 omnis
2014 3573 2209 3624 erroris
2235 3588 2353 3625 ma-

763 3660 954 3729 gistros
996 3659 1169 3728 habet)
1215 3662 1335 3722 hos,
1386 3662 1431 3712 si
1471 3662 1589 3713 duci
1622 3661 1871 3727 iusseris,
1914 3679 2005 3715 rex
2039 3662 2351 3729 clarissime,

767 3762 877 3805 tum
902 3753 1067 3804 Deum
1088 3754 1373 3821 propitium
1396 3754 1627 3815 habebis,
1648 3764 1757 3805 tum
1780 3758 1920 3806 omni
1943 3758 2085 3824 genti
2106 3766 2353 3825 pacatam

766 3846 927 3898 vitam
963 3844 1208 3914 largieris
1231 3862 1247 3909 ;
1274 3847 1490 3915 ejusque
1516 3861 1607 3897 nos
1641 3848 1873 3913 beneﬁcii
1911 3863 2185 3913 memores,
2221 3865 2351 3917 gra-

768 3938 872 3990 tias
923 3954 1087 4006 quam
1141 3938 1403 3990 maximas
1451 3937 1731 4002 habentes,
1779 3938 2009 3991 debitam
2058 3940 2221 3992 vicem
2268 3956 2355 3992 re-

765 4028 1049 4100 pendemus
1060 4068 1072 4080 .
1670 4036 1675 4039 “

839 4220 961 4275 Mox
985 4219 1149 4289 igitur
1171 4217 1416 4274 Herodes
1450 4218 1690 4289 pessimo
1717 4219 1809 4273 illo
1849 4218 2144 4273 instinctus
2170 4220 2357 4275 consi—

771 4312 869 4377 lio,
900 4312 1225 4381 injustitiam
1254 4311 1616 4382 parturiebat.
1648 4312 1821 4365 Porro
1847 4313 2067 4381 concipit
2095 4313 2354 4377 dolorem,

773 4414 824 4458 et
862 4407 1000 4475 parit
1036 4406 1369 4474 iniquitatem
1393 4403 1457 4457 ¹³.
1492 4404 1805 4457 Mandatum
1834 4404 2112 4474 accipiunt
2133 4405 2355 4469 milites,

774 4498 1079 4567 positisque
1105 4496 1377 4550 cuniculis
1398 4495 1610 4549 insidiae
1634 4506 1945 4549 struuntur.
1965 4495 2194 4565 Jamque
2220 4496 2359 4551 adeo

776 4571 1177 4658 discipulorum
1213 4588 1396 4653 turba,
1433 4590 1550 4659 ejus
1580 4589 1884 4642 vexationis
1914 4605 2075 4661 causa
2105 4604 2226 4657 quae
2256 4588 2358 4643 sub

780 4681 1059 4750 Stephano
1096 4681 1236 4734 facta
1269 4690 1407 4744 erat,
1440 4680 1835 4751 Hierosolymis
1871 4681 2107 4744 relictis,
2152 4696 2357 4749 perque

777 4775 913 4828 alias
953 4784 1107 4827 extra
1154 4773 1321 4828 urbes
1359 4782 1525 4842 atque
1572 4774 1773 4842 oppida
1817 4774 1909 4827 alii
1950 4773 2057 4827 alio
2099 4772 2358 4842 dispersi,

778 4868 1029 4921 veritatis
1054 4867 1359 4920 doctrinam
1396 4866 1641 4921 secundo
1662 4877 1863 4921 conatu
1900 4866 2271 4936 praedicabant
2297 4866 2359 4918 ’⁵.

780 4959 1007 5028 Magnus
1028 4968 1214 5013 autem
1236 4958 1495 5023 Jacobus,
1519 4975 1645 5014 cum
1668 4976 1770 5029 per
1791 4960 2102 5014 universam
2122 4960 2363 5014 Judmam

780 5062 838 5106 ct
871 5052 1167 5129 Galilzeam.
1216 5052 1297 5105 uti
1324 5066 1452 5107 vere
1495 5052 1722 5106 tonitrui
1757 5050 1933 5118 lilius‘,
1973 5052 2071 5106 Dei
2115 5050 2365 5118 Evange-

782 5142 918 5196 lium
962 5142 1163 5197 clarius
1200 5142 1560 5207 intonuisset,
1597 5140 2147 5213 Hierosolymitanam
2174 5144 2366 5197 Eccle-

785 5235 923 5291 siam
954 5234 1235 5289 invisurus
1278 5237 1479 5291 iterum
1519 5251 1771 5291 reversus
1805 5246 1908 5291 est.
1959 5236 2203 5305 Repente
2230 5250 2361 5304 ergo

786 5326 1013 5379 militari
1054 5341 1219 5379 manu
1252 5327 1588 5397 corripitur,
1629 5336 1793 5396 atque
1827 5326 2059 5382 Herodis
2097 5326 2360 5380 tribunali

788 5421 1022 5475 sistitur.
1073 5419 1321 5489 Cumque
1354 5422 1599 5475 atrocius
1632 5421 1851 5489 injuriis
1882 5420 2109 5490 petitus,
2138 5421 2363 5489 probris

789 5514 1121 5583 complutus,
1177 5514 1501 5569 verberibus
1553 5515 1931 5577 exanimatus,
1986 5514 2155 5567 etiam
2195 5522 2360 5582 atquc

788 5605 956 5660 ctiam
981 5606 1270 5675 juberetur
1302 5607 1529 5661 omnino
1570 5623 1769 5676 negare
1808 5606 2120 5671 Christum;
2161 5606 2245 5659 sin
2283 5604 2363 5658 illi

789 5714 911 5755 esse
951 5707 1123 5754 morte
1154 5700 1413 5756 luendum
1447 5717 1462 5753 :
1502 5700 1854 5769 Impossibile,
1895 5700 2243 5763 exclamavit,
2284 5699 2363 5751 ri-

868 5879 908 5908 “
937 5878 1072 5933 Cen.
1098 5894 1247 5944 xvm,
1273 5881 1363 5934 '20.
1438 5883 1479 5914 ⁸³
1513 5877 1651 5935 l'sal.
1692 5895 1787 5945 vn,
1830 5878 1908 5933 lii.
1996 5878 2174 5932 “Aet.
2200 5893 2316 5940 vin,
2348 5875 2392 5929 Ι.

2452 3486 2714 3554 μιαίνειν
2743 3482 2840 3535 καὶ
2873 3482 3158 3549 ἀχρειοῦν
3186 3498 3198 3511 ·
3234 3480 3379 3545 τοὺς
3433 3479 3774 3545 ἐπισήμους
3802 3477 3872 3529 δὲ
3906 3476 4029 3528 τῶν

2457 3576 2644 3629 αὑτοῦ
2676 3575 2978 3643 μαθητῶν.
3020 3573 3253 3627 Δώδεκα
3304 3571 3375 3624 δὲ
3409 3572 3516 3624 τὸν
3555 3571 3806 3639 ἀριθμὸν
3843 3565 4032 3632 οὗτοι,

2458 3664 2549 3733 οἷς
2604 3669 2751 3721 καὶὸ
2788 3665 2908 3732 πᾶς
2963 3666 3149 3735 ὄχλος
3198 3665 3496 3733 ἑπόμενος
3557 3662 3986 3718 ἀποπλανᾶται
4019 3678 4035 3693 ’

2459 3762 2732 3825 τούτους,
2771 3755 2819 3814 ὦ
2862 3759 3245 3827 ,λαμπρότατε
3268 3756 3561 3821 βασιλεῦ,
3602 3758 3654 3808 εί
3684 3754 4035 3824 ἀπαγάγοις,

2458 3852 2615 3918 ἕξεις
2635 3854 2751 3920 μὲν
2780 3852 2889 3905 τὸν
2944 3851 3094 3905 Θεὸν
3130 3849 3352 3918 εὐμενῆ
3379 3866 3394 3880 ·
3440 3849 3562 3913 ὅλῳ
3620 3847 3690 3900 δὲ
3739 3847 3820 3910 τῷ
3870 3846 4037 3900 ἔθνει

2459 3944 2767 4010 ειρηναίαν
2814 3942 2966 4010 ζωὴν
2994 3940 3193 4011 χαριῇ·
3244 3941 3343 3993 καί
3392 3956 3494 3993 σοι
3542 3938 3653 4004 τῆς
3684 3938 4037 4005 εὐεργεσίας

2456 4038 2678 4101 ταύτης
2703 4037 2997 4103 μεγίστην
3030 4034 3251 4099 ειδότες
3286 4028 3494 4101 χάριν,
3542 4031 3877 4099 ἀξιόχρεων
3913 4030 4038 4082 εισ-

2456 4127 2707 4193 οίσομεν
2740 4127 2917 4195 ἀμοιό
2920 4126 3015 4193 ἠν.

2531 4220 2687 4289 ’Ἅμα
2735 4219 2913 4271 τοίνυν
2972 4220 3038 4287 τῇ
3087 4217 3303 4286 πονηρᾷ
3360 4214 3547 4284 βουλῇ,
3623 4212 3719 4265 καὶ
3790 4211 4039 4281 Ἡρώδης

2459 4313 2615 4366 eam
2663 4312 2761 4381 τὴν
2792 4312 3026 4365 ἀδικίαν.
3087 4307 3505 4377 Συμαμόάνει
3545 4306 3615 4359 δὲ
3654 4307 3865 4364 πόνον,
3898 4306 4041 4358 ἀνο-

2456 4405 2703 4477 μίανδὲ
2732 4406 2919 4457 τίκτει
2945 4420 2960 4433 ·
2994 4406 3087 4455 καὶ
3113 4404 3163 4455 οἱ
3202 4401 3533 4471 στρατιῶται
3567 4397 4036 4469 παρηγγέλλοντο,

2461 4500 2557 4553 καὶ
2585 4500 2613 4551 ὁ
2637 4498 2790 4567 λόχος
2823 4497 3171 4567 ἡτοιμάζετο,
3201 4496 3295 4548 καὶ
3344 4493 3406 4545 τὸ
3439 4492 3652 4562 ἐνεδρον
3692 4489 4037 4545 κατεσκευά-

2463 4592 2604 4657 ζετο.
2642 4591 2715 4644 Τὸ
2737 4590 2940 4658 πλῆθος
2969 4590 3067 4656 μὲν
3105 4584 3199 4641 οὖν
3240 4586 3352 4639 τῶν
3387 4585 3666 4656 μαθητῶν,
3696 4584 3785 4636 διὰ
3809 4582 3908 4651 τὴν
3938 4585 4040 4634 ἐπὶ

2462 4685 2539 4755 τῷ
2566 4684 2822 4754 Στεφάνῳ
2851 4680 3053 4751 autem,
3096 4680 3195 4751 τὴν
3229 4678 3587 4751 Ἰερουσαλὴμ
3615 4676 4037 4736 καταλιπόντες,

2465 4778 2561 4829 καὶ
2589 4777 2724 4846 πρὸς
2754 4775 2854 4838 τὰς
2903 4772 3010 4837 ἔξω
3040 4772 3225 4835 πόλεις
3249 4772 3346 4824 καὶ⁵
3382 4769 3575 4838 κώμας
3606 4768 3756 4822 ἄλλοι
3799 4769 4037 4821 διασπα-

2463 4870 2651 4941 ρέντες
2674 4865 2933 4937 ἀλλαχοῦ,
2963 4865 3053 4919 τὸν
3106 4864 3265 4932 λόγον
3301 4865 3402 4934 τῆς
3443 4861 3700 4931 ἀληθείας
3756 4862 4039 4929 ὶπεκηρυ-

2464 4962 2690 5016 χεύοντο
2720 4976 2734 4992 ·
2773 4957 3027 5018 Ἰάκωϐος
3053 4955 3110 5009 δὲ
3132 4958 3159 5009 ὁ
3187 4955 3384 5024 μέγας,
3419 4955 3609 5022 ἐπειδὴ
3641 4953 3764 5007 καθ’
3784 4952 3913 5020 ὃλην
3937 4950 4041 5020 τὴν

2478 5052 2740 5107 Ἰουδαίαν
2763 5067 2824 5103 τε
2857 5063 2952 5102 και
2984 5046 3296 5111 Γαλιλαίαν,
3328 5045 3403 5108 ὡς
3426 5045 3655 5116 βροντῆς
3686 5044 3801 5105 υἱὸς
3821 5041 4043 5111 ἀληθῶς

2464 5144 2564 5207 ὣν,
2595 5143 2655 5196 τὸ
2671 5142 2765 5194 τοῦ
2793 5140 2929 5194 Θεοῦ
2954 5139 3287 5207 Εὑαγγέλιον
3315 5136 3693 5206 ὲμὸροντήσας
3728 5133 4037 5201 γεγωνότε-

2464 5255 2576 5304 ρον,
2644 5236 2744 5304 τὴν
2804 5236 2862 5286 ὲν
2924 5229 3330 5303 Ἱεροσολύμοις
3386 5228 3545 5290 αὖθις
3599 5224 4041 5293 ὲπισκεμμενος

2465 5327 2763 5396 ἐκκλησίαν
2802 5325 3075 5393 ἐπανῆγεν
3112 5339 3126 5354 ·
3171 5321 3583 5390 συναρπάζεται
3640 5318 3741 5388 μὲν
3772 5316 4043 5386 ἐξαπίνης

2461 5420 2605 5492 χειρὶ
2618 5415 3083 5487 στρατιωτικῇ,τῷ
3110 5412 3353 5484 Ἡρώδου
3372 5411 3428 5464 δὲ
3450 5411 3657 5482 βήματι
3678 5410 4041 5480 προσάγεται·

2459 5515 2517 5576 ὃς
2534 5512 2628 5566 καὶ
2644 5512 2835 5582 ὕϐρεσι
2857 5508 3201 5580 βαλλόμενος,
3220 5507 3313 5560 χαλ
3326 5504 3551 5557 ὀνείδεσι
3572 5503 3922 5571 πλυνόμενος,
3943 5502 4050 5555 καὶ

2468 5603 2720 5676 μάστιξιν
2748 5601 3092 5671 ὲταζὸμενος,
3134 5601 3231 5652 καὶ
3259 5596 3777 5667 παραγγελλόμενος
3814 5610 4048 5662 παραγ-

2466 5697 2623 5768 γελία
2651 5695 2998 5751 παντάπασιν
3039 5690 3365 5763 ἐξόμνυσθαι
3397 5688 3491 5742 τὸν
3517 5686 3775 5759 Χριστὸν,
3818 5685 3850 5753 ἧ
3874 5686 4056 5737 θεῖνα-
