4192 6424
785 405 855 464 9g.)
1993 390 2289 452 NICETB
2327 391 2853 454 PAPHLAGONIS

3939 399 4045 464 100

783 524 996 568 statura
1029 521 1087 568 et
1127 519 1308 575 tetate,
1355 507 1565 564 terreni
1611 506 1765 577 regni
1803 505 2100 575 primatum
2148 503 2373 575 petieris

2477 507 2623 571 κίαν,
2701 506 2978 577 βασιλείας
3053 511 3300 578 ἐπιγείου
3369 511 3704 584 προτίμησιν
3784 513 4038 586 ᾔτησαςο

780 609 906 678 (nec
933 605 1084 658 enim
1118 603 1212 655 ﬁ'at
1255 616 1500 670 unquam
1542 609 1600 652 ut
1642 598 1966 666 magniﬁcus
2001 598 2248 658 animus,
2289 595 2369 648 rei

786 701 1022 769 alicujus
1071 695 1253 750 tenuis
1305 710 1371 748 ac
1410 692 1621 746 vilioris
1661 689 1939 743 desiderio
1977 686 2266 755 alliciatur)
2313 687 2371 740 in

780 794 959 846 virum
999 797 1182 842 autem
1231 785 1474 847 adultus,
1523 781 1656 852 [tegi
1688 781 1878 852 gloriae
1914 778 2221 850 proximam
2255 777 2371 849 pri-

781 897 1034 949 mamque
1063 879 1256 933 sedem
1288 877 1522 944 adeptus
1551 873 1647 927 sis.

850 974 1044 1034 Salve,
1085 971 1243 1025 beate
1278 967 1440 1022 Verbi
1482 966 1688 1034 Deique
1729 964 1846 1034 ipse
1869 962 2044 1018 oculis
2070 962 2370 1031 inspector,

779 1066 926 1135 quod
956 1063 1327 1133 piscationem
1355 1057 1678 1128 piscatione,
1703 1053 2041 1109 desiderium
2070 1051 2369 1118 desiderio,

783 1157 1162 1212 lnereditatem
1189 1151 1509 1206 lizereditate
1535 1158 1898 1208 commutans,
1937 1143 2027 1206 iis,
2053 1159 2172 1211 qua:
2201 1142 2374 1198 insta-

787 1254 919 1307 bilia
967 1258 1115 1309 sunt,
1159 1262 1224 1300 ea
1257 1261 1378 1313 qua:
1407 1252 1659 1305 manent;
1711 1240 1798 1302 iis,
1845 1253 1968 1307 quae
2010 1237 2064 1290 in
2113 1236 2277 1290 terris
2315 1244 2372 1289 et

783 1348 928 1399 lluxa
963 1351 1114 1403 sunt,
1153 1339 1401 1393 ccelestia
1433 1353 1536 1391 nec
1564 1350 1802 1404 unquam
1829 1333 2072 1401 peritura
2106 1345 2372 1386 consecu-

785 1447 874 1490 tus
906 1437 1002 1488 sis.

853 1529 1066 1593 (laude,
1103 1527 1251 1596 quod
1287 1526 1429 1578 sicut
1465 1522 1616 1574 nullo
1651 1520 1856 1583 medio,
1889 1534 2015 1573 cum
2048 1519 2101 1572 in
2140 1531 2371 1586 corpore

779 1625 1104 1687 versaret-is,
1138 1623 1232 1676 Dei
1269 1618 1510 1672 hominis
1535 1615 1940 1670 consuetudine
1964 1615 2017 1666 in
2049 1623 2190 1666 terra
2217 1612 2372 1681 prius

784 1719 1052 1779 utebaris,
1110 1718 1188 1770 sic
1239 1730 1386 1767 nunc
1438 1711 1618 1766 eidem
1667 1708 1983 1773 immediate
2032 1707 2228 1776 spiritu
2270 1706 2358 1758 de-

779 1809 1154 1864 vinctissiinus
1190 1805 1328 1860 facie
1363 1804 1427 1857 ad
1462 1804 1656 1857 faciem
1689 1801 1745 1854 in
1780 1801 1934 1854 caelis
1970 1798 2260 1853 insuescis.

2239 1913 2256 1954 ς

855 1988 1046 2044 Gaude
1075 1996 1132 2041 et
1165 1987 1350 2040 lauare
1387 1985 1439 2037 in
1471 1982 1700 2036 Domino
1726 1981 1835 2034 Deo
1865 1989 1958 2032 tuo
1985 1994 2048 2031 ac
2080 1979 2225 2045 Rege
2252 1987 2364 2040 tuo,

783 2096 993 2149 nosque
1024 2078 1299 2148 propitius
1325 2075 1392 2128 de
1419 2074 1560 2127 cwlo
1591 2074 1806 2125 intuere
1832 2087 1844 2122 :
1887 2084 1950 2122 ac
1983 2084 2118 2120 vero
2168 2083 2365 2137 purum

781 2175 940 2227 nobis
965 2187 1026 2223 ac
1054 2169 1490 2228 innnaculatnm,
1523 2164 1896 2233 apostolorun'i
1925 2174 2006 2215 ter
2031 2161 2364 2223 beatissime,

780 2277 835 2319 et
855 2282 884 2318 a
903 2263 1086 2317 saeculi
1120 2260 1339 2312 malitiae
1363 2258 1579 2310 insidiis
1597 2257 1832 2308 liberum
1857 2269 2080 2306 servans
2102 2252 2366 2314 animum,

791 2354 1025 2408 Domino
1047 2350 1269 2404 Christo
1301 2346 1794 2400 incontaminatun‘t
1827 2345 2035 2396 utinam
2070 2357 2370 2410 repraesen-

787 2458 890 2507 tes,
925 2447 977 2497 in
1008 2442 1238 2511 gloriam
1269 2439 1447 2494 Patris
1480 2447 1536 2490 et
1566 2437 1687 2490 Filii
1714 2443 1771 2490 et
1805 2435 2044 2506 Spiritus
2077 2434 2278 2499 sancti,
2313 2434 2369 2486 in

781 2538 979 2592 siccula
1012 2535 1361 2588 saeculorum.
1400 2531 1594 2585 Anien.

1410 2732 1668 2786 ORATIO
1703 2731 1790 2786 Vl.

782 2833 1048 2888 Lundutio
1079 2829 1248 2882 sancti
1286 2845 1347 2880 ac
1374 2826 1769 2878 celebratissimi
1798 2822 2024 2892 apostoli
2050 2831 2098 2874 et
2132 2821 2374 2890 Evange-

1246 2899 1382 2950 listw
1405 2897 1628 2948 Joannis
1651 2895 1912 2963 ’I'Iieologi.

852 3017 953 3080 Qui
1019 3027 1273 3081 magnum
1340 3007 1568 3061 tonitrui
1651 3007 1844 3059 Filium
1911 3005 2133 3058 laudare
2181 3004 2370 3074 jubet,

795 3107 972 3174 ipsum
1000 3104 1150 3156 -Inihi
1189 3117 1443 3170 magnum
1484 3101 1577 3153 Dei
1619 3099 1882 3166 Spiritum
1921 3097 2176 3150 laudibus
2217 3113 2374 3150 coro-

2472 599 2592 652 οὑδὲ
2644 600 2753 671 γὰρ
2791 600 3044 670 ἀνέχεται
3075 619 3204 654 ποτε
3232 601 3377 672 ψυχὴ
3425 605 3792 676 μεγαλοφυὴς,
3847 624 4044 678 μικρο-

2472 691 2683 760 πρεπές
2731 709 2783 744 τι
2815 692 3000 745 ποθεῖν
3024 708 3039 722 ·
3080 693 3162 755 είς
3190 694 3356 764 ἄνδρα
3390 695 3447 748 δὲ
3496 696 3892 765 τελειοὺμενος,
3939 700 4043 767 τῆς

2473 783 2699 851 ἔγγιστα
2750 783 2902 851 παρὰ
2938 781 3019 854 τῷ
3065 783 3287 837 Βασιλεῖ
3320 785 3422 856 τῆς
3475 787 3632 856 δόξης
3685 789 4042 857 πρωτοκαθε-

2472 873 2629 944 δρίας
2657 873 2916 945 ἡξιὼθης.

2543 969 2734 1039 Χαῖρε,
2792 969 2980 1040 μάκαρ
3021 971 3265 1026 αὑτόπτα
3308 971 3402 1025 τοῦ
3452 973 3626 1042 Λόγου
3650 975 3745 1027 καὶ
3807 975 4035 1036 θεόπτα,

2469 1059 2553 1112 ὅτι
2588 1064 2688 1132 τῆς
2736 1061 2922 1126 ἁλείας
2971 1061 3179 1131 ἁλείαν,
3217 1064 3318 1134 τῆς
3362 1065 3660 1135 ἐπιθυμίας
3714 1067 4038 1136 ἐπιθυμίαν,

2471 1153 2568 1202 καὶ
2627 1152 2728 1222 τῆς
2785 1152 3148 1224 κληρονομίας
3207 1154 3571 1226 κληρονομίαν
3641 1159 4044 1227 ἀμειψάμενος,

2469 1245 2582 1306 τοῖς
2604 1243 2880 1309 ἀϐεϐαίοις
2908 1245 2976 1299 τὰ
3009 1247 3262 1315 μένοντα,
3288 1251 3384 1302 καὶ
3409 1251 3522 1312 τοῖς
3546 1251 3696 1302 κάτω
3727 1253 3820 1304 καὶ
3849 1253 4037 1322 ῥέουσι

2470 1335 2538 1387 τὰ
2565 1336 2793 1407 οὑράνια
2821 1341 3161 1409 κατεκτήσω,
3183 1340 3370 1410 καὶμὴ
3409 1343 3840 1410 μεταπίπτοντα.

2541 1519 2733 1588 Χαῖρε,
2777 1518 2963 1589 ὥσπερ
3023 1522 3164 1588 μετὰ
3195 1522 3446 1592 σώματος
3504 1525 3723 1592 ἁμέσως
3750 1525 3828 1595 τῷ
3867 1526 4044 1578 Θεαν-

2472 1610 2675 1680 θρὼπῳ
2717 1610 3084 1681 προσωμίλεις
3142 1614 3270 1681 πρὶν
3322 1613 3414 1666 ἐπὶ
3448 1613 3573 1683 γῆς,
3622 1615 3765 1666 οὑτω
3829 1614 3923 1667 νῦν
3959 1616 4046 1683 τῷ

2472 1702 2621 1771 αὑτῷ
2681 1702 2963 1772 προσεχῶς
3030 1703 3087 1755 ὲν
3162 1703 3240 1773 τῷ
3303 1704 3579 1774 πνεύματι
3625 1707 4045 1775 συμφυόμενος,

2472 1797 2768 1865 πρόσωπον
2800 1797 2936 1866 πρὸς
2968 1797 3262 1868 πρόσωπον
3284 1799 3636 1867 ἐντυγχάνεις
3664 1801 3720 1851 ὲν
3739 1803 3852 1862 τοῖς
3873 1801 4048 1870 οὐρα-

2398 1867 2440 1922 B
2469 1889 2598 1949 νοῖς.

2541 1980 2710 2048 Χαῖρε
2760 1980 2857 2033 καὶ
2909 1981 3304 2052 κατευφραίνου
3342 1984 3400 2035 ἐν
3452 1984 3643 2053 Κυρίῳ
3679 1982 3758 2052 τῷ
3788 1984 3908 2053 Θεῷ
3940 2000 4046 2036 σου

2469 2075 2563 2127 καὶ
2588 2074 2796 2143 βασιλεῖ
2821 2091 2915 2126 σου
2937 2091 2950 2104 ·
2976 2075 3071 2128 καὶ
3100 2077 3248 2145 ἡμᾶς
3267 2077 3590 2139 ἑποπτεύοις
3615 2077 3816 2130 ἄνωθεν
3851 2078 4044 2140 mw;-

2469 2167 2697 2220 ἄσπιλον
2734 2167 2790 2220 δὲ
2824 2168 2917 2219 καὶ
2976 2169 3206 2237 ἄμωμον
3262 2171 3412 2239 ἡμῖν,
3440 2163 3485 2220 ὧ
3528 2170 4049 2239 τρισμακαριώτατε

2466 2257 2577 2310 τῶν
2641 2261 2982 2325 ἀποστόλων,
3037 2263 3130 2313 καὶ
3173 2261 3270 2330 τῆς
3315 2260 3409 2313 τοῦ
3458 2261 3550 2312 νῦν
3599 2261 3792 2322 αἰῶνος
3842 2264 4051 2323 κακίας

2469 2350 2823 2403 ἀνεπίϐουλον
2911 2350 3411 2423 [ἀνεπιϐούλευτον]
3472 2353 3882 2422 διατετηρηκὼς
3935 2354 4044 2422 τὴν

2469 2442 2667 2513 ψυχὴν,
2713 2443 2978 2511 ἀμίαντον
3005 2448 3388 2514 παραστήσαις
3424 2444 3501 2514 τῷ
3525 2445 3761 2514 δεσπότῃ
3796 2445 4047 2514 Χριστῷ,

2471 2537 2550 2598 εἰς
2580 2536 2735 2599 δόξαν
2765 2536 2978 2606 Πατρὸς
3003 2539 3096 2589 καὶ
3119 2538 3246 2589 Υίοῦ
3271 2538 3365 2589 καὶ
3404 2538 3558 2605 ἁγίου
3596 2537 3935 2608 Πνεὺματος,
3962 2541 4050 2601 εἰς

2470 2628 2596 2690 τοὺς
2628 2629 2829 2690 αἰῶνας
2856 2629 2964 2681 τῶν
2983 2629 3216 2682 αἰώνων.
3254 2631 3449 2699 Ἀμήν.

3069 2746 3292 2797 ΛΟΓΟΣ
3333 2747 3424 2811 τῖ’.

2468 2838 2572 2902 Είς
2602 2837 2698 2889 τὸν
2757 2837 2928 2902 ἅγιον
2986 2837 3082 2888 καὶ
3131 2840 3527 2906 ani-stimulo,"
3570 2839 3919 2892 ἀπόστολον
3944 2840 4055 2892 καί

2615 2909 3056 2976 εὐαγγελιστὴν
3123 2909 3411 2974 Ἰωάννην
3451 2910 3547 2960 τὸν
3582 2912 3898 2978 Θεονιόγον.

2553 3023 2616 3073 '0
2642 3022 2733 3073 τὸν
2779 3021 2950 3089 μέγαν
2977 3021 3074 3090 τῆς
3112 3021 3340 3092 βροντῆς
3387 3023 3543 3087 γόνον
3604 3025 4058 3092 προτρεπόμενος

2475 3114 2742 3176 ἐπαινεῖν,
2772 3113 2903 3164 αὑτό
2933 3129 3022 3181 μοι
3059 3113 3206 3164 δοκεῖ
3245 3113 3306 3164 τὸ
3332 3114 3479 3181 μέγα
3508 3112 3602 3166 τοῦ
3653 3113 3786 3166 Θεοῦ
3821 3115 4057 3184 Πνεῦμα

795 3214 926 3250 nare
962 3197 1156 3265 jubere
1184 3194 1436 3255 videtur;
1475 3207 1585 3260 quo
1629 3192 1716 3243 ille
1759 3192 2098 3258 compositus
2137 3206 2198 3243 ac
2240 3207 2372 3243 con-

2477 3207 2766 3274 παραινεῖν
2811 3205 3056 3256 ἐπαινεῖν
3086 3221 3098 3232 ·
3133 3199 3175 3272 ᾧ
3231 3205 3627 3274 ῥυθμιζόμενος
3684 3208 3892 3268 ἐκεῖνος
3952 3211 4058 3260 καὶ

794 3294 956 3343 cinne
988 3289 1240 3351 collisus,
1275 3287 1465 3340 orbem
1497 3295 1772 3339 terrarum
1819 3284 1886 3337 ad
1915 3300 2072 3338 suum
2108 3284 2381 3336 convertit

794 3397 988 3435 sonum
1016 3382 1077 3432 ¹⁶.
1098 3380 1153 3432 Id
1171 3394 1297 3432 vero
1321 3387 1529 3431 tantum
1556 3377 1824 3430 sermonis
1860 3376 2032 3428 nostri
2066 3375 2377 3428 facultatem

795 3482 1054 3543 supcrat,
1093 3482 1356 3541 quantum
1376 3483 1431 3524 et
1452 3471 1702 3523 humana:
1729 3469 1835 3521 vim
1872 3466 2380 3537 comprehensionis

786 3567 1022 3620 excedit.
1058 3565 1194 3618 Cum
1227 3565 1372 3616 enim
1403 3563 1642 3615 sonitum
1679 3559 1956 3628 hunc,qui
1993 3574 2154 3612 sensu
2172 3555 2376 3626 percipi

787 3670 900 3721 tur,
926 3660 1066 3712 haud
1095 3657 1252 3710 facile
1273 3657 1456 3710 animo
1474 3656 1864 3723 intelligamus;
1892 3667 2124 3720 quanam
2151 3653 2276 3719 quis
2293 3665 2381 3701 ra-

791 3756 937 3806 tione
963 3751 1262 3820 spiritalem
1280 3757 1623 3816 assequatur.
1641 3761 1703 3798 ac
1730 3745 1821 3813 qui
1840 3744 1985 3798 omni
2005 3745 2250 3812 corporis
2264 3758 2382 3795 sen-

787 3846 872 3897 sni
918 3842 1214 3912 prwcellit?
1237 3840 1482 3907 Cumque
1512 3838 1560 3890 ul
1583 3839 1906 3899 tonitruum,
1927 3834 2071 3902 quod
2098 3849 2194 3903 per
2217 3843 2379 3886 natu-

802 3953 913 3989 rain
947 3938 998 3988 in
1035 3935 1273 3988 nubibus
1299 3933 1447 3986 venti
1483 3932 1778 4000 agitatione
1808 3929 2104 3988 conﬂatur,
2125 3935 2378 3979 accurate

804 4028 990 4079 verbis
1039 4027 1328 4094 explanare
1401 4040 1510 4076 non
1572 4023 1888 4092 possimus:
1933 4034 2171 4089 quonam
2215 4019 2378 4071 modo

800 4119 984 4172 eximii
1027 4118 1191 4181 illius,
1235 4119 1394 4187 cujus
1429 4117 1577 4170 solus
1618 4116 1732 4183 ipse
1778 4112 2040 4165 Dominus
2087 4110 2375 4174 conﬂator,

793 4226 857 4264 ac
892 4224 1114 4278 parens,
1143 4209 1334 4262 laudes
1358 4223 1754 4278 przesumaiuus
1774 4210 1796 4258 *ί
1823 4206 1954 4271 Quis
1983 4206 2058 4259 ita
2091 4206 2142 4258 in
2175 4205 2378 4257 divinis

793 4303 1066 4364 eruditus,
1103 4303 1294 4370 sicque
1329 4302 1438 4354 alto
1473 4302 1657 4354 animo
1678 4300 1972 4369 praeditus?
2001 4301 2134 4364 Quis
2164 4300 2236 4351 ita
2265 4308 2375 4351 ter-

798 4397 949 4448 renis
975 4396 1229 4462 superior
1258 4409 1378 4447 sese
1405 4394 1620 4457 extulit,
1654 4393 1878 4462 parique
1912 4392 2228 4446 caelestibus
2262 4391 2374 4444 cel-

794 4487 1037 4540 situdine
1081 4486 1283 4538 evasit?
1323 4486 1457 4550 Quis
1501 4485 1638 4538 adeo
1680 4485 1862 4554 seipso
1899 4484 2190 4546 excedens,
2233 4483 2374 4534 intra

2483 3297 2820 3366 ἐναρμονίως
2853 3297 3238 3366 κροτούμενος,
3297 3300 3432 3368 πρὸς
3481 3300 3576 3349 τὸν
3609 3300 3810 3352 οἰκεῖον
3839 3300 3936 3368 τὴν
3972 3302 4060 3351 οἰ-

2481 3391 2753 3460 κουμένην
2807 3390 3108 3460 ἐπέστρεψε
3167 3391 3420 3457 φθόγγον.
3473 3391 3547 3443 Τὸ
3582 3393 3637 3444 δὲ
3683 3392 3923 3461 τοσούτῳ
3953 3393 4058 3444 τοῦ

2478 3483 2754 3550 ἡμετέρου
2791 3480 2950 3546 λόγου
2984 3480 3080 3549 τὴν
3139 3481 3368 3549 δύναμιν
3413 3482 3766 3551 ὑπερϐάλλει,
3813 3486 3922 3552 ὅσῳ
3955 3485 4063 3536 καὶ

2479 3572 2580 3639 τὴν
2613 3573 2962 3641 ἀνθρωπίνην
3007 3572 3296 3641 ὑπεραίρει
3342 3575 3666 3644 κατάληψιν.
3712 3575 3775 3628 Εἰ
3815 3577 3923 3644 γὰρ
3956 3576 4062 3626 τὸν

2481 3664 2730 3734 αἰσθήσει
2775 3665 2980 3731 ληπτὸν
3022 3665 3207 3716 τοῦτον
3246 3661 3400 3735 ἦχον,
3445 3660 3504 3718 ὸὺ
3543 3668 3834 3736 πρόχειρον
3880 3685 4064 3719 κατα-

2480 3761 2640 3817 νοεῖν,
2680 3757 2796 3820 πῶς
2817 3759 2881 3810 ἄν
2908 3775 2989 3819 τις
3011 3759 3250 3824 ἐφίκοιτο
3289 3757 3379 3808 τοῦ
3420 3761 3708 3826 νοουμένου
3743 3767 3837 3811 καὶ
3866 3763 4062 3812 πᾶσαν

2483 3846 2734 3915 σώματος
2769 3847 3023 3914 αἴσθησιν
3062 3846 3482 3914 ὑπερϐαίνοντος
3508 3865 3522 3910 ;
3557 3843 3663 3899 Καὶ
3692 3851 3736 3899 εἰ
3767 3850 3863 3919 τὴν
3892 3852 4063 3916 ἐγγι-

2480 3937 2718 4004 νομένην
2768 3939 2880 3998 τοῖς
2925 3938 3136 4004 νέφεσι,
3173 3940 3235 4007 τῇ
3283 3939 3426 3990 κατὰ
3482 3940 3643 4007 φύσιν
3701 3943 3912 4008 κινήσει
3953 3943 4062 3994 τοῦ

2480 4029 2786 4096 πνεύματος
2821 4028 3067 4098 βροντὴν,
3105 4030 3201 4098 οὑχ
3246 4024 3348 4081 οἷοί
3386 4029 3446 4081 τέ
3488 4033 3654 4100 ἐσμεν
3691 4032 3909 4102 ἀκριϐεῖ
3931 4033 4062 4086 δια-

2480 4123 2722 4190 σαφῆσαι
2763 4122 2926 4190 λόγῳ,
2980 4122 3095 4183 πῶς
3144 4122 3212 4174 ἂν
3250 4123 3352 4192 τῆς
3399 4123 3735 4192 ὑπερφυοῦς,
3773 4126 3862 4176 καὶ
3899 4127 4061 4194 μόνῳ

2475 4215 2554 4283 τῷ
2601 4213 2786 4284 Κυρίῳ
2833 4214 3338 4284 προσκροτηθείσης
3393 4216 3424 4284 ἢ
3480 4215 3856 4284 γεννηθείσης,
3927 4218 4046 4269 τῶν

2479 4306 2767 4373 ὑμνήσεων
2807 4305 3368 4373 κατατολμήσαιμεν;
3399 4306 3494 4366 Τίς
3533 4305 3674 4357 οὕτω
3703 4308 3768 4358 τὰ
3799 4305 3919 4358 θεῖα
3950 4324 4063 4359 πο-

2476 4396 2592 4458 λὺς,
2625 4395 2768 4447 οῦτω
2787 4396 2885 4464 τὴν
2916 4396 3145 4464 καρδίαν
3177 4395 3377 4464 βαθὺςς
3405 4397 3502 4458 Τίς
3536 4395 3678 4448 οὕτω
3701 4397 3809 4448 τῶν
3845 4396 4062 4463 γηΐνων

2477 4484 2940 4555 ὑπερανῴκισται,
2968 4485 3110 4536 οὕτω
3131 4487 3240 4547 τοῖς
3269 4485 3540 4554 οὐρανίοις
3581 4483 3924 4551 συνύψωταις
3954 4484 4062 4547 Τίς

794 4578 965 4630 Deum
997 4561 1728 4659 coi‘nprehensusItotusque
1767 4586 2022 4644 receptus
2055 4585 2158 4636 est,
2194 4584 2254 4628 ut
2291 4575 2373 4628 vel

2483 4578 2576 4630 ἐπὶ
2603 4579 2856 4630 τοσοῦτον
2884 4576 3077 4628 ἑαυτοῦ
3103 4577 3205 4639 ἔξω
3229 4577 3539 4644 γενόμενος,
3567 4574 3715 4627 ἔνδον
3741 4574 3875 4626 θεοῦ
3911 4592 4063 4627 κατ-

791 4689 851 4722 os
876 4670 1202 4760 aperircpac
1231 4669 1468 4760 linguam
1499 4683 1718 4721 movere
1765 4667 1818 4720 in
1851 4667 1946 4720 Dei
1978 4666 2377 4735 discipulorum

807 4763 1022 4814 laudem
1047 4761 1282 4822 audeat?
1310 4759 1455 4824 Quis
1473 4759 1768 4824 suﬂiciens,
1803 4768 1862 4812 ut
1895 4760 2096 4814 nedum
2131 4762 2374 4814 omnium

799 4856 1098 4922 sigillatim.
1139 4851 1233 4905 sed
1274 4852 1356 4904 vel
1396 4853 1561 4904 unius
1608 4852 1824 4905 illorum
1860 4854 2082 4907 virtutis
2125 4851 2376 4922 magniﬁ-

791 4949 1028 5000 centiam
1058 4960 1156 5013 pro
1187 4941 1267 4996 rei
1295 4943 1512 5007 merito,
1541 4943 1724 4997 animo
1753 4944 2075 5009 informare,
2107 4955 2165 4998 ut
2193 4944 2374 4998 verbis

791 5038 972 5105 eloqui
1007 5035 1228 5104 possit?
1317 5049 1332 5076 θ

861 5122 1116 5193 Quaenam
1151 5145 1304 5182 mens
1331 5132 1414 5195 (ut
1440 5115 1650 5184 summa
1669 5129 1886 5195 dicam),
1917 5145 2106 5200 quaeve
2144 5131 2284 5184 ratio
2310 5146 2374 5184 ac

793 5220 991 5272 oratio.
1040 5220 1338 5288 magniﬁca:
1383 5221 1608 5275 Joannis
1649 5221 1850 5276 indolis
1887 5223 2165 5290 (quinian
2201 5207 2370 5275 an‘imi

800 5312 908 5362 Deo
955 5311 1216 5364 simillimi
1252 5313 1558 5380 mentisque
1597 5312 1983 5380 divinissimae}
2019 5312 2208 5366 laudes
2240 5313 2370 5366 atti-

795 5403 952 5469 gerit.
982 5402 1084 5454 nisi
1115 5402 1162 5454 is
1186 5402 1298 5471 ipse
1324 5418 1354 5455 e
1392 5404 1710 5456 caelestibus
1739 5404 2006 5472 tantisper
2063 5405 2241 5475 adytis
2272 5405 2371 5459 de-

793 5492 1392 5562 scendens,divin:eque
1415 5497 1608 5549 :emnla
1631 5496 1874 5552 bonitate
1897 5497 2197 5552 humilibus
2219 5513 2376 5552 acce-

797 5587 972 5647 dens,
1025 5596 1198 5653 OSque
1253 5602 1354 5655 pro
1399 5587 1636 5657 theologi
1687 5603 1912 5642 munere
1969 5589 2371 5644 divinissimum

793 5677 1024 5731 auribus
1050 5677 1256 5733 nostris
1293 5680 1733 5748 acconunodans,
1769 5696 1924 5737 suam
1960 5681 2150 5749 nobis,
2190 5683 2369 5750 quoad

869 5838 899 5861 “
929 5835 1090 5890 Marc.
1122 5853 1197 5898 ιιι,
1228 5837 1304 5888 l7.

2479 4671 2754 4738 είληπται,
2794 4670 2934 4722 ὥστε
2968 4671 3142 4738 στόμα
3181 4671 3364 4738 διᾶραι
3393 4669 3619 4739 τολμᾷν,
3671 4669 3765 4719 καὶ
3797 4668 4067 4734 γλῶσσαν

2479 4763 2559 4821 εἰς
2591 4762 2811 4814 ἔπαινον
2842 4763 3012 4812 κινεῖν
3035 4760 3143 4812 τῶν
3173 4761 3266 4812 τοῦ
3288 4759 3423 4812 Θεοῦ
3459 4758 3717 4828 μαθητῶν
3743 4777 3758 4824 ;
3800 4759 3892 4820 Τίς
3927 4763 4065 4812 ἐκα-

2479 4854 2588 4917 νὺς,
2636 4853 2709 4922 μὴ
2750 4853 2832 4905 ὅτι
2865 4870 2931 4920 γε
2990 4853 3214 4904 πάντων
3237 4853 3325 4920 ὑφ’
3377 4851 3456 4915 ἓν,
3510 4851 3627 4911 ἑνὸς
3656 4850 3786 4916 γοῦν
3845 4851 4059 4916 αὐτῶν,

2483 4945 2582 5014 τὴν
2601 4945 2702 5013 τῆς
2732 4945 2934 5014 ἀρετῆς
2959 4943 3455 5014 μεγαλοπρέπειαν,
3484 4941 3802 5011 τυπωθῆναί
3830 4957 3888 4992 τε
3925 4942 4065 4993 κατ’

2479 5038 2638 5100 ἀξίαν
2664 5036 2742 5107 τῷ
2774 5035 2873 5104 νῷ,
2903 5036 2999 5089 καὶ
3028 5035 3362 5105 ἑρμηνεῦσαι
3396 5033 3472 5103 τῷ
3502 5034 3647 5102 λόγῳ
3680 5033 3981 5100 δυνηθῆναι
4006 5049 4025 5098 ;

2553 5130 2730 5191 Ποίος,
2758 5128 2843 5179 ἵνα
2867 5126 3102 5180 συνελὼν
3129 5128 3289 5188 εἴπω,
3325 5125 3468 5190 νοῦς,
3506 5127 3656 5187 ποῖος
3681 5125 3739 5177 δὲ
3768 5123 3923 5186 λόγος
3949 5123 4069 5192 τῆς

2491 5222 2739 5274 Ἰωάννου
2802 5221 3210 5291 μεγαλοφυῖας,
3270 5220 3468 5288 μᾶλλον
3523 5219 3580 5271 δὲ
3639 5216 4067 5285 θεοειδεστατης

2475 5312 2654 5383 ψυχῆς
2681 5313 2776 5366 καὶ
2832 5313 3073 5374 διανοίας
3101 5315 3213 5375 τοῖς
3238 5311 3538 5379 ἐγκωμίοις
3575 5307 3956 5378 προσεγγίσαι,
4000 5309 4066 5360 εἰ

2479 5407 2554 5477 μὴ
2607 5407 2770 5470 αὑτὸς
2799 5408 3008 5468 ἐκεῖνος
3039 5404 3148 5459 τῶν
3185 5404 3454 5474 οὐρανίων
3504 5403 3714 5455 ἀδύτων
3763 5401 4067 5454 ὑποκατα-

2477 5498 2600 5563 ϐὰς,
2662 5499 2756 5551 καὶ
2817 5497 3139 5568 θεομιμήτῳ
3207 5498 3535 5568 χρηστότητι
3595 5497 3708 5556 τοῖς
3767 5495 4066 5557 ταπεινοῖς

2475 5590 2746 5661 ὴγγικὼς,
2789 5593 2885 5646 καὶ
2917 5591 2978 5644 τὺ
3003 5590 3461 5660 θεολογικώτατον
3499 5587 3674 5658 στόμα
3702 5587 3813 5649 τοῖς
3839 5587 4063 5656 ἡμετέ-

2477 5698 2592 5753 ροις
2622 5681 2725 5737 ὠσὶ
2744 5682 3196 5754 παρασκευάσας,
3215 5680 3306 5737 τὺν
3326 5681 3524 5736 οἰκεῖον
3557 5679 3800 5741 ἔπαινον,
3834 5677 3914 5739 είς
3945 5676 4063 5744 τὴν
