4192 6424
167 393 231 453 101

880 388 1159 449 ΟΒΛΤΙΟ
1196 389 1295 451 VI.
1328 414 1396 425 --
1424 389 1506 449 IN
1553 388 1866 452 LAUDEM
1905 392 1965 451 S-
2005 392 2324 455 IOANNIS
2362 393 2628 456 EVANG.

3264 396 3365 460 102

162 505 228 556 τοῦ
256 500 451 569 [ἰατρὸς
481 500 659 566 δόξαν,
687 500 764 562 ὡς
796 500 1017 568 ἐφικτὸν
1056 505 1211 573 ἡμῖν,
1255 504 1679 575 ἐμϐροντήσειεν
1709 512 1756 566 Α
1780 521 1817 560 a;

1709 512 1756 566 Α
1780 506 1998 575 assequi
2030 508 2180 574 licet,
2215 509 2267 563 in
2296 509 2474 565 Patris
2498 508 2749 579 gloriam,
2779 508 2999 565 laudem
3026 510 3364 567 intonuerit?

166 598 300 663 ήμίνς
336 592 488 645 Ἐλθὲ
534 591 843 662 τοιγαροῦν,
893 587 939 646 ὦ
990 594 1245 649 Θεσπέσιε
1320 596 1537 665 θεολόγε
1586 599 1681 651 καὶ

163 684 492 753 εὐαγγελιστὰ,
524 686 557 753 ἡ
593 685 821 753 οὐρανία
853 685 947 737 τοῦ
998 687 1174 753 Λόγου
1207 687 1521 756 σάλπιγξ,ή
1555 688 1683 759 εὔη-

166 796 248 847 χος,
276 780 303 835 ἡ
330 777 670 846 ἐναρμόνιος,
711 778 745 846 ἡ
794 778 907 838 τοῖς
940 777 1235 846 μελιειδέσι
1293 779 1391 850 τῆς
1415 780 1682 849 ’ἀληθείας

163 872 399 938 φθόγγοις,
463 870 643 922 πᾶσαν
689 869 1076 938 είκαιομυθίαν
1120 869 1410 939 ἑλληνικὴν
1458 888 1684 924 κατασι-

164 964 365 1029 γάπασα·
400 959 579 1015 πάντα
630 960 688 1012 δὲ
720 961 965 1030 ρητόρων
990 963 1083 1012 καὶ
1115 960 1421 1029 φιλοσόφων
1474 962 1683 1031 δργανα

165 1054 492 1123 πολυαρμόνια
542 1051 621 1122 τῷ
662 1050 1017 1122 βροντοιρώνῳ
1092 1053 1191 1121 τῆς
1247 1052 1529 1120 θεολογίας
1591 1072 1682 1107 σου

165 1142 560 1211 κατακοιμίσασα
581 1156 597 1173 '
648 1144 828 1195 πᾶσαν
857 1142 913 1193 δὲ
946 1141 1123 1213 ψυχὴν
1162 1144 1319 1207 ἀξίαν
1350 1144 1444 1197 τοῦ
1509 1145 1683 1213 Λόγου

163 1238 265 1305 πρὸς
294 1237 484 1304 ἑαυτὴν
505 1235 847 1304 ἐφελκομένη
872 1249 886 1264 °
911 1236 1005 1287 καὶ
1028 1237 1129 1288 οὐκ
1155 1235 1461 1306 ἀνθρώπων
1486 1237 1684 1306 μόνων,

166 1329 268 1380 ἀλλᾶ
295 1330 376 1379 καὶ
396 1328 600 1393 αὐτῶν,
645 1326 829 1395 τολμῶ
861 1326 1050 1394 φάναι,
1086 1328 1195 1379 τῶν
1216 1328 1483 1398 οὐρανίων
1517 1331 1687 1383 Δυνά-

172 1421 418 1486 μεων,τὴν
474 1418 928 1489 ὑπερφυεστάτην
965 1419 1324 1491 ἐπισπωμένη
1373 1420 1511 1490 πρὸς
1558 1423 1688 1473 ἐαυ-

161 1510 235 1578 τὴν
275 1512 455 1579 ἀκοήν.

223 1601 271 1653 ’0
296 1600 381 1653 τοῦ
410 1602 625 1669 Πατρός
657 1603 769 1655 τῶν
826 1602 1020 1673 φώτων
1066 1601 1363 1666 ἀξιώτατος
1404 1602 1690 1672 ὑποφήτης

160 1688 229 1737 καὶ
252 1689 597 1758 γραμματεύς
620 1707 634 1721 ·
666 1692 725 1743 τὸ
758 1693 929 1761 στόμα
956 1691 1051 1746 τοῦ
1109 1692 1372 1763 Χριστοῦ,
1398 1693 1432 1762 ἡ
1468 1690 1692 1756 γλῶσσα

161 1780 232 1832 τοῦ
254 1781 568 1849 Πνιύματος,
599 1782 719 1836 ἐλθέ
768 1802 857 1853 μοι
888 1784 964 1853 τῷ
997 1783 1292 1853 πνεύματι,
1347 1782 1572 1852 Πνεῦμα
1597 1783 1691 1834 καὶ

1781 597 1918 652 Veni
1948 598 2136 668 igitur,
2158 599 2341 655 divine
2366 600 2641 670 Theologc
2661 609 2717 655 et
2732 601 3096 673 Evangelista,
3125 606 3364 661 caelestis

1781 692 1947 750 Verbi
1970 695 2122 757 tuba,
2142 709 2361 759 sonora,
2387 694 2656 748 concinna
2685 694 2903 749 mellitis
2923 694 3172 749 veritatis
3189 696 3363 758 sonis,

1782 800 2002 840 omnem
2041 785 2655 840 Graacorum'sermonis
2691 786 2985 841 vanitatem
3026 788 3246 842 silentio
3271 786 3369 841 da-

1783 892 2007 933 mnans:
2032 878 2322 947 omniaque
2345 887 2622 932 oratorum
2657 894 2720 932 ac
2750 878 3199 948 philosophorum
3222 880 3366 933 mul-

1786 969 1961 1037 tiplici
2010 970 2372 1024 consonantia
2402 971 2677 1024 modulata
2701 987 2905 1041 organa
2938 971 3221 1042 theologia:
3260 982 3367 1028 tuae

1786 1060 1896 1114 alto
1933 1062 2178 1115 tonitruo
2204 1062 2458 1129 sapiens,
2496 1070 2659 1130 atque
2683 1076 2900 1115 omnem
2933 1061 3112 1116 Verbo
3139 1062 3364 1131 dignum

1787 1154 2030 1209 animum
2063 1156 2130 1209 ad
2158 1171 2215 1210 se
2246 1156 2502 1219 trahens;
2536 1171 2638 1209 nec
2668 1156 2952 1209 hominum
2977 1155 3163 1218 modo,
3190 1155 3284 1209 sed
3310 1164 3368 1209 et

1788 1246 2029 1315 ipsarum
2063 1248 2259 1315 (ausim
2292 1248 2499 1310 dicere)
2527 1247 2836 1302 ccelcstium
2870 1250 3210 1303 Potestatum
3235 1262 3364 1318 per-

1787 1341 2048 1394 eximium
2072 1342 2323 1394 auditum
2353 1341 2439 1396 sui
2467 1341 2743 1396 desiderio
2773 1341 3028 1395 illiciens.

1862 1603 2039 1657 Patris
2082 1603 2353 1657 luminum
2380 1603 2700 1673 dignissime
2727 1604 3001 1672 interpres
3048 1618 3111 1655 ac
3166 1604 3365 1669 scriba,

1791 1693 1992 1748 Christi
2024 1710 2104 1759 os,
2138 1695 2320 1765 lingua
2361 1695 2622 1764 Spiritus,
2659 1696 2779 1748 veni
2811 1694 2875 1746 ad
2909 1710 2993 1747 me
3028 1694 3249 1763 spiritu,
3272 1696 3368 1764 qui

1793 1798 1849 1842 et
1889 1788 2001 1857 ipse
2027 1788 2246 1841 divinus
2276 1788 2513 1857 Spiritus
2558 1789 2653 1849 sis,
2704 1796 2959 1855 tanquam
2992 1802 3061 1840 ex
3094 1787 3205 1840 Deo
3244 1786 3370 1857 Spi-

160 1871 285 1933 αὐτὸς
315 1870 447 1924 Θεῖον
473 1870 570 1936 ὢν,
602 1873 676 1935 ὡς
705 1875 770 1926 ἐκ
803 1874 937 1927 Θεοῦ
988 1873 1303 1945 Πνεύματος
1358 1877 1692 1944 γεγεννημέ-
1722 1858 1768 1915 Β
1797 1898 1815 1934 ι

1722 1858 1768 1915 Β
1797 1882 1905 1934 ritu
1934 1890 2094 1935 natus
2117 1882 2180 1932 ’⁷.
2204 1880 2343 1933 Ecce
2384 1894 2479 1933 eor
2511 1880 2607 1933 tibi
2642 1880 2760 1933 lene
2784 1890 2839 1933 et
2863 1880 3216 1948 tranquillum
3250 1897 3369 1934 mu-

160 1982 244 2025 νος.
280 1963 398 2015 ’ἰδοὺ
429 1965 663 2033 κίχρημί
688 1982 770 2016 σοι
818 1965 1045 2035 καρδίαν
1080 1970 1311 2036 πραεῖαν
1335 1968 1429 2019 καὶ
1452 1967 1693 2036 ἡσύχιον,

160 2056 231 2107 καὶ
254 2053 328 2109 οἷα
422 2057 608 2127 νοερὸν
639 2056 814 2124 κῆπον
840 2057 933 2109 καὶ
962 2058 1242 2126 μυστικὸν,
1261 2059 1495 2111 διάνοιαν
1511 2058 1698 2126 ὑπέχω

159 2150 377 2216 ταπεινήν
403 2165 463 2200 τε
492 2148 587 2200 καὶ
617 2148 816 2218 ὁμαλῆ.
851 2147 1208 2217 Ἔξεγείρου,
1230 2147 1446 2217 βορῤᾶ,
1470 2147 1570 2201 καί
1596 2148 1694 2216 ἕρ-

159 2256 264 2303 χου,
284 2238 412 2291 νότε
440 2252 454 2266 ⁸
516 2237 887 2291 διὰπνευσον
920 2238 1120 2308 κῆπόν
1147 2257 1286 2309 μου,
1327 2240 1425 2292 καὶ
1467 2238 1694 2306 ῥευσά-

160 2345 322 2383 τωσαν
368 2328 647 2397 ἀρώματὰ
690 2348 835 2398 μου.
897 2329 1276 2398 Προσλαλείτω
1328 2329 1434 2399 γάρ
1481 2346 1562 2381 σοι
1600 2330 1695 2381 καὶ

158 2420 397 2489 Σολομὼν
428 2424 494 2474 σὺ
530 2422 637 2490 γὰρ
662 2420 867 2491 βορρᾶς
905 2423 1023 2491 μὲν,
1042 2423 1119 2484 ὡς
1143 2424 1255 2485 τοῖς
1288 2422 1694 2491 καθαρωτάτοις

157 2509 235 2578 τῆς
266 2509 533 2577 θεολογίας
560 2511 893 2580 φθέγμασιν,
925 2505 1012 2562 οἷα
1043 2510 1327 2579 λαμπραῖς
1360 2513 1453 2562 καὶ
1488 2510 1690 2577 {(9076-

158 2622 242 2666 νοις
261 2604 545 2673 ἀνατξύχων
574 2606 763 2664 πνοαῖς
796 2618 809 2631 °
845 2603 936 2655 καὶ
982 2603 1042 2656 τὸ
1085 2604 1184 2672 τῆς
1247 2602 1537 2663 πολυθεῖας
1576 2604 1695 2654 πνῖ-

154 2714 241 2762 γος,
277 2698 363 2750 καὶ
411 2696 505 2748 τὸν
543 2696 652 2747 τῶν
710 2696 973 2765 αἱρέσεων
1017 2694 1249 2764 διαχέων
1303 2695 1572 2762 φλογμόν’
1600 2693 1695 2745 καὶ

152 2785 226 2845 2'1;
248 2782 566 2853 πιεζομένας
590 2785 647 2835 ἐν
679 2782 889 2844 τούτοις
948 2782 1175 2850 καρδίας
1210 2781 1558 2851 ψυχαγωγῶν
1602 2783 1695 2836 καὶ

150 2877 519 2945 ἀνακτώμενος.
556 2876 729 2938 Νότος
755 2875 833 2940 δὲ,
866 2874 942 2938 ὡς
994 2878 1107 2939 τοῖς
1144 2878 1243 2945 τῆς
1306 2878 1525 2945 ἀγάπης
1577 2876 1693 2929 δια-

152 2965 417 3035 θερμαίνων
476 2967 681 3034 λόγοις,
744 2969 837 3020 καὶ
886 2967 1012 3029 τοῦς
1065 2967 1391 3037 ἀναισθησία
1447 2971 1539 3020 νοῦ
1602 2969 1693 3021 καὶ

1800 1980 1914 2036 tuo,
1942 1973 2202 2039 velutque
2256 1970 2648 2039 intelligentem
2681 1970 2899 2022 hortum
2936 1984 3000 2022 ac
3057 1971 3368 2039 mysticum,

1798 2063 2060 2119 humilem
2124 2064 2559 2133 aequabilemque
2615 2064 2857 2116 animum
2896 2061 3129 2131 prazbeo.
3167 2060 3364 2131 Surge,

1796 2156 1995 2227 aquilo,
2020 2165 2068 2208 et
2093 2158 2231 2221 veni,
2260 2164 2438 2207 auster
2464 2172 2482 2219 ;
2506 2158 2670 2224 perﬂa
2691 2156 2898 2206 hortum
2926 2171 3119 2211 meum.
3141 2162 3189 2204 et
3205 2157 3371 2223 ﬂuent

1796 2257 2044 2300 aromata
2100 2263 2217 2299 mea
2245 2247 2309 2298 ³⁵.
2341 2246 2416 2298 Te
2441 2246 2587 2298 enim
2616 2244 2781 2298 etiam
2840 2244 3096 2298 Salomon
3130 2245 3374 2313 alloqua-

1795 2346 1907 2390 tur.
1942 2335 2023 2389 Tu
2049 2349 2285 2403 namque
2343 2334 2550 2402 aquilo,
2610 2342 2671 2387 ut
2718 2332 3118 2401 limpidissimis
3165 2333 3374 2387 scilicet

1796 2426 2081 2494 theologia)
2115 2425 2361 2488 vocibus,
2393 2435 2649 2493 tanquam
2679 2424 2830 2493 puris
2847 2439 2909 2478 ac
2937 2423 3195 2478 vitalibus
3224 2424 3371 2479 ﬂati-

1793 2517 1898 2571 bus
1937 2516 2286 2586 refrigerans,
2325 2515 2802 2583 superstitiosique
2858 2516 3148 2569 numinum
3193 2516 3374 2572 cultus

1794 2609 2032 2677 algorem
2068 2617 2231 2676 atque
2264 2607 2542 2660 haereseon
2567 2605 2841 2670 incendia,
2884 2603 3187 2675 dissipans;
3257 2607 3373 2660 his-

1794 2712 1903 2766 que
1934 2711 2195 2766 oppressa
2252 2704 2472 2765 pectora
2509 2710 2765 2749 recreans
2805 2710 2868 2749 ac
2908 2695 3117 2749 levans.
3174 2697 3376 2751 Auster

1793 2803 1944 2851 vero,
1966 2789 2417 2842 velutcharitatis
2463 2787 2813 2840 sermonibus
2838 2785 3182 2850 calefaciens,
3215 2801 3375 2841 men-

1800 2879 2010 2948 stisque
2042 2880 2308 2933 exstincto
2340 2894 2499 2933 sensu
2527 2894 2589 2932 ac
2617 2877 2842 2939 duritie,
2877 2876 3065 2932 di'vino
3100 2878 3246 2933 omni
3274 2877 3374 2932 de-

1795 2972 1986 3025 titutos
2013 2970 2242 3033 inﬂuxu,
2268 2986 2445 3039 eaque
2476 2972 2685 3025 ratione
2720 2970 3045 3026 infecundos
3097 2979 3260 3039 atque
3306 2971 3377 3023 ri-

149 3060 438 3128 σκληρότητι
469 3059 623 3121 θείας
668 3058 1070 3128 ἐστερημένους
1114 3060 1402 3130 ἐπιρροῆς,
1462 3061 1689 3127 ἀγόνους
1717 3075 1762 3135 c
1794 3078 1804 3129 ι

1717 3075 1762 3135 c
1794 3070 1983 3129 gentes
2023 3061 2275 3115 refovens
2312 3076 2375 3114 ac
2408 3060 2771 3124 exsuscitans,
2823 3059 3087 3129 vitalique
3138 3058 3371 3113 humore

153 3168 197 3202 τε
224 3152 301 3202 διὰ
326 3152 501 3205 ταῦτα
536 3150 632 3204 καὶ
675 3150 1120 3219 κατεψυγμένους
1145 3150 1509 3214 καθεστῶτας,
1563 3154 1692 3204 ἀνα-

148 3242 331 3295 Θαλπων
384 3246 482 3296 καὶ
550 3240 951 3313 ἁναζωπυρῶν,
1025 3246 1119 3296 καὶ
1172 3243 1406 3314 ζωτικῆς
1470 3242 1693 3313 ἰκμάδος

145 3333 329 3401 πληρῶν
350 3336 443 3387 καὶ
480 3334 870 3404 καρποφόρους
903 3334 1206 3388 ἀποτελῶν.

200 3426 475 3488 Τοιαύταις
537 3428 767 3489 πνοαῖς,
802 3424 1065 3487 τοιούτοις
1101 3425 1428 3496 ῥοιζήμασιν
1460 3424 1545 3477 ἀεὶ
1578 3425 1694 3478 δια-

141 3519 287 3569 πνέων
312 3520 480 3587 ἡμᾶς,
517 3510 564 3568 ὦ
602 3516 865 3587 μακάριε,
921 3514 1110 3585 ὥσπερ
1162 3518 1282 3568 τινα
1340 3513 1591 3584 ποικίλην
1629 3515 1694 3567 ἐκ

142 3613 364 3662 ποικῦων
384 3611 707 3680 ἀρωμάτων
738 3608 966 3671 εὐωδίας
992 3609 1189 3679 ὀσμὴν,
1218 3608 1316 3677 τὴν
1363 3610 1426 3660 ὲκ
1474 3607 1580 3659 τῶν
1609 3606 1694 3659 λό-

137 3720 225 3769 γων
243 3720 317 3757 σοι
350 3707 565 3755 αἴνεσιν
600 3700 1024 3770 παρασκεύασον
1052 3703 1317 3767 ἐνεγκεῖν.
1353 3701 1582 3761 Πάντως
1611 3699 1689 3762 δὲ,

138 3797 356 3862 οὐδεμιᾶς
386 3798 524 3865 ἡμῖν
562 3794 944 3865 μακρηγορίας
991 3791 1189 3863 χρεὼν,
1223 3794 1319 3845 τὸν
1364 3791 1577 3861 πρῶτον
1635 3793 1693 3844 ἐν

137 3888 373 3955 (θεολόγοις
406 3887 785 3957 προθεμένοις
817 3885 1025 3954 ὑμνεῖν.
1066 3884 1152 3945 Ὦς
1180 3885 1289 3953 γὰρ
1316 3884 1405 3936 ἀεὶ
1453 3885 1515 3936 τὸ
1539 3883 1693 3936 Θεῖον

139 3982 180 4032 ἓν
196 4001 243 4034 τε
268 3988 375 4046 τοῖς
406 3985 595 4046 ἄλλοις
631 3985 791 4042 πᾶσι,
809 3984 900 4035 καὶ
921 3982 1055 4033 πολὺ
1080 3981 1241 4033 πλέον
1270 3982 1379 4043 τοῖς
1412 3979 1612 4047 λόγοις,
1632 3978 1694 4032 τὸ

136 4077 299 4141 γοργὸν
322 4080 423 4128 καὶ
478 4075 950 4143 συντετριμμένον
996 4070 1476 4143 [συντετμημένον]
1510 4070 1690 4138 φιλεῖ·

138 4167 258 4231 εἷλον
288 4167 341 4220 δὲ
375 4168 563 4231 τοῦτο,
592 4167 691 4220 καὶ
721 4168 834 4228 τοῖς
870 4166 927 4216 ἐν
968 4164 1117 4234 αὑτῷ
1149 4163 1419 4230 θεολογείν
1476 4160 1692 4224 εἰδόσιν,

135 4256 246 4308 οὕτω
268 4259 580 4327 προσήκειν
610 4255 853 4325 ἠγοῦμαι
902 4253 996 4306 καὶ
1043 4252 1121 4322 τῷ
1171 4251 1266 4304 νῦν
1294 4250 1693 4321 ἐπαινουμένῳ,

133 4346 386 4415 ἁπέριττόν
406 4366 469 4401 τε
500 4348 602 4400 καὶ
629 4346 964 4416 σύμμετρον,
992 4344 1066 4407 ὡς
1103 4340 1215 4396 οἷόν
1263 4360 1346 4409 τε,
1395 4343 1486 4396 τὸν
1536 4344 1695 4411 λόγον

1794 3155 2013 3224 replens
2044 3168 2106 3206 ac
2138 3152 2453 3208 fructiferos
2495 3160 2781 3222 praestans.

1864 3433 2214 3505 Ejuscemodi
2251 3432 2494 3492 ﬂatibus,
2548 3430 2857 3485 istiusmodi
2909 3430 3242 3485 stridoribus
3272 3445 3374 3485 nos

1794 3541 2011 3594 semper
2037 3524 2292 3593 perﬂans,
2321 3524 2403 3577 vir
2437 3524 2615 3589 beate,
2650 3533 2865 3592 praesta,
2899 3532 2960 3575 ut
3000 3523 3152 3576 velut
3176 3537 3373 3592 quam-

1793 3617 1918 3672 dam
1938 3634 2004 3671 ex
2028 3618 2194 3670 variis
2226 3616 2561 3670 aromatibus
2584 3616 2767 3668 odoris
2795 3615 3102 3669 suavissimi
3129 3616 3375 3683 lragran-

1794 3714 1945 3777 tiam,
1974 3728 2096 3781 quae
2119 3711 2467 3766 sermonibus
2492 3712 2716 3775 texitur,
2745 3710 2960 3764 laudem
3018 3709 3115 3763 tibi
3168 3709 3369 3763 oll‘era-

1794 3819 1934 3858 mus.
1954 3802 2188 3857 Omnino
2209 3802 2352 3855 enim
2376 3802 2509 3855 nihil
2532 3802 2686 3855 nobis
2713 3802 2919 3869 prolixa
2938 3815 3077 3869 opus
3103 3800 3370 3865 oratione,

1794 3893 1995 3963 quibus
2045 3893 2325 3946 incumbat
2353 3893 2667 3961 utprimum
2702 3891 2845 3944 inter
2879 3890 3160 3959 theologos
3184 3890 3375 3944 laude-

1795 4001 1936 4040 mus.
1976 3982 2446 4051 Quemadmodum
2486 3984 2633 4037 enim
2665 3983 2828 4046 Deus,
2861 3998 2986 4037 cum
3036 3982 3089 4035 in
3149 3982 3375 4051 reliquis

1794 4077 2073 4140 omnibus,
2104 4084 2217 4129 tum
2248 4073 2447 4143 potiori
2476 4073 2633 4141 longe
2674 4073 2881 4125 ratione
2912 4072 2968 4125 in
3003 4072 3369 4138 sermonibus,

1796 4168 1852 4223 id
1903 4175 2049 4221 amat
2082 4163 2226 4234 quod
2266 4178 2388 4217 acre
2422 4176 2483 4215 ac
2517 4161 2680 4216 breve
2731 4170 2814 4215 est
2846 4178 2861 4224 ;
2920 4169 3105 4214 amant
3158 4177 3289 4216 vero
3316 4170 3374 4216 et

1797 4256 1891 4328 qui
1922 4255 2109 4309 divina
2144 4259 2380 4307 tractare
2424 4259 2632 4304 norunt
2661 4267 2679 4303 :
2708 4251 2788 4303 sic
2810 4259 2864 4303 et
2886 4250 2962 4303 illi
2997 4265 3159 4319 quem
3189 4251 3376 4304 lauda-

1800 4364 1921 4402 mus
1950 4345 2246 4401 convenire
2280 4342 2557 4404 existimo,
2593 4348 2653 4394 ut
2678 4340 2983 4395 orationem
3010 4340 3235 4393 minime
3284 4353 3376 4393 su-

133 4444 493 4511 καρποφορεῖν.
527 4442 707 4494 Ὅθεν
748 4442 850 4493 οὐκ
885 4440 991 4493 ἀπὸ
1019 4438 1127 4493 τῶν
1156 4438 1259 4502 ἔξω
1284 4439 1377 4490 καὶ
1399 4438 1566 4507 γῆθεν
1601 4439 1693 4491 αὖ·
1723 4421 1767 4477 θ

1723 4421 1767 4477 θ
1800 4439 2090 4510 perﬂuam,
2139 4451 2203 4489 ac
2254 4435 2432 4488 modis
2463 4432 2578 4487 suis
2608 4430 2925 4493 coercitam,
2973 4429 3152 4500 quoad
3202 4430 3370 4495 licet,

132 4530 187 4597 τῷ
204 4535 620 4602 παρεπομένων,
642 4532 854 4600 γένους,
872 4533 1034 4601 φημὶ,
1068 4530 1161 4583 καὶ
1194 4528 1470 4601 πατρίδος,
1488 4530 1522 4600 ἦ
1555 4545 1697 4592 τινος

148 4626 408 4695 εὐκληρίας
424 4625 679 4694 βίου,τὸν
695 4625 941 4694 οὐράνιον
959 4624 1123 4693 ἄνδρα
1141 4621 1370 4691 γνωριοῦ
1380 4637 1501 4691 μεψ
1520 4639 1700 4693 περιτ-

132 4717 180 4782 τὴ
196 4717 418 4784 γὰρ,καὶ
441 4716 548 4785 οὐχ
568 4718 729 4776 ὅπως
759 4716 837 4783 τῷ
873 4714 1191 4783 ὑψηλοτάτῳ
1210 4714 1309 4783 τῆς
1326 4712 1579 4780 ἀληθείας
1608 4713 1697 4765 εύ-

133 4808 387 4879 αγγελιστῇ
411 4808 557 4860 ’ἀλλ’
576 4806 707 4859 οῦδέ
745 4808 857 4867 τοῖς
876 4804 1055 4874 πολλῷ
1077 4804 1419 4873 λειπομένοις
1438 4806 1538 4877 τῆς
1564 4806 1697 4873 ἀρεο

131 4898 201 4963 τῆς
229 4900 416 4965 ἁγίοις,
439 4897 681 4965 οἰκείαῆ
704 4895 917 4965 θελητὴ,
942 4897 975 4965 ἡ
998 4898 1104 4948 ἀπὸ
1125 4896 1235 4948 τῶν
1255 4894 1508 4949 τοιούτων
1530 4894 1696 4963 εὐφη-

136 4988 224 5051 μία.
262 4990 415 5043 Ἀλλὰ
436 4992 508 5042 τὰ
532 4989 655 5043 ἀπὸ
678 4989 778 5057 γῆς
804 4988 899 5057 μὲν
912 4988 1070 5058 τίμια
1084 4990 1196 5050 τοῖς
1216 4987 1324 5039 ἀπὸ
1338 4987 1441 5055 γῆς
1463 4986 1694 5056 ἐναόρύ-

132 5081 283 5133 πίεσθαι
304 5083 585 5152 παρῶμεν
616 5098 633 5111 ·
666 5076 748 5144 οἷς
770 5082 827 5133 δὲ
858 5083 891 5151 ή
924 5082 1176 5152 γέννησις
1211 5081 1311 5133 οὐκ
1334 5081 1392 5145 ἐξ
1419 5080 1691 5150 αἱμάτων,

268 5177 329 5229 ἐκ
390 5176 723 5246 θελήματος
764 5175 988 5241 γέγονεν
1029 5173 1219 5244 ἀνδρός
1250 5189 1263 5203 ·
1306 5171 1434 5226 ἀλλ’
1459 5172 1695 5241 όΠατὴρ

135 5266 209 5329 μὲν
230 5271 468 5336 οὐράνιος
496 5267 725 5323 ἄνωθεν
750 5266 1132 5336 προεγνωκὼς,
1167 5265 1527 5335 συμμόρφους
1556 5264 1697 5316 κατὰ

134 5360 286 5427 καιρόν
310 5361 599 5426 ἐξελέξατο
658 5360 741 5428 τῷ
792 5360 1115 5427 Μονογενεῖο
1163 5358 1225 5411 τὸ
1274 5358 1497 5426 Πνεῦμα
1544 5356 1603 5408 δὲ
1637 5355 1698 5408 τὸ

136 5446 257 5511 Ξιγιον
286 5452 356 5513 ὡς
404 5454 592 5517 ἁγίοις
649 5449 1204 5518 ἐπαναπαυσὰμενον,
1256 5447 1353 5502 καὶ
1401 5445 1586 5500 καινὸν
1640 5447 1698 5498 ἐν

135 5539 281 5603 citavi;
306 5546 599 5613 ἄνθρωπον
633 5542 738 5596 καὶ
766 5541 971 5610 θεοειδῆ
994 5539 1074 5609 τῷ
1109 5540 1208 5610 τῆς
1238 5537 1493 5607 ἀληθείας
1544 5536 1690 5606 λόγῳ

136 5638 461 5706 ἷεγεονιηγλὶις,
498 5637 872 5704 υἱοθετήσατο
898 5634 975 5704 τῷ
1004 5633 1122 5704 Θεῷ
1145 5674 1161 5697 ,
1190 5632 1410 5695 τούτους
1443 5629 1691 5683 ἐντεῦθεν

1312 5811 1353 5843 ι’
1382 5809 1537 5866 Joan.
1580 5825 1617 5875 ι,
1659 5810 1735 5865 l5.

194 5818 282 5871 “ll
307 5818 429 5876 Cor.
468 5836 552 5884 ιιι,
587 5819 679 5872 ι’ἲ.
766 5815 809 5848 ³⁸
830 5815 987 5869 Cant.
1019 5830 1093 5878 IV,
1148 5812 1229 5867 lC».

1800 4531 2117 4587 offeramus.
2142 4526 2508 4594 Quamobrem
2536 4539 2566 4578 a
2598 4523 2748 4577 nullo
2765 4537 2957 4576 eorum
3003 4538 3124 4591 qua
3167 4523 3377 4576 extrin-

1800 4638 1959 4677 secus
1988 4627 2136 4681 sunt,
2170 4628 2225 4672 ct
2254 4626 2470 4671 terrena
2508 4613 2663 4682 quasi
2715 4610 3019 4680 appendice
3070 4618 3376 4679 sequuntur

1801 4710 2076 4783 (prosapia
2089 4708 2297 4763 scilicet
2312 4715 2475 4774 atque
2489 4703 2665 4772 patria
2699 4701 2874 4755 ullave
2894 4700 3076 4753 saeculi
3102 4700 3374 4769 claritate)

1797 4804 1977 4856 virum
2002 4801 2279 4856 caalestem
2328 4795 2731 4853 celebrabimus
2787 4792 3081 4864 (superﬂua
3110 4793 3281 4857 enim,
3312 4808 3377 4848 ac

1797 4895 2001 4949 nedum
2036 4891 2343 4945 celsissimo
2364 4886 2610 4941 veritatis
2633 4884 2999 4954 evangelista,
3059 4884 3153 4937 sed
3193 4898 3376 4951 neque

1797 4986 2001 5040 sanctis
2048 4983 2116 5037 ab
2162 4983 2281 5052 ejus
2309 4983 2464 5050 longe
2498 4978 2703 5031 virtute
2760 4976 2986 5029 remotis
3039 4976 3374 5028 conveniens

1798 5088 1892 5133 aut
1927 5076 2144 5147 placita,
2176 5090 2299 5145 quae
2333 5089 2399 5127 ex
2434 5072 2634 5125 talibus
2688 5069 2932 5124 laudatio
2985 5071 3112 5135 est).
3171 5068 3376 5122 Verum

1798 5170 2032 5225 terrenis
2064 5165 2401 5223 ornamentis
2430 5162 2718 5233 superbire
2745 5178 2842 5217 eos
2874 5162 3122 5216 sinamus
3176 5171 3231 5215 et
3262 5163 3378 5231 glo-

1797 5264 1951 5325 riari,
1984 5262 2077 5332 qui
2109 5272 2237 5315 sunt
2265 5275 2295 5313 e
2339 5267 2481 5311 tcrra
2515 5273 2528 5309 :
2562 5256 2765 5326 quibus
2794 5265 2974 5308 autem
3001 5256 3260 5308 nativitas
3295 5264 3375 5307 at-

1799 5372 1906 5426 que
1938 5356 2091 5424 origo
2132 5368 2239 5407 non
2262 5366 2329 5404 ex
2354 5347 2735 5418 sanguinibus,
2762 5361 2861 5399 nec
2881 5362 2947 5400 ex
2972 5346 3251 5398 voluntate
3274 5344 3374 5398 viri

1800 5448 1998 5517 obtigit
2027 5448 2068 5478 ⁸³
2102 5463 2117 5509 ;
2144 5443 2240 5498 sed
2274 5443 2435 5497 Pater
2459 5440 2681 5510 quidem
2712 5438 2953 5493 caelestis
2981 5438 3111 5492 olim
3166 5452 3374 5506 praeco-

1797 5540 2000 5611 gnitos,
2034 5550 2133 5608 pro
2175 5543 2422 5603 tempore
2462 5532 2771 5588 conformes
2813 5531 2980 5601 elegit
3038 5529 3373 5598 Unigenito;

1799 5629 2038 5701 Spiritus
2066 5634 2289 5682 sanctus
2319 5635 2523 5686 autem,
2562 5630 2621 5677 ut
2646 5621 2738 5693 qui
2774 5621 2827 5677 in
2860 5620 3065 5676 sanctis
3107 5618 3371 5688 conquie-
