4192 6424
222 424 293 485 105
956 417 1235 477 ORATIO
1275 417 1368 475 \‘l.
1402 440 1464 449 --
1505 415 1576 474 ΙΝ
1608 414 1776 474 LAUI

1865 416 1912 473 ιι
1956 415 2013 472 S.
2055 412 2374 475 JOANNIS
2412 414 2681 474 EVANG.

3318 413 3417 479 106

224 541 292 591 xui
317 532 413 587 τοῦ
450 532 766 604 Πνεύματος
818 530 874 583 δὲ
914 531 1241 602 περιστερᾶς
1297 531 1427 583 είδει
1457 531 1754 595 κατιόντος,

1862 540 2021 598 atque
2050 531 2335 583 amborum
2391 532 2764 586 testimonium
2821 529 3161 603 obsignante,
3224 545 3418 601 praeter

224 627 293 678 καὶ
317 624 415 693 τὴν
448 624 760 693 μαρτυρίαν
790 622 993 690 ἀμφοῖν
1022 620 1539 691 ἐπισφραγίζοντος,
1566 615 1655 672 οἷὰ
1672 637 1752 681 τις

222 716 381 786 ﬁliani;
414 716 547 782 πρὸς
571 716 687 774 τοῖς
736 712 913 774 ἄλλοις
969 711 1065 763 τοῦ
1127 712 1300 780 Λόγου
1355 711 1607 780 μύσταις,
1662 712 1754 763 καὶ

221 812 302 871 τοῖς
352 810 488 868 υἱοῖς
550 805 834 858 Ζεϐεδαίου
884 804 1191 875 προσέπεσε
1262 804 1632 875 μαρμαρυγή’
1662 806 1755 855 καὶ

220 903 435 968 καθάπερ
464 899 587 951 τινὰ
631 898 903 968 σπινθῆρα
928 896 1185 964 γνώσεως
1238 896 1636 966 ἐλλαμφθὲντες
1660 895 1753 948 τοῦ

223 992 656 1061 μαρτυρουμένου,
680 988 869 1056 ἐπειδὴ
905 988 1022 1057 μετ’
1044 988 1225 1056 ὀλίγον
1247 988 1443 1050 αὐτοὺς
1481 990 1508 1041 ὁ
1543 986 1755 1057 θεαρχι-

222 1082 426 1144 κώτατος
468 1082 696 1135 ἐκάλεσε
736 1082 1036 1151 παραστὰς,
1060 1080 1179 1132 οὐδὲ
1216 1079 1387 1149 βραχὺ
1433 1077 1561 1146 γοῦν
1621 1079 1757 1151 πρὸς

220 1182 295 1246 τὴν
309 1176 495 1242 κλῆσιν
515 1175 840 1229 ἁνεὸἀλοντο
858 1190 870 1203 ·
914 1176 976 1226 οὐ
1002 1173 1291 1244 συνηθείας
1310 1172 1549 1235 οἰκείων,
1581 1172 1642 1226 οὐ
1670 1173 1758 1241 φί-

236 1266 457 1333 λων,οὑχ
498 1266 802 1335 ὁμηλίκων,
838 1263 952 1316 οὔθ’
997 1263 1132 1326 ὅλως
1179 1262 1507 1331 συγγενικῆς
1552 1262 1755 1331 φιλίας,

225 1360 299 1409 καὶ
320 1359 558 1427 ἑταιρίας
582 1356 960 1426 ἐπεσχέθησαν
981 1358 1094 1418 τοῖς
1121 1356 1341 1424 δεσμοῖς
1360 1368 1375 1383 ⁸
1405 1356 1540 1409 ἀλλὰ
1569 1357 1663 1409 καὶ
1692 1356 1759 1407 τά

226 1452 464 1520 προσόντα
487 1452 687 1516 πάντα,
713 1450 807 1504 καὶ
837 1451 937 1519 τὴν
957 1450 1140 1502 ἑστίαν
1175 1448 1276 1518 τὴν
1323 1450 1598 1520 πατρικήν
1620 1466 1634 1480 ·
1671 1451 1759 1502 ναὶ

221 1544 270 1612 δὴ
292 1544 371 1596 καὶ
396 1543 559 1596 αὐτὸν
588 1542 683 1594 τὸν
731 1542 944 1612 πατέρα
978 1542 1116 1610 μετά
1167 1542 1262 1594 τοῦ
1297 1541 1482 1594 πλοίου
1519 1542 1614 1594 καὶ
1662 1540 1759 1607 τῆς

222 1633 501 1702 ἁλιευτικῆς
538 1634 771 1702 ἀφέντες
809 1631 874 1702 (ὣ
920 1633 1019 1703 τῆς
1067 1633 1367 1696 πίστεωςί)
1405 1632 1760 1686 ἀκολουθοῦσι

222 1726 283 1794 τῷ
313 1725 479 1794 Ἰησοῦ
513 1741 528 1755 ’
572 1728 631 1779 ὲν
658 1724 887 1795 ἀληθινῇ
915 1728 1011 1779 καὶ
1041 1724 1241 1794 γνησίᾳ
1258 1724 1487 1795 καρδίας
1516 1725 1758 1793 συμφυό-

225 1836 357 1888 μενοι
386 1821 612 1889 στοργῇ.

1854 624 2095 693 reliquos
2111 624 2605 695 Verbidiscipulos,
2646 629 2701 679 in
2731 624 3225 696 Zehcdaai-quoque
3256 627 3419 689 ﬁlios.

1853 718 2001 769 velut
2024 717 2154 770 solis
2187 716 2407 785 quidam
2444 718 2674 772 micatus
2699 727 2755 772 et
2799 718 3056 787 splendor
3080 719 3319 785 cecidit;
3357 734 3423 774 ac

1853 809 2007 878 quasi
2034 807 2270 865 scintilla
2292 809 2545 878 quadam,
2567 813 2705 881 ejus,
2746 810 2836 865 cui
2862 810 3236 865 testimonium
3301 826 3425 881 per-

1855 900 2164 965 hibebatur,
2204 902 2310 955 illis
2338 911 2681 966 coruscante,
2716 917 2845 957 cum
2909 901 3062 957 brevi
3103 911 3225 971 post
3275 902 3423 958 divi-

1855 992 2116 1047 nissimus
2136 994 2224 1048 ille
2274 994 2505 1062 fonsque
2526 992 2749 1049 deitatis
2778 994 2901 1049 illos
2932 1002 3132 1064 praasto
3153 1006 3422 1059 vocasset,

1855 1105 1924 1144 ne
1948 1100 2223 1144 momento
2248 1089 2469 1158 quidem
2494 1089 2721 1158 obsequi
2746 1089 3096 1145 distulerunt.
3125 1089 3243 1143 Non
3294 1106 3426 1146 con-

1856 1181 2161 1235 suetudinis
2189 1197 2434 1246 suorum,
2463 1196 2573 1236 non
2600 1181 2920 1245 amicorum,
2955 1197 3064 1236 non
3111 1181 3425 1251 aequalium,

1858 1288 2033 1341 neque
2064 1288 2286 1342 prorsus
2315 1283 2667 1343 cognatorum
2707 1272 3087 1343 sodaliumque
3121 1274 3429 1329 necessitu-

1858 1366 2004 1422 dinis
2035 1366 2269 1421 vinculis
2300 1366 2517 1419 inhibiti
2563 1375 2691 1421 sunt
2722 1384 2737 1431 ;
2772 1366 2866 1420 sed
2893 1375 2950 1420 et
2975 1365 3124 1419 omni
3174 1367 3429 1421 substan-

1860 1458 1934 1512 tia
1964 1468 2296 1527 paternatu
2322 1458 2507 1522 domo,
2542 1459 2674 1528 quin
2720 1467 2777 1513 et
2806 1458 2925 1528 ipso
2954 1466 3109 1527 patre
3164 1472 3270 1511 una
3300 1473 3427 1511 cum

1859 1566 1994 1605 nave
2025 1566 2089 1605 ac
2138 1551 2471 1605 navicularia
2493 1559 2607 1605 arte
2641 1549 2846 1604 relictis
2904 1552 2960 1619 (ο
2990 1548 3150 1602 ﬁdem
3177 1549 3217 1617 l)
3242 1548 3427 1602 Jesum

1859 1650 2187 1713 sequuntur,
2215 1642 2417 1698 nedum
2446 1657 2701 1712 corpore,
2721 1640 2817 1695 sed
2838 1641 3009 1710 magis
3028 1639 3227 1710 spiritu
3251 1657 3268 1705 ;
3296 1655 3429 1696 vero

1862 1736 1938 1790 illi
1972 1737 2296 1804 sinceraque
2318 1734 2499 1790 cordis
2525 1748 2710 1789 amore
2730 1733 2993 1788 devincti.

275 1912 368 1964 Καὶ
399 1914 518 1975 ταῖς
560 1912 659 1981 μὲν
687 1911 872 1965 ἀκτῖσι
927 1909 1035 1962 τῶν
1062 1910 1236 1978 λόγων
1273 1910 1371 1979 τῆς
1401 1910 1621 1981 χάριτος
1648 1910 1757 1965 τῶν

1930 1916 2007 1970 Ac
2026 1914 2247 1985 quidem
2273 1930 2587 1970 sermonum
2622 1915 2826 1985 gratim,
2876 1915 3066 1970 divino
3125 1929 3191 1968 ex
3218 1929 3314 1969 ore
3339 1929 3431 1968 sa-

219 2007 269 2057 ἐκ
286 2004 365 2056 τοῦ
385 2002 677 2074 θεαρχικοῦ
736 2005 1002 2072 στόματος
1051 2002 1440 2073 ἐξαλλομένων,
1488 2003 1760 2074 περιλαμ-

221 2097 410 2165 πόμενοί
432 2113 491 2149 τε
523 2096 614 2149 τὸν
644 2095 791 2157 νοῦν,
826 2097 921 2149 καὶ
950 2098 1031 2159 είς
1086 2096 1273 2149 καινὸν
1330 2098 1613 2168 ἄνθρωπον
1667 2098 1762 2149 καὶ

219 2189 395 2258 θεοειδῆ
448 2188 967 2260 μεταμορφούμενοι
988 2204 1001 2219 ·
1033 2190 1147 2252 τοῖς
1179 2188 1290 2241 τῶν
1330 2188 1507 2260 ἔργων
1548 2189 1604 2242 δὲ
1628 2188 1759 2241 θαυ-

222 2282 408 2348 μασίοις
435 2284 539 2351 τὴν
601 2282 788 2333 πίστιν
847 2281 1288 2352 κραταιούμενοι,
1332 2281 1424 2333 καὶ
1456 2279 1668 2351 ἡμέραν
1703 2281 1762 2347 ἐξ

216 2375 398 2441 ἡμέρας
425 2375 520 2426 τὸν
546 2374 645 2441 τῆς
694 2372 919 2443 ἀγάπης
977 2372 1466 2444 ἀναζωπυροῦντες
1517 2373 1756 2442 πυρσόν·

218 2469 295 2518 καὶ
314 2468 558 2536 καθάπερ
580 2467 648 2519 τὰ
673 2466 783 2519 τῶν
816 2466 1001 2534 φυτῶν
1046 2466 1408 2537 εὐγενέστερα
1462 2466 1494 2537 ἢ
1544 2466 1764 2521 εὐθαλέ-

215 2575 375 2627 στερα,
398 2560 497 2629 γῆς
549 2576 606 2611 τε
642 2559 827 2621 πίονος
867 2558 961 2609 καὶ
992 2557 1165 2626 καλῆς
1210 2557 1444 2627 λαχόντα
1492 2558 1591 2629 τῆς
1635 2559 1765 2611 ὐπο-

214 2651 442 2719 κειμένης
470 2666 485 2680 ο
529 2650 730 2712 ἱκανῶς
764 2649 821 2701 δὲ
848 2648 943 2702 καὶ
980 2650 1076 2718 τῆς
1106 2651 1258 2720 παρά
1287 2650 1393 2702 τῶν
1443 2650 1765 2720 φυτοκόμων

211 2741 478 2811 ἀξιούμενα
505 2741 741 2811 κομιδῆς
760 2758 773 2770 ·
796 2740 991 2793 θᾶττόν
1007 2756 1067 2792 τε
1101 2741 1235 2811 πρὸς
1267 2738 1401 2809 ὕψος
1434 2740 1762 2807 ἀναδίδοται,

212 2834 286 2884 καὶ
311 2834 525 2902 βαθείας
543 2831 803 2885 καθιέντα
840 2831 1018 2903 ῥίζας,
1044 2829 1333 2902 ἁδρύνεταί
1385 2848 1445 2884 τε
1496 2831 1639 2885 κατά
1669 2831 1759 2884 τά·

211 2940 303 2990 χος,
331 2926 422 2976 καὶ
450 2924 648 2989 πολὺν,
680 2924 757 2987 ὼς
821 2923 986 2987 εἰκὸς,
1045 2922 1336 2976 ἀποδίδωσι
1383 2922 1477 2975 τὸν
1519 2923 1761 2994 καρπόν*

207 3015 358 3077 οὕτως
395 3018 443 3068 οἱ
502 3014 601 3068 τοῦ
656 3015 834 3083 Λόγου
880 3012 1240 3085 δοκιμώτατοι
1276 3013 1537 3084 μαθηταὶ,
1597 3013 1767 3082 καλῆς

209 3110 277 3158 οτι
305 3106 544 3175 μάλιστα
574 3108 667 3159 καὶ
691 3105 907 3175 ἀγαθῆς
938 3105 1092 3167 όντες
1128 3104 1386 3168 διανοίας.
1411 3099 1492 3169 οἷς
1534 3106 1632 3175 μὲν
1660 3105 1769 3156 τῶν

208 3198 349 3267 ἱερῶν
370 3199 473 3268 τῆς
503 3197 702 3299 σοφίας
734 3197 937 3267 ὀργίων
979 3196 1340 3268 κατηξίωντο,
1375 3197 1479 3267 τήν
1528 3196 1758 3265 καρδίαν
1782 3237 1827 3299 C

206 3288 545 3359 βαθυνόμενσι
573 3306 587 3321 ’
616 3281 699 3351 οἷς
726 3287 783 3339 δὲ
810 3287 916 3339 τῶν
937 3287 1116 3357 ἔργων
1160 3286 1399 3355 Χριστοῦ
1450 3286 1551 3355 τὴν
1594 3302 1760 3355 μεγα-

204 3380 523 3449 λοπρέπειαν
553 3377 919 3440 κατεθεῶντο,
945 3377 1079 3447 πρὸς
1096 3376 1349 3444 οὐράνιον
1377 3374 1509 3445 ῦψος
1534 3376 1768 3439 πίστεως

204 3472 280 3520 τὸν
303 3470 427 3521 νοῦν
459 3469 898 3537 ἀνατεινόμενοι,
926 3467 1124 3537 εὐγενῆ
1154 3469 1252 3521 καὶ
1296 3466 1504 3537 ὦριμον
1551 3467 1642 3521 τὸν
1670 3470 1769 3537 τῆς

199 3562 401 3631 ἀγάπης
426 3561 725 3616 ἀπεδίδουν
763 3560 995 3630 καρπόν.

259 3652 416 3704 Ὅθεν
452 3654 646 3713 αὐτοῖς
685 3650 813 3720 περὶ
841 3650 910 3703 τά
960 3650 1108 3719 ἥττω
1137 3649 1354 3717 φανεῖσι
1386 3650 1620 3713 πιστοῖς,
1675 3652 1771 3703 καὶ

197 3746 309 3813 περὶ
336 3744 403 3796 τὰ
436 3745 620 3813 μείζω
648 3741 961 3811 λογισθῆναι
1011 3747 1224 3806 πιστοῖς
1264 3760 1277 3774 ο
1314 3745 1409 3796 καὶ
1451 3744 1557 3795 τῶν
1587 3742 1765 3813 ἔργων

209 3834 367 3903 Ἰησοῦ
420 3835 527 3905 τὴν
590 3832 951 3903 λαμπρότητα
972 3839 1207 3898 πίστεως
1229 3836 1556 3905 ὑποσχόντες
1573 3834 1774 3887 τελειό-

198 3929 439 3993 τητι,καὶ
479 3927 591 3996 τῆς
618 3925 949 3996 ὑπερουσίου
977 3926 1251 3995 θεότητος,
1294 3926 1368 3991 ὼς
1419 3925 1639 3995 ἐφικτὸν
1679 3927 1773 3978 ἁν-

195 4018 424 4088 θρωπίνῃ
482 4017 851 4086 κατηξιοῦντο
904 4017 1086 4086 φύσει.
1118 4020 1231 4073 Καὶ
1274 4019 1382 4087 γάρ
1413 4019 1473 4070 οὐ
1502 4021 1614 4080 τοῖς
1640 4017 1771 4069 πολ-

194 4107 291 4170 λοῖς
331 4109 533 4161 ἑαυτὸν
589 4108 986 4160 ἐνεπίστευενό
1016 4108 1363 4178 ὑπεροῦσιος,
1408 4108 1594 4177 σαφῶς
1644 4108 1774 4161 ἑκά-

195 4218 305 4253 στου
330 4201 404 4253 τά
432 4200 656 4271 κρύφια
684 4199 784 4269 τῆς
841 4199 1069 4269 καρδίας
1094 4200 1459 4270 καταθεωρῶν
1479 4216 1493 4230 ⁸
1519 4200 1639 4253 οὐδὲ
1667 4201 1773 4251 πᾶα

193 4306 263 4342 σιν
285 4291 558 4361 ἐξαπίνης
612 4293 727 4352 τοῖς
788 4289 1096 4359 μαθηταῖς·
1143 4288 1259 4344 ἀλλ’
1315 4290 1409 4352 οὒς
1446 4288 1775 4359 ἀξιωτέρους

190 4381 311 4450 ᾔδει.
342 4381 688 4451 καὶμᾶλλον
748 4380 859 4433 τῶν
915 4380 1093 4435 ἄλλων
1125 4382 1473 4450 πιστοτέρους
1533 4381 1778 4451 παραλα-

192 4473 314 4526 ϐών·
338 4476 436 4527 καὶ
507 4473 598 4543 τῷ
640 4471 913 4542 Θαδωρίῳ
963 4474 1425 4543 προσαναγαγὼν,
1463 4473 1561 4544 τὴν
1608 4472 1776 4527 αὑτοῦ

188 4565 326 4630 δόξαν
345 4568 542 4639 ἡρέμα
566 4565 1096 4637 μεταμορφοῦμενος
1120 4567 1421 4631 ὑπέδειξεν.

244 4746 410 4799 Τοῦτο
447 4748 559 4817 μὲν
612 4741 734 4813 οὖν,
772 4746 834 4800 οὐ
854 4745 951 4801 τοῦ
988 4745 1237 4801 Ἰωάννου
1294 4747 1477 4817 μόνον,
1509 4747 1645 4800 ἀλλὰ
1676 4748 1775 4803 καὶ

200 4835 440 4892 Ἰακώῦου
475 4840 585 4892 καὶ
635 4838 847 4907 Πέτρου
897 4836 997 4908 τῆς
1040 4836 1278 4901 πίστεως
1310 4839 1582 4905 ἀπόδειξις
1612 4842 1776 4911 ὲναρ-

191 4933 278 4999 γῆς
300 4947 311 4959 ·
346 4933 677 5003 τεκμήριον
708 4929 766 4982 δὲ
800 4929 901 4999 τῆς
947 4931 1087 4983 κατά
1129 4929 1227 5000 τὴν
1253 4931 1474 5001 ἀγάπην
1499 4933 1775 5006 τελειότη-

190 5035 285 5084 τος,
316 5025 349 5093 ἡ
380 5023 535 5077 κατά
572 5023 644 5076 τὸ
670 5021 935 5091 μυστικὸν
954 5020 1169 5073 δεῖπνον
1199 5022 1293 5074 ἐπὶ
1336 5023 1398 5075 τὸ
1451 5023 1770 5095 ζωαρχικώ-

191 5126 331 5166 τατον
364 5114 578 5182 στῆθος
616 5113 908 5175 ἀνάκλισις
928 5111 1022 5165 τοῦ
1046 5113 1327 5181 Θεολόγου.
1363 5115 1513 5168 Ἐπεὶ
1542 5116 1646 5185 γὰρ
1675 5116 1771 5170 ἕνα

191 5203 282 5255 τῶν
300 5205 782 5275 συνεστιωμένων
835 5204 1181 5274 παραδώσειν
1236 5205 1400 5257 αὑτὸν
1446 5208 1773 5277 προειρηκέ-

195 5312 288 5360 ναι,
320 5297 567 5368 θορύὅου
609 5296 746 5369 μὲν,
783 5296 858 5359 ὡς
891 5297 1058 5363 εἰκὸς,
1098 5297 1195 5359 τὰς
1212 5297 1442 5367 καρδίας
1462 5297 1569 5349 τῶν
1597 5298 1768 5368 μαθη-

193 5385 403 5440 τῶνκαὶ
427 5389 627 5457 λύπης
678 5384 1003 5454 ἀγωνιώσας
1063 5386 1541 5455 ὑποπίμπλασθαι·
1584 5386 1771 5439 οὐδένα

193 5478 239 5530 δὲ
274 5482 566 5553 παρρησίᾳ
620 5479 841 5548 τολμᾷν
867 5480 1097 5549 ἐρωτᾷν,
1127 5480 1175 5531 εί
1231 5477 1308 5549 μὴ
1357 5477 1448 5531 τὸν
1494 5478 1636 5532 κατά
1679 5482 1779 5549 τὴν

198 5572 327 5641 ἱερὸν
348 5579 584 5645 ἀγάπην
609 5571 1070 5643 ὑπερϐαλλόντως
1107 5571 1550 5640 τετελειωμένον,
1575 5572 1632 5635 ὃς
1660 5573 1776 5641 ἐχό-

201 5679 316 5731 μενα
338 5667 766 5737 κατακείμενος
810 5665 890 5735 τῷ
940 5664 1247 5736 διδασκάλῳ
1272 5682 1286 5697 ·
1324 5666 1676 5737 προσανασάς
1695 5666 1772 5733 δὲ,

254 5867 292 5897 ’⁸
323 5867 451 5922 Luc.
520 5884 647 5927 im.
702 5863 786 5919 10.
884 5865 945 5898 ’δ’
978 5866 1210 5931 Jouu.ll,
1243 5866 1327 5921 9.4.

487 5962 789 6022 ΡΑτιωι..
837 5959 926 6017 (ὶιι
998 5958 1121 6021 CV.

367 5887 451 5922 ιη’.

1860 2006 2132 2073 lientium,
2173 2007 2343 2062 radiis
2387 2006 2573 2061 animo
2627 2008 2953 2069 collustrati,
2994 2008 3161 2077 inque
3226 2020 3426 2060 novum
3472 2030 3489 2037 ν-

1862 2098 2139 2152 hominem
2183 2112 2247 2151 ac
2269 2097 2589 2152 deiformem
2626 2096 3000 2151 transformati
3025 2113 3040 2160 ;
3068 2095 3434 2150 admirandis-

1860 2204 1966 2258 que
1992 2187 2256 2257 operibus
2286 2187 2342 2240 in
2380 2186 2486 2241 ﬁde
2520 2185 2784 2249 rohorati,
2820 2200 2883 2239 ac
2917 2183 3228 2238 dilectionis
3284 2181 3437 2235 ﬁam-

1862 2295 2003 2333 mam
2032 2279 2102 2333 de
2149 2277 2237 2331 die
2267 2276 2496 2331 iudiem
2552 2276 2904 2339 suscitantes,
2953 2275 3216 2344 velutque
3276 2272 3437 2327 nobi-

1862 2371 1999 2425 liora
2036 2370 2425 2441 vegetioraque
2457 2385 2521 2424 ac
2545 2369 2716 2440 magis
2738 2368 2970 2423 virentia
3015 2368 3281 2438 germina,
3309 2367 3435 2436 pin-

1863 2463 2067 2532 guique
2098 2478 2161 2517 ac
2184 2462 2365 2533 opima
2423 2462 2667 2532 subjecta
2727 2461 2898 2515 humo
2954 2461 3189 2524 consita,
3220 2474 3439 2514 necnon

1864 2555 2052 2609 sedula
2081 2556 2383 2625 plantantis
2417 2554 2700 2625 diligentia
2725 2554 2962 2619 exculta,
3013 2553 3176 2608 citius
3193 2550 3442 2623 proceri-

1866 2656 1975 2701 tate
2028 2656 2351 2718 augescunt,
2403 2647 2638 2717 altisque
2691 2645 2903 2701 ﬁrmata
2956 2645 3256 2711 radicibus,
3322 2654 3438 2700 tum

1864 2738 1976 2791 cito
2006 2748 2373 2803 crassescunt,
2417 2747 2534 2793 tum
2564 2738 2827 2801 fructum,
2884 2746 2945 2791 ut
2972 2752 3073 2808 par
3131 2746 3238 2799 est,
3274 2736 3436 2807 longe

1866 2831 2093 2885 uberem
2117 2830 2402 2900 proferunt
2429 2848 2444 2896 ;
2471 2828 2939 2900 sic'probatissimi
2957 2829 3123 2884 Verbi
3157 2828 3439 2901 discipuli,

1868 2936 1993 2975 cum
2055 2921 2291 2975 honesta
2344 2921 2579 2975 maxime
2644 2930 2808 2991 atque
2863 2920 3070 2989 optima
3121 2930 3443 2991 praastarent

1868 3013 2067 3069 mentis
2096 3013 2300 3078 indole,
2356 3029 2464 3083 qua
2489 3015 2660 3068 sacris
2710 3013 2993 3084 sapientia:
3045 3013 3216 3085 orgiis
3255 3013 3442 3068 initia-

1870 3106 2086 3168 bantur,
2105 3106 2212 3161 alte
2229 3105 2413 3159 animo
2447 3104 2611 3159 deﬁxi
2646 3121 2793 3175 ;qua
2828 3121 2959 3161 vero
2976 3121 3204 3176 operum
3234 3105 3443 3161 Christi

1870 3197 2325 3268 magniﬁcentiam
2354 3197 2775 3261 contuebantur,
2810 3197 2865 3251 in
2892 3198 3169 3253 caelestem
3195 3196 3320 3251 ﬁdei
3348 3213 3443 3251 su-

1869 3288 2192 3343 blimitatem
2246 3296 2429 3342 mente
2462 3287 2719 3351 surrecti,
2765 3286 3005 3343 nobilem
3070 3302 3134 3343 ac
3169 3296 3441 3342 maturum

1870 3381 2183 3436 dilectionis
2206 3380 2447 3436 fructum
2474 3380 2798 3435 reddebant.

1943 3656 2081 3711 Hinc
2102 3671 2296 3726 nempe
2335 3655 2538 3725 adepti,
2579 3664 2641 3708 ut
2673 3668 2799 3709 cum
2831 3659 2885 3708 in
2918 3652 3224 3709 minoribus
3258 3652 3442 3709 ﬁdeles

1872 3750 2259 3812 exstitissent,
2288 3748 2454 3803 etiam
2488 3748 2542 3801 in
2575 3746 2874 3817 majoribus
2925 3745 3115 3800 ﬁdeles
3169 3746 3441 3801 haberen-

1876 3842 2021 3894 tur"
2047 3854 2421 3910 :Operumque
2445 3840 2573 3896 Jesu
2598 3840 2944 3909 Splendorem
2972 3839 3294 3909 perfectioni
3317 3840 3440 3893 ﬁdei

1877 3934 2283 4005 permittentes,
2339 3934 2890 4004 supersubstantialis
2943 3949 3162 4003 quoque
3197 3932 3439 3993 deitatis.

1875 4024 2056 4094 quoad
2102 4024 2357 4079 humana:
2388 4034 2597 4079 naturae
2657 4039 2977 4079 concessum
3006 4034 3112 4088 est,
3164 4035 3441 4094 compotes

1875 4116 2244 4171 edicerentur.
2275 4114 2393 4169 Non
2422 4114 2568 4168 enim
2591 4114 2754 4184 vulgo
2786 4114 3024 4183 seipsum
3045 4114 3324 4178 credebat,
3347 4116 3440 4185 qui

1877 4202 2236 4256 substantiam
2288 4217 2507 4256 omnem
2564 4202 2800 4262 excedit,
2835 4202 2984 4272 quod
3043 4204 3308 4275 cujusque
3355 4222 3420 4260 oc

1876 4295 2022 4348 culta
2036 4294 2217 4348 cordis
2228 4296 2403 4363 palam
2428 4294 2736 4347 intueretur
2750 4295 2816 4326 ’ν
2839 4317 2853 4347 ι
2877 4310 2977 4349 nec
2992 4295 3205 4349 cunctis
3222 4306 3447 4365 repente

1877 4383 2199 4452 discipulis;
2250 4384 2343 4438 sed
2370 4384 2477 4438 illis
2497 4384 2791 4453 assumptis
2850 4400 2988 4454 quos
3033 4384 3311 4455 digniores
3349 4404 3449 4441 no-

1877 4483 2049 4536 verat,
2070 4488 2133 4526 ac
2166 4473 2355 4542 majori
2375 4474 2587 4528 caeteris
2620 4473 2725 4527 ﬁde
2748 4483 3101 4544 praestantes;
3134 4475 3451 4530 subductis-

1808 4573 1852 4629 ῃ
1879 4577 1985 4633 que
2048 4563 2155 4617 illis
2177 4563 2243 4617 ad
2279 4563 2537 4617 Thaborii
2559 4566 2793 4626 excelsa,
2822 4578 2976 4617 suam
3006 4564 3086 4617 eis
3141 4565 3446 4619 claritatem

1875 4652 2073 4707 leniter
2112 4652 2529 4707 transformatus
2551 4652 2789 4707 ostendit
2813 4654 2880 4706 “.

1945 4746 2003 4801 Id
2033 4746 2278 4816 quidem,
2307 4762 2417 4800 non
2443 4744 2668 4800 Joannis
2692 4746 2978 4809 duntaxat,
3036 4745 3132 4800 sed
3170 4755 3225 4800 et
3255 4746 3445 4801 Jacobi

1875 4848 1932 4893 et
1963 4839 2106 4892 Petri
2161 4837 2289 4891 ﬁdei
2320 4845 2509 4906 aperta
2561 4835 2816 4906 probatio
2857 4844 2941 4891 est
2982 4835 3278 4904 :perfectte
3316 4854 3445 4891 vero

1874 4930 2184 4986 dilectionis
2213 4937 2423 4984 certum
2483 4928 2766 4992 indicium,
2816 4927 3051 4998 theologi
3102 4926 3157 4981 in
3218 4929 3443 5000 mystica

1877 5039 2030 5078 coena
2060 5036 2214 5091 super
2257 5020 2639 5077 vitalissimum
2664 5027 2855 5090 pectus
2889 5020 3170 5075 recubitus
3198 5022 3262 5073 “.
3287 5020 3442 5087 Quod

1876 5113 2437 5183 enimdiscipulorum
2468 5110 2650 5176 corda,
2678 5109 2883 5165 idcirco
2933 5111 3077 5181 quod
3119 5113 3442 5182 praedictum

1875 5215 2039 5267 erat,
2077 5203 2191 5257 fore
2248 5214 2307 5258 ut
2360 5204 2863 5259 communi-mensa
2919 5206 3254 5260 ctenantium
3302 5223 3446 5261 unus

1878 5297 2196 5366 Magistrum
2252 5297 2510 5362 traderet,
2541 5296 2873 5351 turbationis
2895 5306 3058 5367 atque
3082 5302 3353 5363 maeroris,
3387 5314 3445 5355 ut

1879 5404 1976 5456 par
2009 5400 2111 5452 est,
2154 5389 2408 5457 anxiique
2442 5388 2658 5443 timoris
2675 5390 2831 5458 plena
2855 5392 3099 5446 erant”
3134 5409 3147 5444 :
3174 5408 3273 5447 nec
3302 5394 3445 5446 ullus

1877 5484 2055 5552 palam
2086 5484 2422 5552 interrogare
2450 5483 2709 5547 audebat,
2757 5492 2986 5553 excepto
3026 5484 3291 5540 duntaxat
3348 5489 3441 5555 qui

1873 5589 2040 5628 sacra:
2076 5573 2385 5628 dilectionis
2410 5574 2739 5644 perfectione
2764 5577 3095 5631 excellenter
3129 5578 3439 5647 praestabat,

1871 5680 1995 5718 cum
2028 5663 2284 5733 Magistro
2328 5664 2612 5735 proximus
2634 5663 3029 5730 discumberet,
3072 5666 3338 5736 tantisper
3370 5669 3439 5721 ad

1413 5870 1457 5899 ""
1487 5867 1671 5924 Matth.
1706 5884 1833 5937 xvn,
1875 5866 1893 5919 Ι
1928 5883 1941 5930 ;
1979 5866 2142 5921 Marc.
2184 5882 2257 5930 Ix,
2295 5867 2315 5920 l
2352 5884 2367 5933 ;
2415 5866 2543 5921 Luc.
2580 5882 2648 5928 ix,
2703 5868 2785 5923 17.
2863 5872 2926 5900 ’θ’
2964 5871 3119 5923 .Ioan.
3158 5888 3271 5937 xui,
3303 5870 3390 5924 ‘23.

2998 5968 3026 6023 4
