4192 6424
788 352 883 415 107

1973 347 2266 406 ΝΙΟΕΤ.·Ε
2309 349 2830 409 PAI‘IILAGONIS

3921 359 4025 420 lIlS

774 487 901 528 cum
957 467 1276 532 ascendens,
1309 465 1567 537 omnique
1590 463 1900 519 reverentia
1942 477 2132 534 peetus
2191 481 2341 518 suum

2453 483 2545 518 και
2573 467 2634 518 τὸ
2683 469 2887 521 οίκεῖον
2947 469 3142 540 στῆθος
3187 470 3548 535 πανευλαόῶς
3605 471 3896 543 ἐπερείσας
3944 477 4027 544 τῷ

775 564 1062 620 Dotninico
1095 558 1419 623 admonens,
1444 572 1613 626 osque
1631 555 1781 611 illius
1823 555 2051 608 auribus
2078 555 2348 609 adhibens

775 659 830 726 (ο
864 657 1073 709 beatam
1125 651 1703 722 religiosissimamque
1763 648 2103 715 audaciam!)
2133 662 2200 701 ex
2254 647 2348 700 illo

772 755 1123 820 percontatur
1184 745 1546 816 proditorem,
1603 756 1841 812 eumque
1920 740 2076 810 signo
2131 737 2345 793 intincti

773 858 874 910 pan
889 842 931 893 is
958 840 1209 892 docetur.

836 934 1050 986 Clarius
1079 947 1210 985 vero
1234 927 1656 998 expressiusque
1680 927 1735 981 in
1768 923 2089 987 crastinum,
2137 922 2346 977 deilica:

771 1024 1078 1077 dilectionis
1106 1020 1565 1076 necessitudinem
1590 1035 1686 1074 seu
1742 1016 2157 1086 perfectionem,
2195 1017 2345 1071 solus

773 1114 1154 1183 mysteriorum
1179 1119 1369 1163 auctor
1402 1109 1560 1163 .lcsus
1589 1109 1642 1160 in
1667 1122 1830 1159 cruce
1868 1105 2022 1175 quasi
2052 1105 2339 1174 :enigmate

767 1205 1007 1258 ostendit
1034 1221 1048 1268 ;
1076 1202 1207 1256 dum
1233 1202 1390 1256 Matri
1443 1200 1820 1271 pracdilectum
1853 1197 2184 1266 discipulum
2218 1206 2342 1251 tan-

767 1312 926 1366 quam
957 1293 1124 1346 lilium
1161 1291 1582 1355 commendavit,
1641 1290 1935 1358 Matrisque
1983 1305 2170 1343 curam
2215 1305 2342 1344 cor-

772 1386 1008 1455 poralcm
1036 1385 1090 1438 in
1121 1400 1247 1439 eum
1285 1383 1456 1437 filium
1494 1382 1718 1448 retulit;
1743 1398 1806 1435 ac
1832 1382 1982 1436 velut
2002 1381 2086 1436 sui
2118 1397 2340 1451 permu-

771 1475 1029 1528 tationem
1069 1474 1420 1542 pretiumque
1456 1471 1551 1525 Dei
1602 1472 1865 1525 Gcnitrici
1912 1471 2197 1537 traditum,
2240 1487 2335 1526 ve-

769 1569 898 1623 riori
930 1569 1100 1639 gradu
1133 1568 1355 1620 fratrem
1388 1567 1488 1620 sibi
1509 1582 1633 1620 eum
1660 1565 1913 1619 adhibuit
1942 1567 2008 1620 ⁸⁷.

870 1661 1008 1727 Quia
1037 1660 1184 1714 enim
1223 1657 1418 1726 reliqui
1451 1669 1642 1710 onmes
1700 1655 1956 1725 discipuli
2011 1655 2218 1727 (absit,
2280 1663 2340 1710 ut

767 1753 912 1821 quod
969 1752 1258 1806 molestum
1287 1757 1390 1814 est,
1442 1757 1615 1802 totum
1641 1746 1844 1814 dicam)
1875 1749 2176 1801 irruentem
2235 1762 2336 1816 po-

771 1854 1022 1900 testatem
1058 1842 1428 1903 tenebrarum,
1493 1839 1756 1908 Judzeque
1783 1849 2066 1893 cruentam
2122 1854 2338 1908 grassa-

771 1937 996 1998 tionem‘,
1037 1946 1251 1986 necnon
1285 1930 1598 1985 Judzcorum
1659 1930 1866 1983 rabiem
1913 1945 1975 1983 ac
2025 1930 2332 1993 Saevitiam,

767 2031 1138 2095 adversusque
1172 2025 1510 2078 Salvatorcm
1559 2023 1836 2076 vesaniam
1890 2039 1999 2077 non
2054 2026 2333 2087 ferentes,

768 2121 947 2188 fugam
979 2118 1328 2188 arripuerant
1385 2131 1397 2166 :
1432 2125 1487 2169 tu
1517 2130 1646 2168 vero
1685 2131 1751 2167 ex
1769 2115 2024 2169 onmibus
2079 2126 2334 2184 tanquam

768 2212 909 2264 lirtni
937 2225 1001 2264 ac
1031 2209 1439 2289 tolerantissimi
1465 2207 1630 2259 animi
1672 2216 1732 2259 ut
1763 2207 1855 2275 qui
1905 2208 2098 2275 majori
2147 2207 2336 2262 fortio-

768 2305 925 2372 rique
977 2301 1180 2355 amoris
1209 2301 1260 2352 vi
1295 2301 1548 2368 Magistro
1597 2298 2071 2361 devinctusesses,
2121 2301 2335 2354 cunctis

769 2396 845 2448 illi
869 2394 1200 2449 salutaribus
1273 2389 1664 2444 crueiamenlis
1698 2405 1902 2453 comes,
1934 2407 2046 2459 pra:
2091 2390 2184 2446 illo
2221 2392 2336 2446 fere

768 2487 942 2542 dirius
979 2485 1223 2538 molestis
1267 2482 1635 2546 alliciebaris;
1678 2482 1773 2551 qui
1825 2498 2020 2552 nempe
2069 2492 2325 2553 tanquam

766 2578 1094 2633 acutissimis
1128 2577 1324 2647 jaculis
1371 2575 1576 2628 viscera
1613 2576 2158 2641 trausvcrberareris,
2212 2578 2330 2632 val-

767 2672 944 2740 deque
973 2669 1185 2725 acerbis
1219 2668 1366 2720 illius
1398 2682 1561 2718 causa
1613 2665 1894 2720 doloribus
1939 2668 2122 2722 animo
2142 2683 2336 2722 exure-

771 2763 914 2816 reris
947 2779 960 2814 :
993 2760 1324 2815 condolcbas
1387 2759 1531 2828 quod
1571 2759 1896 2813 verberibus
1940 2761 2316 2830 excipiebatur

770 2854 1028 2922 varieque
1057 2853 1308 2922 colaphis
1344 2851 1708 2906 dehonestato
1754 2852 2104 2908 miseratione
2139 2854 2337 2909 allicie-

767 2947 914 3000 baris
960 2966 969 2999 :
1007 2945 1100 2999 5-1
1132 2955 1188 2998 et
1219 2946 1368 2999 cruci
1407 2945 1562 3000 afﬁxo
1593 2947 1737 3000 solus
1773 2962 1897 3001 cum
1942 2947 2106 3002 Maria
2129 2957 2332 3010 astans,

769 3055 874 3092 una
905 3039 1096 3107 etipse
1137 3037 1374 3106 quodam
1413 3039 1575 3090 modo
1615 3039 1764 3092 cruci
1794 3039 2018 3094 sullixus
2061 3055 2206 3101 eras,
2236 3040 2330 3108 qui

2453 559 2790 629 Δεσποτικῷ,
2826 560 2920 614 καὶ
2959 562 3022 614 τὸ
3074 563 3252 633 στόμα
3281 565 3549 635 παραθεὶς
3589 570 3704 628 τοῖς
3740 567 3894 632 ὠσὶν,
3943 568 4028 636 (ὣ

2453 651 2732 722 μακαρίας
2755 654 2852 706 καὶ
2894 655 3317 724 θεοφιλεστάτης
3367 656 3572 727 τόλμης
3599 657 3640 727 l)
3695 659 4027 712 πυνθάνεται

2449 743 2552 811 μὲν
2574 743 2703 814 παρ’
2735 745 2900 798 αὑτοῦ
2934 746 3028 799 τὸν
3053 747 3322 818 προδότην
3343 763 3358 778 ·
3393 751 3697 820 συνθήματι
3729 749 3784 802 δέ
3808 752 4023 812 τοῦτον,

2445 836 2525 907 τῷ
2550 836 2695 890 κατά
2716 837 2810 890 τὸν
2833 837 3018 908 ἄρτον,
3049 838 3450 894 ἐκδιδάσκεται.

2527 929 3036 1000 Ἐμφαντικώτερον
3060 931 3117 985 δέ
3145 934 3210 1002 τῇ
3239 932 3389 1001 ἑξῆς,
3427 932 3527 1003 τὴν
3571 932 3660 987 διὰ
3703 934 3801 1003 τῆς
3828 933 4023 987 θεωτι-

2447 1019 2548 1088 κῆς
2614 1020 2836 1089 ἀγάπης
2872 1022 3204 1094 οἰκείωσινῆ
3240 1023 3540 1088 τελείωσιν,
3574 1025 3604 1077 ὁ
3657 1025 3819 1093 μόνον
3873 1027 4027 1077 τελε-

2440 1113 2648 1183 τάρχης
2682 1115 2777 1168 ἐπὶ
2799 1114 2890 1168 τοῦ
2931 1116 3169 1186 σταυροῦ
3227 1118 3610 1188 παρενέφηνεν
3671 1116 3879 1186 Ἰησοῦς
3909 1134 3922 1148 ι
3953 1119 4026 1186 τῇ

2441 1208 2625 1276 Μητρὶ
2655 1209 2751 1276 μὲν
2785 1211 2864 1271 εἰς
2893 1207 3006 1260 υίὸν
3032 1207 3125 1261 τὸν
3152 1211 3507 1280 ἠγαπημένον
3560 1211 4028 1280 παρακατατιθεὶς

2444 1297 2735 1370 μαθητήν·
2787 1300 2867 1370 τῷ
2911 1301 2969 1354 δέ
3010 1301 3110 1370 τῆς
3141 1302 3365 1371 Μητρὸς
3415 1302 3513 1372 τὴν
3563 1302 3707 1355 κατά
3753 1302 3815 1354 τὸ
3863 1301 4028 1370 σῶμα

2443 1390 2784 1462 προμήθειαν
2816 1393 2893 1455 ὡς
2944 1392 3048 1460 υἱῷ
3081 1393 3358 1456 ἀνατιθείς
3383 1409 3396 1422 ·
3451 1394 3546 1447 καὶ
3589 1388 3702 1448 οἷον
3745 1394 4025 1448 ἀντάλλα-

2440 1497 2558 1550 γμα
2582 1485 2647 1552 τῇ
2678 1482 2925 1554 Θεοτόκῳ
2949 1485 3124 1547 διδοὺς
3163 1486 3379 1549 ἑαυτοῦ,
3410 1487 3505 1538 καὶ
3557 1487 3640 1548 είς
3664 1485 3817 1550 τάξιν
3855 1486 4027 1537 αὑτὸν

2438 1575 2795 1645 ἀδελφότητος
2819 1577 3191 1647 γνησιωτέρας
3220 1579 3410 1641 τιθείς.

2520 1666 2737 1737 Ἐπειδὴ
2758 1667 2865 1738 γάρ
2895 1670 2944 1721 οἱ
2990 1670 3086 1738 μὲν
3121 1669 3269 1722 ἄλλοι
3301 1671 3542 1741 μαθηταὶ
3568 1674 3772 1735 πάντες
3818 1689 3833 1704 ο
3853 1672 4026 1742 ἀπείη

2455 1754 2512 1808 δέ
2538 1773 2629 1825 μοι
2669 1759 2926 1828 φορτικὸν
2979 1760 3123 1814 ἅπαν
3187 1761 3382 1826 εἰπεῖν,
3432 1763 3531 1832 τὴν
3587 1763 4028 1818 ἐπεισπεσοῦσαν

2437 1849 2530 1903 τοῦ
2585 1853 2812 1917 σκότους
2868 1854 3139 1919 ἐξουσίαν,
3191 1856 3289 1909 καὶ
3355 1855 3455 1927 τὴν
3502 1856 3669 1910 Ἰούδα
3735 1857 4027 1926 μιαιφόνον

2439 1942 2706 2011 ἐπίθεσιν,
2730 1947 2964 2000 καὶτῶν
3003 1947 3276 2002 Ἰουδαίων
3301 1950 3400 2019 τὴν
3457 1949 3655 2003 λύτταν
3702 1951 3797 2003 καὶ
3840 1950 4026 2018 ὓϐριν,

2437 2036 2532 2088 καὶ
2558 2037 2658 2106 τὴν
2689 2037 2833 2091 κατὰ
2885 2039 2980 2092 τοῦ
3029 2041 3286 2108 Σωτῆρος
3344 2041 3606 2094 ἀπόνοιαν
3654 2042 3858 2110 ἔφυγον
3916 2041 4026 2094 οὐκ

2437 2129 2771 2196 ἐνεγκόντες,
2828 2132 2892 2184 σὺ
2939 2131 2995 2184 δὲ
3037 2133 3196 2202 μόνος
3246 2135 3313 2186 ἐκ
3363 2132 3604 2196 πάντων,
3635 2133 3711 2196 ὡς
3751 2133 4029 2202 παθερᾶς

2437 2219 2533 2270 καὶ
2560 2223 3042 2292 καρτερικωτάτης
3069 2223 3330 2286 διανοίας,
3359 2225 3454 2277 ᾰτε
3490 2223 3701 2293 μείζονι
3741 2225 3835 2276 καὶ
3870 2226 4028 2292 ἰσχυ-

2450 2309 2650 2379 ροτάτῃ
2682 2314 3025 2382 συνημμένος
3085 2313 3165 2383 τῷ
3215 2315 3528 2385 διδασκάλῳ
3582 2319 3807 2385 στοργῇ,
3850 2317 4027 2368 πᾶσιν

2444 2400 2590 2470 αύτῷ
2609 2404 2721 2463 τοῖς
2749 2405 3038 2473 σωτηρίοις
3059 2405 3346 2474 παθήμασι
3377 2408 3589 2476 παρὼν,
3618 2407 3780 2460 πλέον
3810 2407 3842 2476 ἢ
3873 2410 4026 2463 ἐκεῖ-

2436 2507 2523 2552 νος
2580 2495 2826 2562 μετεῖχες
2864 2495 2974 2546 τῶν
3013 2497 3283 2565 ἀνιαρῶν·
3309 2492 3398 2552 οἶα
3448 2499 3545 2568 μὲν
3579 2498 3786 2568 βολίσιν
3816 2500 4022 2564 ὀξείαις

2434 2583 2502 2635 τὰ
2541 2583 2825 2654 σπλάγχνα
2853 2589 3294 2656 τιτρωσκόμενος
3324 2607 3338 2620 ο
3379 2589 3593 2652 ὀδύναις
3618 2589 3674 2642 δὲ
3706 2591 3847 2660 ἄγαν
3901 2591 4024 2658 δρι-

2438 2674 2622 2743 μείαις
2649 2675 2790 2744 ὑπὲρ
2820 2677 3030 2730 ἐκείνου
3057 2679 3525 2750 πυρπολούμενος,
3568 2681 3664 2734 καὶ
3719 2699 4025 2750 μαστιγου-

2439 2763 2586 2835 μένῳ
2621 2767 2926 2835 συνήλγεις,
2953 2770 3050 2821 κα)⁸
3072 2771 3414 2840 συνέπασχες
3443 2772 3801 2842 πολυτρόπως
3846 2772 4014 2824 κολαο

2435 2851 2712 2924 φιζομένῳ
2737 2857 2832 2908 καὶ
2858 2859 3323 2928 σταυρουμένῳδὲ
3352 2860 3513 2928 μόνος
3557 2861 3674 2931 ἅμα
3716 2863 3782 2930 τῇ
3828 2862 4020 2931 Μητρὶ

2435 2943 2742 3011 παρεστὼς,
2768 2947 2966 3016 τρόπον
2996 2949 3119 3001 τινά
3143 2950 3621 3020 συνεσταυρώθηςο
3672 2950 3772 3012 τάς
3792 2966 3851 3001 τε
3898 2950 4016 3000 τῶν

2434 3032 2579 3102 ἥλων
2605 3037 2850 3105 τρήσεις,
2871 3039 2968 3090 καὶ
2989 3039 3087 3108 τὴν
3108 3039 3204 3108 τῆς
3240 3039 3441 3109 λόγχης
3495 3039 3838 3107 ἐκκὲντησιν,
3890 3055 4022 3089 καί·

765 3131 1020 3184 vitlelicet
1047 3129 1327 3182 clavorum
1359 3130 1562 3198 pariter
1591 3131 1992 3199 perforationes
2021 3131 2330 3200 laneeaeque

2442 3127 2560 3195 ρίας
2585 3129 2722 3183 κατά
2748 3129 2850 3198 τῆς
2873 3131 3098 3200 καρδίας
3127 3131 3448 3201 δεδεγμένος
3479 3132 3662 3202 βολάς.
3695 3131 3795 3184 Διά
3825 3131 4010 3184 ταῦτα

768 3223 1141 3292 punctionem,
1185 3221 1414 3274 lethales
1472 3222 1658 3276 animo
1719 3223 1859 3276 ictus
1898 3237 2211 3292 cxceperas.
2248 3222 2332 3274 ld-

765 3314 912 3366 eirco
958 3313 1123 3381 igitur
1161 3328 1270 3364 non
1321 3312 1420 3364 hos
1465 3311 1662 3366 frustra
1709 3312 2015 3366 sustinuisti
2079 3312 2327 3366 laborum

764 3405 1006 3465 aculeos,
1038 3403 1131 3457 sed
1170 3418 1294 3457 cum
1334 3404 1594 3471 Operibus
1635 3420 1762 3457 vero
1785 3405 2022 3458 anticum
2054 3405 2326 3473 praetulis-

766 3512 872 3559 ses,
913 3496 1050 3548 alter
1078 3495 1167 3548 ille
1199 3495 1343 3547 visus
1374 3511 1450 3547 es.
1505 3495 1617 3548 lloc
1649 3511 1789 3548 verre
1829 3495 2082 3549 amicitia:
2102 3510 2322 3560 munus;

767 3585 868 3640 hoc
896 3601 1176 3640 sacrorum
1243 3585 1494 3639 laborum
1552 3587 1757 3654 mquale
1813 3587 2144 3656 dignumque
2196 3603 2330 3656 prte-

765 3679 933 3730 mium
968 3694 982 3742 ;
1021 3678 1115 3744 qui
1147 3692 1341 3744 nempe
1391 3691 1553 3745 supra
1593 3693 1754 3744 quam
1812 3693 2021 3731 summe
2075 3677 2325 3730 eximiam

763 3768 926 3822 Verbi
958 3768 1253 3822 amicitiam
1290 3771 1407 3836 (seu
1461 3767 1641 3836 potius
1696 3769 1878 3822 lratris
1925 3769 2241 3837 dignitatem
2273 3776 2329 3822 et

764 3859 1224 3927 uouten)cunctis
1280 3859 1496 3927 dignius
1549 3858 2090 3928 magnificentiusque
2138 3875 2328 3912 conse-

761 3959 924 4003 cutus
952 3950 1048 4003 sis.
1073 3949 1289 4004 Etenim
1314 3965 1423 4002 non
1467 3949 1713 4017 corporis
1740 3949 2141 4019 mdulgentiore
2175 3951 2325 4003 cultu

2434 3220 2634 3284 τοίνυν,
2667 3221 2730 3272 οὐ
2763 3225 2964 3291 προῖκα
3015 3223 3219 3286 ταύτας
3255 3223 3479 3293 ἀνέτλης
3528 3223 3638 3276 τῶν
3683 3222 3855 3274 πόνων
3910 3223 4018 3284 τὰς

2435 3309 2654 3372 ἀκίδας·
2686 3310 2866 3380 ἔργοις
2889 3313 2946 3366 δέ
2984 3313 3078 3367 τὸν
3114 3313 3288 3385 ἀληθῆ
3350 3314 3502 3382 φίλον
3578 3312 4016 3382 ἐπιδειξάμενος,

2435 3399 2593 3465 ἄλλος
2617 3403 2821 3466 ἐκεῖνος
2849 3403 3055 3472 ὤφθης.
3113 3405 3283 3458 Τοῦτο
3311 3407 3478 3476 γέρας
3516 3405 3694 3474 φιλίας
3721 3405 4011 3474 ἀληθινῆς,

2435 3489 2595 3543 τοῦτο
2620 3491 2724 3544 τῶν
2750 3492 2908 3560 ἱερῶν
2933 3494 3110 3547 πόνων
3136 3489 3298 3547 ἆθλον
3335 3491 3586 3558 ἀντάξιον
3605 3511 3620 3526 ο
3683 3495 3779 3564 τὴν
3836 3495 4015 3562 ὑπερ-

2437 3585 2744 3652 φυεστάτην
2763 3585 2937 3652 Λόγου
2968 3583 3252 3656 φιλότητα,
3283 3587 3486 3656 μᾶλλον
3540 3587 3598 3640 δὲ
3647 3588 4014 3658 ἀδελφότητα,

2436 3678 2660 3729 πάντων
2715 3677 3213 3751 ἀξιοπρεπέστερον
3259 3682 3721 3751 ἀπενεγκάμενος.
3758 3681 3869 3734 Καὶ
3897 3679 4014 3749 γὰρ

2435 3769 2534 3820 οὐκ
2560 3769 2824 3838 εὐπαθείᾳ
2848 3769 3096 3840 σώματος
3125 3772 3220 3825 καὶ
3243 3775 3426 3844 τρυφῇ
3455 3813 3471 3837 ,
3504 3773 3631 3842 ἀνίᾳ
3663 3771 3720 3824 δὲ
3774 3770 3869 3823 καὶ
3889 3787 4016 3821 πει-

2438 3860 2719 3930 ρασμοῖςὴ
2753 3860 2904 3926 φιλία
2939 3860 3368 3931 δοκιμαζομένη,
3419 3861 3668 3931 καθαρὰν
3721 3860 3820 3931 τὴν
3867 3859 4013 3930 πρὸς

2435 3950 2530 4002 τὸν
2568 3949 2721 4016 φίλον
2744 3945 2886 4003 οἶδεν
2909 3952 3274 4007 ἐπιδεικνύναι
3303 3953 3538 4023 στοργήν

761 4064 823 4101 ac
878 4046 1091 4101 deliciis
1157 4047 1251 4101 sed
1303 4047 1550 4102 molestia
1611 4064 1675 4103 ac
1720 4047 2133 4112 tentationibus,
2186 4047 2412 4116 probata
2463 4047 2723 4112 amicitia,
2751 4047 2954 4102 claram
3009 4063 3136 4119 erga
3171 4046 3406 4103 amicum
3464 4062 3770 4118 puramque
3803 4044 4014 4101 amoris

763 4140 870 4192 vim
898 4147 1177 4193 ostentare
1200 4139 1370 4194 novit.

829 4229 996 4298 Igitur
1032 4228 1098 4283 ad
1138 4231 1355 4283 vitalem
1386 4245 1557 4299 usque
1593 4229 1898 4299 passionem
1956 4244 2018 4282 ac
2078 4244 2328 4282 resurre-

2495 4227 2672 4298 Μέχρι
2722 4227 2822 4299 μὲν
2866 4223 2960 4282 οὖν
3016 4228 3126 4297 τοῦς
3153 4229 3464 4302 ζωαρχικοῦ
3516 4229 3860 4292 πάθους,καὶ
3904 4232 4013 4301 τῆς

760 4333 996 4375 ctionem
1039 4331 1244 4376 tentata
1296 4323 1664 4392 apostolorum
1711 4323 1865 4385 fides,
1891 4337 1953 4376 ac
1975 4337 2080 4390 qua
2116 4321 2169 4375 in
2204 4335 2327 4374 eum

2438 4320 2772 4382 Ξναστάσεως
2803 4323 2914 4384 τοῖς
2958 4321 3280 4388 ἀποστόλοις
3306 4325 3339 4392 ή
3369 4324 3552 4386 πίστις
3616 4323 4007 4392 πειρασθείσα,

760 4417 1096 4480 ferebantur,
1129 4415 1223 4484 qui
1261 4427 1452 4484 sponte
1512 4414 1680 4468 nostri
1737 4430 1900 4469 causa
1963 4423 2137 4468 morte
2207 4414 2329 4467 fun-

2427 4413 2523 4463 καὶ
2549 4414 2581 4478 ἡ
2621 4413 2754 4482 πρὸς
2783 4413 2874 4465 τὸν
2927 4413 3192 4476 ἑκουσίως
3216 4414 3358 4485 ὑπὲρ
3391 4415 3548 4484 ἡμῶν
3601 4416 3845 4468 παθόντα
3883 4415 4011 4467 διέι⁶

757 4517 877 4559 ctus
904 4513 1069 4566 esset,
1105 4505 1334 4574 probata
1357 4504 1574 4558 affectio
1596 4521 1611 4565 ;
1637 4503 1782 4574 quod
1811 4503 2143 4558 olfendiculo
2176 4503 2321 4555 oumi

2438 4503 2576 4565 05mg
2615 4503 3000 4572 βασανισθεῖσα
3031 4521 3046 4534 °
3067 4505 3255 4576 ἐπειδὴ
3307 4507 3509 4568 παντὸς
3532 4506 3809 4576 ὑπερτέρα
3833 4523 4014 4576 προσ-

759 4596 1030 4664 superior,
1056 4610 1120 4648 ac
1144 4595 1357 4648 Domini
1391 4595 1782 4648 tentationibus
1830 4593 2158 4647 inviolabilis
2207 4609 2332 4662 per-

758 4688 1006 4752 stitisset,
1048 4687 1174 4742 inde
1199 4689 1308 4758 jam
1339 4703 1439 4740 ceu
1487 4687 1669 4741 divina
1695 4688 1968 4756 quaedam,
2032 4701 2176 4739 vera:
2236 4685 2329 4740 illa

757 4781 1011 4834 amicitiae
1035 4780 1269 4850 ﬁdeique
1284 4780 1446 4848 digna
1476 4781 1717 4849 prazmia,
1749 4777 2128 4847 consequitur.
2167 4779 2326 4843 Quee-

758 4886 882 4924 nam
906 4886 1034 4924 vero
1065 4870 1152 4923 illa
1174 4872 1197 4923 ?
1218 4869 1459 4924 Primum
1486 4869 1704 4938 quidem
1751 4869 1928 4938 ipsum
1956 4867 2270 4920 triduanum
2295 4882 2325 4921 a

759 4964 990 5017 mortuis
1012 4961 1334 5016 suscitatam
1374 4961 1654 5015 Christum
1693 4960 1898 5021 vident,
1933 4960 2177 5026 illatiquc
2202 4974 2326 5010 cru-

757 5056 936 5108 ciatus
961 5053 1244 5125 symbolis,
1283 5053 1529 5122 mystcrii
1563 5051 1981 5107 resurrectionis
2021 5050 2126 5103 lide
2155 5050 2322 5103 robo-

760 5157 968 5200 rantur.
998 5146 1075 5200 Ad
1108 5146 1224 5200 haec
1265 5145 1549 5213 Spiritum,
1582 5145 1778 5214 partim
1837 5144 2054 5212 quidem
2091 5144 2325 5213 primum

759 5240 882 5307 ejus
901 5235 995 5305 qui
1013 5236 1308 5289 suscitatus
1335 5245 1449 5288 erat
1466 5234 1738 5302 spiraculo
1757 5234 1822 5262 "'
1844 5249 1858 5297 ;
1880 5233 2173 5302 perfectius
2199 5248 2327 5286 vero

758 5329 904 5382 illoc
935 5335 1080 5379 terra
1129 5325 1181 5377 in
1237 5325 1435 5378 malum
1489 5333 1730 5391 recepto,
1786 5321 1841 5374 in
1862 5336 1995 5374 sono
2017 5321 2326 5375 vehementi

758 5418 1072 5488 linguisque
1097 5416 1268 5485 igneis
1305 5430 1336 5469 ο
1366 5415 1505 5470 οωιο
1529 5414 1582 5466 in
1618 5413 1764 5483 ipsos
1783 5411 2096 5466 venientem
2155 5411 2328 5464 susci-

758 5511 915 5580 piunt
936 5510 982 5540 ”
1021 5527 1034 5560 :
1066 5509 1224 5578 cujus
1269 5518 1326 5562 et
1349 5522 1572 5561 munere
1600 5515 1818 5573 accepta
1855 5504 1906 5556 in
1929 5519 2119 5557 oumes
2143 5514 2331 5573 gentes

762 5609 1056 5670 potestate,
1089 5615 1152 5653 ac
1183 5599 1458 5670 principes
1489 5597 1770 5652 constituti
1795 5612 1959 5664 super
1981 5612 2196 5650 onmem
2217 5605 2326 5650 ter-

826 5785 869 5816 "
899 5782 1054 5838 Joan.
1089 5799 1192 5848 xix,
1214 5785 1301 5836 ‘26.
1381 5785 1446 5816 ’τ’
1474 5781 1626 5835 Joan.
1657 5797 1742 5838 xx.
1791 5779 1879 5833 9.2.
1945 5780 1988 5810 "‘
2015 5780 2131 5834 Act.
2166 5796 2220 5842 ιι,
2253 5778 2304 5830 ‘2.

2429 4592 2730 4661 κόμματος,
2764 4592 3038 4656 ἀνάλωτος
3083 4594 3141 4646 δὲ
3173 4595 3284 4656 τοῖς
3344 4594 3439 4646 τοῦ
3481 4595 3690 4664 Κυρίου
3738 4597 4014 4664 διαμεμε-

2431 4683 2590 4752 νήκει
2631 4686 2981 4755 πειρασμοῖς,
3053 4683 3302 4738 ἐντεῦθεν
3350 4685 3536 4738 λοιπὸν
3571 4682 3662 4740 οἷά
3705 4704 3824 4739 τινα
3881 4686 4012 4738 θεο-

2431 4773 2619 4843 πρεπῆ
2635 4774 2865 4843 γέρατα,
2905 4775 3006 4844 τῆς
3038 4774 3374 4846 ἀκραιφνοῦς
3426 4776 3608 4843 φιλίας
3640 4777 3733 4828 καὶ
3771 4776 4012 4839 πίστεως

2429 4865 2554 4928 ἀξια
2583 4865 2887 4936 κομίζεται.
2929 4865 3064 4919 Τίνα
3113 4865 3170 4919 δὲ
3212 4865 3417 4930 ταῦτας
3449 4866 3671 4935 Πρῶτον
3707 4866 3806 4937 μέν
3835 4867 4008 4918 αὐτὸν

2431 4960 2638 5010 ἐκεῖνον
2665 4961 2962 5030 τριήμερον
2989 4960 3056 5012 ἐκ
3081 4958 3192 5011 τῶν
3213 4957 3424 5029 νεκρῶν
3446 4959 3805 5029 ἀνιστάμενον
3832 4959 4013 5027 δρῶν-

2433 5065 2524 5112 τες
2548 5049 2822 5120 Χριστὸν,
2851 5050 2947 5102 καὶ
2993 5051 3107 5112 τοῖς
3137 5049 3428 5119 συμϐόλοις
3485 5047 3578 5102 τοῦ
3643 5050 3870 5113 πάθους,
3944 5050 4012 5102 τδ

2437 5145 2732 5213 μυστήριον
2763 5143 3138 5214 βεϐαιούμενοι
3175 5145 3274 5214 τῆς
3300 5144 3652 5207 ἀναστάσεως
3675 5161 3688 5174 ·
3721 5145 3915 5198 ἔπειτα
3939 5147 4009 5198 τὸ

2437 5235 2681 5304 Πνεῦμα,
2729 5237 2968 5308 μερικῶς
3011 5238 3112 5308 μὲν
3158 5238 3376 5308 πρῶτον
3406 5238 3484 5306 τῷ
3534 5238 3628 5291 τοῦ
3675 5239 4012 5304 ἀναστάντος

2435 5328 2788 5396 ἐμφυσήματι
2815 5344 2830 5358 ο
2861 5328 3186 5397 τελεώτερον
3215 5329 3270 5380 δὲ
3301 5331 3442 5398 μετά
3483 5330 3582 5400 τὴν
3624 5331 3731 5383 ἀπὸ
3766 5330 3866 5397 τῆς
3893 5331 4012 5398 γῆς

2437 5417 2706 5486 ἀνάληψιν
2756 5419 2814 5470 ὲν
2847 5419 2967 5489 ῆχῳ
2999 5419 3158 5489 βιαίῳ
3185 5421 3280 5472 καὶ
3333 5421 3699 5490 πυριμόρφοις
3728 5420 4012 5488 γλώσσαις

2435 5508 2732 5577 οὐρανόθεν
2793 5510 2872 5562 ἰὸν
2917 5511 3003 5562 ἐπ’
3025 5511 3222 5574 αὐτοὺς
3256 5511 3639 5581 ὑποδεχόμενοι
3663 5529 3678 5542 ο
3736 5506 3780 5580 ᾧ
3807 5511 3871 5582 δὴ
3907 5513 4014 5564 καὶ

2437 5601 2534 5670 τὴν
2567 5601 2659 5654 ἐπὶ
2689 5601 2908 5654 πάντων
2936 5600 3105 5655 ἐθνῶν
3127 5602 3377 5667 ἐξουσίαν
3420 5603 3717 5674 εἰληχότες,
3760 5603 3857 5657 καὶ
3907 5603 4014 5658 ἐπὶ
