4192 6424
211 387 286 452 109
956 380 1236 439 ORATIO
1273 379 1346 436 Vl
1397 401 1466 414 -
1502 377 1578 435 ΙΝ
1611 373 1918 434 LAUDEM
1961 372 2020 431 S.
2059 371 2375 432 IOANNIS
2411 369 2680 430 EVANG.

3319 361 3414 429 110

210 495 629 563 πᾶσα-λᾶρχιντες
661 490 1036 551 καταστάντες
1065 488 1164 556 τὴν
1186 489 1286 554 γῆν
1320 504 1331 516 ·
1366 485 1512 540 ἄλλοι
1541 486 1637 554 μὲν
1661 483 1744 536 ἄλ·
1773 527 1781 544 ,

1861 497 1988 544 ram,
2019 480 2158 535 alius
2189 480 2350 534 aliam
2379 491 2590 549 partem
2630 477 2698 532 ad
2727 475 3011 546 apostolici
3035 475 3413 530 mune-riserun-

211 591 281 639 λου
305 585 394 651 τῆς
449 581 776 650 οἰκουμένης
835 579 1036 648 μέρους
1089 577 1187 646 τὴν
1239 574 1600 642 ἀποστολικὴν
1645 573 1747 638 ἀρ-

210 677 286 746 χὴν
348 670 819 741 διακληρούμενοι,
903 665 1002 735 τὴν
1090 663 1212 716 κατ’
1262 662 1426 716 αὐτὸν
1521 660 1748 721 ἕκαστος

213 763 334 832 ἐπείη
1707 809 1710 814 .

274 857 329 908 Ἦ
352 853 561 921 μεγάλη
582 851 636 904 δὲ
650 849 746 902 τοῦ
778 849 912 902 Θεοῦ
937 848 1112 916 Λόγου
1141 841 1360 915 βροντὴ,
1399 844 1428 894 6
1464 856 1748 910 μεμεστω-

218 949 341 1015 μένος
366 946 465 1014 τῆς
502 944 613 997 ἇνω
646 942 928 1008 θεολογίας
952 937 1190 1010 κρατὴρ,
1221 936 1249 988 ὁ
1283 935 1392 988 τῶν
1436 932 1750 986 ἀποστόλων

214 1039 473 1109 ὀςῖαλμὸς,
541 1037 795 1104 Ἰωάννης
852 1037 880 1086 ὁ
935 1034 1077 1086 πάνυ
1104 1073 1120 1098 ,
1160 1028 1601 1098 κατακληροῦται
1651 1023 1750 1076 τίλν

224 1135 395 1195 Ἀσίαν,
428 1130 507 1192 ὡς
556 1127 780 1188 δυνατὸς
824 1129 884 1177 ὲν
923 1125 1124 1192 λόγοις,
1174 1122 1392 1180 δυνατὸς
1436 1121 1493 1172 ὲν
1532 1117 1745 1188 ἔργοιςο

215 1225 290 1292 τὴν
316 1221 490 1274 πόλεσι
535 1219 633 1290 μὲν
664 1218 804 1286 ἄγαν
852 1217 944 1269 καὶ
977 1216 1253 1278 δυναταίς,
1285 1212 1434 1274 λαοῖς
1468 1210 1523 1262 δὲ
1550 1209 1751 1278 Θρασυ-

216 1316 361 1376 tiret;
381 1312 635 1382 κομῶσαν
653 1310 748 1362 καὶ
767 1326 836 1360 πο
849 1307 1177 1377 ιηροτὰτοις·
1203 1303 1353 1364 λαοῖς
1375 1299 1554 1369 πολλῷ
1582 1297 1750 1350 πλού-

213 1423 291 1474 τῳ,
317 1406 400 1456 καί
427 1402 606 1467 δόξαις
645 1400 1040 1471 γαυρουμένοις
1086 1397 1290 1457 κεναῖς·
1320 1393 1414 1447 καὶ
1459 1391 1619 1458 copi;
1653 1391 1752 1459 μὲν

223 1495 458 1565 Ἑλλήνων
506 1491 992 1562 ὑπεραιρομένοιςο
1043 1490 1110 1558 τῇ
1156 1488 1283 1555 περὶ
1337 1486 1462 1546 τοὺς
1502 1484 1656 1544 Θεοὺς
1695 1480 1751 1532 δὲ

216 1587 362 1658 πλάνῃ
392 1585 749 1655 σφοδρότερον
792 1585 978 1653 ἐνισχη
988 1581 1190 1652 μένοις.

272 1769 477 1830 Τούτοις
527 1767 556 1818 6
604 1767 777 1834 μέγας
827 1761 1119 1824 ἀττεῦστολος
1172 1755 1618 1828 ἐπιδεδημηκὼς,
1657 1757 1750 1808 καὶ

1847 573 2090 628 ctionem
2117 570 2320 632 sortiti,
2361 570 2428 625 ad
2446 585 2603 626 suam
2655 570 2890 640 quisque
2920 567 3259 638 provinciam
3291 581 3418 635 pro-

1849 664 2234 719 ﬁciscchantur
2263 663 2331 693 ¹⁸’

1921 835 2172 904 Magnum
2193 850 2326 890 vero
2365 835 2461 889 Dei
2513 835 2674 890 Verbi
2733 836 3278 905 tonitruum,plenus
3329 837 3421 892 illc

1849 941 2104 996 supernae
2123 926 2411 997 theologia:
2429 935 2629 994 crater,
2655 929 3025 997 apostolorum
3050 927 3266 992 oculus,
3281 944 3424 999 prae-

1850 1020 2034 1075 clarus
2055 1020 2314 1084 Joannes,
2359 1020 2543 1074 Asiam
2562 1019 2616 1073 in
2641 1028 2846 1074 sortem
2875 1021 3097 1089 accipit,
3157 1026 3416 1089 tanquam

1852 1112 2111 1166 videlicet
2143 1113 2229 1165 vir
2258 1127 2511 1167 sermone
2542 1119 2739 1180 potens
2770 1126 2833 1166 ac
2863 1113 3164 1180 operibus:
3197 1114 3421 1182 provin-

1851 1205 1990 1259 ciam
2029 1203 2292 1258 nimirum
2349 1203 2537 1257 multis
2588 1201 2825 1256 urbibus
2881 1202 3056 1272 iisque
3105 1204 3425 1274 potentibus

1853 1297 2175 1356 confertam,
2207 1295 2676 1364 ferocioribusque
2717 1310 2780 1349 ac
2818 1295 3168 1364 nequissimis
3208 1297 3426 1366 populis

1855 1391 2012 1459 longe
2042 1388 2255 1458 plenam
2286 1404 2301 1452 ;
2335 1386 2553 1456 populis
2576 1386 2786 1440 scilicet
2813 1385 3129 1440 divitiarum
3148 1386 3426 1442 allluentia

1857 1481 2209 1546 inaniumque
2235 1487 2400 1531 vcuto
2420 1475 2741 1546 opinionum
2765 1476 3213 1546 superbientibus
3236 1493 3252 1542 ;
3277 1478 3429 1532 Cra:-

1854 1591 2044 1631 corum
2071 1575 2292 1645 quidem
2323 1575 2592 1644 sapientia
2627 1574 3010 1644 gloriantibus.
3049 1572 3147 1628 sed
3175 1574 3270 1643 qui
3303 1575 3430 1630 deo-

1855 1684 1976 1722 rum
2002 1667 2207 1721 arctius
2232 1681 2420 1720 errore
2465 1665 2649 1719 innexi
2675 1674 3015 1720 tenerentur.

1923 1761 2002 1814 Ad
2026 1761 2126 1814 bos
2155 1774 2382 1827 magnus
2408 1759 2687 1827 apostolus
2703 1773 2827 1812 cum
2858 1774 2916 1812 se
2934 1759 3286 1820 contulisset,
3308 1774 3430 1812 om-

216 1861 364 1911 πᾶσαν
399 1859 496 1927 μὲν
525 1856 632 1909 τῶν
669 1854 971 1925 ἀνθρώπων
1002 1851 1227 1920 καρδίαν
1273 1850 1350 1918 τῷ
1380 1849 1476 1919 τῆς
1506 1847 1758 1900 δεισιδαι-

1861 1862 2069 1916 nesque
2098 1860 2293 1900 eorum
2324 1845 2537 1898 animos
2565 1844 2974 1913 superstitionis
3003 1844 3232 1914 caligine
3260 1845 3431 1898 obr‘u-

220 1953 378 2020 μονίας
418 1950 568 2019 ζόφῳ
619 1946 1010 2017 πεπαχυμένην
1073 1943 1228 1997 ίδών·
1292 1943 1468 2020 πᾶσαν
1495 1941 1550 1993 δὲ
1577 1937 1754 2008 ψυχὴν

219 2015 584 2114 ίζωγρημένην
630 2041 706 2110 τῷ
737 2015 990 2106 διαϐόλῳ,
1017 2038 1110 2089 καὶ
1147 2034 1281 2105 πρὸς
1314 2034 1374 2086 τὸ
1404 2015 1568 2085 uinci
1602 2030 1757 2098 Θὲλη-

218 2154 280 2202 μα
311 2133 698 2204 συντεταμένην
740 2130 819 2198 τῷ
862 2127 1129 2197 πνεύματι
1159 2122 1570 2194 κατανενοηκὼς
1595 2161 1611 2182 ,
1655 2121 1756 2172 οὐκ

214 2225 470 2276 ἀνεϐάλετο
523 2221 614 2274 τοῦ
649 2220 966 2289 Πνεὺματος
1006 2217 1106 2286 τὴν
1142 2215 1427 2282 ἐπιταγήν·
1461 2213 1520 2264 οὐ
1551 2211 1628 2280 τῷ
1667 2211 1757 2280 ἐρ-

215 2314 349 2380 ]’ὡδει
393 2313 485 2365 τοῦ
526 2311 921 2381 ἐγχειρήματος
955 2305 1296 2374 ἁπεκναίσοη
1336 2303 1426 2356 τὸν
1473 2302 1615 2363 νοῦν,
1647 2300 1760 2352 οὔτ’

212 2401 288 2457 οὖν
307 2404 549 2474 διψυχίας
582 2403 970 2471 περιπέπτωκε
999 2400 1294 2466 λογισμοῖς.
1331 2395 1472 2464 "pb;
1496 2397 1585 2447 τὸν
1621 2393 1674 2445 δὲ
1701 2395 1758 2444 ἐν

214 2497 336 2566 αὑτῷ
364 2497 590 2565 μένοντα
621 2494 855 2564 Χριστὸν
879 2491 1117 2561 ἀφορῶν,
1151 2492 1208 2541 οὐ
1240 2489 1380 2541 κατα
1410 2488 1516 2539 τῶν
1543 2484 1756 2557 ἀνορω-

215 2605 328 2649 ¹πων,
360 2588 487 2640 ἀλλὰ
519 2585 661 2639 κατὰ
692 2585 802 2636 τῶν
836 2584 1106 2651 δαιμόνων
1131 2597 1144 2610 ·
1193 2580 1313 2631 οὐδὲ
1360 2578 1500 2630 κατὰ
1537 2576 1645 2630 τῶν
1676 2578 1759 2630 al-

215 2679 510 2748 χμαλὼτων,
555 2676 692 2730 ἀλλὰ
722 2674 864 2728 κατὰ
894 2671 988 2726 τοῦ
1030 2672 1295 2742 τυράννου
1327 2669 1540 2737 πρῶτον
1571 2667 1758 2732 αὐτοῦ,

213 2774 266 2839 τῇ
298 2773 453 2840 νοητῇ
487 2765 794 2835 παντευχίᾳ
844 2763 1224 2833 παρατέτακτο
1270 2758 1366 2813 τοῦ
1421 2757 1738 2829 Πνεῦματος

272 2863 370 2915 Καὶ
395 2860 591 2914 τοῦτον
641 2861 698 2912 ἐν
741 2857 1047 2927 ὁμοιώματι
1105 2852 1340 2923 Χριστοῦ
1390 2853 1482 2905 καὶ
1537 2853 1763 2922 δυνάμει

213 2953 398 3022 πρῶτον
429 2953 726 3006 διανοεῖται
772 2949 951 3018 δῆσαι*
983 2948 1078 2999 καὶ
1118 2946 1260 2998 οὕτω
1302 2946 1402 3015 τὴν
1433 2943 1595 2997 αὑτοῦ
1629 2960 1763 2996 παν-

209 3045 379 3097 οπλίαν
421 3040 586 3114 ἆραι·
625 3044 721 3096 καὶ
765 3040 909 3093 οὕτω
941 3040 1038 3107 τὴν
1070 3037 1450 3106 αἰχμαλωσίαν
1481 3035 1763 3105 αἰχμαλω-

210 3136 350 3188 τίσαι·
375 3137 468 3188 καὶ
492 3138 560 3205 τῇ
593 3132 996 3204 ὡραιότητιτοῦ
1024 3132 1168 3184 οἴκου
1191 3129 1414 3199 Κυρίου,
1435 3130 1502 3197 τῇ
1535 3127 1762 3196 Ἐκκλη-

210 3231 287 3297 σία
306 3229 463 3295 λέγω,
493 3226 768 3280 διελέσθαι
801 3223 989 3277 σκῦλα.
1016 3219 1139 3292 'Ap‘
1168 3218 1262 3274 οὖν
1299 3220 1638 3288 διανενόηται
1664 3218 1762 3287 μὲν

209 3318 622 3390 Χριστοπρεπῶς
669 3317 860 3381 οὕτως,
913 3315 1297 3382 ἀγεννέστερον
1348 3311 1404 3364 δὲ
1449 3311 1762 3380 συνερραγη

205 3411 268 3480 τῷ
307 3411 600 3480 δυσμενεῖς
662 3409 696 3478 ἢ
738 3405 1108 3475 συμπλέκεται
1159 3404 1258 3474 μὲν
1318 3402 1619 3463 νεανικῶς,
1662 3401 1760 3452 εἴτ’

207 3500 284 3556 οὖν
321 3503 724 3572 εὖαγγελικῶς,
752 3499 981 3571 ἡμιτελῆ
1008 3499 1064 3553 δὲ
1105 3499 1196 3551 τὸν
1231 3496 1418 3566 ἀγῶνα
1454 3495 1762 3550 καταλέλοι-

205 3612 318 3659 πεν;
359 3596 634 3667 ῆτέλειον
667 3594 786 3663 μὲν,
822 3594 918 3661 οὐχ
947 3591 1086 3644 ὥστε
1136 3589 1194 3642 δὲ
1235 3591 1581 3643 παντάπασιν
1626 3590 1764 3657 ἀφο-

207 3685 470 3754 μοιοῦσθαι
499 3685 584 3756 τῷ
633 3682 810 3753 Ἰησοῦ
837 3698 851 3746 ;
885 3681 1180 3751 οὔμενουνο
1211 3678 1400 3747 ὥσπερ
1423 3677 1479 3730 δὲ
1507 3677 1597 3728 τὸν
1626 3678 1764 3746 Χρι-

206 3780 436 3831 στὸνοῦκ
474 3779 543 3831 ἐκ
593 3777 820 3846 μέρους,
847 3774 961 3826 ἀλλ’
1011 3773 1132 3826 ὅλον
1186 3774 1244 3824 ἐν
1292 3770 1472 3839 ἑαυτῷ
1522 3785 1764 3839 προκατ-

201 3873 436 3939 ῳχίσατο,
470 3872 569 3923 καὶ
613 3868 696 3920 μὰ
723 3865 880 3919 τοῦτο
924 3866 1125 3927 πάσαις
1168 3863 1286 3932 ἅμα
1313 3863 1433 3924 ταῖς
1466 3861 1764 3930 ἐνεργείαις

201 3961 280 4014 τοῦ
302 3963 442 4014 Θείου
475 3960 802 4030 Πνεύματος
832 3957 1214 4027 ὲδορυφορεῖτο
1243 3954 1338 4008 καὶ
1371 3956 1764 4021 συνεκροτεῖτο,

201 4053 323 4105 οὕτω
353 4056 448 4106 καὶ
476 4055 541 4105 τὸ
592 4052 697 4119 τῆς
745 4048 1124 4118 σωτηριὼδους
1172 4045 1445 4106 διακονίας
1476 4045 1657 4114 ἔργον,
1706 4045 1765 4094 ἐν

202 4146 361 4215 τελεία
392 4148 456 4214 τῇ
489 4144 641 4214 πρὸς
674 4141 836 4194 αὐτὸν
877 4139 1178 4210 ὁμοιότητι,
1220 4137 1424 4190 τέλειον
1466 4135 1767 4204 ἐπληροφό-

203 4255 313 4306 prpe
341 4238 417 4306 τῷ
440 4235 589 4304 Θεῷο
640 4234 738 4285 καὶ
776 4233 1024 4301 καθάπερ
1057 4230 1219 4292 αὐτὸς
1253 4229 1466 4298 πρῶτος
1490 4230 1518 4281 ὁ
1536 4228 1646 4280 τῶν
1669 4227 1762 4278 οὐ·

204 4330 356 4398 ρανῶν
385 4329 680 4400 βασιλεὺς,
711 4324 836 4378 οὔτε
877 4324 1166 4394 περιουσίᾳ
1194 4323 1474 4390 δυνάμεως
1511 4321 1643 4391 μόνῃ
1674 4321 1766 4372 τὸν

202 4423 416 4490 ἀρχηγδν
464 4423 570 4490 τῆς
623 4418 824 4480 κακίας
855 4416 1221 4486 χειρώσασθαι
1254 4414 1594 4485 βεϐούληται,
1631 4412 1765 4466 ἀλλά

1859 1949 1941 1994 tos
1969 1944 2253 2002 cerneret;
2286 1944 2583 2005 captosque
2619 1951 2809 1990 omnes
2834 1953 2864 1991 a
2889 1936 3114 1990 diabolo
3135 1979 3150 1998 .
3181 1947 3344 2006 atque
3375 1937 3430 1991 in

1855 2033 1973 2103 ejus
2021 2031 2262 2086 intentos
2313 2029 2651 2084 voluntatem
2691 2030 2887 2099 spiritu
2928 2030 3428 2092 animadvertisset,

1857 2125 1993 2178 nihil
2048 2125 2365 2178 moramlam
2424 2124 2666 2193 Spiritus
2696 2123 3002 2194 iussionem
3047 2124 3280 2193 putavit.
3310 2125 3429 2178 Non

1857 2213 2222 2281 aggressiouis
2254 2213 2428 2266 arduo
2457 2212 2702 2267 olfensus
2729 2213 2913 2266 animo
2937 2221 3042 2276 cst,
3080 2228 3259 2283 neque
3299 2228 3431 2266 vero

1859 2302 1911 2354 in
1944 2302 2244 2355 dubietatis
2277 2317 2339 2356 ac
2367 2301 2892 2356 dillidcntimincidit
2919 2303 3160 2355 rationes
3198 2322 3210 2356 :
3244 2303 3338 2357 sed
3378 2304 3431 2356 in

1856 2395 2134 2450 Christum
2183 2394 2235 2447 in
2281 2395 2398 2462 ipso
2441 2404 2785 2456 manentem,
2844 2394 3020 2446 versis
3069 2393 3278 2457 oculis,
3323 2409 3430 2447 non

1859 2488 2122 2541 adversus
2177 2486 2448 2547 homines.
2504 2485 2598 2539 sed
2650 2485 2960 2549 dzemoncs;
3014 2500 3116 2539 nec
3165 2485 3430 2540 adversus

1860 2579 2123 2648 captivos,
2173 2578 2266 2632 sed
2314 2577 2367 2631 in
2417 2577 2594 2646 ipsum
2637 2577 2817 2646 primo
2859 2585 3174 2646 tyrannum,
3219 2592 3282 2630 ea
3313 2593 3434 2647 (ιυει³

1861 2682 2043 2727 mente
2064 2673 2384 2741 intelligitur
2397 2679 2673 2725 armatura
2689 2670 2927 2741 Spiritus
2945 2677 3247 2726 lnstructus
3268 2682 3373 2727 est.

1932 2867 2107 2935 Atque
2139 2864 2285 2918 hunc
2323 2862 2585 2932 primum,
2611 2861 2816 2916 Christi
2847 2871 2962 2916 tum
2992 2862 3241 2932 exemplo
3266 2904 3280 2924 ,
3322 2873 3436 2918 tum

1863 2956 2125 3025 potentia,
2161 2955 2380 3022 alligare
2411 2952 2630 3017 statuit;
2662 2953 2852 3020 sicque
2875 2952 2994 3021 ejus
3019 2968 3169 3007 arma
3199 2953 3435 3017 auferre,

1863 3056 2026 3114 atque
2107 3060 2170 3099 ea
2229 3044 2478 3098 rationne
2527 3042 2773 3111 captivos
2825 3043 3162 3112 recipere";
3223 3060 3435 3099 necnon

1865 3139 2050 3193 decori
2097 3137 2294 3190 domus
2332 3136 2428 3190 Dei
2462 3133 2481 3204 (
2520 3134 2775 3189 Ecclesia:
2804 3135 3014 3189 scilicet
3047 3137 3064 3206 )
3097 3137 3269 3205 spolia
3294 3137 3438 3191 divi-

1863 3230 1990 3282 dere
2013 3229 2103 3280 η’.
2137 3227 2426 3280 Numvcro
2459 3225 2538 3279 sic
2553 3224 2775 3293 quidem
2795 3224 2996 3278 Christi
3028 3227 3275 3295 exemplo
3292 3228 3440 3296 cogi~

1863 3319 1997 3371 tavit
2020 3332 2082 3370 ac
2123 3317 2352 3380 statuit,
2389 3314 2607 3384 segnius
2649 3329 2779 3368 vero
2811 3330 2936 3368 cum
2968 3315 3123 3369 hoste
3155 3316 3440 3370 conﬂixit?

1863 3419 1957 3462 aut
2003 3423 2330 3476 congressus
2373 3406 2595 3475 quidem
2646 3415 2871 3461 strenue
2918 3417 3004 3461 est
3061 3408 3154 3475 (id
3203 3419 3318 3474 est,
3372 3427 3436 3463 ex

1864 3499 2143 3569 Evangelii
2183 3498 2415 3567 norma)
2467 3508 2744 3553 certamen
2783 3509 2964 3554 tamen
3011 3501 3328 3557 inchoatum
3375 3521 3440 3560 ac

1866 3590 2246 3660 imperfectum
2294 3589 2556 3659 reliquit?
2585 3601 2680 3644 aut
2714 3592 2965 3647 exhibuit
2993 3595 3214 3664 quidem
3258 3599 3442 3666 pcrl'e-

1863 3691 2034 3743 ctum,
2055 3696 2163 3734 non
2196 3696 2276 3735 suc
2295 3691 2474 3734 tamen
2513 3692 2572 3735 ut
2601 3682 2932 3737 omnimodis
2958 3683 3086 3738 Jesu
3121 3685 3438 3740 similitudi-

1864 3788 1988 3827 nem
2041 3781 2324 3826 assccutus
2370 3772 2485 3826 stt?
2526 3772 2917 3842 Nequaquam;
2978 3775 3072 3829 sed
3101 3775 3244 3831 sicut
3281 3777 3444 3831 Cbri-

1865 3876 2011 3919 stum
2047 3865 2220 3934 prius,
2265 3879 2482 3923 nonex
2528 3875 2700 3934 parte,
2746 3865 2841 3920 sed
2881 3876 3056 3920 totum
3104 3868 3272 3922 animi
3319 3870 3440 3922 sinu

1863 3965 2176 4026 exceperat,
2214 3972 2446 4026 eamque
2490 3957 2563 4010 ob
2618 3973 2732 4011 rem
2783 3961 2999 4012 cunctis
3060 3959 3220 4014 simul
3273 3961 3442 4014 divini

1867 4048 2108 4117 Spiritus
2131 4048 2431 4103 virtutibus
2464 4050 2698 4118 stipatus
2732 4050 3142 4119 instructusque
3173 4061 3292 4105 erat
3315 4094 3329 4116 ,
3368 4056 3447 4106 sic

1865 4155 2086 4208 quoque
2129 4138 2386 4192 salutaris
2423 4139 2711 4193 ministerii
2744 4155 2918 4207 opus,
2953 4141 3190 4208 pcrl‘ccta
3221 4156 3344 4194 cum
3379 4159 3446 4195 co

1867 4229 2252 4293 similitudine,
2319 4228 2619 4298 perfectum
2679 4229 2791 4282 Deo
2850 4232 3292 4298 repraesentavit.
3366 4236 3444 4286 Ac

1866 4321 2010 4376 sicut
2038 4321 2152 4389 ipse
2185 4321 2396 4390 primus
2425 4322 2686 4375 cwlorum
2726 4323 2836 4376 Rex
2862 4363 2877 4389 ,
2907 4338 3016 4376 non
3049 4325 3160 4378 sola
3191 4328 3448 4393 potentiae

1867 4413 2202 4468 abundantia
2261 4424 2542 4482 parentem
2599 4415 2820 4470 malitia:
2875 4417 3053 4470 voluit
3121 4418 3444 4488 subjugarc.

201 4517 277 4566 καί
302 4517 360 4567 ἐν
387 4515 580 4584 σοςρίᾳ,
629 4511 771 4564 ἀλλᾶ
826 4510 923 4562 καὶ
969 4511 1028 4561 ὲν
1061 4507 1398 4578 δικαιοσύνῃ,
1434 4508 1510 4570 ὡς
1537 4507 1654 4576 ἅμα
1697 4508 1766 4558 τὰ

1870 4521 2060 4560 verum
2087 4505 2250 4560 etiam
2281 4506 2572 4575 sapientia,
2594 4522 2786 4560 verum
2808 4507 2973 4561 etiam
2993 4509 3235 4577 justitia,
3268 4519 3326 4562 ut
3354 4513 3444 4579 qui

201 4608 376 4667 πάντα.
407 4609 504 4660 καὶ
536 4604 796 4666 δυνατὸς,
814 4602 907 4654 καί
937 4601 1162 4665 δίκαιος,
1193 4601 1286 4652 καὶ
1337 4598 1497 4667 σοφός
1517 4616 1532 4628 ·
1570 4598 1768 4668 μᾶλλον

199 4696 246 4748 δὲ
276 4697 575 4764 αὑτοσοφία
634 4695 736 4748 καὶ
763 4693 1080 4761 δικαιοσύνη
1131 4691 1228 4743 καὶ
1264 4689 1490 4759 δύναμις
1537 4688 1612 4740 ὢν
1635 4705 1647 4718 ·
1682 4690 1777 4742 καὶ

203 4787 274 4837 ἶνα
305 4790 587 4858 περιφανῆ
629 4785 742 4855 μὲν
762 4781 941 4852 ἑαυτῷ
965 4781 1062 4849 τὴν
1080 4781 1254 4850 νίκην·
1298 4780 1568 4850 περιφανῆ
1597 4778 1655 4831 δὲ
1685 4781 1780 4831 καὶ

203 4876 536 4950 βεϐαιοτέραν
573 4876 688 4946 τὴν
735 4873 946 4926 πτῶσιν
985 4870 1062 4941 τῷ
1116 4871 1397 4940 ἀντιπάλῳ
1436 4870 1780 4940 κατεργάση-

203 4985 296 5033 ται,
319 4971 414 5041 τὴν
433 4969 620 5040 αὐτὴν
644 4967 768 5030 τοῖς
791 4965 1140 5034 ἠδικημένοις
1166 4964 1378 5034 μορφὴν
1398 4963 1652 5034 εἰληφὼς,
1685 4962 1780 5014 καὶ

203 5063 250 5111 ἐν
279 5064 430 5132 σοφία
468 5063 591 5124 τοῖς
624 5055 947 5129 ἀνθρώποις
979 5057 1068 5110 καὶ
1099 5058 1156 5108 ἐν
1191 5055 1508 5126 δικαιοσύνῃ
1543 5071 1777 5107 συνανα-

205 5151 707 5223 στραφεὶς,ὑπὸτῆς
723 5150 818 5200 τοῦ
840 5148 1076 5218 πονηροῦ
1099 5149 1296 5210 κακίας
1315 5151 1488 5219 μάτην
1502 5147 1776 5212 διώκεται,

204 5249 284 5295 καὶ
330 5249 405 5308 εἰς
450 5246 704 5297 θάνατον
746 5241 1177 5293 ἐπιϐουλεύεται.
1220 5241 1312 5291 Διὸ
1345 5242 1441 5292 καὶ
1473 5235 1552 5301 οἷς
1578 5238 1778 5301 ἀδίκως

207 5334 385 5397 ἐκεῖνος
442 5334 729 5395 ἐπέθετο,
785 5330 1006 5392 δικαίως
1069 5330 1417 5399 περιπαρεὶς,
1452 5330 1540 5380 καὶ
1569 5328 1626 5380 ἐν
1669 5330 1782 5391 τοῖς

207 5424 364 5493 ἔργοις
403 5427 514 5479 τῶν
554 5422 745 5478 αὑτοῦ
775 5422 974 5491 χειρῶν
1006 5421 1330 5490 συλληφθεὶς
1351 5421 1522 5475 ἑάλω·
1555 5425 1648 5472 καὶ
1688 5437 1785 5472 κα-

208 5518 496 5586 τακριυεὶς,
546 5514 745 5575 οὕτως
797 5514 858 5564 ἐν
901 5513 1042 5581 χειρὶ
1088 5511 1224 5563 Θεοῦ
1283 5513 1380 5580 τῆς
1409 5510 1787 5582 τυραννώδους

209 5607 505 5679 ὲκϐἑεληται
527 5607 749 5678 ἀρχῆς.
785 5605 974 5666 Οὕτως
1004 5605 1094 5658 καὶ
1117 5605 1146 5657 6
1179 5605 1460 5674 ἀγαπητὸς
1483 5603 1577 5656 τοῦ
1612 5603 1787 5672 Λόγου

288 5811 347 5840 ’⁸³
372 5812 510 5867 Psal.
547 5827 674 5867 at.“
690 5853 702 5863 .
746 5809 832 5863 Π.

1873 4597 2035 4652 simul
2067 4597 2270 4663 omnia,
2301 4606 2593 4668 etpotens.
2620 4606 2677 4653 et
2705 4600 2906 4669 justus,
2939 4611 2994 4653 et
3017 4602 3236 4669 sapiens
3261 4611 3407 4654 esset
3427 4638 3440 4658 .

1875 4689 2122 4758 quinimo
2157 4690 2273 4758 ipsa
2306 4705 2437 4744 vere
2495 4691 2764 4759 sapientia
2794 4700 2850 4745 et
2886 4692 3101 4760 justitia
3161 4701 3216 4746 et
3254 4702 3445 4760 poten-

1879 4783 1986 4836 tia:
2018 4793 2182 4850 atque
2220 4793 2280 4836 ut
2313 4781 2419 4835 sibi
2447 4782 2672 4850 quidem
2717 4783 2984 4837 illustrem
3017 4785 3322 4845 victoriam,
3354 4785 3450 4837 ad-

1877 4875 2124 4929 versario
2183 4884 2364 4928 autem
2425 4875 2696 4930 illustrem
2753 4876 3163 4946 ﬁrmioremque
3237 4879 3448 4930 ruinam

1883 4967 2143 5030 elliceret,
2174 4966 2366 5021 eadem
2399 4979 2678 5038 assumpta
2703 4969 2876 5022 forma
2914 4984 3040 5022 cum
3071 4969 3180 5022 illis
3213 4971 3305 5038 qui
3339 4971 3449 5024 Ιαιεί

1885 5059 2086 5128 injuria
2112 5059 2328 5113 luerant
2349 5098 2364 5122 ,
2394 5059 2558 5126 inque
2582 5060 2852 5129 sapientia
2879 5062 3156 5130 etjustitta
3190 5075 3314 5114 cum
3355 5061 3454 5113 lto-

1887 5149 2131 5202 tninibus
2187 5160 2566 5215 conversatus,
2608 5151 2811 5205 frustra
2865 5151 3183 5220 nequissimi
3246 5152 3451 5206 malitia

1885 5241 2320 5310 persecutionem
2341 5243 2600 5306 sustinet,
2620 5242 2942 5312 insidiisque
2958 5243 3023 5296 ad
3045 5253 3272 5298 mortem
3290 5259 3453 5314 appe-

1882 5332 2037 5386 titur.
2071 5333 2437 5398 Quamobrem
2467 5335 2634 5389 etiam
2663 5336 2864 5404 quibus
2888 5336 2978 5390 ille
3012 5336 3200 5406 inique
3231 5338 3454 5406 ingrue-

1883 5423 1995 5486 bat,
2038 5427 2234 5479 merito
2303 5427 2634 5492 transﬁxus,
2683 5436 2740 5480 et
2784 5427 2840 5481 in
2897 5428 3158 5498 operibus
3193 5444 3453 5482 manuum

1886 5531 2110 5570 suarum
2154 5519 2654 5586 comprenhensus,
2701 5519 2953 5575 devictus
3000 5531 3106 5583 est.
3135 5521 3454 5591 judicioque

1889 5607 2198 5673 damnatus,
2236 5609 2316 5664 sic
2358 5626 2520 5664 manu
2562 5610 2656 5664 Dei
2698 5613 2983 5683 tyrannico
3019 5612 3328 5683 principatu
3360 5613 3457 5667 de-

916 5809 957 5840 τ’
986 5807 1171 5862 Tdattb.
1208 5823 1302 5866 xu,
1332 5808 1425 5860 ‘10-,
1458 5807 1618 5859 .‘lare.
1650 5822 1727 5864 Ill,
1749 5804 1845 5865 ‘27;
1881 5805 2006 5858 Luc.
2037 5821 2108 5867 XI,
2130 5805 2192 5860 ‘2!
2267 5807 2331 5839 "'
2361 5807 2502 5862 i’sal.
2545 5826 2662 5868 XM,
2702 5811 2752 5866 8.
