4192 6424
718 375 815 442 ill

1917 380 2214 441 NICE'I‘J'E
2259 380 2784 439 PAPIILAGONIS

3878 384 3977 448 ll?

705 489 888 555 jectus
933 500 1017 543 est
1040 492 1100 542 ³ο.
1137 489 1228 544 Sic
1254 506 1473 561 quoque
1508 491 1854 562 praedilectus
1885 492 2046 547 Verbi
2089 492 2288 545 theolo-

2405 489 2688 556 θεολόγος,
2723 492 2779 542 ἐν
2815 488 3062 560 σωτηρία
3094 489 3202 541 τῶν
3233 489 3642 561 ὑποδεξομένων
3675 493 3836 546 αὐτὸν
3881 505 3978 562 τὴν

710 596 833 646 gus.
870 582 938 634 ad
972 598 1164 636 eormn
1197 583 1290 652 qui
1321 600 1446 638 cum
1475 586 1787 654 suscepturi
1807 595 2014 648 essent,
2039 586 2292 646 salutem,

711 675 764 724 in
810 673 990 726 Asiam
1031 674 1331 743 ingressus.
1365 686 1528 745 atque
1561 676 1614 730 in
1645 692 1809 731 unam
1862 677 2099 746 primum
2152 676 2203 728 in
2231 690 2294 729 ea

710 765 1085 833 metropoleon
1130 769 1422 822 maximam
1474 769 1688 824 scilicet
1727 769 2001 839 Ephesum
2029 771 2292 830 veniens,

707 873 812 908 non
881 858 1067 912 statitn
1118 860 1354 914 adventu
1413 877 1514 915 suo
1563 871 1619 916 et
1667 862 1956 932 praesentia
2009 863 2288 914 civitatem

705 947 978 1000 turbavit:
1015 965 1121 1003 non
1171 950 1375 1004 civium
1408 953 1698 1009 confestim
1744 953 1959 1006 animos
2006 953 2291 1021 magnilica

702 1039 983 1110 Evangelii
1031 1041 1419 1109 prmdicatione
1465 1046 1730 1116 perculit;
1775 1044 1870 1098 sed
1934 1044 1987 1098 in
2022 1045 2290 1114 sapientia

702 1148 828 1184 cum
877 1135 1120 1187 externis
1164 1136 1473 1200 ambulans,
1510 1153 1572 1191 ac
1604 1148 1841 1205 tempus,
1873 1135 2018 1206 quod
2082 1138 2289 1190 malum

702 1234 891 1287 esset,
954 1225 1254 1288 redimens,
1317 1227 1626 1296 benigniori
1691 1227 1878 1283 indole
1931 1226 2292 1296 modestoque

702 1327 858 1383 gestu
894 1327 1057 1385 atque
1090 1317 1279 1372 habitu
1303 1361 1316 1381 ,
1349 1329 1401 1373 et
1439 1321 1546 1373 leni
1579 1321 1840 1390 alloquio,
1873 1319 2092 1374 cunctis
2125 1319 2191 1373 ad
2231 1335 2289 1374 se

703 1423 984 1460 accessum
1018 1408 1230 1462 facilem
1258 1409 1641 1478 placidumque
1667 1410 1975 1478 przcbebat;
2009 1411 2133 1464 vita:
2159 1426 2290 1463 vero

703 1499 1016 1568 disciplina,
1055 1500 1316 1569 variaque
1361 1517 1425 1556 ac
1472 1503 1686 1557 exculta
1721 1505 1940 1566 virtute,
1978 1504 2290 1557 inaccessus

702 1591 910 1659 pariter
945 1609 1008 1647 ac
1046 1593 1314 1648 mirabilis
1348 1604 1488 1648 erat.

768 1681 845 1733 Ac
903 1681 1016 1748 ipse
1076 1682 1298 1750 quidem
1378 1684 1733 1738 continentia:
1795 1685 2007 1753 rigore,
2056 1686 2284 1740 infracta

700 1771 984 1839 patientia,
1015 1771 1130 1842 jugi
1182 1790 1407 1843 precqu
1447 1776 1706 1829 instantia
1741 1791 1865 1829 cum
1903 1776 2102 1831 mentis
2130 1787 2280 1831 tran-

2413 581 2595 632 Ἀσίαν
2632 581 2977 648 καταλαϐὼν,
3004 583 3084 637 είς
3111 583 3242 651 μίαν
3268 583 3326 636 δὲ
3367 585 3582 654 πρῶτον
3617 585 3721 636 τῶν
3747 587 3807 638 ἐν
3836 589 3975 657 αὑτῇ

2402 671 2814 742 μητροπόλεων,
2855 673 2954 741 τὴν
2983 675 3246 742 μεγίστην
3283 675 3515 742 Ἔφεσον
3533 676 3846 744 γενόμενος,
3876 677 3976 727 οὒκ

2395 765 2694 835 ἐθορύϐησε
2738 769 2806 836 τῇ
2845 767 3116 836 παρουσίᾳ
3151 768 3497 836 παραχρῆμα
3538 768 3637 837 τὴν
3687 765 3879 818 πόλινο
3911 769 3971 818 οὐ

2395 853 2496 912 τάς
2559 853 2666 906 τῶν
2718 854 2952 907 πολιτῶν
3011 853 3248 918 διανοίας
3307 855 3470 918 εὐθὺς
3519 857 3596 926 τῷ
3644 857 3978 925 μεγαλοφυεῖ

2395 945 2490 998 τοῦ
2520 945 2854 1014 Εὑαγγελίου
2887 947 3227 1019 διετάραξεν·
3253 948 3368 1002 ἀλλ’
3401 950 3459 1002 ἐν
3485 949 3650 1020 σοφίᾳ
3677 951 3813 1019 πρὸς
3850 950 3976 1010 τοὺς

2393 1039 2500 1105 ἔξω
2528 1041 2868 1112 περιπατῶν,
2896 1042 2991 1094 καὶ
3019 1041 3094 1103 ὣς
3125 1041 3360 1111 πονηρὸν
3391 1041 3858 1111 ὲξαγοραξὸμενος
3882 1044 3976 1093 τὸν

2391 1134 2604 1204 κσιρδν,
2656 1133 2732 1204 τῷ
2777 1134 2875 1203 μὲν
2913 1135 3294 1204 ἁγαθοπρεπεῖ
3330 1133 3425 1186 τοῦ
3484 1133 3671 1202 ἧθους,
3731 1136 3827 1186 καὶ
3886 1133 3968 1202 τῷ

2396 1227 2602 1297 μετρίῳ
2628 1226 2722 1279 τοῦ
2753 1227 3056 1297 σχήματος,
3112 1228 3206 1279 καὶ
3237 1225 3315 1296 τῷ
3365 1229 3628 1296 προσηνεῖ
3659 1227 3760 1294 τῆς
3790 1225 3978 1278 ἐντεύ-

2398 1320 2561 1386 ξεως,
2588 1324 2754 1373 πᾶσιν
2789 1321 2979 1374 ἑαυτὸν
3013 1320 3337 1390 εὐπρόσιτον
3369 1320 3598 1389 καθίστη
3631 1321 3718 1372 καὶ
3747 1319 3974 1386 εὐμενῆ.

2391 1411 2467 1480 τῷ
2501 1412 2688 1483 τρόπῳ
2733 1412 2790 1465 δὲ
2832 1414 2926 1465 τοῦ
2955 1412 3096 1482 βίου,
3119 1412 3214 1466 καὶ
3238 1412 3317 1483 τῷ
3368 1412 3598 1481 ποικίλῳ
3630 1413 3723 1463 καὶ
3779 1409 3978 1474 ams:-

2394 1505 2574 1574 σμένῳ
2610 1505 2712 1574 τῆς
2751 1506 2974 1575 ἀρετῆς,
3029 1506 3326 1578 ἀπρόσιτον
3357 1505 3474 1575 ἅμα
3503 1506 3598 1557 καὶ
3635 1503 3976 1573 θαυμαστόν.

2461 1683 2574 1738 Καὶ
2624 1684 2786 1748 αὐτὸς
2820 1685 2920 1754 μὲν
2959 1687 3027 1756 τῇ
3070 1685 3439 1755 ἐπιτεταμένῃ
3476 1683 3799 1754 ἐγκρατείᾳ,
3835 1681 3975 1734 ὑπο-

2392 1779 2525 1847 μονῇ
2563 1777 2849 1848 άνενδότῳ,
2900 1780 3178 1849 προσευχῇ
3235 1777 3598 1845 άνεκλείπτῳ,
3655 1776 3794 1844 μετὰ
3841 1775 3977 1842 ἡσυ-

701 1862 973 1930 quillitate
1007 1879 1069 1916 ac
1102 1864 1326 1916 lenitate
1360 1865 1608 1934 spiritus,
1642 1866 1751 1920 Deo
1791 1867 2098 1922 serviebat:
2131 1867 2286 1920 mali-

2391 1867 2512 1938 χίας
2556 1867 2677 1932 νοὸς
2726 1869 2824 1922 καὶ
2879 1869 3194 1941 πραΰτητος
3258 1868 3571 1940 πνεύματος
3606 1869 3863 1938 ἐλάτρευε
3896 1867 3978 1936 τῷ

704 1959 790 2011 tim
836 1967 1017 2011 autem
1073 1959 1363 2029 princeps,
1419 1961 1513 2029 qui
1560 1972 1786 2016 externa
1831 1963 2052 2032 quidem
2104 1961 2286 2032 specie

705 2050 1002 2109 hominem,
1029 2061 1212 2103 mente
1249 2062 1432 2104 autem
1458 2054 1709 2122 angelum
1743 2053 1988 2116 videret;
2022 2054 2288 2122 tantisper

705 2143 932 2196 inferius
965 2155 1166 2198 terram
1197 2147 1629 2215 contingentem,
1657 2148 1912 2217 superius
1943 2164 2072 2201 vero
2103 2161 2286 2204 mente

701 2237 872 2290 cados
906 2247 1320 2306 penetrantem:
1353 2240 1561 2309 quique
1609 2241 1742 2294 deos
1779 2257 1971 2295 omnes
1997 2256 2059 2294 ac
2088 2241 2288 2296 dwmo—

704 2330 790 2381 oia
850 2339 1154 2389 excuteret.
1205 2331 1522 2401 sensimque
1570 2334 1836 2388 hactenus
1871 2334 1937 2388 ad
1982 2351 2040 2388 se
2082 2336 2290 2390 adeun-

704 2421 850 2474 tibus
912 2422 1040 2476 Jesu
1090 2423 1394 2478 doctrinam
1441 2409 1805 2496 proponeret;
1848 2429 2046 2482 acerba
2108 2429 2294 2484 confe-

701 2511 827 2563 stim
872 2511 1219 2566 aemulatione
1262 2530 1528 2569 accensus
1565 2525 1670 2576 est,
1720 2532 1843 2570 cum
1892 2518 2017 2572 inde
2049 2518 2287 2572 futuram

700 2603 805 2656 sibi
863 2605 1075 2656 ruinam
1134 2608 1468 2674 prmsagirct.
1527 2607 1808 2676 Tanquam
1864 2621 2050 2664 autem
2104 2611 2288 2681 ignitis

697 2696 894 2763 jaeulis
945 2696 1151 2748 invidia
1194 2713 1496 2752 succensus
1521 2739 1535 2761 ,
1576 2701 1752 2754 varias
1781 2701 1988 2756 Christi
2017 2702 2290 2772 discipulo

704 2785 1034 2838 tentationes
1082 2787 1313 2840 suscitat
1361 2789 1769 2859 :aeeenditque
1829 2791 1883 2846 in
1925 2807 2072 2856 eum,
2112 2793 2291 2862 primo

701 2875 925 2942 quidem
978 2877 1265 2931 mulierem
1321 2879 1622 2950 zelotypam
1658 2897 1721 2935 ac
1771 2898 2078 2950 procacem,
2123 2899 2186 2938 ea
2233 2885 2289 2937 in

701 2970 925 3024 civitate
970 2971 1129 3026 facile
1183 2973 1491 3043 principem
1535 2976 1800 3042 habitam,
1833 2977 2140 3049 exindeque
2172 2989 2288 3034 tum

782 3193 828 3224 ³⁸
866 3193 1008 3248 Psal.
1042 3210 1118 3259 is,
1148 3194 1234 3248 l7.

2387 1959 2527 2030 Θεῷο
2561 1962 2590 2014 ὁ
2637 1961 2826 2032 ἄρχων
2868 1960 2925 2014 δὲ
2977 1962 3076 2033 τῆς
3123 1962 3342 2030 κακίας,
3391 1962 3532 2033 ὀρῶν
3578 1962 3863 2032 ἄνθρωπον
3913 1961 3979 2010 τὸ

2388 2054 2740 2124 φαινόμενον,
2775 2053 3007 2123 ἄγγελον
3063 2056 3127 2106 τὸ
3187 2054 3502 2125 νοούμενον·
3553 2054 3703 2108 κάτω
3751 2054 3852 2122 μὲν
3905 2053 3978 2118 τῇ

2389 2148 2554 2218 σαρκὶ
2599 2147 2836 2218 μετρίως
2893 2148 3199 2220 ἀπτόμενον
3227 2149 3325 2220 τῆς
3363 2150 3488 2218 γῆς·
3535 2149 3649 2203 ἄνω
3682 2148 3761 2211 δὲ,
3789 2147 3868 2215 τῷ
3897 2147 3979 2214 νῷ

2388 2240 2736 2295 διαϐαίνοντα
2788 2242 2915 2304 τοὺς
2944 2241 3243 2313 οὐρανούς·
3299 2243 3397 2296 καὶ
3434 2242 3591 2304 θεοὺς
3627 2239 3726 2310 μὲν
3763 2240 3978 2301 πάντας

2388 2334 2487 2386 καὶ
2554 2334 2815 2403 δαίμονας
2878 2333 3313 2402 ἀποσειόμενον,
3361 2336 3545 2405 ἠρέμα
3570 2335 3628 2388 δὲ
3685 2335 3825 2398 τέως
3877 2333 3978 2386 τοῦ

2401 2423 2576 2494 Ἰησοῦ
2631 2425 2731 2495 τὴν
2785 2425 2942 2488 δόξαν
2993 2428 3106 2488 τοῖς
3161 2425 3442 2494 ἐγγίζουσι
3499 2426 3977 2496 παρατιθέμενον·

2391 2517 2541 2588 ζήλῳ
2569 2517 2669 2586 μὲν
2704 2518 2944 2586 ἀνῆπται
3005 2519 3350 2589 παραχρῆμα
3379 2519 3582 2589 πικρῷ,
3628 2517 3727 2587 τὴν
3765 2517 3977 2570 οἰκείαν

2390 2609 2641 2662 ἐντεῦθεν
2669 2610 2968 2662 κατάλυσιν
3007 2609 3473 2680 ὑποδλεπόμενος.
3525 2605 3628 2663 Οἷα
3671 2609 3729 2662 δέ
3763 2608 3980 2678 πυρφό-

2393 2721 2506 2775 ροις
2541 2702 2713 2773 βολίσι
2741 2702 2822 2773 τῷ
2855 2702 3037 2774 φθόνῳ
3063 2702 3530 2774 πυρπολούμενος,
3565 2703 3841 2772 ἐπεγείρει
3874 2701 3980 2771 μὲν

2388 2795 2674 2858 ποικίλους
2705 2794 2784 2865 τῷ
2822 2793 3064 2864 Χριστοῦ
3092 2793 3311 2865 μαθητῇ
3353 2793 3715 2864 πειρασμούςο
3748 2794 3979 2857 ἐξάπτει

2388 2888 2446 2941 δέ
2492 2886 2612 2939 κατ’
2651 2885 2840 2949 αὑτοῦ,
2893 2885 3112 2956 πρῶτον
3165 2890 3268 2955 μὲν
3325 2887 3681 2958 γυναικάριον
3743 2883 3980 2954 ζηλότυ-

2389 2997 2490 3032 πον
2524 2978 2635 3048 (15)
2667 2979 2759 3031 καί
2791 2976 2965 3047 θρασὺ
2987 3015 3004 3042 ,
3068 2976 3288 3047 πρῶτον
3327 2977 3547 3048 ἐκείνης
3596 2977 3696 3047 τῆς
3753 2975 3980 3038 πόλεως

773 3377 887 3444 (13)
918 3375 1990 3444 l‘vramdpwré‘qlétvzor.Hactenus
2015 3372 2288 3428 inoﬂ'enso
2317 3378 2360 3438 C
2393 3376 2732 3446 persecutio,
2773 3392 2896 3445 quae
2925 3391 3087 3433 omne
3132 3376 3506 3433 Christianum
3564 3396 3754 3437 semen
3799 3397 3862 3436 ea
3917 3383 3980 3437 in

702 3449 842 3518 pede
890 3448 1068 3502 oratio
1109 3448 1313 3501 Nircla:
1344 3459 1707 3516 processerat,
1727 3463 1789 3501 ea
1821 3446 2290 3518 solumexornans

702 3514 933 3572 Joannis
953 3518 1236 3585 Theologi.
1273 3514 1394 3585 qua-
1426 3518 1584 3570 libris
1607 3518 1779 3571 sacris
1810 3517 2087 3570 habentur
2103 3514 2171 3567 de
2195 3515 2289 3568 illo

704 3590 1040 3656 conscripta,
1103 3590 1332 3656 ejusque
1369 3591 1420 3640 in
1477 3588 1662 3641 Asiam
1716 3589 2107 3657 apostolatum,
2164 3601 2288 3657 qua;

707 3671 856 3713 tanta
885 3655 1169 3729 provincia
1200 3655 1256 3711 et
1287 3661 1396 3711 fere
1432 3659 1583 3712 orbis
1615 3655 1933 3729 praecipua,
1995 3671 2095 3724 pro
2150 3655 2286 3710 tanti

705 3728 940 3800 apostoli
969 3729 1275 3799 apostolico
1310 3745 1537 3782 niuucre
1572 3728 1748 3800 videri
1783 3736 2001 3800 poterat
2025 3736 2288 3800 przestan-

707 3798 778 3853 tta
840 3816 903 3853 ac
959 3798 1227 3864 solertia;
1274 3800 1326 3852 in
1378 3816 1483 3868 qua
1515 3801 1625 3868 jam
1662 3798 1863 3852 Paulus
1893 3799 2070 3867 prima
2106 3798 2286 3868 Evan-

706 3871 834 3938 gelii
862 3871 1070 3923 semina
1096 3871 1325 3940 jecerat,
1356 3866 1530 3937 atque
1556 3869 1754 3938 Ephesi
1785 3866 2136 3922 Timotheum
2168 3866 2290 3940 epig

706 3937 933 4009 scopum
971 3937 1348 3993 ordinaverat.
1381 3941 1549 3993 Tacet
1597 3937 1796 3993 merito
1851 3940 2090 4009 Nicetas,
2117 3937 2288 4009 quod

710 4007 876 4064 laniis
904 4013 1212 4065 I’rochorus
1239 4016 1426 4070 rel'crt,
1479 4027 1578 4063 nec
1631 4010 1804 4062 Graeci
1837 4008 2056 4062 Mcnzcis
2099 4007 2290 4060 deesse

707 4083 1021 4142 voluerunt,
1075 4081 1177 4133 etsi
1247 4082 1469 4133 brevius
1522 4082 1993 4148 perstringentes,
2051 4079 2291 4130 humano

709 4153 946 4220 quodam
983 4155 1178 4204 timore
1213 4168 1495 4203 recusasse
1553 4152 1820 4202 Joannem
1865 4165 1933 4202 eo
1993 4149 2291 4217 prolicisci,

709 4224 867 4292 cujus
927 4224 1006 4275 rei
1061 4239 1225 4276 causa
1284 4241 1312 4274 a
1367 4223 1525 4274 l'etro
1563 4222 1929 4292 reprehensus
1961 4229 2052 4292 sit,
2087 4220 2292 4292 Deique

712 4289 871 4353 iram,
907 4303 965 4345 ut
1023 4294 1308 4362 naufragio
1364 4295 1708 4353 inuitaretur,
1766 4291 2084 4344 incurrerit.
2137 4289 2291 4362 Quod

718 4363 1048 4415 Iit-Lanuuio
1099 4380 1204 4415 non
1229 4360 1356 4415 'ahs
1393 4380 1448 4415 re
1503 4363 1791 4429 displicet,
1835 4362 1985 4413 velut
2018 4376 2126 4412 non
2161 4360 2294 4412 satis

711 4450 1014 4503 congruum
1070 4443 1221 4486 tanto
1273 4434 1556 4502 apostolo,
1613 4434 2088 4503 estqueipritnum
2145 4430 2292 4503 quod

711 4501 841 4557 nota
865 4505 1088 4573 dignum
1109 4501 1318 4574 jndieat
1347 4505 1400 4556 in
1427 4504 1722 4558 Proehoro.
1787 4502 1980 4555 Mulier
2011 4517 2145 4574 vero
2172 4501 2286 4554 haec

709 4576 788 4627 sic
815 4571 1007 4627 aemula
1034 4584 1088 4628 et
1111 4571 1333 4642 procax,
1371 4591 1533 4642 quam
1577 4575 1750 4629 malus
1784 4574 1998 4625 dtemon
2033 4571 2087 4623 in
2119 4572 2285 4624 Joan-

709 4662 833 4697 nem
859 4646 998 4697 adeo
1025 4646 1365 4705 accenderit,
1401 4646 1516 4713 ipsa
1551 4645 1707 4713 pianc
1759 4653 1861 4701 est,
1903 4658 2064 4710 quam
2100 4658 2166 4694 ex
2193 4657 2287 4713 eo.

710 4715 834 4766 dem
872 4716 1173 4775 Prochoro,
1205 4712 1470 4768 Joannem
1527 4712 1666 4767 male
1719 4715 2034 4773 habentem,
2081 4727 2206 4764 cum
2241 4712 2287 4765 is

708 4785 786 4838 illi
811 4787 1045 4838 serviret
1079 4802 1202 4838 cum
1244 4787 1541 4847 Prochoro,
1582 4785 1880 4838 ltoinanam
1923 4783 2167 4844 nomine,
2190 4797 2287 4835 ea-

707 4863 831 4907 dem
869 4851 1067 4909 Nlcnzca
1096 4861 1362 4918 ret’erunt,
1399 4873 1463 4910 es
1515 4858 1720 4924 quibus
1760 4856 1978 4909 Nicetas
2009 4851 2283 4906 habuerit.

708 4926 839 4978 Mihi
867 4937 1018 4979 certe
1068 4928 1209 4979 inter
1262 4927 1570 4996 apocrjpha
1625 4927 1850 4996 perinde
1890 4924 2285 4996 latineraudum

708 4997 879 5059 subit,
941 4997 1252 5065 nulliusquc
1282 4999 1406 5051 lidci
1435 4995 1500 5050 iet
1547 4995 1903 5050 straminetnn
1952 4995 2283 5047 habendum.

708 5067 1031 5136 Quanquam
1079 5073 1226 5120 enim
1274 5078 1578 5138 congerunt
1645 5067 1771 5120 libri
1830 5065 2125 5135 apocryphi
2176 5081 2287 5138 non

709 5135 1059 5204 paucavera,
1098 5141 1182 5190 vel
1209 5135 1505 5192 traditione
1533 5139 1798 5206 majorum
1831 5146 2077 5204 accepta.
2114 5135 2196 5206 vel
2219 5151 2286 5187 ex

708 5209 1042 5262 certioribus
1063 5209 1186 5263 aliis
1213 5210 1583 5262 tnouumentis
1611 5205 1861 5266 collecta.
1891 5205 2200 5274 eujusmodi
2230 5206 2284 5258 in

711 5279 1219 5350 ιιρωτοευαγγελίῳ
1254 5279 1442 5334 Jacobi
1473 5280 1792 5346 αδελφοθέου
1818 5321 1830 5342 ,
1857 5279 1923 5350 in
1953 5277 2105 5330 Actis
2138 5276 2286 5328 The-

711 5349 828 5410 clae,
864 5351 1098 5418 aliisque
1136 5349 1459 5410 occurrunt,
1496 5366 1559 5402 ex
1609 5352 1800 5402 iisdem
1855 5349 1990 5417 ipsis
2031 5361 2288 5399 nonnun-

709 5434 871 5485 quam
919 5420 1185 5482 fontibus,
1244 5422 1498 5474 Patribus
1550 5422 1774 5474 laudata
1822 5437 1834 5470 :
1910 5419 2052 5470 :stttd
2105 5427 2286 5469 tamen

709 5490 864 5556 cujus
893 5493 1039 5546 lidet.
1061 5503 1116 5544 ut
1148 5502 1329 5544 tantus
1351 5493 1652 5559 apostolus,
1672 5492 1803 5543 urbe
1822 5492 1932 5558 jam
1960 5487 2290 5542 Christianis

711 5561 959 5613 tnoribus
993 5576 1100 5612 non
1131 5578 1318 5630 parum
1356 5563 1632 5623 instituta,
1660 5569 1713 5614 ct
1777 5577 1896 5628 qua-
1933 5559 2158 5612 Paulum
2194 5559 2290 5630 do-

710 5637 917 5682 ctorem
949 5647 1012 5684 ac
1052 5629 1402 5684 'l'imotheum
1429 5633 1748 5700 episcopum
1783 5632 2084 5690 habuisset,
2115 5629 2289 5700 serAvi-g

719 5709 892 5752 tutem
917 5703 994 5754 sic
1034 5703 1198 5754 vilctn
1233 5704 1438 5755 servire
1466 5697 1744 5762 debuerit,
1773 5713 1830 5754 ut
1853 5703 2046 5753 saltem
2087 5697 2288 5752 modici

712 5772 868 5835 panis
897 5773 1108 5839 copiam
1148 5773 1413 5825 haberet?
1445 5773 1732 5826 Sublatum
1765 5773 1987 5841 quidem
2020 5769 2291 5841 passionis

714 5843 849 5896 lalre
879 5842 1228 5896 'l'iinothcum
1263 5844 1491 5913 legimus
1533 5866 1539 5895 ;
1593 5857 1642 5896 at
1696 5840 1842 5896 nulla
1887 5852 2035 5896 tanta
2090 5840 2286 5908 Ephesi

2399 3447 2946 3518 urbcexstinxisset,
2987 3459 3279 3518 antequam
3331 3449 3572 3505 Joannes
3603 3453 3668 3506 ad
3707 3467 3828 3506 eam
3875 3468 3977 3506 ac-

2397 3517 2666 3570 cederet:
2712 3533 2810 3587 per
2843 3534 3008 3586 quem
3041 3517 3154 3572 fere
3193 3529 3303 3572 tota
3355 3519 3576 3575 Christo
3603 3521 3819 3576 addicta
3862 3533 3978 3576 est.

2396 3588 2628 3652 Majores
2658 3603 2790 3642 vero
2815 3599 2985 3660 erant
3012 3589 3308 3660 coryphaei,
3336 3599 3392 3644 et
3415 3591 3469 3644 in
3503 3593 3607 3654 eis,
3637 3597 3666 3644 ο
3684 3593 3977 3659 Θεολόγος,

2394 3661 2422 3711 ὁ
2451 3660 2858 3732 ἰίγαπημένος,
2879 3661 2907 3710 ὁ
2933 3659 3279 3732 Ἐπιστηθιος
3313 3701 3327 3725 ,
3353 3676 3435 3732 _ac
3469 3663 3515 3715 si
3542 3662 3675 3731 quid
3712 3679 3981 3732 magnum

2395 3744 2457 3782 ac
2486 3730 2761 3797 singulare
2801 3729 2852 3781 in
2890 3730 3156 3798 apostolis
3185 3740 3269 3784 est
3293 3769 3308 3792 ,
3345 3729 3584 3786 Joannes
3618 3729 3851 3796 noster',
3914 3748 3983 3789 ut

2396 3800 2476 3853 sic
2506 3799 2558 3871 in
2594 3800 2722 3851 Asia
2756 3809 2922 3871 atque
2959 3800 3198 3868 Epheso,
3231 3802 3570 3868 provinciam
3620 3813 3812 3871 petens
3853 3803 3978 3870 jam

2397 3870 2740 3923 semicultam
2767 3886 2830 3923 ac
2867 3869 3139 3924 Ecclesias
3176 3871 3494 3931 habentem,
3527 3869 3804 3926 desolatus
3846 3869 3977 3928 esse

2399 3940 2976 4012 potuerit.0b_stiterit
3007 3941 3207 3994 fetnina
3242 3941 3433 4012 prima:
3480 3943 3709 3996 Joannis
3767 3943 3977 4012 Ephesi

2400 4010 2794 4081 pr:edicationi
2837 4013 2919 4076 (ut
2952 4020 3036 4063 est
3093 4027 3257 4064 sexus
3297 4011 3387 4065 ille
3429 4029 3694 4081 organum
3745 4010 3981 4067 diabolo

2399 4080 3057 4150 accommodatissimum)
3107 4081 3313 4148 Deique
3369 4080 3514 4150 opus
3544 4083 3924 4136 interturbarit
3958 4125 3976 4147 ,

2389 4151 2499 4202 alio
2537 4161 2716 4203 tamen
2760 4149 2922 4202 modo
2953 4166 3011 4203 se
3046 4168 3132 4204 res
3158 4149 3432 4214 habuerit,
3463 4168 3624 4220 quam
3659 4152 3980 4208 Prochorus

2390 4221 2682 4292 descripsit
2713 4239 2724 4272 :
2755 4236 2817 4272 ac
2841 4221 2886 4274 si
2930 4220 3122 4273 habuit
3151 4221 3389 4292 Nicetas,
3426 4239 3535 4275 non
3556 4239 3748 4292 parum
3779 4227 3980 4277 nocuit

2392 4291 2637 4344 histornc
2665 4307 2852 4348 sacrae,
2887 4292 2980 4359 qui
3010 4309 3116 4343 non
3141 4291 3414 4359 exposuit.
3441 4293 3536 4345 sed
3558 4291 3978 4347 innlierisdun-

2394 4371 2541 4414 taxat
2576 4361 2656 4414 sic
2692 4362 2944 4430 apostolo
2975 4361 3248 4416 diabolica
3281 4363 3542 4418 suasione
3583 4363 3933 4418 adversantis
3959 4405 3977 4430 ,

2393 4433 2728 4484 meminerit.

2465 4504 2718 4554 Sanctam
2766 4501 2990 4554 Mariam
3030 4500 3226 4555 Joanni
3261 4502 3520 4556 comitem
3551 4503 3829 4572 Ephesum
3861 4504 3974 4556 ad-

2319 4543 2361 4596 D
2394 4573 2614 4625 laesisse
2643 4582 2831 4624 censet
2865 4572 3058 4624 llaron.
3093 4588 3182 4623 an.
3209 4572 3297 4634 Η,
3338 4588 3395 4624 n.
3420 4573 3508 4635 29,
3542 4543 3636 4628 δεῖ]
3675 4575 3856 4641 potius
3885 4591 3979 4626 ra—

2392 4653 2505 4694 tum
2541 4643 2705 4694 habet
2738 4643 2790 4694 id
2836 4643 3024 4695 Patres
3067 4641 3372 4710 Ephesinos
3403 4644 3569 4711 epist.
3608 4645 3866 4714 synodica
3897 4647 3973 4698 ad

2389 4716 2600 4767 clerum
2648 4713 3325 4781 tioustantinopolitanum
3377 4714 3659 4768 insinuare
3687 4731 3751 4768 ac
3801 4715 3974 4777 velle,

2388 4799 2513 4835 cum
2541 4785 2611 4836 ila
2647 4784 2854 4836 refert:
2903 4782 3082 4846 Quare
3112 4791 3160 4833 ct
3201 4783 3474 4836 [Vestorius
3508 4786 3684 4854 impia:
3709 4789 3976 4838 turreseus

2391 4855 2741 4912 instaurator.
2789 4855 2842 4905 in
2880 4854 3226 4921 Izpltesiorum
3251 4856 3462 4906 civitate
3489 4898 3503 4918 ,
3541 4873 3702 4922 quant
3731 4855 3978 4910 Joannes

2391 4924 2675 4991 Tlieoloqus
2704 4935 2750 4975 ct
2786 4941 2940 4975 sacra
2973 4922 3206 4992 Deipara
3250 4923 3400 4993 Virgo
3432 4925 3606 4978 Maria
3651 4925 3980 4995 quandoque

2389 4996 2747 5055 incoluerunt,
2781 4997 3113 5055 (mistitutus,
3143 5006 3248 5047 etc.
3295 4997 3426 5060 Qua:
3449 4998 3632 5049 versio
3666 5007 3750 5048 cst
3781 4995 3971 5047 Theo-

2390 5065 2511 5117 dori
2544 5065 2682 5118 Pelt.
2705 5066 2761 5118 S.
2798 5063 2870 5126 J.,
2897 5065 3000 5117 etsi
3028 5065 3175 5117 illius
3197 5067 3419 5118 nomine
3449 5082 3558 5119 non
3591 5068 3743 5129 citat,
3782 5066 3838 5118 in
3859 5082 3980 5133 qua

2391 5151 2500 5188 non
2519 5135 2652 5188 satis
2673 5143 2861 5203 partes
2885 5135 2998 5203 agit
3024 5135 3116 5188 ﬁdi
3147 5135 3478 5203 interpretis.
3500 5137 3630 5190 dum
3657 5152 3811 5189 suam
3832 5151 3980 5189 con-

2386 5206 2656 5275 jecturam
2688 5207 2838 5258 omni
2895 5214 3044 5257 retro
3091 5205 3376 5259 traditioni
3431 5206 3720 5260 adversam
3770 5207 3979 5259 insert

2393 5275 2589 5329 textui.
2630 5275 2793 5328 Plane
2833 5277 2981 5328 enim
3011 5286 3327 5329 assererent
3363 5278 3572 5340 Patres,
3614 5278 3659 5331 si
3687 5279 3800 5330 lia-c
3832 5276 3972 5328 illo-

2393 5361 2513 5399 rum
2544 5348 2707 5398 verba
2735 5355 2941 5400 essent.
2989 5345 3213 5399 Patrum
3259 5349 3428 5401 verba
3475 5358 3625 5400 sunt.
3667 5348 3830 5399 Ὅθεν
3872 5351 3984 5397 καὶ

2392 5417 2710 5485 Νεστόριος,
2743 5418 2772 5468 ὀ
2801 5422 2897 5483 τῆς
2923 5416 3221 5478 δυσσεϐοῦς
3251 5418 3982 5486 αἰρέσεως-άνακιινιστὴς,

2393 5487 2607 5554 φθάσας
2660 5492 2716 5538 εν
2747 5491 2811 5556 τῇ
2849 5487 3140 5552 Ἐψεσίων,
3172 5487 3303 5538 ἔνθα
3354 5491 3380 5539 ὁ
3423 5488 3980 5556 θεολόγοςΊωάννης

2394 5560 2488 5608 καὶ
2517 5559 2831 5624 ἠθεοτὸκος
2853 5559 2886 5626 ἡ
2914 5559 3046 5622 ἁγία
3076 5557 3286 5626 Μαρία.
3317 5557 3378 5610 In
3408 5558 3752 5626 Ephesiorum
3778 5559 3987 5609 civita-

2394 5638 2496 5678 tem
2556 5630 2783 5689 veniens,
2831 5630 3016 5694 inqua
3061 5626 3295 5681 Joannes
3324 5628 3610 5695 Thcologus
3645 5638 3692 5680 et
3735 5628 3992 5694 Deipara

2401 5699 2574 5766 l'irgo.
2612 5699 2712 5751 [ξίιί
2746 5700 2976 5759 margini
3010 5699 3348 5766 ascriptum,
3410 5701 3565 5766 quasi
3612 5697 3927 5767 supplendo
3963 5715 3986 5752 :

2394 5768 2570 5834 Aliqui
2637 5769 3063 5836 subintelligam,
3116 5788 3132 5816 ι
3171 5768 3462 5836 aliquando
3491 5770 3904 5825 habitaverunt:
3955 5787 3984 5815 ³

2395 5839 2526 5891 (ιίίιί
2556 5862 2571 5886 ι
2611 5840 2743 5891 mles
2772 5840 2980 5891 Itabt’ttt.
3017 5858 3032 5887 ι
3071 5837 3176 5902 Qui
3212 5841 3293 5892 vel
3328 5855 3518 5909 parum
3548 5841 3601 5894 in
3625 5839 4000 5896 Urwcisvcre
