4192 6424
220 421 300 490 117
957 423 1240 485 ORATIO
1279 425 1375 485 VI.
1405 448 1470 458 -
1502 425 1582 485 ΙΝ
1621 425 1926 485 LAUDEM
1967 425 2026 485 S.
2067 425 2384 486 JOANNIS
2422 424 2690 484 EVANG.

272 543 440 602 Οὕτως
472 542 502 594 ὀ
530 539 703 611 μέγας
754 541 944 604 ’Ἤλιος
993 542 1089 594 τοῦ
1137 541 1493 610 Εὐαγγελίου,
1543 543 1603 594 οὐ
1653 542 1752 610 τὴν
1780 544 1830 602 Λ

221 632 666 704 προκαθεζομένην
687 632 788 699 τῆς
809 633 995 696 Ἀσίας
1033 633 1217 703 μόνον,
1246 633 1383 688 ἀλλὰ
1427 634 1522 687 καὶ
1572 634 1755 685 πᾶσαν

218 725 380 794 ἑφεξῆς
432 725 612 794 χώραν
669 725 765 777 καὶ
811 725 1004 788 πόλιν,
1069 726 1163 777 τὸν
1233 725 1524 795 εἰρημένον
1586 725 1756 778 τύπον

216 816 374 879 ἐπιὼν,
416 817 683 886 κατήργει
733 815 831 884 μὲν
875 818 1055 869 πᾶσαν
1108 815 1378 886 δαιμόνων
1427 817 1616 870 θυσίαν
1663 818 1756 871 καὶ

217 909 407 977 τελετήν
435 924 452 941 ο
506 910 772 978 ποιμένας
803 908 860 961 δὲ
916 911 1012 963 καὶ
1053 908 1220 978 ἱερεῖς
1266 908 1562 972 καθιστῶν,
1631 909 1754 962 Ἐκ-

217 1000 412 1068 uincla;
441 1000 585 1052 κατὰ
621 999 785 1051 τόπον
808 998 1001 1070 ἀνίστη
1051 997 1294 1068 Χριστῷ.
1350 999 1625 1052 Κάλλιστα
1658 999 1756 1068 μὲν

215 1089 288 1145 οὖν
305 1090 373 1159 τῷ
402 1090 544 1159 ἁγίῳ
569 1090 850 1158 Πνεὺματι
879 1090 974 1142 καὶ
1021 1089 1446 1159 θαυμασιώτατα
1477 1089 1755 1142 διακονούο

218 1200 378 1252 pavor
403 1184 500 1235 καὶ
541 1183 752 1255 μεγάλῃ
786 1182 885 1252 μὲν
913 1182 1092 1250 λόγων
1130 1183 1315 1254 σοφίᾳ,
1351 1182 1558 1251 μείζονι
1588 1182 1644 1235 δὲ
1667 1183 1758 1252 ἕρ-

216 1291 308 1340 γων
339 1273 562 1342 δυνάμει
585 1290 598 1304 ·
624 1274 720 1326 καὶ
755 1276 899 1327 ἔτεσι
920 1273 978 1325 δὲ
1005 1273 1219 1336 πολλοῖς
1271 1273 1372 1344 ήδη
1429 1273 1528 1342 τὴν
1571 1273 1758 1326 Ἀσίαν

218 1368 389 1426 πᾶσαν,
437 1366 533 1418 καὶ
574 1369 757 1418 πᾶσαν
797 1365 896 1436 τὴν
939 1365 1112 1436 Ἐᾠαν
1161 1364 1275 1434 (l7)
1313 1361 1565 1433 φωτίζων
1618 1365 1757 1432 Χρι-

218 1461 337 1528 στῷ·
371 1462 459 1513 καὶ
491 1461 702 1528 θλίψεσι
757 1461 854 1530 μὲν
893 1459 1358 1530 ὑπερϐαλλούσαις
1414 1461 1569 1521 ὅσαις
1619 1458 1758 1527 ὑπὲρ

214 1549 291 1602 τοῦ
322 1551 646 1618 Εὑαγγελίου
673 1549 988 1620 περιπεσών
1029 1567 1044 1580 ·
1111 1550 1309 1620 μυρίας
1333 1551 1388 1602 δὲ
1420 1550 1515 1602 καὶ
1542 1548 1758 1600 ἐπιϐου-

215 1641 294 1704 λὰς
337 1646 441 1704 τοῖς
486 1641 582 1694 τοῦ
635 1641 866 1710 ψεύδους
905 1643 1278 1706 ὑπασπισταῖς
1327 1641 1580 1709 ὑποσχών
1609 1657 1625 1673 ο
1677 1641 1755 1693 ἔτι

217 1735 305 1804 μὴν
339 1735 426 1787 καὶ
449 1734 664 1804 ὲξορίαν
710 1735 854 1789 κατὰ
883 1737 1103 1804 ΙΙὰτμον
1130 1736 1242 1806 (l8)
1289 1734 1390 1804 τὴν
1449 1734 1611 1801 νῆσον
1652 1731 1756 1785 ὑπὸ

3327 414 3431 485 118

1923 543 1983 594 In
2029 557 2154 595 eum
2209 542 2430 595 modum
2469 553 2697 609 magnus
2747 534 3030 606 Evangelii
3073 533 3187 598 SOI,
3223 535 3424 588 nedum

1858 633 2049 687 urbem
2119 633 2258 686 Asia:
2313 633 2639 702 principem,
2683 630 2778 685 sed
2815 642 2871 684 et
2901 644 3120 683 omnem
3169 627 3432 696 deinceps

1856 724 2194 793 provinciam
2239 725 2510 794 urbesque
2562 737 2756 778 omnes
2804 731 2860 775 et
2905 721 3127 790 oppida,
3168 734 3237 772 ex
3285 719 3427 785 ejus,

1855 835 2018 889 quam
2050 819 2323 881 dicebam,
2357 833 2562 872 norma:
2593 817 2827 878 ratione,
2876 814 3088 877 obiens,
3117 813 3430 866 daemonum

1856 913 2123 968 sacriﬁcia
2163 913 2350 967 omnia
2395 912 2640 980 ritusque
2695 907 3026 979 abrogabat;
3075 917 3432 976 pastoresque

1856 1021 1921 1060 ac
1949 1005 2258 1060 sacerdotes
2289 1003 2651 1066 constituens,
2680 1001 2958 1057 Ecclesias
2993 1015 3090 1067 per
3117 1000 3236 1054 loca
3263 998 3430 1054 Chri-

1858 1107 1943 1153 sto
1971 1098 2231 1169 erigebat.
2263 1097 2400 1153 Cum
2435 1097 2599 1167 igitur
2642 1097 2846 1165 optime
2877 1109 3073 1164 eaque.
3107 1108 3229 1162 quae
3261 1093 3430 1145 mira-

1857 1191 2042 1244 culum
2089 1204 2249 1243 onme
2306 1189 2576 1250 vinceret,
2632 1187 2947 1249 sedulitate,
2991 1184 3225 1253 Spiritui
3270 1182 3432 1236 mini-

1857 1290 2093 1345 straret,
2144 1297 2207 1335 ac
2252 1297 2448 1351 magna
2490 1277 2714 1350 quidem
2771 1293 3083 1331 sermonum
3136 1275 3430 1344 sapientia,

1856 1374 2160 1443 majorique
2183 1387 2412 1442 operum
2448 1372 2650 1427 virtute
2682 1387 2696 1424 :
2725 1368 2822 1424 sed
2850 1377 2906 1422 et
2937 1369 3094 1422 annis
3136 1370 3245 1438 jam
3286 1368 3431 1422 mul-

1859 1467 1929 1520 tis
1958 1467 2140 1520 Asiam
2173 1480 2415 1529 omnem,
2445 1479 2773 1534 omnemque
2803 1462 3075 1519 orientem
3103 1461 3306 1516 Christi
3339 1477 3432 1515 co-

1856 1559 2100 1615 auitione
2137 1559 2428 1617 imbueret,
2454 1559 2618 1625 inque
2638 1571 2910 1610 aerumnas
2940 1554 3174 1609 nimium
3199 1564 3429 1622 quantas

1859 1651 2134 1720 Evangelii
2160 1666 2320 1704 causa
2357 1648 2665 1707 incidisset,
2691 1647 3116 1714 innumerasque
3135 1645 3204 1699 ab
3223 1645 3430 1698 erroris

1855 1742 2192 1797 antistitibus
2237 1740 2462 1795 insidias
2507 1739 2896 1802 sustinuisset,
2923 1737 2987 1791 ad
3016 1737 3131 1791 [nec
3169 1735 3335 1792 etiam
3371 1734 3428 1789 in

273 1893 373 1960 (Π)
408 1894 517 1946 Καὶ
551 1893 760 1947 πᾶσαν
809 1894 923 1960 τὴν
949 1893 1171 1965 νἘᾠιιν.
1223 1894 1378 1959 Quod
1415 1895 1491 1948 ait
1516 1894 1751 1957 Nicetas,
1783 1888 1830 1947 B
1859 1913 1928 1952 ειη

1783 1888 1830 1947 Β
1859 1897 2103 1952 creditus
2146 1897 2217 1951 sit
2253 1894 2523 1965 posuisse.
2573 1895 2704 1949 dum
2770 1893 2880 1965 velg
2904 1892 3011 1965 sibi
3041 1890 3424 1965 blandiuntur,

213 1974 381 2034 praeter
402 1965 583 2016 Asiam
615 1980 855 2025 onmem,
885 1964 1049 2018 etiam
1090 1974 1261 2018 totum
1289 1965 1566 2018 Orientem
1590 1967 1751 2020 Chri-

212 2047 281 2090 sto
316 2035 644 2088 illuminasse
661 2035 949 2095 Joannem,
988 2036 1130 2089 favet
1158 2036 1308 2088 card.
1363 2036 1578 2090 Barouii
1611 2047 1750 2089 sent.

211 2123 283 2158 an.
307 2105 384 2167 li,
418 2122 472 2158 u.
498 2106 584 2170 '50,
607 2106 701 2173 qui
739 2105 1111 2160 indubitatum
1141 2106 1303 2162 habet
1347 2107 1657 2160 ascendisse
1684 2106 1752 2160 ad

212 2176 428 2229 Parthos.
471 2191 537 2228 ex
593 2176 751 2230 titulo
792 2179 979 2244 prinne
1011 2178 1132 2244 ejus
1179 2177 1591 2244 epistulamque!
1621 2177 1751 2230 olim

210 2247 261 2298 ad
309 2246 530 2298 Parthos
585 2246 851 2315 inscripta
901 2246 1203 2314 legebatur.
1265 2247 1320 2300 1ιί
1385 2257 1566 2299 tamen
1637 2263 1751 2300 rem

211 2316 318 2368 mihi
353 2332 453 2367 non
505 2315 744 2368 conﬁcit.
800 2317 1032 2383 Scripsit
1087 2317 1287 2370 Paulus
1336 2316 1402 2368 ad
1459 2315 1750 2380 Romanos,

209 2401 312 2436 cum
353 2387 584 2438 necdum
628 2386 748 2439 illos
773 2387 1089 2444 iuvisissct:
1150 2386 1370 2453 scripsit
1415 2394 1471 2438 et
1517 2386 1753 2441 Jacobus

208 2454 518 2508 Catholicam
563 2455 716 2508 suam
754 2457 834 2508 sic
853 2455 1120 2523 dispersis
1154 2456 1436 2517 fratribus,
1473 2472 1612 2523 quos
1643 2473 1751 2510 non

208 2525 405 2579 adierat.
439 2527 534 2594 qui
562 2525 760 2579 Judaeze
795 2528 929 2579 ﬁnes
968 2542 1074 2578 non
1099 2537 1428 2580 excesserat.
1459 2525 1599 2590 Quid
1621 2544 1753 2595 ergo

208 2605 329 2648 vetat
381 2595 648 2649 Joannem
695 2597 829 2649 tanti
888 2595 1126 2648 nominis
1168 2597 1503 2662 apostolum,
1550 2597 1753 2650 Judmis

207 2665 273 2718 sic
315 2674 457 2718 trans
496 2665 834 2733 Euphratem
863 2667 1108 2728 remotis,
1155 2682 1294 2734 quos
1332 2666 1571 2718 Thomas
1610 2666 1754 2720 invi-

207 2746 346 2806 serat.
382 2745 437 2789 et
462 2751 704 2806 quorum
758 2737 962 2789 multos
1007 2735 1245 2806 Joannes
1299 2735 1650 2806 Jerosolymis
1677 2737 1755 2790 vi-

207 2803 374 2868 derat,
445 2805 732 2870 religionis
779 2821 941 2860 causa
987 2822 1053 2858 eo
1075 2805 1440 2870 accedentes,
1496 2803 1594 2874 per
1624 2823 1753 2862 suos

208 2875 404 2928 Asianos
432 2886 489 2929 et
539 2876 806 2943 Ephesios
833 2885 1166 2929 mercatores
1192 2876 1456 2937 serit-ere,
1489 2885 1652 2944 atque
1684 2877 1751 2931 ad

206 2945 526 3015 concordiam
559 2955 923 3015 mutuumque
950 2960 1192 2998 amorem
1211 2947 1442 3007 hortari,
1473 2961 1534 2999 ae.
1556 2947 1610 3000 in
1648 2947 1752 3001 ﬁde

203 3013 306 3068 Jesu
353 3016 463 3068 reri
511 3016 720 3070 Messi-.e
773 3013 851 3068 ρι’
881 3015 1118 3072 Christi.
1170 3031 1235 3068 ex
1285 3017 1584 3085 apostolico
1635 3033 1754 3070 mu-

205 3099 312 3137 nere
337 3089 415 3144 (ex
433 3102 671 3152 quorum
696 3087 867 3139 choro
897 3102 1038 3138 unus
1063 3086 1175 3138 fere
1203 3087 1317 3152 ipse
1348 3087 1608 3150 restabat)
1634 3087 1754 3142 illos

205 3157 548 3224 conﬁrmare?
578 3158 735 3221 [iugo
765 3156 985 3210 Grotius
1005 3196 1020 3220 ,
1067 3156 1154 3208 cui
1184 3167 1358 3209 ratum
1388 3158 1459 3210 sit
1491 3157 1749 3224 scriptam

1856 1969 1939 2022 vel
1968 1984 2066 2036 per
2095 1963 2265 2020 alium
2300 1966 2406 2019 illis
2459 1966 2695 2034 obrepit.
2737 1963 3017 2036 QIIOdASlC
3069 1963 3422 2036 existimant:

1855 2033 2003 2093 velut
2024 2038 2137 2090 fere
2163 2038 2351 2091 Galliis
2374 2037 2574 2090 nostris
2602 2033 2746 2089 idem
2779 2033 3124 2088 beatissimus
3147 2035 3428 2103 apostolus

1855 2124 2098 2178 persuos
2134 2108 2416 2178 suppetias
2468 2107 2585 2167 ivit,
2635 2105 2934 2178 vel_etiam
2971 2120 3068 2178 per
3118 2104 3425 2178 discipulo-

1857 2175 1976 2234 rum
2008 2175 2255 2232 suorum
2288 2177 2622 2245 discipulos,
2658 2175 2750 2244 qui
2776 2175 3035 2244 prmeipui
3071 2175 3229 2228 nobis
3295 2191 3426 2243 apo-

1855 2250 1978 2303 stoli
2014 2251 2262 2301 fuerunt.
2319 2249 2514 2301 Mirum
2545 2255 2746 2315 quanta
2773 2245 2860 2298 hic
2883 2260 3104 2313 quoque
3141 2245 3264 2298 novi
3317 2246 3427 2312 βιο-

1856 2321 2077 2388 γρὰφοι,
2138 2333 2368 2386 qnormn
2423 2318 2669 2388 deberet
2705 2331 2827 2369 esse
2889 2315 3063 2388 major
3120 2315 3424 2384 diligentia,

1858 2384 2043 2456 inepte
2099 2384 2394 2456 congerant
2439 2398 2494 2440 et
2547 2386 2830 2456 laudent;~
2873 2384 3076 2454 quibus
3117 2397 3268 2439 certe
3318 2401 3427 2456 pro

1855 2454 2166 2512 scribendis
2211 2454 2554 2510 exercendus
2581 2456 2690 2508 illis
2729 2454 2927 2525 _stylus.
2965 2470 3074 2525 non
3116 2455 3422 2525 augendus.

1857 2530 2038 2581 Scalet
2067 2528 2360 2596 ejusmodi,
2391 2528 2483 2595 qui
2513 2527 2567 2580 in
2590 2523 3124 2596 omniumrlnanibus
3149 2523 3423 2588 versatur,

1857 2600 1914 2654 P.
1950 2594 2354 2652 ltihadeneira:
2408 2594 2699 2666 possetque
2761 2595 2951 2663 majori
3007 2594 3244 2649 utilitate
3298 2596 3425 2665 legi.

1855 2669 1898 2722 si
1927 2679 2123 2722 cuncta
2154 2668 2518 2722 satiselimata
2553 2666 2798 2726 haberet,
2848 2675 2904 2719 et
2927 2673 3191 2735 quantum
3221 2666 3427 2733 patitur

1856 2739 2141 2793 lubricitas
2177 2739 2290 2808 ipsa
2319 2737 2584 2808 historiae,
2610 2735 2916 2805 praesertim
2968 2737 3021 2788 in
3056 2735 3203 2808 vitis
3231 2745 3426 2790 arceto-

1856 2825 1998 2871 rnm,
2038 2805 2239 2876 quibus
2279 2807 2547 2862 fmdandis
2567 2809 2750 2876 potius
2771 2820 2934 2876 quam
2973 2805 3257 2867 ornandis,
3298 2821 3427 2873 por-

1857 2875 2070 2934 tentosa
2091 2879 2258 2932 multa
2285 2875 2669 2947 conﬁngendo,
2692 2875 2848 2930 multi
2873 2885 3118 2947 veterum
3154 2876 3425 2947 pauloque

1856 2949 2162 3019 superioris
2212 2950 2312 3002 mvi
2366 2945 2646 3019 insudasse
2697 2947 2973 3019 videntur.
3003 2945 3193 3019 _Quod_
3222 2946 3420 3019 merito

1857 3014 2124 3088 deplorat,
2155 3018 2268 3087 ipse
2297 3017 2413 3072 veri
2437 3033 2626 3088 amans
2650 3026 2836 3088 noster
2864 3014 3127 3069 Melchior
3150 3014 3336 3088 Canus
3369 3016 3424 3070 in

1857 3085 2001 3142 Locis
2049 3085 2188 3143 suis:
2238 3089 2497 3156 Exemplo
2548 3087 2639 3150 sit,
2683 3086 2827 3155 quod
2883 3100 3056 3138 unum
3109 3085 3212 3156 vir,
3238 3094 3424 3139 tantus

1855 3161 2007 3213 velut
2037 3160 2308 3229 singulare
2338 3155 2718 3229 et’nias‘imum
2749 3155 3116 3229 miraculunh
3149 3155 3252 3208 sibi
3284 3157 3423 3229 refe-

201 3223 395 3308 thannis
434 3226 728 3308 epistolam
767 3226 866 3308 bad.
900 3225 1175 3308 Parthos,_
1200 3226 1527 3308 auctoritate
1566 3223 1747 3295 A’ugu-
1775 3235 1818 3296 C
1853 3231 2083 3308 [endam
2110 3223 2394 3308 I'putavit._
2419 3226 2821 3308 ithlagdalena
2841 3235 3038 3307 .nostra
3061 3225 3335 3308 Phocensi
3365 3235 3422 3280 et

202 3295 329 3356 stini,
359 3312 519 3363 quem
543 3296 728 3350 laudat
758 3297 936 3365 (cujus
959 3307 1136 3350 tamen
1161 3295 1338 3348 locum
1368 3295 1608 3351 indicare
1640 3313 1746 3350 non

201 3365 390 3434 potuit),
416 3366 581 3419 docet
631 3381 751 3418 eam
797 3381 916 3418 esse
950 3381 1192 3424 causam,
1242 3381 1342 3418 cur
1368 3367 1456 3419 illa
1489 3382 1663 3434 neque
1693 3368 1746 3420 in

202 3432 353 3510 fronte
395 3450 600 3510 nomen
651 3436 984 3510 titulumque
1033 3437 1262 3510 apostoli
1315 3436 1532 3510 habeat,
1568 3432 1746 3510 neque

202 3504 244 3556 in
296 3504 396 3558 ﬁne
459 3507 829 3559 salutationes
875 3504 1160 3574 apostolici
1225 3506 1396 3558 moris
1444 3507 1745 3568 contineat,

199 3574 320 3644 quod
346 3575 410 3628 ad
443 3591 542 3628 eos
574 3575 802 3644 scripta,
841 3575 934 3644 qui
969 3591 1074 3629 non
1100 3585 1285 3628 essent
1317 3576 1546 3629 ltonnani
1572 3576 1748 3644 impe-

202 3643 273 3702 rii,
297 3644 386 3697 sed
436 3643 796 3710 Parthorum,
859 3643 1190 3714 quibuscum
1249 3645 1560 3698 litterarum
1613 3643 1745 3700 illud

199 3719 596 3790 commercium,
641 3715 686 3767 si
719 3714 1123 3790 deprehensum
1170 3725 1349 3790 esset,
1395 3717 1747 3784 quantumvis

200 3784 452 3854 innocens.
506 3793 729 3852 poterat
753 3801 916 3852 grave
961 3784 1185 3854 aliquod
1234 3785 1495 3837 damnum
1531 3801 1740 3840 creare.

196 3849 348 3923 Locus
371 3849 668 3923 Augustini
721 3849 831 3923 quo
863 3849 1173 3908 memini-erit
1197 3854 1360 3923 hujus
1390 3855 1565 3916 tituli,
1619 3857 1742 3908 lllll-

197 3921 266 3974 lus
284 3921 495 3977 exstat':
556 3921 753 3977 solum
779 3921 1339 3978 meminitPossid.’in
1369 3924 1634 3988 lndiculo,
1674 3925 1744 3978 Dc

197 3993 386 4058 cpistola
433 3994 667 4049 Joannis
707 3995 775 4046 ad
823 3994 1067 4058 Parthos,
1118 4011 1384 4046 sermones
1419 3995 1614 4050 decem.
1675 3996 1744 4049 At

195 4074 431 4129 quantum
460 4066 567 4116 hoc
595 4065 670 4117 sit
696 4065 997 4134 singulare.
1031 4072 1090 4118 ut
1119 4079 1284 4117 verus
1310 4065 1503 4118 titulus
1552 4065 1740 4120 haberi

197 4135 389 4204 possit?
445 4134 719 4204 \‘icleatur
766 4135 948 4203 potius
987 4149 1049 4188 ea
1117 4135 1470 4202 generalitate
1517 4135 1740 4204 scripta,

195 4217 279 4268 qua
303 4203 415 4258 alia:
439 4203 746 4258 Catholica:
782 4204 924 4257 Petri
963 4213 1018 4257 et
1063 4204 1270 4258 Jacobi.
1325 4204 1507 4258 Potuit
1558 4203 1745 4259 et’no-

195 4275 554 4349 tnen_retiee_re
598 4273 796 4327 beatus
837 4274 1094 4349 Joannes,
1127 4273 1398 4349 siquidem
1453 4273 1507 4327 in
1546 4273 1737 4349 Patrno

195 4343 342 4414 insula
365 4346 532 4413 paulo
572 4353 706 4397 ante
741 4345 1014 4398 excidium
1039 4345 1577 4414 Jerosolymitanum
1608 4347 1742 4399 scri-

193 4412 296 4477 psit.
341 4412 406 4467 ne
453 4416 509 4468 in
558 4430 622 4468 se
651 4415 821 4483 magis
846 4413 1137 4467 Domitiani
1189 4412 1324 4468 iram
1378 4413 1738 4482 accenderet;

193 4483 310 4548 apud
331 4501 494 4552 quem
520 4485 641 4554 jam
693 4485 1019 4547 offenderat,
1065 4493 1120 4538 et
1165 4484 1220 4537 in
1268 4485 1500 4538 insulam
1546 4484 1743 4554 depor-

195 4560 315 4624 tatus
357 4567 496 4609 erat.
538 4556 716 4608 Porro
751 4565 1130 4624 argumentum
1163 4554 1390 4622 perinde
1443 4555 1742 4610 Palaestinis

190 4619 362 4695 Judzeis
386 4624 657 4695 congruit
707 4641 772 4678 ac
801 4619 1089 4686 Parthicis,
1140 4619 1255 4678 sive
1277 4625 1399 4677 aliis
1426 4627 1740 4679 remotiori-

193 4689 290 4755 bus,
329 4697 469 4762 apud
498 4689 680 4764 'quos
705 4695 942 4749 Joannes
976 4695 1269 4764 p'urimum
1300 4705 1510 4763 poterat
1551 4712 1563 4745 ε
1590 4697 1738 4764 quod

190 4777 292 4830 erga
333 4765 470 4827 illos,
510 4776 570 4818 et
600 4765 785 4833 quoad
820 4765 1010 4833 legalia
1065 4765 1181 4818 fere
1242 4767 1309 4818 iis
1366 4765 1738 4833 indulgentior

191 4842 303 4904 erat,
356 4835 533 4888 utsic
593 4834 822 4888 Christo
853 4850 947 4888 eos
994 4834 1344 4904 adjungeret;
1383 4843 1443 4887 ut
1494 4845 1732 4903 patetex

191 4902 294 4964 illis,
327 4908 643 4986 (inueni-itus
687 4919 828 4986 bene
857 4902 1082 4986 .Judaici
1134 4902 1188 4958 in
1247 4905 1370 4986 A-sia
1402 4902 1512 4986 diu;
1546 4905 1738 4986 vigue-

191 4982 293 5044 [unt
333 4991 396 5029 ex
459 4977 618 5030 illius
684 4975 1013 5037 traditione,
1075 4986 1226 5028 extra
1283 4975 1425 5029 Petri
1476 4975 1737 5044 Paulique

191 5039 342 5121 licium
381 5045 703 5121 ἀκρίϐειαν.
735 5045 962 5121 Joannis
1007 5047 1372 5121 apostolatum
1399 5045 1464 5098 ad
1506 5039 1737 5101 Parthos

189 5113 395 5181 aliasque
428 5117 770 5168 remotiores
801 5116 1066 5175 nationes,
1103 5116 1235 5168 nulli
1286 5126 1528 5169 veterum
1565 5133 1734 5182 aeuo-

190 5196 393 5257 verunt,
436 5203 535 5239 nc-
600 5185 710 5254 ipsi
758 5187 1100 5257 apocryphi,
1149 5195 1204 5239 ct
1242 5185 1536 5257 quiwadeo
1592 5186 1733 5240 libe-

191 5254 306 5307 rales
363 5266 493 5327 sunt
547 5254 950 5327 apostolorum
974 5254 1276 5327 “περιὸδοιςζ
1350 5255 1462 5310 Nec
1511 5257 1734 5327 inventa

190 5336 332 5391 nuper
375 5326 640 5381 Patribus
696 5325 986 5382 Societalis
1023 5325 1412 5388 monumenta,
1463 5326 1734 5382 ulteriores

189 5389 379 5466 Orientis
403 5409 587 5464 partes
604 5404 661 5448 et
693 5397 760 5466 nd
789 5395 946 5450 Indos
971 5414 1132 5466 usque
1160 5406 1483 5464 penetrasse,
1511 5407 1559 5448 et
1599 5397 1733 5451 Bas-

188 5476 305 5534 toras
332 5465 642 5520 Christiana
682 5465 785 5532 [ide
821 5465 1081 5528 imbuisse,
1131 5468 1288 5521 facile
1316 5467 1476 5520 nobis
1510 5483 1733 5534 persua-

189 5532 340 5608 deant,
371 5539 464 5604 qui
498 5538 674 5607 paulo
707 5535 958 5591 duriores
1003 5538 1178 5591 simus
1214 5538 1281 5590 ad
1326 5532 1525 5608 ﬁdem,—
1567 5554 1732 5604 quam

193 5601 252 5677 ill.
275 5601 544 5677 annalium
567 5616 757 5677 pater,
778 5618 834 5662 et
855 5625 992 5676 quos
1012 5624 1120 5661 non
1140 5607 1304 5661 lateat
1327 5607 1470 5660 serio
1497 5601 1734 5674 proban-

190 5668 240 5724 da
273 5668 582 5732 istiusmodi
617 5668 1002 5741 monumenta,
1033 5679 1180 5746 quod
1231 5677 1311 5731 sic
1357 5668 1526 5745 prona
1560 5677 1734 5731 homi-

191 5757 291 5817 num
320 5747 554 5816 ingenia,
622 5759 686 5802 ut
735 5763 862 5801 snas
892 5749 1133 5817 origines
1155 5757 1260 5800 tam
1294 5747 1399 5800 alte
1426 5758 1728 5800 arcessant.

194 5809 452 5871 Potuerunt
487 5809 558 5870 eo
612 5829 908 5886 [mulctrare
957 5809 1126 5886 aliqui
1176 5817 1403 5871 Joannis
1452 5817 1730 5884 discipuli,

193 5903 236 5936 de
258 5891 480 5956 magistri
513 5895 736 5946 inferre
763 5901 1138 5952 monumenta,
1169 5905 1288 5957 «μω
1319 5888 1433 5957 ipse
1457 5887 1729 5957 indigenis

1851 3294 2419 3360 Saturnaximianensi,
2445 3294 2689 3365 nihilque
2723 3297 2950 3349 dubium
2985 3313 2998 3348 :
3057 3310 3254 3362 nempe
3281 3294 3420 3346 libe-

1852 3370 1992 3422 ratio
2021 3369 2200 3424 Caroli
2231 3368 2482 3430 secundi,
2548 3366 2848 3420 Provincia:
2883 3365 3122 3424 comitis.
3160 3381 3224 3418 ex
3279 3365 3420 3433 regis

1848 3442 2160 3509 Aragonum
2197 3438 2698 3509 carcere,_ejusque
2739 3445 3018 3509 momento
3048 3434 3332 3509 translatio
3367 3436 3420 3488 in

1852 3503 1986 3563 sua;
2005 3509 2230 3562 ditionis
2252 3509 2391 3568 loca,
2433 3503 2762 3575 blagilalena:
2808 3505 3067 3560 numine:
3105 3505 3264 3575 velut
3304 3503 3418 3559 fere

1851 3577 2101 3633 llabacuc
2127 3595 2191 3632 ex
2214 3577 2398 3633 Judma
2434 3573 2760 3646 Babylonem
2806 3575 2873 3630 ad
2899 3575 3180 3646 Danielcm
3221 3573 3287 3627 ab
3324 3590 3421 3646 an-

1847 3651 1968 3718 gelo
1989 3650 2283 3703 translatus
2308 3656 2391 3701 est
2425 3663 2436 3698 :
2463 3645 2609 3718 quod
2649 3662 2859 3700 merum
2891 3645 3226 3718 ﬁgmentum,
3249 3645 3416 3718 certis

1847 3714 2105 3773 onmibus
2135 3714 2510 3771 monumentis
2547 3716 2857 3778 adversum,
2894 3714 2996 3769 nec
3026 3714 3150 3768 ullis
3177 3717 3419 3785 antiquis

1845 3799 1903 3842 et
1926 3790 2228 3858 aequalibus
2251 3787 2556 3857 proditum,
2578 3787 2663 3841 vel
2693 3787 2860 3839 etiam
2890 3785 3206 3858 apostolicis
3235 3784 3417 3858 diplo-

1846 3856 2104 3920 matibus,
2137 3856 2338 3928 quibus
2371 3866 2791 3928 regumrrogatu,
2819 3856 3154 3928 amplissima
3205 3857 3420 3923 episco-

1848 3930 1986 3998 palis
2011 3926 2322 3997 jurisdictio
2359 3926 2758 3998 infoppidanos
2792 3926 2962 3998 priori
3009 3927 3136 3998 ejus
3177 3940 3417 3979 conven-

1849 3995 1937 4052 tus
1985 3995 2081 4053 seu
2127 3999 2272 4053 illius
2305 3995 2583 4068 prafeeto,
2636 4005 2823 4068 sancte
2872 3995 3414 4068 indultatotannos,

1845 4078 1902 4122 et
1928 4069 1996 4121 ab
2031 4068 2143 4137 ipsa
2192 4065 2426 4137 origine,
2471 4083 2568 4120 seu
2590 4082 2620 4120 a
2655 4067 3008 4137 translatione
3031 4080 3059 4137 a
3089 4065 3413 4120 Cassianitis

1844 4138 1910 4192 ad
1952 4135 2170 4192 nostros
2195 4135 2590 4192 Prabdicatorcs
2639 4136 2984 4194 constiterat.
3025 4135 3200 4188 donec
3243 4151 3417 4204 nuper

1843 4223 1910 4262 ex
1946 4209 2151 4277 regulis
2170 4216 2372 4261 sancta:
2411 4206 2604 4277 synodi
2656 4205 3010 4277 Tridentinze,
3064 4214 3286 4277 senatus
3315 4205 3418 4259 Pa-

1843 4275 2092 4332 risiensis
2125 4278 2370 4338 decreto,
2414 4275 2521 4330 ein.
2547 4275 2696 4330 card.
2732 4275 3019 4338 Grimaldi,
3051 4275 3416 4343 archiepisco-

1843 4364 1944 4416 pus
1993 4347 2284 4416 Aqucnsis,
2332 4362 2452 4416 eam
2500 4346 2567 4399 ad
2611 4361 2668 4399 se
2714 4345 3027 4416 parochiam
3087 4345 3414 4416 plebemque

1843 4415 2092 4482 reduxit;
2146 4425 2364 4471 servato
2409 4415 2674 4469 duntaxat
2704 4415 2906 4468 nostris
2951 4415 3414 4483 parochiscucu-

1844 4487 2016 4542 rionis
2037 4488 2259 4541 nomine
2290 4498 2454 4556 atque
2477 4501 2645 4540 onere
2683 4501 2695 4538 :
2731 4499 2840 4554 quo
2895 4487 3012 4554 ipso
3027 4494 3324 4556 praestaret
3347 4485 3412 4538 Ii-

1846 4557 2068 4612 beratos
2103 4574 2243 4620 esse,
2274 4557 2318 4610 si
2370 4555 2581 4625 populo
2610 4569 2707 4612 sua
2757 4563 2901 4609 esset
2927 4555 3177 4617 ecclesia,
3226 4556 3278 4609 in
3305 4571 3414 4623 qua

1845 4643 1970 4681 cum
2014 4643 2115 4682 suo
2165 4627 2408 4696 parocho
2433 4627 2483 4680 ei
2537 4627 2731 4680 liceret
2757 4640 2884 4678 suas
2927 4625 3186 4696 collectas
3226 4641 3408 4692 agere-

1839 4698 2079 4760 Nicetas,
2138 4693 2285 4767 quod
2336 4697 2516 4749 πᾶσαν
2557 4695 2822 4767 τὴνΑἝω,
2856 4693 3414 4767 _ornnem___0riculcm

1841 4768 1975 4823 dicit
2008 4763 2308 4822 illustrasse
2329 4763 2621 4831 Joannem,
2663 4765 2780 4818 loca
2821 4764 2931 4817 alia
2972 4763 3240 4830 intelligat
3272 4765 3414 4819 Asia:

1840 4839 2028 4892 stricte
2083 4838 2244 4892 dicta:
2291 4838 2490 4895 vicina,
2559 4845 2614 4889 ct
2640 4850 2781 4904 quze
2819 4835 2946 4904 ipsa
2987 4834 3087 4902 τῆς
3124 4835 3410 4902 ’Λνατολῆς

1837 4917 2062 4963 essent:
2126 4908 2208 4962 vel
2235 4908 2339 4962 alia
2378 4908 2428 4961 ei
2453 4903 2669 4960 fuerant
2709 4903 2985 4957 aﬁ'erenda
3033 4914 3407 4958 monumenta.

1913 4978 2306 5048 (18)Ἕξορίαν
2333 4979 2482 5030 κατὰ
2510 4976 2766 5048 ﬁdelior.
2794 4975 2966 5048 llujus
2982 4973 3206 5028 Joannis
3233 4974 3411 5048 exsilii

1839 5043 2443 5116 Domitianoprincipe,
2469 5063 2578 5115 quo
2613 5046 2784 5099 Nerva
2816 5043 3405 5116 imperatoresolutus,

1839 5118 2115 5187 Ephesum
2153 5113 2398 5180 redierit,
2464 5113 2760 5184 scriptores
2804 5129 3006 5187 omnes
3049 5113 3406 5187 ecclesiastici

1838 5183 2139 5244 meminere
2165 5207 2177 5242 :
2233 5205 2330 5257 per
2357 5187 2512 5255 cujus
2539 5183 2692 5257 cnsili
2705 5187 2720 5257 τί
2735 5184 2936 5257 otium_
2939 5183 3159 5257 aliquod
3186 5192 3407 5238 sanelns

1837 5261 2118 5329 apostolus
2141 5269 2195 5312 et
2222 5254 2602 5329 Apocalypsin)
2624 5255 2872 5329 Avidit,_et
2901 5254 3250 5329 Evangelium
3274 5269 3404 5329 cou-

1838 5274 2118 5329 apostolus
2141 5274 2195 5312 et
2222 5274 2418 5327 Apocal
2448 5274 2602 5322 ‘psun
2635 5274 2794 5317 Vtuu,
2817 5274 2872 5308 et
2901 5274 3250 5322 nvangeuum
3274 5274 3404 5307 con-

1838 5330 2076 5398 scripsit,
2111 5340 2404 5398 posteaqne
2428 5274 2635 5395 lﬂphesi
2673 5327 2747 5398 in
2781 5324 2920 5378 Asia:
2952 5323 3167 5398 theatro
3191 5333 3248 5398 et
3280 5324 3404 5398 ph_i~

1837 5392 2188 5469 loso'phorum
2221 5392 2496 5474 con—inluni
2515 5397 2684 5474 quasi
2712 5397 2875 5474 lyaeo
2902 5394 3268 5474 promulgavit
3296 5411 3310 5446 :
3349 5392 3404 5446 iu

1835 5463 1998 5538 quam
2021 5486 2130 5522 rem
2157 5469 2381 5522 memini
2419 5463 2584 5520 multa
2636 5463 2918 5536 scripsisse
2971 5466 3024 5516 in
3051 5479 3170 5518 mea
3207 5463 3406 5532 llippo—

1835 5539 1930 5608 lyti
1961 5539 2210 5610 Synopsi,
2237 5554 2468 5610 eamque
2509 5547 2755 5591 veterum
2782 5549 3129 5610 communem
3181 5543 3404 5610 senten-

1837 5603 1965 5662 tiam
1999 5603 2186 5662 contra
2217 5609 2292 5663 ill.
2323 5603 2600 5662 annalium
2651 5615 2862 5676 patrem
2894 5603 3039 5657 serio
3070 5605 3400 5676 ostendisse.

1834 5680 2004 5732 Graeci
2055 5681 2106 5731 in
2159 5679 2377 5733 Meineis
2417 5686 2556 5746 (qua:
2599 5673 2666 5730 (δέ
2697 5675 2992 5746 Prochoro,
3055 5673 3178 5746 aliis
3212 5683 3397 5728 tamen

1834 5765 2071 5802 consona
2089 5751 2423 5817 acceperint}
2451 5743 2466 5799 ξ
2495 5750 2713 5800 Πάντων
2737 5746 2792 5798 δὲ
2816 5746 2920 5817 τῷν
2943 5743 3038 5813 τὴν
3061 5745 3225 5817 νῆσον
3247 5748 3401 5795 ἐπει-

1837 5820 2070 5870 κοὺντων
2102 5813 2391 5887 πειοὴνέων
2441 5819 2516 5887 τῴ
2568 5813 2903 5884 εὐαγγελικῷ
2935 5814 3248 5887 κηρύγματι
3303 5831 3398 5887 γε·

1835 5889 2075 5958 νομένων
2107 5907 2119 5919 ο
2149 5884 2259 5942 καῖ’
2284 5890 2359 5957 τῲ
2390 5884 2606 5958 Χριστῷ
2631 5888 2718 5940 διὰ
2760 5887 2860 5956 τῆς
2901 5884 3133 5947 πίστεως
3165 5885 3398 5956 προσελ-
