  <div class='ocr_page' id='page_1' title='image "/cluster/home/n/w/nwhite01/storage/ocr_20150623/105/nnc1.0046980105/068.png"; bbox 0 0 4192 6424; ppageno 0'>
   <div class='ocr_carea' id='block_1_1' title="bbox 200 386 2696 457">
    <p class='ocr_par' dir='ltr' id='par_1_1' title="bbox 200 386 2696 457">
     <span class='ocr_line' id='line_1_1' title="bbox 200 386 2696 457; baseline 0.001 -8"><span class='ocrx_word' id='word_1_1' title='bbox 200 386 277 453; x_wconf 67' lang='lat'><strong>1521</strong></span> <span class='ocrx_word' id='word_1_2' title='bbox 958 390 1241 451; x_wconf 76' lang='lat' dir='ltr'><strong>ORATIO</strong></span> <span class='ocrx_word' id='word_1_3' title='bbox 1279 391 1376 453; x_wconf 88' lang='lat' dir='ltr'><strong>VI.</strong></span> <span class='ocrx_word' id='word_1_4' title='bbox 1404 417 1473 427; x_wconf 83' lang='grc'><strong>·-</strong></span> <span class='ocrx_word' id='word_1_5' title='bbox 1505 391 1585 452; x_wconf 88' lang='grc' dir='ltr'>ΙΝ</span> <span class='ocrx_word' id='word_1_6' title='bbox 1621 392 1931 454; x_wconf 79' lang='lat' dir='ltr'><strong>LAUDEM</strong></span> <span class='ocrx_word' id='word_1_7' title='bbox 1970 396 2030 453; x_wconf 76' lang='lat' dir='ltr'><strong>S.</strong></span> <span class='ocrx_word' id='word_1_8' title='bbox 2072 395 2389 457; x_wconf 62' lang='lat' dir='ltr'><strong>JOANNIS</strong></span> <span class='ocrx_word' id='word_1_9' title='bbox 2427 394 2696 455; x_wconf 68' lang='lat' dir='ltr'><strong>EVANG.</strong></span> 
     </span>
    </p>
   </div>
   <div class='ocr_carea' id='block_1_2' title="bbox 3333 388 3439 457">
    <p class='ocr_par' dir='ltr' id='par_1_2' title="bbox 3333 388 3439 457">
     <span class='ocr_line' id='line_1_2' title="bbox 3333 388 3439 457; baseline -0.019 0"><span class='ocrx_word' id='word_1_10' title='bbox 3333 388 3439 457; x_wconf 71' lang='grc'><strong>122</strong></span> 
     </span>
    </p>
   </div>
   <div class='ocr_carea' id='block_1_3' title="bbox 198 498 1764 573">
    <p class='ocr_par' dir='ltr' id='par_1_3' title="bbox 198 498 1752 569">
     <span class='ocr_line' id='line_1_3' title="bbox 198 498 1752 569; baseline 0 -16"><span class='ocrx_word' id='word_1_11' title='bbox 198 500 383 567; x_wconf 74' lang='grc' dir='ltr'>Κύριον</span> <span class='ocrx_word' id='word_1_12' title='bbox 412 498 618 552; x_wconf 75' lang='grc' dir='ltr'>εἴσοδον</span> <span class='ocrx_word' id='word_1_13' title='bbox 635 498 960 567; x_wconf 71' lang='grc' dir='ltr'><strong>ἐγγίζουσαν</strong></span> <span class='ocrx_word' id='word_1_14' title='bbox 986 516 1002 531; x_wconf 74' lang='grc' dir='ltr'><strong>ο</strong></span> <span class='ocrx_word' id='word_1_15' title='bbox 1022 499 1251 553; x_wconf 82' lang='grc' dir='ltr'>συνιδὼν</span> <span class='ocrx_word' id='word_1_16' title='bbox 1277 499 1332 552; x_wconf 79' lang='grc' dir='ltr'><strong>δὲ</strong></span> <span class='ocrx_word' id='word_1_17' title='bbox 1370 502 1464 553; x_wconf 73' lang='grc' dir='ltr'>καὶ</span> <span class='ocrx_word' id='word_1_18' title='bbox 1501 502 1593 553; x_wconf 73' lang='grc' dir='ltr'>τὸν</span> <span class='ocrx_word' id='word_1_19' title='bbox 1622 502 1752 569; x_wconf 71' lang='grc' dir='ltr'><strong>χρό-</strong></span> 
     </span>
    </p>
   </div>
   <div class='ocr_carea' id='block_1_4' title="bbox 1865 498 3434 573">
    <p class='ocr_par' dir='ltr' id='par_1_4' title="bbox 1865 500 3434 573">
     <span class='ocr_line' id='line_1_4' title="bbox 1865 500 3434 573; baseline 0.003 -19"><span class='ocrx_word' id='word_1_20' title='bbox 1865 503 2031 566; x_wconf 80' lang='lat' dir='ltr'><strong>derct,</strong></span> <span class='ocrx_word' id='word_1_21' title='bbox 2067 518 2131 557; x_wconf 86' lang='lat' dir='ltr'><strong>ac</strong></span> <span class='ocrx_word' id='word_1_22' title='bbox 2161 505 2216 558; x_wconf 91' lang='lat' dir='ltr'><strong>in</strong></span> <span class='ocrx_word' id='word_1_23' title='bbox 2242 504 2497 573; x_wconf 75' lang='lat' dir='ltr'><strong>proximo</strong></span> <span class='ocrx_word' id='word_1_24' title='bbox 2518 518 2640 557; x_wconf 89' lang='lat' dir='ltr'><strong>csse</strong></span> <span class='ocrx_word' id='word_1_25' title='bbox 2675 512 2735 555; x_wconf 87' lang='lat' dir='ltr'><strong>ut</strong></span> <span class='ocrx_word' id='word_1_26' title='bbox 2760 500 2827 555; x_wconf 89' lang='lat' dir='ltr'><strong>ad</strong></span> <span class='ocrx_word' id='word_1_27' title='bbox 2863 500 3153 556; x_wconf 83' lang='lat' dir='ltr'><strong>Dominum</strong></span> <span class='ocrx_word' id='word_1_28' title='bbox 3182 504 3434 573; x_wconf 86' lang='lat' dir='ltr'><strong>ingrede-</strong></span> 
     </span>
    </p>
   </div>
   <div class='ocr_carea' id='block_1_5' title="bbox 201 590 1757 669">
    <p class='ocr_par' dir='ltr' id='par_1_5' title="bbox 201 590 1757 669">
     <span class='ocr_line' id='line_1_5' title="bbox 201 590 1757 669; baseline 0.002 -26"><span class='ocrx_word' id='word_1_29' title='bbox 201 591 370 653; x_wconf 75' lang='grc' dir='ltr'>νῡνὼς</span> <span class='ocrx_word' id='word_1_30' title='bbox 398 590 847 643; x_wconf 68' lang='grc' dir='ltr'>δεινὸτατονδντα</span> <span class='ocrx_word' id='word_1_31' title='bbox 894 590 1065 659; x_wconf 78' lang='grc' dir='ltr'>λήθης</span> <span class='ocrx_word' id='word_1_32' title='bbox 1118 591 1298 669; x_wconf 83' lang='grc' dir='ltr'>βυθοῖς</span> <span class='ocrx_word' id='word_1_33' title='bbox 1351 592 1632 663; x_wconf 80' lang='grc' dir='ltr'><strong>ἀμαυροῦν</strong></span> <span class='ocrx_word' id='word_1_34' title='bbox 1688 594 1757 646; x_wconf 77' lang='grc' dir='ltr'>τὰ</span> 
     </span>
    </p>
   </div>
   <div class='ocr_carea' id='block_1_6' title="bbox 198 682 1755 753">
    <p class='ocr_par' dir='ltr' id='par_1_6' title="bbox 198 682 1755 753">
     <span class='ocr_line' id='line_1_6' title="bbox 198 682 1755 753; baseline 0.002 -19"><span class='ocrx_word' id='word_1_35' title='bbox 198 682 338 746; x_wconf 70' lang='grc' dir='ltr'>καλὰ,</span> <span class='ocrx_word' id='word_1_36' title='bbox 372 683 721 751; x_wconf 83' lang='grc' dir='ltr'>κινεῖταιμὲν</span> <span class='ocrx_word' id='word_1_37' title='bbox 753 684 1108 753; x_wconf 82' lang='grc' dir='ltr'>ἁγαθοειδῶς,</span> <span class='ocrx_word' id='word_1_38' title='bbox 1153 684 1215 737; x_wconf 76' lang='grc' dir='ltr'><strong>το</strong></span> <span class='ocrx_word' id='word_1_39' title='bbox 1260 686 1359 753; x_wconf 83' lang='grc' dir='ltr'>τῆς</span> <span class='ocrx_word' id='word_1_40' title='bbox 1418 684 1755 751; x_wconf 79' lang='grc' dir='ltr'>αὐτοαγαθό-</span> 
     </span>
    </p>
   </div>
   <div class='ocr_carea' id='block_1_7' title="bbox 198 775 1759 846">
    <p class='ocr_par' dir='ltr' id='par_1_7' title="bbox 198 775 1759 846">
     <span class='ocr_line' id='line_1_7' title="bbox 198 775 1759 846; baseline 0.002 -20"><span class='ocrx_word' id='word_1_41' title='bbox 198 792 338 844; x_wconf 80' lang='grc' dir='ltr'>τητος</span> <span class='ocrx_word' id='word_1_42' title='bbox 370 775 653 845; x_wconf 84' lang='grc' dir='ltr'>ἔσοπτρον,</span> <span class='ocrx_word' id='word_1_43' title='bbox 672 776 811 846; x_wconf 80' lang='grc' dir='ltr'>ὑπὲρ</span> <span class='ocrx_word' id='word_1_44' title='bbox 832 778 929 844; x_wconf 79' lang='grc' dir='ltr'>τῆς</span> <span class='ocrx_word' id='word_1_45' title='bbox 969 777 1122 844; x_wconf 74' lang='grc' dir='ltr'>ἱερᾶς</span> <span class='ocrx_word' id='word_1_46' title='bbox 1150 775 1241 829; x_wconf 89' lang='grc' dir='ltr'><strong>τοῦ</strong></span> <span class='ocrx_word' id='word_1_47' title='bbox 1262 776 1599 844; x_wconf 78' lang='grc' dir='ltr'>Εὑαγγελίου</span> <span class='ocrx_word' id='word_1_48' title='bbox 1622 794 1759 844; x_wconf 88' lang='grc' dir='ltr'>γρα-</span> 
     </span>
    </p>
   </div>
   <div class='ocr_carea' id='block_1_8' title="bbox 200 866 1756 938">
    <p class='ocr_par' dir='ltr' id='par_1_8' title="bbox 200 866 1756 938">
     <span class='ocr_line' id='line_1_8' title="bbox 200 866 1756 938; baseline -0.003 -15"><span class='ocrx_word' id='word_1_49' title='bbox 200 870 288 936; x_wconf 70' lang='grc' dir='ltr'><strong>φῆς</strong></span> <span class='ocrx_word' id='word_1_50' title='bbox 317 884 332 897; x_wconf 86' lang='lat'><strong>&#39;</strong></span> <span class='ocrx_word' id='word_1_51' title='bbox 360 870 589 921; x_wconf 81' lang='grc' dir='ltr'>κινεῖται</span> <span class='ocrx_word' id='word_1_52' title='bbox 615 869 671 923; x_wconf 80' lang='grc' dir='ltr'>δὲ</span> <span class='ocrx_word' id='word_1_53' title='bbox 708 868 846 938; x_wconf 81' lang='grc' dir='ltr'>πρὸς</span> <span class='ocrx_word' id='word_1_54' title='bbox 895 868 1073 937; x_wconf 77' lang='grc' dir='ltr'>ἔρωτα</span> <span class='ocrx_word' id='word_1_55' title='bbox 1113 867 1391 934; x_wconf 83' lang='grc' dir='ltr'>θεολογίας</span> <span class='ocrx_word' id='word_1_56' title='bbox 1422 866 1756 936; x_wconf 69' lang='grc' dir='ltr'>ὑπερφυοῦς,</span> 
     </span>
    </p>
   </div>
   <div class='ocr_carea' id='block_1_9' title="bbox 205 960 1764 1027">
    <p class='ocr_par' dir='ltr' id='par_1_9' title="bbox 205 960 1764 1027">
     <span class='ocr_line' id='line_1_9' title="bbox 205 960 1764 1027; baseline 0 -15"><span class='ocrx_word' id='word_1_57' title='bbox 205 962 296 1013; x_wconf 76' lang='grc' dir='ltr'><strong>ὑπὸ</strong></span> <span class='ocrx_word' id='word_1_58' title='bbox 321 979 386 1013; x_wconf 89' lang='grc' dir='ltr'><strong>τε</strong></span> <span class='ocrx_word' id='word_1_59' title='bbox 410 960 507 1013; x_wconf 81' lang='grc' dir='ltr'><strong>τοῦ</strong></span> <span class='ocrx_word' id='word_1_60' title='bbox 538 961 867 1021; x_wconf 84' lang='grc' dir='ltr'>ἐνοικοῦντος</span> <span class='ocrx_word' id='word_1_61' title='bbox 892 960 1027 1013; x_wconf 84' lang='grc' dir='ltr'>Θεοῦ</span> <span class='ocrx_word' id='word_1_62' title='bbox 1057 961 1254 1027; x_wconf 80' lang='grc' dir='ltr'><strong>Λόγου,</strong></span> <span class='ocrx_word' id='word_1_63' title='bbox 1290 961 1385 1013; x_wconf 78' lang='grc' dir='ltr'>καὶ</span> <span class='ocrx_word' id='word_1_64' title='bbox 1428 960 1536 1013; x_wconf 80' lang='grc' dir='ltr'>τῶν</span> <span class='ocrx_word' id='word_1_65' title='bbox 1580 977 1764 1012; x_wconf 85' lang='grc' dir='ltr'>πιστο-</span> 
     </span>
    </p>
   </div>
   <div class='ocr_carea' id='block_1_10' title="bbox 200 1052 1292 1123">
    <p class='ocr_par' dir='ltr' id='par_1_10' title="bbox 200 1052 1292 1123">
     <span class='ocr_line' id='line_1_10' title="bbox 200 1052 1292 1123; baseline 0.004 -20"><span class='ocrx_word' id='word_1_66' title='bbox 200 1054 355 1105; x_wconf 67' lang='grc' dir='ltr'>τάτων</span> <span class='ocrx_word' id='word_1_67' title='bbox 386 1053 485 1121; x_wconf 75' lang='grc' dir='ltr'><strong>τῆς</strong></span> <span class='ocrx_word' id='word_1_68' title='bbox 513 1052 839 1122; x_wconf 80' lang='grc' dir='ltr'>Ἐκκλησίας</span> <span class='ocrx_word' id='word_1_69' title='bbox 868 1053 1292 1123; x_wconf 82' lang='grc' dir='ltr'>λιπαροῦμενος.</span> 
     </span>
    </p>
   </div>
   <div class='ocr_carea' id='block_1_11' title="bbox 1864 593 3434 664">
    <p class='ocr_par' dir='ltr' id='par_1_11' title="bbox 1864 593 3434 664">
     <span class='ocr_line' id='line_1_11' title="bbox 1864 593 3434 664; baseline 0.002 -18"><span class='ocrx_word' id='word_1_70' title='bbox 1864 602 2055 658; x_wconf 89' lang='lat' dir='ltr'><strong>retur;</strong></span> <span class='ocrx_word' id='word_1_71' title='bbox 2085 593 2507 664; x_wconf 83' lang='lat' dir='ltr'><strong>iutelligensque</strong></span> <span class='ocrx_word' id='word_1_72' title='bbox 2539 593 2653 647; x_wconf 90' lang='lat' dir='ltr'><strong>vim</strong></span> <span class='ocrx_word' id='word_1_73' title='bbox 2680 594 2971 647; x_wconf 77' lang='lat' dir='ltr'><strong>maximam</strong></span> <span class='ocrx_word' id='word_1_74' title='bbox 3006 593 3271 661; x_wconf 89' lang='lat' dir='ltr'><strong>temporis</strong></span> <span class='ocrx_word' id='word_1_75' title='bbox 3293 610 3434 657; x_wconf 82' lang='lat' dir='ltr'><strong>esse,</strong></span> 
     </span>
    </p>
   </div>
   <div class='ocr_carea' id='block_1_12' title="bbox 1852 686 3440 756">
    <p class='ocr_par' dir='ltr' id='par_1_12' title="bbox 1852 686 3440 756">
     <span class='ocr_line' id='line_1_12' title="bbox 1852 686 3440 756; baseline 0.002 -15"><span class='ocrx_word' id='word_1_76' title='bbox 1852 686 1919 741; x_wconf 91' lang='lat' dir='ltr'><strong>ad</strong></span> <span class='ocrx_word' id='word_1_77' title='bbox 1962 701 2026 741; x_wconf 78' lang='lat' dir='ltr'><strong>ea</strong></span> <span class='ocrx_word' id='word_1_78' title='bbox 2069 704 2190 756; x_wconf 68' lang='lat' dir='ltr'><strong>quae</strong></span> <span class='ocrx_word' id='word_1_79' title='bbox 2237 687 2379 741; x_wconf 88' lang='lat' dir='ltr'><strong>bona</strong></span> <span class='ocrx_word' id='word_1_80' title='bbox 2413 703 2477 742; x_wconf 86' lang='lat' dir='ltr'><strong>ac</strong></span> <span class='ocrx_word' id='word_1_81' title='bbox 2521 688 2753 743; x_wconf 86' lang='lat' dir='ltr'><strong>honesta</strong></span> <span class='ocrx_word' id='word_1_82' title='bbox 2798 697 2946 751; x_wconf 86' lang='lat' dir='ltr'><strong>sunt,</strong></span> <span class='ocrx_word' id='word_1_83' title='bbox 2992 688 3289 743; x_wconf 81' lang='lat' dir='ltr'><strong>oblivionis</strong></span> <span class='ocrx_word' id='word_1_84' title='bbox 3328 690 3440 744; x_wconf 88' lang='lat' dir='ltr'><strong>alto</strong></span> 
     </span>
    </p>
   </div>
   <div class='ocr_carea' id='block_1_13' title="bbox 1853 778 3440 850">
    <p class='ocr_par' dir='ltr' id='par_1_13' title="bbox 1853 778 3440 850">
     <span class='ocr_line' id='line_1_13' title="bbox 1853 778 3440 850; baseline 0.002 -20"><span class='ocrx_word' id='word_1_85' title='bbox 1853 779 2068 847; x_wconf 86' lang='lat' dir='ltr'><strong>gurgite</strong></span> <span class='ocrx_word' id='word_1_86' title='bbox 2098 779 2394 850; x_wconf 90' lang='lat' dir='ltr'><strong>mergenda</strong></span> <span class='ocrx_word' id='word_1_87' title='bbox 2437 795 2500 835; x_wconf 86' lang='lat' dir='ltr'><strong>ac</strong></span> <span class='ocrx_word' id='word_1_88' title='bbox 2548 778 2840 844; x_wconf 87' lang='lat' dir='ltr'><strong>abolenda,</strong></span> <span class='ocrx_word' id='word_1_89' title='bbox 2870 779 3152 843; x_wconf 84' lang='lat' dir='ltr'><strong>incitatur,</strong></span> <span class='ocrx_word' id='word_1_90' title='bbox 3182 797 3289 850; x_wconf 90' lang='lat' dir='ltr'><strong>qua</strong></span> <span class='ocrx_word' id='word_1_91' title='bbox 3335 782 3440 834; x_wconf 80' lang='lat' dir='ltr'><strong>iin-</strong></span> 
     </span>
    </p>
   </div>
   <div class='ocr_carea' id='block_1_14' title="bbox 1856 869 3440 941">
    <p class='ocr_par' dir='ltr' id='par_1_14' title="bbox 1856 869 3440 941">
     <span class='ocr_line' id='line_1_14' title="bbox 1856 869 3440 941; baseline 0 -18"><span class='ocrx_word' id='word_1_92' title='bbox 1856 870 2026 923; x_wconf 89' lang='lat' dir='ltr'><strong>butus</strong></span> <span class='ocrx_word' id='word_1_93' title='bbox 2064 880 2203 933; x_wconf 85' lang='lat' dir='ltr'><strong>erat.</strong></span> <span class='ocrx_word' id='word_1_94' title='bbox 2253 871 2385 925; x_wconf 90' lang='lat' dir='ltr'><strong>boui</strong></span> <span class='ocrx_word' id='word_1_95' title='bbox 2418 871 2626 935; x_wconf 87' lang='lat' dir='ltr'><strong>indole,</strong></span> <span class='ocrx_word' id='word_1_96' title='bbox 2662 871 2757 940; x_wconf 93' lang='lat' dir='ltr'><strong>qui</strong></span> <span class='ocrx_word' id='word_1_97' title='bbox 2808 869 2984 941; x_wconf 81' lang='lat' dir='ltr'><strong>ipsius</strong></span> <span class='ocrx_word' id='word_1_98' title='bbox 3010 887 3140 925; x_wconf 91' lang='lat' dir='ltr'><strong>vere</strong></span> <span class='ocrx_word' id='word_1_99' title='bbox 3173 870 3440 925; x_wconf 74' lang='lat' dir='ltr'><strong>bonitatis</strong></span> 
     </span>
    </p>
   </div>
   <div class='ocr_carea' id='block_1_15' title="bbox 1858 962 3443 1030">
    <p class='ocr_par' dir='ltr' id='par_1_15' title="bbox 1858 962 3443 1030">
     <span class='ocr_line' id='line_1_15' title="bbox 1858 962 3443 1030; baseline 0 -15"><span class='ocrx_word' id='word_1_100' title='bbox 1858 963 2143 1030; x_wconf 82' lang='lat' dir='ltr'><strong>speculum</strong></span> <span class='ocrx_word' id='word_1_101' title='bbox 2174 974 2342 1023; x_wconf 81' lang='lat' dir='ltr'><strong>esset.</strong></span> <span class='ocrx_word' id='word_1_102' title='bbox 2383 963 2448 1016; x_wconf 92' lang='lat' dir='ltr'><strong>ad</strong></span> <span class='ocrx_word' id='word_1_103' title='bbox 2480 962 2947 1019; x_wconf 87' lang='lat' dir='ltr'><strong>conscribeudum</strong></span> <span class='ocrx_word' id='word_1_104' title='bbox 2981 973 3230 1017; x_wconf 82' lang='lat' dir='ltr'><strong>sanctum</strong></span> <span class='ocrx_word' id='word_1_105' title='bbox 3260 963 3443 1017; x_wconf 62' lang='lat' dir='ltr'><strong>Evano</strong></span> 
     </span>
    </p>
   </div>
   <div class='ocr_carea' id='block_1_16' title="bbox 1859 1053 3442 1124">
    <p class='ocr_par' dir='ltr' id='par_1_16' title="bbox 1859 1053 3442 1124">
     <span class='ocr_line' id='line_1_16' title="bbox 1859 1053 3442 1124; baseline -0.001 -17"><span class='ocrx_word' id='word_1_106' title='bbox 1859 1053 2084 1122; x_wconf 85' lang='lat' dir='ltr'><strong>gelium,</strong></span> <span class='ocrx_word' id='word_1_107' title='bbox 2130 1054 2538 1124; x_wconf 85' lang='lat' dir='ltr'><strong>iuardescitque</strong></span> <span class='ocrx_word' id='word_1_108' title='bbox 2584 1055 2638 1107; x_wconf 92' lang='lat' dir='ltr'><strong>in</strong></span> <span class='ocrx_word' id='word_1_109' title='bbox 2687 1054 2902 1109; x_wconf 68' lang='lat' dir='ltr'><strong>eximiae</strong></span> <span class='ocrx_word' id='word_1_110' title='bbox 2951 1054 3238 1123; x_wconf 67' lang='lat' dir='ltr'><strong>theologia:</strong></span> <span class='ocrx_word' id='word_1_111' title='bbox 3287 1068 3442 1107; x_wconf 87' lang='lat' dir='ltr'><strong>amo-</strong></span> 
     </span>
    </p>
   </div>
   <div class='ocr_carea' id='block_1_17' title="bbox 203 1144 3441 1218">
    <p class='ocr_par' dir='ltr' id='par_1_17' title="bbox 203 1144 3441 1218">
     <span class='ocr_line' id='line_1_17' title="bbox 203 1144 3441 1218; baseline 0.001 -21"><span class='ocrx_word' id='word_1_112' title='bbox 203 1161 319 1201; x_wconf 89' lang='lat' dir='ltr'><strong>rem.</strong></span> <span class='ocrx_word' id='word_1_113' title='bbox 354 1155 471 1199; x_wconf 88' lang='lat' dir='ltr'><strong>tum</strong></span> <span class='ocrx_word' id='word_1_114' title='bbox 497 1146 590 1200; x_wconf 90' lang='lat' dir='ltr'><strong>Dei</strong></span> <span class='ocrx_word' id='word_1_115' title='bbox 622 1146 785 1200; x_wconf 74' lang='lat' dir='ltr'><strong>Verbi</strong></span> <span class='ocrx_word' id='word_1_116' title='bbox 822 1145 1184 1200; x_wconf 82' lang='lat' dir='ltr'><strong>inhabitantis</strong></span> <span class='ocrx_word' id='word_1_117' title='bbox 1240 1144 1529 1209; x_wconf 88' lang='lat' dir='ltr'><strong>instinctu,</strong></span> <span class='ocrx_word' id='word_1_118' title='bbox 1578 1153 1695 1198; x_wconf 91' lang='lat' dir='ltr'><strong>tum</strong></span> <span class='ocrx_word' id='word_1_119' title='bbox 1726 1159 1917 1199; x_wconf 87' lang='lat' dir='ltr'><strong>eorum</strong></span> <span class='ocrx_word' id='word_1_120' title='bbox 1952 1146 2047 1215; x_wconf 88' lang='lat' dir='ltr'><strong>qui</strong></span> <span class='ocrx_word' id='word_1_121' title='bbox 2082 1146 2382 1201; x_wconf 83' lang='lat' dir='ltr'><strong>ﬁdelissimi</strong></span> <span class='ocrx_word' id='word_1_122' title='bbox 2453 1146 2507 1201; x_wconf 90' lang='lat' dir='ltr'><strong>in</strong></span> <span class='ocrx_word' id='word_1_123' title='bbox 2572 1147 2816 1201; x_wconf 84' lang='lat' dir='ltr'><strong>Ecclesia</strong></span> <span class='ocrx_word' id='word_1_124' title='bbox 2845 1156 3022 1213; x_wconf 87' lang='lat' dir='ltr'><strong>erant,</strong></span> <span class='ocrx_word' id='word_1_125' title='bbox 3068 1148 3327 1218; x_wconf 85' lang='lat' dir='ltr'><strong>precibus</strong></span> <span class='ocrx_word' id='word_1_126' title='bbox 3359 1157 3441 1202; x_wconf 88' lang='lat' dir='ltr'><strong>at-</strong></span> 
     </span>
    </p>
   </div>
   <div class='ocr_carea' id='block_1_18' title="bbox 201 1246 526 1310">
    <p class='ocr_par' dir='ltr' id='par_1_18' title="bbox 201 1246 526 1310">
     <span class='ocr_line' id='line_1_18' title="bbox 201 1246 526 1310; baseline -0.006 -19"><span class='ocrx_word' id='word_1_127' title='bbox 201 1254 292 1310; x_wconf 86' lang='lat' dir='ltr'><strong>que</strong></span> <span class='ocrx_word' id='word_1_128' title='bbox 316 1246 526 1309; x_wconf 84' lang='lat' dir='ltr'><strong>rogatu.</strong></span> 
     </span>
    </p>
   </div>
   <div class='ocr_carea' id='block_1_19' title="bbox 271 1326 1761 1397">
    <p class='ocr_par' dir='ltr' id='par_1_19' title="bbox 271 1326 1761 1397">
     <span class='ocr_line' id='line_1_19' title="bbox 271 1326 1761 1397; baseline -0.003 -16"><span class='ocrx_word' id='word_1_129' title='bbox 271 1328 534 1397; x_wconf 82' lang='grc' dir='ltr'>Ἐντυχὼν</span> <span class='ocrx_word' id='word_1_130' title='bbox 585 1327 643 1380; x_wconf 84' lang='grc' dir='ltr'><strong>δὲ</strong></span> <span class='ocrx_word' id='word_1_131' title='bbox 680 1329 795 1391; x_wconf 85' lang='grc' dir='ltr'>τοῖς</span> <span class='ocrx_word' id='word_1_132' title='bbox 824 1327 929 1397; x_wconf 77' lang='grc' dir='ltr'>πρὸ</span> <span class='ocrx_word' id='word_1_133' title='bbox 972 1326 1140 1379; x_wconf 80' lang='grc' dir='ltr'>αὐτοῦ</span> <span class='ocrx_word' id='word_1_134' title='bbox 1170 1326 1352 1396; x_wconf 80' lang='grc' dir='ltr'>τρισὶν</span> <span class='ocrx_word' id='word_1_135' title='bbox 1387 1326 1761 1393; x_wconf 74' lang='grc' dir='ltr'>Εὑαγγελίοις,</span> 
     </span>
    </p>
   </div>
   <div class='ocr_carea' id='block_1_20' title="bbox 202 1416 1764 1488">
    <p class='ocr_par' dir='ltr' id='par_1_20' title="bbox 202 1416 1764 1488">
     <span class='ocr_line' id='line_1_20' title="bbox 202 1416 1764 1488; baseline -0.003 -16"><span class='ocrx_word' id='word_1_136' title='bbox 202 1420 283 1472; x_wconf 73' lang='grc' dir='ltr'><strong>καὶ</strong></span> <span class='ocrx_word' id='word_1_137' title='bbox 334 1420 466 1488; x_wconf 78' lang='grc' dir='ltr'>περὶ</span> <span class='ocrx_word' id='word_1_138' title='bbox 518 1418 596 1487; x_wconf 81' lang='grc' dir='ltr'>τῷ</span> <span class='ocrx_word' id='word_1_139' title='bbox 644 1418 942 1488; x_wconf 73' lang='grc' dir='ltr'>σωματικῷ</span> <span class='ocrx_word' id='word_1_140' title='bbox 990 1416 1084 1470; x_wconf 88' lang='grc' dir='ltr'><strong>τοῦ</strong></span> <span class='ocrx_word' id='word_1_141' title='bbox 1110 1418 1346 1487; x_wconf 77' lang='grc' dir='ltr'><strong>Χριστοῦ</strong></span> <span class='ocrx_word' id='word_1_142' title='bbox 1370 1418 1569 1487; x_wconf 79' lang='grc' dir='ltr'>μᾶλλον</span> <span class='ocrx_word' id='word_1_143' title='bbox 1597 1434 1764 1482; x_wconf 84' lang='grc' dir='ltr'>προσ-</span> 
     </span>
    </p>
   </div>
   <div class='ocr_carea' id='block_1_21' title="bbox 201 1511 1764 1581">
    <p class='ocr_par' dir='ltr' id='par_1_21' title="bbox 201 1511 1764 1581">
     <span class='ocr_line' id='line_1_21' title="bbox 201 1511 1764 1581; baseline -0.001 -17"><span class='ocrx_word' id='word_1_144' title='bbox 201 1511 563 1580; x_wconf 74' lang='grc' dir='ltr'>ησχολημένην</span> <span class='ocrx_word' id='word_1_145' title='bbox 593 1512 773 1563; x_wconf 76' lang='grc' dir='ltr'>αὐτῶν</span> <span class='ocrx_word' id='word_1_146' title='bbox 818 1512 918 1581; x_wconf 83' lang='grc' dir='ltr'><strong>τὴν</strong></span> <span class='ocrx_word' id='word_1_147' title='bbox 958 1511 1209 1579; x_wconf 76' lang='grc' dir='ltr'>διήγησιν</span> <span class='ocrx_word' id='word_1_148' title='bbox 1258 1511 1403 1576; x_wconf 81' lang='grc' dir='ltr'>ἰδὼν,</span> <span class='ocrx_word' id='word_1_149' title='bbox 1434 1511 1595 1571; x_wconf 77' lang='grc' dir='ltr'>αὐτὸς</span> <span class='ocrx_word' id='word_1_150' title='bbox 1650 1513 1764 1572; x_wconf 73' lang='grc' dir='ltr'>τοῖς</span> 
     </span>
    </p>
   </div>
   <div class='ocr_carea' id='block_1_22' title="bbox 202 1602 1758 1672">
    <p class='ocr_par' dir='ltr' id='par_1_22' title="bbox 202 1602 1758 1672">
     <span class='ocr_line' id='line_1_22' title="bbox 202 1602 1758 1672; baseline 0.003 -19"><span class='ocrx_word' id='word_1_151' title='bbox 202 1604 531 1672; x_wconf 62' lang='grc' dir='ltr'>ὑψηλοτέροις</span> <span class='ocrx_word' id='word_1_152' title='bbox 555 1603 662 1656; x_wconf 83' lang='grc' dir='ltr'><strong>τῶν</strong></span> <span class='ocrx_word' id='word_1_153' title='bbox 694 1603 869 1669; x_wconf 83' lang='grc' dir='ltr'><strong>λόγων</strong></span> <span class='ocrx_word' id='word_1_154' title='bbox 902 1606 995 1654; x_wconf 69' lang='grc' dir='ltr'><strong>καὶ</strong></span> <span class='ocrx_word' id='word_1_155' title='bbox 1025 1602 1321 1671; x_wconf 71' lang='grc' dir='ltr'><strong>θειοτέρως</strong></span> <span class='ocrx_word' id='word_1_156' title='bbox 1362 1602 1758 1657; x_wconf 79' lang='grc' dir='ltr'>ἐπεκτείνεται.</span> 
     </span>
    </p>
   </div>
   <div class='ocr_carea' id='block_1_23' title="bbox 1940 1326 3442 1396">
    <p class='ocr_par' dir='ltr' id='par_1_23' title="bbox 1940 1326 3442 1396">
     <span class='ocr_line' id='line_1_23' title="bbox 1940 1326 3442 1396; baseline 0.002 -17"><span class='ocrx_word' id='word_1_157' title='bbox 1940 1326 2121 1380; x_wconf 88' lang='lat' dir='ltr'><strong>Lectis</strong></span> <span class='ocrx_word' id='word_1_158' title='bbox 2150 1342 2303 1386; x_wconf 83' lang='lat' dir='ltr'><strong>vero.</strong></span> <span class='ocrx_word' id='word_1_159' title='bbox 2327 1342 2447 1395; x_wconf 69' lang='lat' dir='ltr'><strong>quae</strong></span> <span class='ocrx_word' id='word_1_160' title='bbox 2484 1328 2579 1381; x_wconf 91' lang='lat' dir='ltr'><strong>illo</strong></span> <span class='ocrx_word' id='word_1_161' title='bbox 2600 1326 2785 1396; x_wconf 84' lang='lat' dir='ltr'><strong>priora</strong></span> <span class='ocrx_word' id='word_1_162' title='bbox 2814 1327 3125 1396; x_wconf 86' lang='lat' dir='ltr'><strong>conscripta</strong></span> <span class='ocrx_word' id='word_1_163' title='bbox 3150 1337 3310 1382; x_wconf 87' lang='lat' dir='ltr'><strong>erant</strong></span> <span class='ocrx_word' id='word_1_164' title='bbox 3342 1330 3442 1382; x_wconf 80' lang='lat' dir='ltr'><strong>tri-</strong></span> 
     </span>
    </p>
   </div>
   <div class='ocr_carea' id='block_1_24' title="bbox 1867 1416 3448 1486">
    <p class='ocr_par' dir='ltr' id='par_1_24' title="bbox 1867 1416 3448 1486">
     <span class='ocr_line' id='line_1_24' title="bbox 1867 1416 3448 1486; baseline 0.001 -14"><span class='ocrx_word' id='word_1_165' title='bbox 1867 1416 1972 1472; x_wconf 88' lang='lat' dir='ltr'><strong>bus</strong></span> <span class='ocrx_word' id='word_1_166' title='bbox 1999 1416 2333 1485; x_wconf 83' lang='lat' dir='ltr'><strong>Evangeliis,</strong></span> <span class='ocrx_word' id='word_1_167' title='bbox 2360 1416 2859 1486; x_wconf 87' lang='lat' dir='ltr'><strong>animadversoque</strong></span> <span class='ocrx_word' id='word_1_168' title='bbox 2885 1417 3056 1486; x_wconf 83' lang='lat' dir='ltr'><strong>magis</strong></span> <span class='ocrx_word' id='word_1_169' title='bbox 3086 1418 3139 1470; x_wconf 93' lang='lat' dir='ltr'><strong>in</strong></span> <span class='ocrx_word' id='word_1_170' title='bbox 3168 1434 3236 1473; x_wconf 89' lang='lat' dir='ltr'><strong>eo</strong></span> <span class='ocrx_word' id='word_1_171' title='bbox 3262 1435 3448 1473; x_wconf 86' lang='lat' dir='ltr'><strong>versa-</strong></span> 
     </span>
    </p>
   </div>
   <div class='ocr_carea' id='block_1_25' title="bbox 1868 1507 3452 1577">
    <p class='ocr_par' dir='ltr' id='par_1_25' title="bbox 1868 1507 3452 1577">
     <span class='ocr_line' id='line_1_25' title="bbox 1868 1507 3452 1577; baseline 0.001 -14"><span class='ocrx_word' id='word_1_172' title='bbox 1868 1519 1957 1563; x_wconf 87' lang='lat' dir='ltr'><strong>tos</strong></span> <span class='ocrx_word' id='word_1_173' title='bbox 1984 1523 2129 1569; x_wconf 76' lang='lat' dir='ltr'><strong>esse,</strong></span> <span class='ocrx_word' id='word_1_174' title='bbox 2162 1516 2222 1560; x_wconf 93' lang='lat' dir='ltr'><strong>ut</strong></span> <span class='ocrx_word' id='word_1_175' title='bbox 2247 1523 2311 1562; x_wconf 88' lang='lat' dir='ltr'><strong>ea</strong></span> <span class='ocrx_word' id='word_1_176' title='bbox 2342 1522 2461 1577; x_wconf 76' lang='lat' dir='ltr'><strong>qua:</strong></span> <span class='ocrx_word' id='word_1_177' title='bbox 2496 1516 2809 1576; x_wconf 81' lang='lat' dir='ltr'><strong>spectarent</strong></span> <span class='ocrx_word' id='word_1_178' title='bbox 2835 1507 2903 1561; x_wconf 90' lang='lat' dir='ltr'><strong>ad</strong></span> <span class='ocrx_word' id='word_1_179' title='bbox 2934 1508 3279 1562; x_wconf 90' lang='lat' dir='ltr'><strong>Dominicum</strong></span> <span class='ocrx_word' id='word_1_180' title='bbox 3327 1527 3452 1565; x_wconf 92' lang='lat' dir='ltr'><strong>cor-</strong></span> 
     </span>
    </p>
   </div>
   <div class='ocr_carea' id='block_1_26' title="bbox 1866 1597 3449 1670">
    <p class='ocr_par' dir='ltr' id='par_1_26' title="bbox 1866 1597 3449 1670">
     <span class='ocr_line' id='line_1_26' title="bbox 1866 1597 3449 1670; baseline 0.001 -19"><span class='ocrx_word' id='word_1_181' title='bbox 1866 1613 1989 1667; x_wconf 88' lang='lat' dir='ltr'><strong>pus,</strong></span> <span class='ocrx_word' id='word_1_182' title='bbox 2011 1607 2353 1658; x_wconf 86' lang='lat' dir='ltr'><strong>enarrarent,</strong></span> <span class='ocrx_word' id='word_1_183' title='bbox 2378 1597 2799 1651; x_wconf 87' lang='lat' dir='ltr'><strong>sublimioribus</strong></span> <span class='ocrx_word' id='word_1_184' title='bbox 2825 1600 2941 1667; x_wconf 87' lang='lat' dir='ltr'><strong>ipse</strong></span> <span class='ocrx_word' id='word_1_185' title='bbox 2972 1598 3449 1670; x_wconf 87' lang='lat' dir='ltr'><strong>divinioribusque</strong></span> 
     </span>
    </p>
   </div>
   <div class='ocr_carea' id='block_1_27' title="bbox 202 1690 1764 1787">
    <p class='ocr_par' dir='ltr' id='par_1_27' title="bbox 202 1694 1761 1765">
     <span class='ocr_line' id='line_1_27' title="bbox 202 1694 1761 1765; baseline -0.001 -17"><span class='ocrx_word' id='word_1_186' title='bbox 202 1698 295 1749; x_wconf 79' lang='lat' dir='ltr'><strong>Kal.</strong></span> <span class='ocrx_word' id='word_1_187' title='bbox 324 1698 505 1749; x_wconf 70' lang='grc' dir='ltr'>πᾶσαν</span> <span class='ocrx_word' id='word_1_188' title='bbox 547 1697 647 1765; x_wconf 82' lang='grc' dir='ltr'><strong>μὲν</strong></span> <span class='ocrx_word' id='word_1_189' title='bbox 675 1697 775 1764; x_wconf 82' lang='grc' dir='ltr'>τὴν</span> <span class='ocrx_word' id='word_1_190' title='bbox 804 1695 1089 1765; x_wconf 78' lang='grc' dir='ltr'><strong>ὁρωμένην</strong></span> <span class='ocrx_word' id='word_1_191' title='bbox 1137 1695 1315 1746; x_wconf 81' lang='grc' dir='ltr'>κτίσιν</span> <span class='ocrx_word' id='word_1_192' title='bbox 1351 1694 1511 1761; x_wconf 65' lang='grc' dir='ltr'>ἀφείς</span> <span class='ocrx_word' id='word_1_193' title='bbox 1534 1709 1547 1721; x_wconf 91' lang='grc'><strong>·</strong></span> <span class='ocrx_word' id='word_1_194' title='bbox 1579 1696 1761 1748; x_wconf 74' lang='grc' dir='ltr'>πᾶσαν</span> 
     </span>
    </p>
   </div>
   <div class='ocr_carea' id='block_1_28' title="bbox 1865 1690 3449 1787">
    <p class='ocr_par' dir='ltr' id='par_1_28' title="bbox 1871 1690 3449 1759">
     <span class='ocr_line' id='line_1_28' title="bbox 1871 1690 3449 1759; baseline 0.001 -14"><span class='ocrx_word' id='word_1_195' title='bbox 1871 1692 2223 1745; x_wconf 87' lang='lat' dir='ltr'><strong>sermonibus</strong></span> <span class='ocrx_word' id='word_1_196' title='bbox 2262 1691 2505 1743; x_wconf 86' lang='lat' dir='ltr'><strong>animum</strong></span> <span class='ocrx_word' id='word_1_197' title='bbox 2551 1690 2830 1744; x_wconf 87' lang='lat' dir='ltr'><strong>intendit:</strong></span> <span class='ocrx_word' id='word_1_198' title='bbox 2867 1691 3132 1759; x_wconf 90' lang='lat' dir='ltr'><strong>omnique</strong></span> <span class='ocrx_word' id='word_1_199' title='bbox 3182 1707 3360 1746; x_wconf 88' lang='lat' dir='ltr'><strong>rerum</strong></span> <span class='ocrx_word' id='word_1_200' title='bbox 3392 1695 3449 1747; x_wconf 89' lang='lat' dir='ltr'><strong>iu</strong></span> 
     </span>
    </p>
   </div>
   <div class='ocr_carea' id='block_1_29' title="bbox 200 1791 1765 1863">
    <p class='ocr_par' dir='ltr' id='par_1_29' title="bbox 200 1791 1765 1863">
     <span class='ocr_line' id='line_1_29' title="bbox 200 1791 1765 1863; baseline 0 -18"><span class='ocrx_word' id='word_1_201' title='bbox 200 1793 356 1863; x_wconf 79' lang='grc' dir='ltr'>δὲτὴν</span> <span class='ocrx_word' id='word_1_202' title='bbox 391 1793 591 1861; x_wconf 80' lang='grc' dir='ltr'>νοητὴν</span> <span class='ocrx_word' id='word_1_203' title='bbox 622 1795 713 1846; x_wconf 84' lang='grc' dir='ltr'>καὶ</span> <span class='ocrx_word' id='word_1_204' title='bbox 746 1794 1118 1861; x_wconf 82' lang='grc' dir='ltr'>ὑπερκόσμιον</span> <span class='ocrx_word' id='word_1_205' title='bbox 1152 1791 1372 1859; x_wconf 75' lang='grc' dir='ltr'><strong>ὀξύτητι</strong></span> <span class='ocrx_word' id='word_1_206' title='bbox 1397 1791 1487 1844; x_wconf 89' lang='grc' dir='ltr'><strong>νοῦ</strong></span> <span class='ocrx_word' id='word_1_207' title='bbox 1514 1792 1765 1862; x_wconf 84' lang='grc' dir='ltr'>καθαρω-</span> 
     </span>
    </p>
   </div>
   <div class='ocr_carea' id='block_1_30' title="bbox 199 1881 1768 1951">
    <p class='ocr_par' dir='ltr' id='par_1_30' title="bbox 199 1881 1768 1951">
     <span class='ocr_line' id='line_1_30' title="bbox 199 1881 1768 1951; baseline 0 -17"><span class='ocrx_word' id='word_1_208' title='bbox 199 1881 344 1934; x_wconf 75' lang='grc' dir='ltr'>τάτου</span> <span class='ocrx_word' id='word_1_209' title='bbox 366 1883 454 1935; x_wconf 74' lang='grc' dir='ltr'>διὰ</span> <span class='ocrx_word' id='word_1_210' title='bbox 484 1881 577 1935; x_wconf 91' lang='grc' dir='ltr'><strong>τοῦ</strong></span> <span class='ocrx_word' id='word_1_211' title='bbox 610 1882 927 1950; x_wconf 72' lang='grc' dir='ltr'>Πνεῦμα-ξος</span> <span class='ocrx_word' id='word_1_212' title='bbox 958 1881 1306 1951; x_wconf 77' lang='grc' dir='ltr'>ῦπεραναϐας</span> <span class='ocrx_word' id='word_1_213' title='bbox 1335 1897 1348 1911; x_wconf 77' lang='grc' dir='ltr'>ο</span> <span class='ocrx_word' id='word_1_214' title='bbox 1402 1882 1495 1936; x_wconf 76' lang='grc' dir='ltr'><strong>καὶ</strong></span> <span class='ocrx_word' id='word_1_215' title='bbox 1555 1882 1624 1936; x_wconf 75' lang='grc' dir='ltr'>τὰ</span> <span class='ocrx_word' id='word_1_216' title='bbox 1670 1884 1768 1935; x_wconf 84' lang='grc' dir='ltr'><strong>Χε-</strong></span> 
     </span>
    </p>
   </div>
   <div class='ocr_carea' id='block_1_31' title="bbox 202 1969 1763 2043">
    <p class='ocr_par' dir='ltr' id='par_1_31' title="bbox 202 1969 1763 2043">
     <span class='ocr_line' id='line_1_31' title="bbox 202 1969 1763 2043; baseline 0.002 -21"><span class='ocrx_word' id='word_1_217' title='bbox 202 1969 410 2039; x_wconf 57' lang='grc' dir='ltr'>ρονᾶὶμ</span> <span class='ocrx_word' id='word_1_218' title='bbox 432 1970 628 2031; x_wconf 80' lang='grc' dir='ltr'>λιπὼν,</span> <span class='ocrx_word' id='word_1_219' title='bbox 663 1974 759 2024; x_wconf 72' lang='grc' dir='ltr'><strong>καὶ</strong></span> <span class='ocrx_word' id='word_1_220' title='bbox 789 1972 857 2023; x_wconf 70' lang='grc' dir='ltr'><strong>τὰ</strong></span> <span class='ocrx_word' id='word_1_221' title='bbox 887 1972 1169 2041; x_wconf 76' lang='grc' dir='ltr'>Σεραφεὶμ</span> <span class='ocrx_word' id='word_1_222' title='bbox 1196 1971 1503 2041; x_wconf 78' lang='grc' dir='ltr'>παρελθὼν,</span> <span class='ocrx_word' id='word_1_223' title='bbox 1562 1973 1763 2043; x_wconf 84' lang='grc' dir='ltr'>ἀκραι-</span> 
     </span>
    </p>
   </div>
   <div class='ocr_carea' id='block_1_32' title="bbox 199 2062 1767 2135">
    <p class='ocr_par' dir='ltr' id='par_1_32' title="bbox 199 2062 1767 2135">
     <span class='ocr_line' id='line_1_32' title="bbox 199 2062 1767 2135; baseline 0.003 -21"><span class='ocrx_word' id='word_1_224' title='bbox 199 2063 326 2130; x_wconf 66' lang='lat' dir='ltr'><strong>qw&#39;u;</strong></span> <span class='ocrx_word' id='word_1_225' title='bbox 354 2062 509 2132; x_wconf 86' lang='grc' dir='ltr'>αῦτῴ</span> <span class='ocrx_word' id='word_1_226' title='bbox 542 2064 637 2115; x_wconf 77' lang='grc' dir='ltr'>καὶ</span> <span class='ocrx_word' id='word_1_227' title='bbox 668 2064 888 2133; x_wconf 85' lang='grc' dir='ltr'>ἀμέσως</span> <span class='ocrx_word' id='word_1_228' title='bbox 912 2065 1118 2131; x_wconf 76' lang='grc' dir='ltr'><strong>ἐγγίζει</strong></span> <span class='ocrx_word' id='word_1_229' title='bbox 1142 2064 1218 2135; x_wconf 84' lang='grc' dir='ltr'>τῷ</span> <span class='ocrx_word' id='word_1_230' title='bbox 1243 2066 1511 2134; x_wconf 75' lang='grc' dir='ltr'><strong>ἀγαπητῷ</strong></span> <span class='ocrx_word' id='word_1_231' title='bbox 1542 2079 1557 2092; x_wconf 83' lang='grc'><strong><em>“</em></strong></span> <span class='ocrx_word' id='word_1_232' title='bbox 1605 2068 1767 2119; x_wconf 81' lang='grc' dir='ltr'>κάκεῖ</span> 
     </span>
    </p>
   </div>
   <div class='ocr_carea' id='block_1_33' title="bbox 198 2154 1767 2226">
    <p class='ocr_par' dir='ltr' id='par_1_33' title="bbox 198 2154 1767 2226">
     <span class='ocr_line' id='line_1_33' title="bbox 198 2154 1767 2226; baseline 0.003 -21"><span class='ocrx_word' id='word_1_233' title='bbox 198 2154 252 2225; x_wconf 76' lang='grc' dir='ltr'><strong>δὴ</strong></span> <span class='ocrx_word' id='word_1_234' title='bbox 276 2155 496 2223; x_wconf 78' lang='grc' dir='ltr'>νοερῶς,</span> <span class='ocrx_word' id='word_1_235' title='bbox 533 2158 626 2208; x_wconf 75' lang='grc' dir='ltr'><strong>καὶ</strong></span> <span class='ocrx_word' id='word_1_236' title='bbox 650 2157 975 2225; x_wconf 72' lang='grc' dir='ltr'><strong>κρειττόνως</strong></span> <span class='ocrx_word' id='word_1_237' title='bbox 1022 2157 1055 2226; x_wconf 82' lang='grc' dir='ltr'><strong>ἧ</strong></span> <span class='ocrx_word' id='word_1_238' title='bbox 1092 2156 1285 2226; x_wconf 79' lang='grc' dir='ltr'>πρώην</span> <span class='ocrx_word' id='word_1_239' title='bbox 1335 2158 1397 2208; x_wconf 76' lang='grc' dir='ltr'>τὸ</span> <span class='ocrx_word' id='word_1_240' title='bbox 1433 2156 1767 2226; x_wconf 84' lang='grc' dir='ltr'>νοερώτατον</span> 
     </span>
    </p>
   </div>
   <div class='ocr_carea' id='block_1_34' title="bbox 199 2245 1763 2318">
    <p class='ocr_par' dir='ltr' id='par_1_34' title="bbox 199 2245 1763 2318">
     <span class='ocr_line' id='line_1_34' title="bbox 199 2245 1763 2318; baseline 0.004 -21"><span class='ocrx_word' id='word_1_241' title='bbox 199 2247 394 2314; x_wconf 73' lang='grc' dir='ltr'>στῆθος,</span> <span class='ocrx_word' id='word_1_242' title='bbox 422 2247 506 2315; x_wconf 83' lang='grc' dir='ltr'>τῷ</span> <span class='ocrx_word' id='word_1_243' title='bbox 535 2245 956 2317; x_wconf 76' lang='grc' dir='ltr'>θεαρχικωτατῳ</span> <span class='ocrx_word' id='word_1_244' title='bbox 986 2248 1373 2318; x_wconf 82' lang='grc' dir='ltr'>προσερείσας,</span> <span class='ocrx_word' id='word_1_245' title='bbox 1404 2250 1500 2300; x_wconf 77' lang='grc' dir='ltr'><strong>καὶ</strong></span> <span class='ocrx_word' id='word_1_246' title='bbox 1524 2245 1618 2311; x_wconf 79' lang='grc' dir='ltr'>οῦς</span> <span class='ocrx_word' id='word_1_247' title='bbox 1671 2251 1763 2303; x_wconf 76' lang='grc' dir='ltr'>εῦ-</span> 
     </span>
    </p>
   </div>
   <div class='ocr_carea' id='block_1_35' title="bbox 198 2338 1763 2410">
    <p class='ocr_par' dir='ltr' id='par_1_35' title="bbox 198 2338 1763 2410">
     <span class='ocr_line' id='line_1_35' title="bbox 198 2338 1763 2410; baseline 0.004 -21"><span class='ocrx_word' id='word_1_248' title='bbox 198 2338 398 2390; x_wconf 79' lang='grc' dir='ltr'>σὺνετον</span> <span class='ocrx_word' id='word_1_249' title='bbox 427 2338 509 2408; x_wconf 78' lang='grc' dir='ltr'><strong>τῷ</strong></span> <span class='ocrx_word' id='word_1_250' title='bbox 543 2339 641 2408; x_wconf 81' lang='grc' dir='ltr'>τῆς</span> <span class='ocrx_word' id='word_1_251' title='bbox 672 2340 873 2407; x_wconf 74' lang='grc' dir='ltr'>Σοφίας</span> <span class='ocrx_word' id='word_1_252' title='bbox 914 2340 1087 2406; x_wconf 69' lang='grc' dir='ltr'>αὐτῆς</span> <span class='ocrx_word' id='word_1_253' title='bbox 1128 2341 1359 2407; x_wconf 81' lang='grc' dir='ltr'>στόματι</span> <span class='ocrx_word' id='word_1_254' title='bbox 1411 2341 1763 2410; x_wconf 79' lang='grc' dir='ltr'>παραϐαλὼν,</span> 
     </span>
    </p>
   </div>
   <div class='ocr_carea' id='block_1_36' title="bbox 196 2424 1766 2507">
    <p class='ocr_par' dir='ltr' id='par_1_36' title="bbox 196 2424 1766 2507">
     <span class='ocr_line' id='line_1_36' title="bbox 196 2424 1766 2507; baseline 0.004 -25"><span class='ocrx_word' id='word_1_255' title='bbox 196 2424 272 2483; x_wconf 76' lang='grc' dir='ltr'><strong>οἷά</strong></span> <span class='ocrx_word' id='word_1_256' title='bbox 293 2449 407 2483; x_wconf 88' lang='grc' dir='ltr'>τινα</span> <span class='ocrx_word' id='word_1_257' title='bbox 430 2432 616 2501; x_wconf 78' lang='grc' dir='ltr'>πηγὴν</span> <span class='ocrx_word' id='word_1_258' title='bbox 652 2433 835 2496; x_wconf 74' lang='grc' dir='ltr'>ζῶσαν</span> <span class='ocrx_word' id='word_1_259' title='bbox 896 2432 1104 2487; x_wconf 75' lang='grc' dir='ltr'>ἐκεῖθεν</span> <span class='ocrx_word' id='word_1_260' title='bbox 1166 2434 1376 2505; x_wconf 59' lang='grc' dir='ltr'>ὑψηλῆς</span> <span class='ocrx_word' id='word_1_261' title='bbox 1419 2434 1766 2507; x_wconf 78' lang='grc' dir='ltr'><strong>ἀνεστόμωσε</strong></span> 
     </span>
    </p>
   </div>
   <div class='ocr_carea' id='block_1_37' title="bbox 197 2522 893 2593">
    <p class='ocr_par' dir='ltr' id='par_1_37' title="bbox 197 2522 893 2593">
     <span class='ocr_line' id='line_1_37' title="bbox 197 2522 893 2593; baseline 0.006 -20"><span class='ocrx_word' id='word_1_262' title='bbox 197 2524 277 2574; x_wconf 77' lang='grc' dir='ltr'>καὶ</span> <span class='ocrx_word' id='word_1_263' title='bbox 298 2522 564 2593; x_wconf 80' lang='grc' dir='ltr'>θεωτικῆς</span> <span class='ocrx_word' id='word_1_264' title='bbox 591 2522 893 2593; x_wconf 72' lang='grc' dir='ltr'><strong>θεολογίας.</strong></span> 
     </span>
    </p>
   </div>
   <div class='ocr_carea' id='block_1_38' title="bbox 252 2779 1766 2865">
    <p class='ocr_par' dir='ltr' id='par_1_38' title="bbox 252 2779 1766 2865">
     <span class='ocr_line' id='line_1_38' title="bbox 252 2779 1766 2865; baseline 0.007 -28"><span class='ocrx_word' id='word_1_265' title='bbox 252 2779 355 2847; x_wconf 85' lang='grc' dir='ltr'><strong>ἾΙς</strong></span> <span class='ocrx_word' id='word_1_266' title='bbox 380 2788 439 2839; x_wconf 79' lang='grc' dir='ltr'><strong>ἐν</strong></span> <span class='ocrx_word' id='word_1_267' title='bbox 470 2787 806 2856; x_wconf 51' lang='grc' dir='ltr'>πωιμίοις,</span> <span class='ocrx_word' id='word_1_268' title='bbox 834 2790 1076 2858; x_wconf 81' lang='grc' dir='ltr'>θεολογεῖ</span> <span class='ocrx_word' id='word_1_269' title='bbox 1103 2793 1200 2861; x_wconf 77' lang='grc' dir='ltr'>μὲν</span> <span class='ocrx_word' id='word_1_270' title='bbox 1223 2793 1316 2847; x_wconf 91' lang='grc' dir='ltr'><strong>τοῦ</strong></span> <span class='ocrx_word' id='word_1_271' title='bbox 1344 2794 1521 2861; x_wconf 82' lang='grc' dir='ltr'><strong>Λόγου</strong></span> <span class='ocrx_word' id='word_1_272' title='bbox 1550 2795 1652 2865; x_wconf 81' lang='grc' dir='ltr'>τὴν</span> <span class='ocrx_word' id='word_1_273' title='bbox 1705 2794 1766 2847; x_wconf 83' lang='grc' dir='ltr'>ὲν</span> 
     </span>
    </p>
   </div>
   <div class='ocr_carea' id='block_1_39' title="bbox 191 2874 1770 2955">
    <p class='ocr_par' dir='ltr' id='par_1_39' title="bbox 191 2874 1770 2955">
     <span class='ocr_line' id='line_1_39' title="bbox 191 2874 1770 2955; baseline 0.007 -29"><span class='ocrx_word' id='word_1_274' title='bbox 191 2874 318 2945; x_wconf 73' lang='grc' dir='ltr'><strong>ἄρχῃ</strong></span> <span class='ocrx_word' id='word_1_275' title='bbox 342 2879 480 2946; x_wconf 71' lang='grc' dir='ltr'>πρὸς</span> <span class='ocrx_word' id='word_1_276' title='bbox 506 2879 599 2930; x_wconf 82' lang='grc' dir='ltr'><strong>τὸν</strong></span> <span class='ocrx_word' id='word_1_277' title='bbox 635 2880 853 2948; x_wconf 81' lang='grc' dir='ltr'>Πατέρα</span> <span class='ocrx_word' id='word_1_278' title='bbox 900 2883 993 2935; x_wconf 71' lang='grc' dir='ltr'><strong>καὶ</strong></span> <span class='ocrx_word' id='word_1_279' title='bbox 1042 2884 1389 2953; x_wconf 75' lang='grc' dir='ltr'>προαναρχον</span> <span class='ocrx_word' id='word_1_280' title='bbox 1444 2886 1770 2955; x_wconf 74' lang='grc' dir='ltr'>ὑπεροῦσιον</span> 
     </span>
    </p>
   </div>
   <div class='ocr_carea' id='block_1_40' title="bbox 194 2966 1767 3043">
    <p class='ocr_par' dir='ltr' id='par_1_40' title="bbox 194 2966 1767 3043">
     <span class='ocr_line' id='line_1_40' title="bbox 194 2966 1767 3043; baseline 0.007 -29"><span class='ocrx_word' id='word_1_281' title='bbox 194 2966 533 3035; x_wconf 72' lang='grc' dir='ltr'>συνύπαρξιν.</span> <span class='ocrx_word' id='word_1_282' title='bbox 560 2968 816 3037; x_wconf 84' lang='grc' dir='ltr'><strong>Θεολογεί</strong></span> <span class='ocrx_word' id='word_1_283' title='bbox 835 2971 893 3022; x_wconf 80' lang='grc' dir='ltr'><strong>δὲ</strong></span> <span class='ocrx_word' id='word_1_284' title='bbox 919 2971 1082 3024; x_wconf 73' lang='grc' dir='ltr'>αὑτοῦ</span> <span class='ocrx_word' id='word_1_285' title='bbox 1110 2974 1205 3025; x_wconf 81' lang='grc' dir='ltr'>καὶ</span> <span class='ocrx_word' id='word_1_286' title='bbox 1253 2973 1350 3043; x_wconf 82' lang='grc' dir='ltr'>τὴν</span> <span class='ocrx_word' id='word_1_287' title='bbox 1381 2974 1676 3043; x_wconf 72' lang='grc' dir='ltr'>σάρκωσιν,</span> <span class='ocrx_word' id='word_1_288' title='bbox 1709 2976 1767 3025; x_wconf 79' lang='grc' dir='ltr'>ἑν</span> 
     </span>
    </p>
   </div>
   <div class='ocr_carea' id='block_1_41' title="bbox 1870 1782 3451 1855">
    <p class='ocr_par' dir='ltr' id='par_1_41' title="bbox 1870 1782 3451 1855">
     <span class='ocr_line' id='line_1_41' title="bbox 1870 1782 3451 1855; baseline 0.003 -19"><span class='ocrx_word' id='word_1_289' title='bbox 1870 1792 2149 1852; x_wconf 83' lang='lat' dir='ltr'><strong>aspectum</strong></span> <span class='ocrx_word' id='word_1_290' title='bbox 2183 1782 2498 1835; x_wconf 89' lang='lat' dir='ltr'><strong>cadentium</strong></span> <span class='ocrx_word' id='word_1_291' title='bbox 2528 1792 2724 1836; x_wconf 91' lang='lat' dir='ltr'><strong>natura</strong></span> <span class='ocrx_word' id='word_1_292' title='bbox 2748 1782 2969 1843; x_wconf 85' lang='lat' dir='ltr'><strong>omissa,</strong></span> <span class='ocrx_word' id='word_1_293' title='bbox 3005 1799 3306 1854; x_wconf 86' lang='lat' dir='ltr'><strong>earumque</strong></span> <span class='ocrx_word' id='word_1_294' title='bbox 3329 1802 3451 1855; x_wconf 71' lang='lat' dir='ltr'><strong>qua:</strong></span> 
     </span>
    </p>
   </div>
   <div class='ocr_carea' id='block_1_42' title="bbox 1867 1873 3450 1945">
    <p class='ocr_par' dir='ltr' id='par_1_42' title="bbox 1867 1873 3450 1945">
     <span class='ocr_line' id='line_1_42' title="bbox 1867 1873 3450 1945; baseline 0.002 -18"><span class='ocrx_word' id='word_1_295' title='bbox 1867 1882 2050 1928; x_wconf 88' lang='lat' dir='ltr'><strong>mente</strong></span> <span class='ocrx_word' id='word_1_296' title='bbox 2098 1873 2523 1940; x_wconf 81' lang='lat' dir='ltr'><strong>intelliguuutur</strong></span> <span class='ocrx_word' id='word_1_297' title='bbox 2552 1888 2616 1927; x_wconf 90' lang='lat' dir='ltr'><strong>ac</strong></span> <span class='ocrx_word' id='word_1_298' title='bbox 2654 1874 3114 1943; x_wconf 63' lang='lat' dir='ltr'><strong>supermundaum</strong></span> <span class='ocrx_word' id='word_1_299' title='bbox 3160 1885 3310 1939; x_wconf 90' lang='lat' dir='ltr'><strong>sunt,</strong></span> <span class='ocrx_word' id='word_1_300' title='bbox 3346 1892 3450 1945; x_wconf 81' lang='lat' dir='ltr'><strong>pu-</strong></span> 
     </span>
    </p>
   </div>
   <div class='ocr_carea' id='block_1_43' title="bbox 1869 1965 3453 2036">
    <p class='ocr_par' dir='ltr' id='par_1_43' title="bbox 1869 1965 3453 2036">
     <span class='ocr_line' id='line_1_43' title="bbox 1869 1965 3453 2036; baseline 0.002 -17"><span class='ocrx_word' id='word_1_301' title='bbox 1869 1966 2104 2021; x_wconf 73' lang='lat' dir='ltr'><strong>rissima:</strong></span> <span class='ocrx_word' id='word_1_302' title='bbox 2129 1965 2332 2019; x_wconf 85' lang='lat' dir='ltr'><strong>mentis</strong></span> <span class='ocrx_word' id='word_1_303' title='bbox 2358 1965 2609 2018; x_wconf 75' lang='lat' dir='ltr'><strong>acumine</strong></span> <span class='ocrx_word' id='word_1_304' title='bbox 2642 1981 2739 2034; x_wconf 87' lang='lat' dir='ltr'><strong>per</strong></span> <span class='ocrx_word' id='word_1_305' title='bbox 2766 1966 3023 2036; x_wconf 88' lang='lat' dir='ltr'><strong>spiritum</strong></span> <span class='ocrx_word' id='word_1_306' title='bbox 3046 1978 3298 2036; x_wconf 89' lang='lat' dir='ltr'><strong>superata</strong></span> <span class='ocrx_word' id='word_1_307' title='bbox 3325 1968 3453 2022; x_wconf 82' lang='lat' dir='ltr'><strong>sub-</strong></span> 
     </span>
    </p>
   </div>
   <div class='ocr_carea' id='block_1_44' title="bbox 1867 2057 3453 2129">
    <p class='ocr_par' dir='ltr' id='par_1_44' title="bbox 1867 2057 3453 2129">
     <span class='ocr_line' id='line_1_44' title="bbox 1867 2057 3453 2129; baseline 0.001 -17"><span class='ocrx_word' id='word_1_308' title='bbox 1867 2059 2069 2112; x_wconf 83' lang='lat' dir='ltr'><strong>stantia</strong></span> <span class='ocrx_word' id='word_1_309' title='bbox 2098 2076 2113 2123; x_wconf 91' lang='lat'><strong>;</strong></span> <span class='ocrx_word' id='word_1_310' title='bbox 2157 2058 2475 2127; x_wconf 90' lang='lat' dir='ltr'><strong>relictisque</strong></span> <span class='ocrx_word' id='word_1_311' title='bbox 2501 2057 2780 2112; x_wconf 76' lang='lat' dir='ltr'><strong>Cherubin</strong></span> <span class='ocrx_word' id='word_1_312' title='bbox 2825 2069 2882 2112; x_wconf 90' lang='lat' dir='ltr'><strong>et</strong></span> <span class='ocrx_word' id='word_1_313' title='bbox 2908 2058 3177 2129; x_wconf 86' lang='lat' dir='ltr'><strong>Seraphin</strong></span> <span class='ocrx_word' id='word_1_314' title='bbox 3226 2072 3453 2129; x_wconf 76' lang='lat' dir='ltr'><strong>praeter-</strong></span> 
     </span>
    </p>
   </div>
   <div class='ocr_carea' id='block_1_45' title="bbox 1866 2150 3451 2223">
    <p class='ocr_par' dir='ltr' id='par_1_45' title="bbox 1866 2150 3451 2223">
     <span class='ocr_line' id='line_1_45' title="bbox 1866 2150 3451 2223; baseline 0.002 -19"><span class='ocrx_word' id='word_1_315' title='bbox 1866 2166 2107 2222; x_wconf 80' lang='lat' dir='ltr'><strong>gressus.</strong></span> <span class='ocrx_word' id='word_1_316' title='bbox 2140 2151 2244 2220; x_wconf 85' lang='lat' dir='ltr'><strong>ipsi</strong></span> <span class='ocrx_word' id='word_1_317' title='bbox 2277 2150 2495 2206; x_wconf 89' lang='lat' dir='ltr'><strong>sincere</strong></span> <span class='ocrx_word' id='word_1_318' title='bbox 2529 2164 2593 2205; x_wconf 88' lang='lat' dir='ltr'><strong>ac</strong></span> <span class='ocrx_word' id='word_1_319' title='bbox 2637 2151 2953 2206; x_wconf 87' lang='lat' dir='ltr'><strong>immediate</strong></span> <span class='ocrx_word' id='word_1_320' title='bbox 2982 2152 3302 2222; x_wconf 75' lang='lat' dir='ltr'><strong>przedilecto</strong></span> <span class='ocrx_word' id='word_1_321' title='bbox 3327 2155 3451 2223; x_wconf 78' lang='lat' dir='ltr'><strong>jun-</strong></span> 
     </span>
    </p>
   </div>
   <div class='ocr_carea' id='block_1_46' title="bbox 1866 2242 3453 2313">
    <p class='ocr_par' dir='ltr' id='par_1_46' title="bbox 1866 2242 3453 2313">
     <span class='ocr_line' id='line_1_46' title="bbox 1866 2242 3453 2313; baseline 0.002 -18"><span class='ocrx_word' id='word_1_322' title='bbox 1866 2243 2014 2313; x_wconf 81' lang='lat' dir='ltr'><strong>gitur</strong></span> <span class='ocrx_word' id='word_1_323' title='bbox 2047 2261 2061 2295; x_wconf 91' lang='lat'><strong>:</strong></span> <span class='ocrx_word' id='word_1_324' title='bbox 2091 2243 2312 2312; x_wconf 82' lang='lat' dir='ltr'><strong>illicque</strong></span> <span class='ocrx_word' id='word_1_325' title='bbox 2337 2242 2917 2312; x_wconf 88' lang='lat' dir='ltr'><strong>mentisintclligentia</strong></span> <span class='ocrx_word' id='word_1_326' title='bbox 2960 2243 3453 2313; x_wconf 55' lang='lat' dir='ltr'><strong>praestantiorqum</strong></span> 
     </span>
    </p>
   </div>
   <div class='ocr_carea' id='block_1_47' title="bbox 1866 2334 3447 2404">
    <p class='ocr_par' dir='ltr' id='par_1_47' title="bbox 1866 2334 3447 2404">
     <span class='ocr_line' id='line_1_47' title="bbox 1866 2334 3447 2404; baseline -0.001 -15"><span class='ocrx_word' id='word_1_327' title='bbox 1866 2351 1931 2390; x_wconf 90' lang='lat' dir='ltr'><strong>ac</strong></span> <span class='ocrx_word' id='word_1_328' title='bbox 1964 2335 2179 2404; x_wconf 89' lang='lat' dir='ltr'><strong>pridem</strong></span> <span class='ocrx_word' id='word_1_329' title='bbox 2222 2335 2458 2397; x_wconf 82' lang='lat' dir='ltr'><strong>ratione,</strong></span> <span class='ocrx_word' id='word_1_330' title='bbox 2497 2334 2863 2403; x_wconf 77' lang='lat' dir='ltr'><strong>intelligentia</strong></span> <span class='ocrx_word' id='word_1_331' title='bbox 2895 2334 3313 2389; x_wconf 89' lang='lat' dir='ltr'><strong>solertissimum</strong></span> <span class='ocrx_word' id='word_1_332' title='bbox 3347 2351 3447 2404; x_wconf 78' lang='lat' dir='ltr'><strong>pc-</strong></span> 
     </span>
    </p>
   </div>
   <div class='ocr_carea' id='block_1_48' title="bbox 1866 2425 3453 2497">
    <p class='ocr_par' dir='ltr' id='par_1_48' title="bbox 1866 2425 3453 2497">
     <span class='ocr_line' id='line_1_48' title="bbox 1866 2425 3453 2497; baseline 0 -17"><span class='ocrx_word' id='word_1_333' title='bbox 1866 2427 2343 2481; x_wconf 81' lang='lat' dir='ltr'><strong>ctusdivinissimo</strong></span> <span class='ocrx_word' id='word_1_334' title='bbox 2364 2427 2573 2497; x_wconf 87' lang='lat' dir='ltr'><strong>pectori</strong></span> <span class='ocrx_word' id='word_1_335' title='bbox 2599 2425 2839 2490; x_wconf 88' lang='lat' dir='ltr'><strong>illidens,</strong></span> <span class='ocrx_word' id='word_1_336' title='bbox 2853 2441 3025 2495; x_wconf 88' lang='lat' dir='ltr'><strong>osque</strong></span> <span class='ocrx_word' id='word_1_337' title='bbox 3044 2426 3453 2496; x_wconf 84' lang='lat' dir='ltr'><strong>sagacissimum</strong></span> 
     </span>
    </p>
   </div>
   <div class='ocr_carea' id='block_1_49' title="bbox 1868 2517 3452 2587">
    <p class='ocr_par' dir='ltr' id='par_1_49' title="bbox 1868 2517 3452 2587">
     <span class='ocr_line' id='line_1_49' title="bbox 1868 2517 3452 2587; baseline -0.003 -16"><span class='ocrx_word' id='word_1_338' title='bbox 1868 2518 2041 2587; x_wconf 90' lang='lat' dir='ltr'><strong>ipsius</strong></span> <span class='ocrx_word' id='word_1_339' title='bbox 2084 2518 2167 2571; x_wconf 90' lang='lat' dir='ltr'><strong>ori</strong></span> <span class='ocrx_word' id='word_1_340' title='bbox 2224 2517 2516 2586; x_wconf 66' lang='lat' dir='ltr'><strong>Sapientiae</strong></span> <span class='ocrx_word' id='word_1_341' title='bbox 2572 2517 2894 2579; x_wconf 85' lang='lat' dir='ltr'><strong>admovens,</strong></span> <span class='ocrx_word' id='word_1_342' title='bbox 2956 2518 3107 2571; x_wconf 89' lang='lat' dir='ltr'><strong>velut</strong></span> <span class='ocrx_word' id='word_1_343' title='bbox 3160 2518 3452 2585; x_wconf 83' lang='lat' dir='ltr'><strong>quemdam</strong></span> 
     </span>
    </p>
   </div>
   <div class='ocr_carea' id='block_1_50' title="bbox 1870 2608 3454 2678">
    <p class='ocr_par' dir='ltr' id='par_1_50' title="bbox 1870 2608 3454 2678">
     <span class='ocr_line' id='line_1_50' title="bbox 1870 2608 3454 2678; baseline -0.001 -15"><span class='ocrx_word' id='word_1_344' title='bbox 1870 2609 2027 2663; x_wconf 91' lang='lat' dir='ltr'><strong>illinc</strong></span> <span class='ocrx_word' id='word_1_345' title='bbox 2054 2609 2243 2664; x_wconf 90' lang='lat' dir='ltr'><strong>vivum</strong></span> <span class='ocrx_word' id='word_1_346' title='bbox 2274 2609 2533 2663; x_wconf 85' lang='lat' dir='ltr'><strong>sublimis</strong></span> <span class='ocrx_word' id='word_1_347' title='bbox 2570 2624 2636 2663; x_wconf 91' lang='lat' dir='ltr'><strong>ac</strong></span> <span class='ocrx_word' id='word_1_348' title='bbox 2675 2608 2885 2663; x_wconf 70' lang='lat' dir='ltr'><strong>deiﬁae</strong></span> <span class='ocrx_word' id='word_1_349' title='bbox 2925 2608 3211 2678; x_wconf 73' lang='lat' dir='ltr'><strong>theologia:</strong></span> <span class='ocrx_word' id='word_1_350' title='bbox 3246 2608 3454 2662; x_wconf 83' lang='lat' dir='ltr'><strong>fontem</strong></span> 
     </span>
    </p>
   </div>
   <div class='ocr_carea' id='block_1_51' title="bbox 1868 2702 2157 2757">
    <p class='ocr_par' dir='ltr' id='par_1_51' title="bbox 1868 2702 2157 2757">
     <span class='ocr_line' id='line_1_51' title="bbox 1868 2702 2157 2757; baseline -0.003 -1"><span class='ocrx_word' id='word_1_351' title='bbox 1868 2702 2157 2757; x_wconf 83' lang='lat' dir='ltr'><strong>reseravit.</strong></span> 
     </span>
    </p>
   </div>
   <div class='ocr_carea' id='block_1_52' title="bbox 1937 2791 3455 2864">
    <p class='ocr_par' dir='ltr' id='par_1_52' title="bbox 1937 2791 3455 2864">
     <span class='ocr_line' id='line_1_52' title="bbox 1937 2791 3455 2864; baseline -0.004 -15"><span class='ocrx_word' id='word_1_352' title='bbox 1937 2796 2071 2864; x_wconf 82' lang='lat' dir='ltr'><strong>Ejus</strong></span> <span class='ocrx_word' id='word_1_353' title='bbox 2111 2794 2360 2857; x_wconf 80' lang='lat' dir='ltr'><strong>exordio,</strong></span> <span class='ocrx_word' id='word_1_354' title='bbox 2419 2792 2587 2848; x_wconf 79' lang='lat' dir='ltr'><strong>Verbi</strong></span> <span class='ocrx_word' id='word_1_355' title='bbox 2624 2793 2678 2847; x_wconf 90' lang='lat' dir='ltr'><strong>in</strong></span> <span class='ocrx_word' id='word_1_356' title='bbox 2726 2792 3003 2863; x_wconf 89' lang='lat' dir='ltr'><strong>principio</strong></span> <span class='ocrx_word' id='word_1_357' title='bbox 3046 2791 3191 2861; x_wconf 90' lang='lat' dir='ltr'><strong>apud</strong></span> <span class='ocrx_word' id='word_1_358' title='bbox 3238 2791 3455 2845; x_wconf 79' lang='lat' dir='ltr'><strong>Patrem</strong></span> 
     </span>
    </p>
   </div>
   <div class='ocr_carea' id='block_1_53' title="bbox 1866 2883 3455 2957">
    <p class='ocr_par' dir='ltr' id='par_1_53' title="bbox 1866 2883 3455 2957">
     <span class='ocr_line' id='line_1_53' title="bbox 1866 2883 3455 2957; baseline -0.004 -16"><span class='ocrx_word' id='word_1_359' title='bbox 1866 2894 2353 2957; x_wconf 60' lang='lat' dir='ltr'><strong>praeteternamque</strong></span> <span class='ocrx_word' id='word_1_360' title='bbox 2386 2884 2969 2954; x_wconf 86' lang='lat' dir='ltr'><strong>supersubstantialem</strong></span> <span class='ocrx_word' id='word_1_361' title='bbox 3013 2883 3455 2938; x_wconf 81' lang='lat' dir='ltr'><strong>eoexsistentiam</strong></span> 
     </span>
    </p>
   </div>
   <div class='ocr_carea' id='block_1_54' title="bbox 1868 2974 3456 3049">
    <p class='ocr_par' dir='ltr' id='par_1_54' title="bbox 1868 2974 3456 3049">
     <span class='ocr_line' id='line_1_54' title="bbox 1868 2974 3456 3049; baseline -0.004 -16"><span class='ocrx_word' id='word_1_362' title='bbox 1868 2995 1969 3049; x_wconf 87' lang='lat' dir='ltr'><strong>pro</strong></span> <span class='ocrx_word' id='word_1_363' title='bbox 2017 2977 2280 3047; x_wconf 86' lang='lat' dir='ltr'><strong>Theologi</strong></span> <span class='ocrx_word' id='word_1_364' title='bbox 2338 2976 2592 3046; x_wconf 91' lang='lat' dir='ltr'><strong>partibus</strong></span> <span class='ocrx_word' id='word_1_365' title='bbox 2633 2976 2849 3029; x_wconf 89' lang='lat' dir='ltr'><strong>tradit:</strong></span> <span class='ocrx_word' id='word_1_366' title='bbox 2886 2974 3055 3028; x_wconf 87' lang='lat' dir='ltr'><strong>tradit</strong></span> <span class='ocrx_word' id='word_1_367' title='bbox 3103 2990 3235 3029; x_wconf 91' lang='lat' dir='ltr'><strong>vero</strong></span> <span class='ocrx_word' id='word_1_368' title='bbox 3288 2974 3456 3029; x_wconf 87' lang='lat' dir='ltr'><strong>etiam</strong></span> 
     </span>
    </p>
   </div>
   <div class='ocr_carea' id='block_1_55' title="bbox 191 3055 1764 3142">
    <p class='ocr_par' dir='ltr' id='par_1_55' title="bbox 191 3055 1760 3131">
     <span class='ocr_line' id='line_1_55' title="bbox 191 3055 1760 3131; baseline 0.006 -25"><span class='ocrx_word' id='word_1_369' title='bbox 191 3055 371 3121; x_wconf 72' lang='grc' dir='ltr'>ὀλίγοις</span> <span class='ocrx_word' id='word_1_370' title='bbox 403 3057 501 3108; x_wconf 78' lang='grc' dir='ltr'><strong>καὶ</strong></span> <span class='ocrx_word' id='word_1_371' title='bbox 532 3057 882 3127; x_wconf 67' lang='grc' dir='ltr'>θεοφθόγγοις</span> <span class='ocrx_word' id='word_1_372' title='bbox 911 3062 1154 3129; x_wconf 75' lang='grc' dir='ltr'>ῥήμασιν</span> <span class='ocrx_word' id='word_1_373' title='bbox 1182 3063 1362 3114; x_wconf 75' lang='grc' dir='ltr'>πᾶσαν</span> <span class='ocrx_word' id='word_1_374' title='bbox 1387 3062 1607 3131; x_wconf 78' lang='grc' dir='ltr'><strong>ὑψηλῶς</strong></span> <span class='ocrx_word' id='word_1_375' title='bbox 1667 3066 1760 3116; x_wconf 80' lang='grc' dir='ltr'><strong>καὶ</strong></span> 
     </span>
    </p>
   </div>
   <div class='ocr_carea' id='block_1_56' title="bbox 1865 3055 3449 3142">
    <p class='ocr_par' dir='ltr' id='par_1_56' title="bbox 1865 3066 3449 3142">
     <span class='ocr_line' id='line_1_56' title="bbox 1865 3066 3449 3142; baseline -0.004 -15"><span class='ocrx_word' id='word_1_376' title='bbox 1865 3074 1984 3142; x_wconf 87' lang='lat' dir='ltr'><strong>ejus</strong></span> <span class='ocrx_word' id='word_1_377' title='bbox 2032 3070 2507 3134; x_wconf 88' lang='lat' dir='ltr'><strong>incarnationem,</strong></span> <span class='ocrx_word' id='word_1_378' title='bbox 2564 3068 2755 3139; x_wconf 86' lang='lat' dir='ltr'><strong>paucis</strong></span> <span class='ocrx_word' id='word_1_379' title='bbox 2811 3068 3128 3136; x_wconf 84' lang='lat' dir='ltr'><strong>divinisque</strong></span> <span class='ocrx_word' id='word_1_380' title='bbox 3186 3066 3449 3131; x_wconf 81' lang='lat' dir='ltr'><strong>vocibus,</strong></span> 
     </span>
    </p>
   </div>
   <div class='ocr_carea' id='block_1_57' title="bbox 194 3146 1758 3223">
    <p class='ocr_par' dir='ltr' id='par_1_57' title="bbox 194 3146 1758 3223">
     <span class='ocr_line' id='line_1_57' title="bbox 194 3146 1758 3223; baseline 0.005 -25"><span class='ocrx_word' id='word_1_381' title='bbox 194 3146 544 3215; x_wconf 57' lang='grc' dir='ltr'><strong>μεγώοφυῶς</strong></span> <span class='ocrx_word' id='word_1_382' title='bbox 581 3149 770 3219; x_wconf 79' lang='grc' dir='ltr'>ὥσπερ</span> <span class='ocrx_word' id='word_1_383' title='bbox 799 3150 858 3214; x_wconf 79' lang='grc' dir='ltr'><strong>ἐξ</strong></span> <span class='ocrx_word' id='word_1_384' title='bbox 886 3152 1116 3220; x_wconf 71' lang='grc' dir='ltr'>οὐρανοῦ</span> <span class='ocrx_word' id='word_1_385' title='bbox 1152 3152 1418 3216; x_wconf 79' lang='grc' dir='ltr'>σαλπίσας</span> <span class='ocrx_word' id='word_1_386' title='bbox 1472 3154 1568 3223; x_wconf 83' lang='grc' dir='ltr'><strong>τὴν</strong></span> <span class='ocrx_word' id='word_1_387' title='bbox 1628 3156 1758 3223; x_wconf 76' lang='grc' dir='ltr'>περὶ</span> 
     </span>
    </p>
   </div>
   <div class='ocr_carea' id='block_1_58' title="bbox 191 3238 1761 3317">
    <p class='ocr_par' dir='ltr' id='par_1_58' title="bbox 191 3238 1761 3317">
     <span class='ocr_line' id='line_1_58' title="bbox 191 3238 1761 3317; baseline 0.007 -28"><span class='ocrx_word' id='word_1_388' title='bbox 191 3238 338 3291; x_wconf 73' lang='grc' dir='ltr'>αὐτοῦ</span> <span class='ocrx_word' id='word_1_389' title='bbox 367 3240 687 3309; x_wconf 81' lang='grc' dir='ltr'>θεηγορίαν.</span> <span class='ocrx_word' id='word_1_390' title='bbox 722 3239 876 3306; x_wconf 76' lang='grc' dir='ltr'>Εἶτα,</span> <span class='ocrx_word' id='word_1_391' title='bbox 912 3245 1394 3315; x_wconf 82' lang='grc' dir='ltr'>ὑπομιμνήσκεται</span> <span class='ocrx_word' id='word_1_392' title='bbox 1432 3246 1531 3315; x_wconf 79' lang='grc' dir='ltr'>μὲν</span> <span class='ocrx_word' id='word_1_393' title='bbox 1577 3248 1635 3300; x_wconf 76' lang='grc' dir='ltr'>ὲν</span> <span class='ocrx_word' id='word_1_394' title='bbox 1681 3248 1761 3317; x_wconf 84' lang='grc' dir='ltr'>τῷ</span> 
     </span>
    </p>
   </div>
   <div class='ocr_carea' id='block_1_59' title="bbox 188 3331 1762 3408">
    <p class='ocr_par' dir='ltr' id='par_1_59' title="bbox 188 3331 1762 3408">
     <span class='ocr_line' id='line_1_59' title="bbox 188 3331 1762 3408; baseline 0.007 -26"><span class='ocrx_word' id='word_1_395' title='bbox 188 3331 476 3402; x_wconf 77' lang='grc' dir='ltr'>Πνεῦματι,</span> <span class='ocrx_word' id='word_1_396' title='bbox 502 3333 615 3385; x_wconf 84' lang='grc' dir='ltr'>τῶν</span> <span class='ocrx_word' id='word_1_397' title='bbox 651 3352 711 3386; x_wconf 87' lang='grc' dir='ltr'><strong>τε</strong></span> <span class='ocrx_word' id='word_1_398' title='bbox 740 3335 915 3401; x_wconf 78' lang='grc' dir='ltr'>λόγων</span> <span class='ocrx_word' id='word_1_399' title='bbox 944 3337 1183 3405; x_wconf 82' lang='grc' dir='ltr'>Χριστοῦ</span> <span class='ocrx_word' id='word_1_400' title='bbox 1214 3339 1309 3389; x_wconf 75' lang='grc' dir='ltr'><strong>καὶ</strong></span> <span class='ocrx_word' id='word_1_401' title='bbox 1336 3338 1446 3390; x_wconf 82' lang='grc' dir='ltr'><strong>τῶν</strong></span> <span class='ocrx_word' id='word_1_402' title='bbox 1477 3339 1656 3408; x_wconf 76' lang='grc' dir='ltr'>ἔργων</span> <span class='ocrx_word' id='word_1_403' title='bbox 1691 3341 1762 3393; x_wconf 68' lang='grc' dir='ltr'>τὰ</span> 
     </span>
    </p>
   </div>
   <div class='ocr_carea' id='block_1_60' title="bbox 188 3424 1761 3501">
    <p class='ocr_par' dir='ltr' id='par_1_60' title="bbox 188 3424 1761 3501">
     <span class='ocr_line' id='line_1_60' title="bbox 188 3424 1761 3501; baseline 0.007 -26"><span class='ocrx_word' id='word_1_404' title='bbox 188 3424 487 3494; x_wconf 63' lang='grc' dir='ltr'>ὑψηλότατά</span> <span class='ocrx_word' id='word_1_405' title='bbox 507 3443 567 3478; x_wconf 88' lang='grc' dir='ltr'><strong>τε</strong></span> <span class='ocrx_word' id='word_1_406' title='bbox 593 3429 686 3480; x_wconf 73' lang='grc' dir='ltr'><strong>καὶ</strong></span> <span class='ocrx_word' id='word_1_407' title='bbox 712 3428 1145 3497; x_wconf 76' lang='grc' dir='ltr'>παραδοξότατα,</span> <span class='ocrx_word' id='word_1_408' title='bbox 1176 3431 1275 3483; x_wconf 81' lang='grc' dir='ltr'>ὅσα</span> <span class='ocrx_word' id='word_1_409' title='bbox 1298 3431 1427 3494; x_wconf 75' lang='grc' dir='ltr'>τοὺς</span> <span class='ocrx_word' id='word_1_410' title='bbox 1456 3431 1564 3501; x_wconf 78' lang='grc' dir='ltr'>πρὸ</span> <span class='ocrx_word' id='word_1_411' title='bbox 1595 3433 1761 3486; x_wconf 71' lang='grc' dir='ltr'>αὐτοῦ</span> 
     </span>
    </p>
   </div>
   <div class='ocr_carea' id='block_1_61' title="bbox 185 3518 1761 3592">
    <p class='ocr_par' dir='ltr' id='par_1_61' title="bbox 185 3518 1761 3592">
     <span class='ocr_line' id='line_1_61' title="bbox 185 3518 1761 3592; baseline 0.005 -24"><span class='ocrx_word' id='word_1_412' title='bbox 185 3518 513 3587; x_wconf 74' lang='grc' dir='ltr'>παραλιπεῖν</span> <span class='ocrx_word' id='word_1_413' title='bbox 577 3520 991 3588; x_wconf 73' lang='grc' dir='ltr'><strong>εὐαγγελιστάς.</strong></span> <span class='ocrx_word' id='word_1_414' title='bbox 1054 3524 1166 3575; x_wconf 77' lang='grc' dir='ltr'><strong>Καὶ</strong></span> <span class='ocrx_word' id='word_1_415' title='bbox 1218 3525 1398 3577; x_wconf 71' lang='grc' dir='ltr'>πάντα</span> <span class='ocrx_word' id='word_1_416' title='bbox 1444 3525 1761 3592; x_wconf 80' lang='grc' dir='ltr'><strong>θεσπεσίαις</strong></span> 
     </span>
    </p>
   </div>
   <div class='ocr_carea' id='block_1_62' title="bbox 185 3609 1759 3683">
    <p class='ocr_par' dir='ltr' id='par_1_62' title="bbox 185 3609 1759 3683">
     <span class='ocr_line' id='line_1_62' title="bbox 185 3609 1759 3683; baseline 0.008 -24"><span class='ocrx_word' id='word_1_417' title='bbox 185 3609 495 3678; x_wconf 80' lang='grc' dir='ltr'>ίερολογίαις</span> <span class='ocrx_word' id='word_1_418' title='bbox 522 3611 891 3681; x_wconf 74' lang='grc' dir='ltr'>ἀνατετακὼς,</span> <span class='ocrx_word' id='word_1_419' title='bbox 913 3615 1007 3666; x_wconf 77' lang='grc' dir='ltr'><strong>καὶ</strong></span> <span class='ocrx_word' id='word_1_420' title='bbox 1034 3614 1214 3668; x_wconf 81' lang='grc' dir='ltr'>πάντα</span> <span class='ocrx_word' id='word_1_421' title='bbox 1233 3616 1370 3669; x_wconf 85' lang='grc' dir='ltr'>Θεοῦ</span> <span class='ocrx_word' id='word_1_422' title='bbox 1398 3620 1603 3683; x_wconf 73' lang='grc' dir='ltr'>φωναῖς</span> <span class='ocrx_word' id='word_1_423' title='bbox 1633 3635 1759 3671; x_wconf 87' lang='grc' dir='ltr'>συν-</span> 
     </span>
    </p>
   </div>
   <div class='ocr_carea' id='block_1_63' title="bbox 181 3701 1761 3777">
    <p class='ocr_par' dir='ltr' id='par_1_63' title="bbox 181 3701 1761 3777">
     <span class='ocr_line' id='line_1_63' title="bbox 181 3701 1761 3777; baseline 0.007 -25"><span class='ocrx_word' id='word_1_424' title='bbox 181 3701 491 3768; x_wconf 77' lang='grc' dir='ltr'>τετελεκὼς,</span> <span class='ocrx_word' id='word_1_425' title='bbox 533 3704 629 3756; x_wconf 79' lang='grc' dir='ltr'><strong>καὶ</strong></span> <span class='ocrx_word' id='word_1_426' title='bbox 648 3705 719 3757; x_wconf 78' lang='grc' dir='ltr'><strong>ἐν</strong></span> <span class='ocrx_word' id='word_1_427' title='bbox 742 3705 1101 3773; x_wconf 77' lang='grc' dir='ltr'><strong>δικαιοσύνῃ</strong></span> <span class='ocrx_word' id='word_1_428' title='bbox 1132 3708 1295 3777; x_wconf 75' lang='grc' dir='ltr'>(κατὰ</span> <span class='ocrx_word' id='word_1_429' title='bbox 1332 3709 1585 3771; x_wconf 80' lang='grc' dir='ltr'>Ἡσαΐαν)</span> <span class='ocrx_word' id='word_1_430' title='bbox 1607 3726 1761 3763; x_wconf 79' lang='grc' dir='ltr'><strong>συν-</strong></span> 
     </span>
    </p>
   </div>
   <div class='ocr_carea' id='block_1_64' title="bbox 182 3794 1759 3871">
    <p class='ocr_par' dir='ltr' id='par_1_64' title="bbox 182 3794 1759 3871">
     <span class='ocr_line' id='line_1_64' title="bbox 182 3794 1759 3871; baseline 0.008 -28"><span class='ocrx_word' id='word_1_431' title='bbox 182 3794 494 3860; x_wconf 80' lang='grc' dir='ltr'>τετμηκὼς,</span> <span class='ocrx_word' id='word_1_432' title='bbox 539 3796 618 3857; x_wconf 78' lang='grc' dir='ltr'><strong>είς</strong></span> <span class='ocrx_word' id='word_1_433' title='bbox 653 3798 723 3851; x_wconf 78' lang='grc' dir='ltr'><strong>τα</strong></span> <span class='ocrx_word' id='word_1_434' title='bbox 784 3799 998 3867; x_wconf 79' lang='grc' dir='ltr'>πέρατα</span> <span class='ocrx_word' id='word_1_435' title='bbox 1026 3801 1186 3854; x_wconf 87' lang='grc' dir='ltr'>τοῦτο</span> <span class='ocrx_word' id='word_1_436' title='bbox 1236 3804 1300 3871; x_wconf 82' lang='grc' dir='ltr'><strong>δὴ</strong></span> <span class='ocrx_word' id='word_1_437' title='bbox 1332 3803 1393 3854; x_wconf 82' lang='grc' dir='ltr'>τὸ</span> <span class='ocrx_word' id='word_1_438' title='bbox 1426 3804 1544 3854; x_wconf 83' lang='grc' dir='ltr'>κατ’</span> <span class='ocrx_word' id='word_1_439' title='bbox 1597 3804 1759 3857; x_wconf 71' lang='grc' dir='ltr'>αὑτὸν</span> 
     </span>
    </p>
   </div>
   <div class='ocr_carea' id='block_1_65' title="bbox 181 3886 1759 3966">
    <p class='ocr_par' dir='ltr' id='par_1_65' title="bbox 181 3886 1759 3966">
     <span class='ocr_line' id='line_1_65' title="bbox 181 3886 1759 3966; baseline 0.008 -29"><span class='ocrx_word' id='word_1_440' title='bbox 181 3886 503 3955; x_wconf 74' lang='grc' dir='ltr'><strong>Εὖαγγέλιον</strong></span> <span class='ocrx_word' id='word_1_441' title='bbox 537 3888 834 3961; x_wconf 79' lang='grc' dir='ltr'>ἐϐρόντησε</span> <span class='ocrx_word' id='word_1_442' title='bbox 866 3892 967 3961; x_wconf 77' lang='grc' dir='ltr'>τῆς</span> <span class='ocrx_word' id='word_1_443' title='bbox 984 3894 1087 3961; x_wconf 83' lang='grc' dir='ltr'>γῆς</span> <span class='ocrx_word' id='word_1_444' title='bbox 1118 3910 1133 3924; x_wconf 89' lang='grc'><strong>·</strong></span> <span class='ocrx_word' id='word_1_445' title='bbox 1180 3894 1365 3963; x_wconf 83' lang='grc' dir='ltr'>πάσης</span> <span class='ocrx_word' id='word_1_446' title='bbox 1420 3897 1520 3966; x_wconf 72' lang='grc' dir='ltr'><strong>ἤδη</strong></span> <span class='ocrx_word' id='word_1_447' title='bbox 1574 3897 1759 3963; x_wconf 80' lang='grc' dir='ltr'>φανεί-</span> 
     </span>
    </p>
   </div>
   <div class='ocr_carea' id='block_1_66' title="bbox 183 3980 1763 4058">
    <p class='ocr_par' dir='ltr' id='par_1_66' title="bbox 183 3980 1763 4058">
     <span class='ocr_line' id='line_1_66' title="bbox 183 3980 1763 4058; baseline 0.007 -29"><span class='ocrx_word' id='word_1_448' title='bbox 183 3993 270 4046; x_wconf 80' lang='grc' dir='ltr'><strong>σης</strong></span> <span class='ocrx_word' id='word_1_449' title='bbox 319 3980 352 4048; x_wconf 75' lang='grc' dir='ltr'>ἢ</span> <span class='ocrx_word' id='word_1_450' title='bbox 417 3983 813 4052; x_wconf 63' lang='grc' dir='ltr'>φανησομένης</span> <span class='ocrx_word' id='word_1_451' title='bbox 884 3984 1157 4055; x_wconf 78' lang='grc' dir='ltr'>αἱρέσεως</span> <span class='ocrx_word' id='word_1_452' title='bbox 1218 3986 1620 4058; x_wconf 77' lang='grc' dir='ltr'>ὲξαναλωτικὴν</span> <span class='ocrx_word' id='word_1_453' title='bbox 1670 3989 1763 4041; x_wconf 72' lang='grc' dir='ltr'><strong>καὶ</strong></span> 
     </span>
    </p>
   </div>
   <div class='ocr_carea' id='block_1_67' title="bbox 180 4072 1764 4148">
    <p class='ocr_par' dir='ltr' id='par_1_67' title="bbox 180 4072 1764 4148">
     <span class='ocr_line' id='line_1_67' title="bbox 180 4072 1764 4148; baseline 0.011 -32"><span class='ocrx_word' id='word_1_454' title='bbox 180 4072 514 4141; x_wconf 74' lang='grc' dir='ltr'>πρηστήρων</span> <span class='ocrx_word' id='word_1_455' title='bbox 572 4074 861 4144; x_wconf 81' lang='grc' dir='ltr'>ἀστραπήν</span> <span class='ocrx_word' id='word_1_456' title='bbox 891 4092 904 4104; x_wconf 84' lang='lat'><strong><em>°</em></strong></span> <span class='ocrx_word' id='word_1_457' title='bbox 955 4080 1137 4147; x_wconf 79' lang='grc' dir='ltr'>πάσης</span> <span class='ocrx_word' id='word_1_458' title='bbox 1175 4079 1232 4133; x_wconf 80' lang='grc' dir='ltr'>δὲ</span> <span class='ocrx_word' id='word_1_459' title='bbox 1280 4081 1611 4148; x_wconf 87' lang='grc' dir='ltr'>θεογνωσίας</span> <span class='ocrx_word' id='word_1_460' title='bbox 1669 4082 1764 4135; x_wconf 60' lang='grc' dir='ltr'><strong>καὶ⁹</strong></span> 
     </span>
    </p>
   </div>
   <div class='ocr_carea' id='block_1_68' title="bbox 180 4158 1760 4243">
    <p class='ocr_par' dir='ltr' id='par_1_68' title="bbox 180 4158 1760 4243">
     <span class='ocr_line' id='line_1_68' title="bbox 180 4158 1760 4243; baseline 0.01 -34"><span class='ocrx_word' id='word_1_461' title='bbox 180 4158 442 4227; x_wconf 75' lang='grc' dir='ltr'>θεολογίας</span> <span class='ocrx_word' id='word_1_462' title='bbox 469 4164 605 4232; x_wconf 83' lang='grc' dir='ltr'>ὅρον</span> <span class='ocrx_word' id='word_1_463' title='bbox 634 4165 913 4233; x_wconf 73' lang='grc' dir='ltr'>ἀληθείας,</span> <span class='ocrx_word' id='word_1_464' title='bbox 945 4170 1041 4222; x_wconf 76' lang='grc' dir='ltr'><strong>καὶ</strong></span> <span class='ocrx_word' id='word_1_465' title='bbox 1079 4172 1557 4243; x_wconf 78' lang='grc' dir='ltr'>ἀπαρεγχείρητον</span> <span class='ocrx_word' id='word_1_466' title='bbox 1618 4174 1760 4240; x_wconf 71' lang='grc' dir='ltr'><strong>γνὼσ</strong></span> 
     </span>
    </p>
   </div>
   <div class='ocr_carea' id='block_1_69' title="bbox 182 4254 1763 4337">
    <p class='ocr_par' dir='ltr' id='par_1_69' title="bbox 182 4254 1763 4337">
     <span class='ocr_line' id='line_1_69' title="bbox 182 4254 1763 4337; baseline 0.011 -36"><span class='ocrx_word' id='word_1_467' title='bbox 182 4268 299 4315; x_wconf 81' lang='grc' dir='ltr'>μονα</span> <span class='ocrx_word' id='word_1_468' title='bbox 318 4254 652 4324; x_wconf 77' lang='grc' dir='ltr'><strong>διαθέμενος</strong></span> <span class='ocrx_word' id='word_1_469' title='bbox 682 4274 697 4286; x_wconf 90' lang='grc'><strong>·</strong></span> <span class='ocrx_word' id='word_1_470' title='bbox 724 4260 817 4311; x_wconf 75' lang='grc' dir='ltr'><strong>καὶ</strong></span> <span class='ocrx_word' id='word_1_471' title='bbox 850 4259 1006 4313; x_wconf 85' lang='grc' dir='ltr'>τοῦτο</span> <span class='ocrx_word' id='word_1_472' title='bbox 1041 4265 1110 4331; x_wconf 78' lang='grc' dir='ltr'>τῇ</span> <span class='ocrx_word' id='word_1_473' title='bbox 1167 4263 1395 4315; x_wconf 77' lang='grc' dir='ltr'>καθόλου</span> <span class='ocrx_word' id='word_1_474' title='bbox 1467 4265 1763 4337; x_wconf 75' lang='grc' dir='ltr'>Ἐκκλησία</span> 
     </span>
    </p>
   </div>
   <div class='ocr_carea' id='block_1_70' title="bbox 179 4342 1762 4426">
    <p class='ocr_par' dir='ltr' id='par_1_70' title="bbox 179 4342 1762 4426">
     <span class='ocr_line' id='line_1_70' title="bbox 179 4342 1762 4426; baseline 0.009 -32"><span class='ocrx_word' id='word_1_475' title='bbox 179 4342 402 4412; x_wconf 75' lang='grc' dir='ltr'>Χριστοῦ</span> <span class='ocrx_word' id='word_1_476' title='bbox 457 4349 665 4417; x_wconf 79' lang='grc' dir='ltr'>καινὴν</span> <span class='ocrx_word' id='word_1_477' title='bbox 721 4350 986 4423; x_wconf 81' lang='grc' dir='ltr'>διαθήκην</span> <span class='ocrx_word' id='word_1_478' title='bbox 1045 4354 1111 4407; x_wconf 83' lang='grc' dir='ltr'>ὲκ</span> <span class='ocrx_word' id='word_1_479' title='bbox 1165 4356 1433 4425; x_wconf 83' lang='grc' dir='ltr'>στόματος</span> <span class='ocrx_word' id='word_1_480' title='bbox 1458 4360 1762 4426; x_wconf 59' lang='grc' dir='ltr'>γραφεῖσαν</span> 
     </span>
    </p>
   </div>
   <div class='ocr_carea' id='block_1_71' title="bbox 1865 3159 3458 3231">
    <p class='ocr_par' dir='ltr' id='par_1_71' title="bbox 1865 3159 3458 3231">
     <span class='ocr_line' id='line_1_71' title="bbox 1865 3159 3458 3231; baseline -0.004 -14"><span class='ocrx_word' id='word_1_481' title='bbox 1865 3178 2084 3217; x_wconf 84' lang='lat' dir='ltr'><strong>onmem</strong></span> <span class='ocrx_word' id='word_1_482' title='bbox 2113 3176 2237 3231; x_wconf 69' lang='lat' dir='ltr'><strong>quae</strong></span> <span class='ocrx_word' id='word_1_483' title='bbox 2265 3160 2333 3214; x_wconf 90' lang='lat' dir='ltr'><strong>dc</strong></span> <span class='ocrx_word' id='word_1_484' title='bbox 2360 3161 2452 3214; x_wconf 92' lang='lat' dir='ltr'><strong>illo</strong></span> <span class='ocrx_word' id='word_1_485' title='bbox 2480 3170 2586 3218; x_wconf 88' lang='lat' dir='ltr'><strong>est.</strong></span> <span class='ocrx_word' id='word_1_486' title='bbox 2626 3159 2849 3213; x_wconf 86' lang='lat' dir='ltr'><strong>sublimi</strong></span> <span class='ocrx_word' id='word_1_487' title='bbox 2893 3174 2957 3213; x_wconf 92' lang='lat' dir='ltr'><strong>ac</strong></span> <span class='ocrx_word' id='word_1_488' title='bbox 2999 3159 3290 3228; x_wconf 88' lang='lat' dir='ltr'><strong>magniﬁco</strong></span> <span class='ocrx_word' id='word_1_489' title='bbox 3320 3175 3458 3228; x_wconf 73' lang='lat' dir='ltr'><strong>pra:-</strong></span> 
     </span>
    </p>
   </div>
   <div class='ocr_carea' id='block_1_72' title="bbox 1865 3248 3457 3321">
    <p class='ocr_par' dir='ltr' id='par_1_72' title="bbox 1865 3248 3457 3321">
     <span class='ocr_line' id='line_1_72' title="bbox 1865 3248 3457 3321; baseline -0.003 -14"><span class='ocrx_word' id='word_1_490' title='bbox 1865 3253 2027 3307; x_wconf 93' lang='lat' dir='ltr'><strong>conio</strong></span> <span class='ocrx_word' id='word_1_491' title='bbox 2054 3252 2205 3306; x_wconf 89' lang='lat' dir='ltr'><strong>velut</strong></span> <span class='ocrx_word' id='word_1_492' title='bbox 2239 3251 2385 3305; x_wconf 67' lang='lat' dir='ltr'><strong>tuba:</strong></span> <span class='ocrx_word' id='word_1_493' title='bbox 2407 3251 2663 3321; x_wconf 78' lang='lat' dir='ltr'><strong>clangore</strong></span> <span class='ocrx_word' id='word_1_494' title='bbox 2686 3258 2985 3304; x_wconf 77' lang='lat' dir='ltr'><strong>exsecutus</strong></span> <span class='ocrx_word' id='word_1_495' title='bbox 3035 3248 3275 3303; x_wconf 83' lang='lat' dir='ltr'><strong>divinam</strong></span> <span class='ocrx_word' id='word_1_496' title='bbox 3312 3266 3457 3319; x_wconf 87' lang='lat' dir='ltr'><strong>pra:-</strong></span> 
     </span>
    </p>
   </div>
   <div class='ocr_carea' id='block_1_73' title="bbox 1866 3341 3457 3412">
    <p class='ocr_par' dir='ltr' id='par_1_73' title="bbox 1866 3341 3457 3412">
     <span class='ocr_line' id='line_1_73' title="bbox 1866 3341 3457 3412; baseline -0.002 -15"><span class='ocrx_word' id='word_1_497' title='bbox 1866 3344 2222 3398; x_wconf 84' lang='lat' dir='ltr'><strong>dicationem.</strong></span> <span class='ocrx_word' id='word_1_498' title='bbox 2262 3344 2514 3412; x_wconf 81' lang='lat' dir='ltr'><strong>Tumque</strong></span> <span class='ocrx_word' id='word_1_499' title='bbox 2544 3350 2954 3396; x_wconf 89' lang='lat' dir='ltr'><strong>commentatur</strong></span> <span class='ocrx_word' id='word_1_500' title='bbox 2987 3341 3043 3395; x_wconf 90' lang='lat' dir='ltr'><strong>in</strong></span> <span class='ocrx_word' id='word_1_501' title='bbox 3084 3341 3292 3411; x_wconf 86' lang='lat' dir='ltr'><strong>Spiritu</strong></span> <span class='ocrx_word' id='word_1_502' title='bbox 3321 3357 3457 3395; x_wconf 88' lang='lat' dir='ltr'><strong>con-</strong></span> 
     </span>
    </p>
   </div>
   <div class='ocr_carea' id='block_1_74' title="bbox 1868 3433 3455 3505">
    <p class='ocr_par' dir='ltr' id='par_1_74' title="bbox 1868 3433 3455 3505">
     <span class='ocr_line' id='line_1_74' title="bbox 1868 3433 3455 3505; baseline -0.004 -14"><span class='ocrx_word' id='word_1_503' title='bbox 1868 3437 2190 3505; x_wconf 87' lang='lat' dir='ltr'><strong>scribilque.</strong></span> <span class='ocrx_word' id='word_1_504' title='bbox 2217 3435 2424 3490; x_wconf 85' lang='lat' dir='ltr'><strong>Christi</strong></span> <span class='ocrx_word' id='word_1_505' title='bbox 2468 3444 2584 3488; x_wconf 91' lang='lat' dir='ltr'><strong>tum</strong></span> <span class='ocrx_word' id='word_1_506' title='bbox 2636 3433 3018 3488; x_wconf 87' lang='lat' dir='ltr'><strong>doctrinarum</strong></span> <span class='ocrx_word' id='word_1_507' title='bbox 3067 3443 3182 3487; x_wconf 91' lang='lat' dir='ltr'><strong>tum</strong></span> <span class='ocrx_word' id='word_1_508' title='bbox 3226 3448 3455 3502; x_wconf 89' lang='lat' dir='ltr'><strong>operum</strong></span> 
     </span>
    </p>
   </div>
   <div class='ocr_carea' id='block_1_75' title="bbox 1867 3525 3457 3597">
    <p class='ocr_par' dir='ltr' id='par_1_75' title="bbox 1867 3525 3457 3597">
     <span class='ocr_line' id='line_1_75' title="bbox 1867 3525 3457 3597; baseline -0.004 -14"><span class='ocrx_word' id='word_1_509' title='bbox 1867 3528 2280 3597; x_wconf 65' lang='lat' dir='ltr'><strong>praecelsissima</strong></span> <span class='ocrx_word' id='word_1_510' title='bbox 2305 3542 2627 3595; x_wconf 89' lang='lat' dir='ltr'><strong>summeque</strong></span> <span class='ocrx_word' id='word_1_511' title='bbox 2665 3525 2990 3580; x_wconf 89' lang='lat' dir='ltr'><strong>admiranda</strong></span> <span class='ocrx_word' id='word_1_512' title='bbox 3038 3535 3095 3580; x_wconf 90' lang='lat' dir='ltr'><strong>et</strong></span> <span class='ocrx_word' id='word_1_513' title='bbox 3139 3540 3301 3588; x_wconf 85' lang='lat' dir='ltr'><strong>nova,</strong></span> <span class='ocrx_word' id='word_1_514' title='bbox 3329 3525 3457 3579; x_wconf 90' lang='lat' dir='ltr'><strong>aliis</strong></span> 
     </span>
    </p>
   </div>
   <div class='ocr_carea' id='block_1_76' title="bbox 1867 3616 3455 3687">
    <p class='ocr_par' dir='ltr' id='par_1_76' title="bbox 1867 3616 3455 3687">
     <span class='ocr_line' id='line_1_76' title="bbox 1867 3616 3455 3687; baseline -0.003 -13"><span class='ocrx_word' id='word_1_515' title='bbox 1867 3618 1982 3674; x_wconf 79' lang='lat' dir='ltr'><strong>fere</strong></span> <span class='ocrx_word' id='word_1_516' title='bbox 2034 3619 2387 3687; x_wconf 86' lang='lat' dir='ltr'><strong>evangelistis</strong></span> <span class='ocrx_word' id='word_1_517' title='bbox 2444 3618 2668 3670; x_wconf 90' lang='lat' dir='ltr'><strong>omissa.</strong></span> <span class='ocrx_word' id='word_1_518' title='bbox 2715 3616 2966 3686; x_wconf 86' lang='lat' dir='ltr'><strong>Cumque</strong></span> <span class='ocrx_word' id='word_1_519' title='bbox 3015 3616 3219 3671; x_wconf 84' lang='lat' dir='ltr'><strong>divinis</strong></span> <span class='ocrx_word' id='word_1_520' title='bbox 3256 3626 3455 3670; x_wconf 85' lang='lat' dir='ltr'><strong>cuncta</strong></span> 
     </span>
    </p>
   </div>
   <div class='ocr_carea' id='block_1_77' title="bbox 1866 3708 3454 3778">
    <p class='ocr_par' dir='ltr' id='par_1_77' title="bbox 1866 3708 3454 3778">
     <span class='ocr_line' id='line_1_77' title="bbox 1866 3708 3454 3778; baseline -0.003 -14"><span class='ocrx_word' id='word_1_521' title='bbox 1866 3710 2217 3764; x_wconf 88' lang='lat' dir='ltr'><strong>sermonibus</strong></span> <span class='ocrx_word' id='word_1_522' title='bbox 2260 3710 2705 3778; x_wconf 85' lang='lat' dir='ltr'><strong>conscripsisset,</strong></span> <span class='ocrx_word' id='word_1_523' title='bbox 2742 3708 2951 3778; x_wconf 89' lang='lat' dir='ltr'><strong>Deique</strong></span> <span class='ocrx_word' id='word_1_524' title='bbox 3002 3708 3234 3763; x_wconf 80' lang='lat' dir='ltr'><strong>vocibus</strong></span> <span class='ocrx_word' id='word_1_525' title='bbox 3268 3710 3454 3761; x_wconf 85' lang='lat' dir='ltr'><strong>omnia</strong></span> 
     </span>
    </p>
   </div>
   <div class='ocr_carea' id='block_1_78' title="bbox 1867 3800 3455 3871">
    <p class='ocr_par' dir='ltr' id='par_1_78' title="bbox 1867 3800 3455 3871">
     <span class='ocr_line' id='line_1_78' title="bbox 1867 3800 3455 3871; baseline -0.002 -15"><span class='ocrx_word' id='word_1_526' title='bbox 1867 3802 2217 3861; x_wconf 87' lang='lat' dir='ltr'><strong>absolvisset.</strong></span> <span class='ocrx_word' id='word_1_527' title='bbox 2272 3811 2437 3870; x_wconf 91' lang='lat' dir='ltr'><strong>atque</strong></span> <span class='ocrx_word' id='word_1_528' title='bbox 2480 3802 2533 3853; x_wconf 79' lang='lat' dir='ltr'><strong>in</strong></span> <span class='ocrx_word' id='word_1_529' title='bbox 2588 3802 2803 3871; x_wconf 75' lang='lat' dir='ltr'><strong>justitia</strong></span> <span class='ocrx_word' id='word_1_530' title='bbox 2849 3802 2932 3865; x_wconf 84' lang='lat' dir='ltr'><strong>(ut</strong></span> <span class='ocrx_word' id='word_1_531' title='bbox 2974 3800 3141 3855; x_wconf 85' lang='lat' dir='ltr'><strong>Isaias</strong></span> <span class='ocrx_word' id='word_1_532' title='bbox 3190 3801 3455 3868; x_wconf 87' lang='lat' dir='ltr'><strong>loquitur)</strong></span> 
     </span>
    </p>
   </div>
   <div class='ocr_carea' id='block_1_79' title="bbox 1864 3894 3453 3963">
    <p class='ocr_par' dir='ltr' id='par_1_79' title="bbox 1864 3894 3453 3963">
     <span class='ocr_line' id='line_1_79' title="bbox 1864 3894 3453 3963; baseline -0.004 -12"><span class='ocrx_word' id='word_1_533' title='bbox 1864 3895 2305 3959; x_wconf 74' lang='lat' dir='ltr'><strong>.abbrct-iasset”,</strong></span> <span class='ocrx_word' id='word_1_534' title='bbox 2341 3894 2446 3948; x_wconf 92' lang='lat' dir='ltr'><strong>hoc</strong></span> <span class='ocrx_word' id='word_1_535' title='bbox 2485 3910 2515 3949; x_wconf 91' lang='lat' dir='ltr'><strong>a</strong></span> <span class='ocrx_word' id='word_1_536' title='bbox 2558 3909 2618 3948; x_wconf 89' lang='lat' dir='ltr'><strong>se</strong></span> <span class='ocrx_word' id='word_1_537' title='bbox 2661 3894 3033 3963; x_wconf 76' lang='lat' dir='ltr'><strong>conscriptum</strong></span> <span class='ocrx_word' id='word_1_538' title='bbox 3094 3894 3453 3962; x_wconf 79' lang='lat' dir='ltr'><strong>Evangeliuni</strong></span> 
     </span>
    </p>
   </div>
   <div class='ocr_carea' id='block_1_80' title="bbox 1870 3985 3455 4056">
    <p class='ocr_par' dir='ltr' id='par_1_80' title="bbox 1870 3985 3455 4056">
     <span class='ocr_line' id='line_1_80' title="bbox 1870 3985 3455 4056; baseline -0.004 -12"><span class='ocrx_word' id='word_1_539' title='bbox 1870 3990 1926 4044; x_wconf 88' lang='lat' dir='ltr'><strong>in</strong></span> <span class='ocrx_word' id='word_1_540' title='bbox 1957 3988 2110 4043; x_wconf 91' lang='lat' dir='ltr'><strong>orbis</strong></span> <span class='ocrx_word' id='word_1_541' title='bbox 2132 3987 2270 4042; x_wconf 86' lang='lat' dir='ltr'><strong>ﬁnes</strong></span> <span class='ocrx_word' id='word_1_542' title='bbox 2303 3986 2557 4041; x_wconf 90' lang='lat' dir='ltr'><strong>detonuit</strong></span> <span class='ocrx_word' id='word_1_543' title='bbox 2582 4005 2597 4040; x_wconf 90' lang='lat'><strong>:</strong></span> <span class='ocrx_word' id='word_1_544' title='bbox 2619 3986 2804 4055; x_wconf 80' lang='lat' dir='ltr'><strong>fulgur</strong></span> <span class='ocrx_word' id='word_1_545' title='bbox 2827 3985 3088 4039; x_wconf 83' lang='lat' dir='ltr'><strong>nimirum</strong></span> <span class='ocrx_word' id='word_1_546' title='bbox 3115 3985 3455 4056; x_wconf 88' lang='lat' dir='ltr'><strong>ignitumque</strong></span> 
     </span>
    </p>
   </div>
   <div class='ocr_carea' id='block_1_81' title="bbox 1869 4077 3458 4151">
    <p class='ocr_par' dir='ltr' id='par_1_81' title="bbox 1869 4077 3458 4151">
     <span class='ocr_line' id='line_1_81' title="bbox 1869 4077 3458 4151; baseline -0.005 -15"><span class='ocrx_word' id='word_1_547' title='bbox 1869 4081 2139 4151; x_wconf 87' lang='lat' dir='ltr'><strong>ejusmodi</strong></span> <span class='ocrx_word' id='word_1_548' title='bbox 2178 4081 2483 4143; x_wconf 88' lang='lat' dir='ltr'><strong>turbinem,</strong></span> <span class='ocrx_word' id='word_1_549' title='bbox 2530 4088 2591 4132; x_wconf 92' lang='lat' dir='ltr'><strong>ut</strong></span> <span class='ocrx_word' id='word_1_550' title='bbox 2629 4077 3011 4134; x_wconf 90' lang='lat' dir='ltr'><strong>consumendo</strong></span> <span class='ocrx_word' id='word_1_551' title='bbox 3056 4077 3127 4131; x_wconf 86' lang='lat' dir='ltr'><strong>sit</strong></span> <span class='ocrx_word' id='word_1_552' title='bbox 3182 4077 3458 4131; x_wconf 86' lang='lat' dir='ltr'><strong>acincen-</strong></span> 
     </span>
    </p>
   </div>
   <div class='ocr_carea' id='block_1_82' title="bbox 1871 4167 3452 4242">
    <p class='ocr_par' dir='ltr' id='par_1_82' title="bbox 1871 4167 3452 4242">
     <span class='ocr_line' id='line_1_82' title="bbox 1871 4167 3452 4242; baseline -0.005 -15"><span class='ocrx_word' id='word_1_553' title='bbox 1871 4173 2075 4237; x_wconf 86' lang='lat' dir='ltr'><strong>dendo,</strong></span> <span class='ocrx_word' id='word_1_554' title='bbox 2102 4170 2371 4242; x_wconf 86' lang='lat' dir='ltr'><strong>quidquid</strong></span> <span class='ocrx_word' id='word_1_555' title='bbox 2398 4170 2618 4225; x_wconf 87' lang='lat' dir='ltr'><strong>demum</strong></span> <span class='ocrx_word' id='word_1_556' title='bbox 2638 4170 2921 4223; x_wconf 63' lang='lat' dir='ltr'><strong>haereseon</strong></span> <span class='ocrx_word' id='word_1_557' title='bbox 2950 4167 3163 4221; x_wconf 77' lang='lat' dir='ltr'><strong>exstitit</strong></span> <span class='ocrx_word' id='word_1_558' title='bbox 3192 4182 3452 4235; x_wconf 83' lang='lat' dir='ltr'><strong>unquam.</strong></span> 
     </span>
    </p>
   </div>
   <div class='ocr_carea' id='block_1_83' title="bbox 1870 4257 3454 4330">
    <p class='ocr_par' dir='ltr' id='par_1_83' title="bbox 1870 4257 3454 4330">
     <span class='ocr_line' id='line_1_83' title="bbox 1870 4257 3454 4330; baseline -0.006 -13"><span class='ocrx_word' id='word_1_559' title='bbox 1870 4275 2034 4318; x_wconf 86' lang='lat' dir='ltr'><strong>autve</strong></span> <span class='ocrx_word' id='word_1_560' title='bbox 2092 4263 2347 4329; x_wconf 83' lang='lat' dir='ltr'><strong>exsistet;</strong></span> <span class='ocrx_word' id='word_1_561' title='bbox 2383 4262 2675 4330; x_wconf 89' lang='lat' dir='ltr'><strong>omnisque</strong></span> <span class='ocrx_word' id='word_1_562' title='bbox 2715 4259 2843 4313; x_wconf 89' lang='lat' dir='ltr'><strong>ﬁdei</strong></span> <span class='ocrx_word' id='word_1_563' title='bbox 2882 4274 2945 4313; x_wconf 90' lang='lat' dir='ltr'><strong>ac</strong></span> <span class='ocrx_word' id='word_1_564' title='bbox 2975 4258 3282 4327; x_wconf 60' lang='lat' dir='ltr'><strong>theologia),</strong></span> <span class='ocrx_word' id='word_1_565' title='bbox 3309 4257 3454 4310; x_wconf 77' lang='lat' dir='ltr'><strong>veri-</strong></span> 
     </span>
    </p>
   </div>
   <div class='ocr_carea' id='block_1_84' title="bbox 1873 4349 3451 4422">
    <p class='ocr_par' dir='ltr' id='par_1_84' title="bbox 1873 4349 3451 4422">
     <span class='ocr_line' id='line_1_84' title="bbox 1873 4349 3451 4422; baseline -0.006 -12"><span class='ocrx_word' id='word_1_566' title='bbox 1873 4356 2002 4410; x_wconf 86' lang='lat' dir='ltr'><strong>tatis</strong></span> <span class='ocrx_word' id='word_1_567' title='bbox 2028 4355 2324 4409; x_wconf 88' lang='lat' dir='ltr'><strong>termiuum</strong></span> <span class='ocrx_word' id='word_1_568' title='bbox 2359 4368 2725 4422; x_wconf 90' lang='lat' dir='ltr'><strong>normamque</strong></span> <span class='ocrx_word' id='word_1_569' title='bbox 2766 4349 3140 4405; x_wconf 82' lang='lat' dir='ltr'><strong>inviolabilem</strong></span> <span class='ocrx_word' id='word_1_570' title='bbox 3170 4359 3451 4411; x_wconf 83' lang='lat' dir='ltr'><strong>statuens;</strong></span> 
     </span>
    </p>
   </div>
   <div class='ocr_carea' id='block_1_85' title="bbox 178 4438 1764 4517">
    <p class='ocr_par' dir='ltr' id='par_1_85' title="bbox 178 4438 1758 4517">
     <span class='ocr_line' id='line_1_85' title="bbox 178 4438 1758 4517; baseline 0.011 -30"><span class='ocrx_word' id='word_1_571' title='bbox 178 4438 441 4503; x_wconf 72' lang='grc' dir='ltr'>παραδοῦς</span> <span class='ocrx_word' id='word_1_572' title='bbox 476 4439 580 4492; x_wconf 90' lang='grc' dir='ltr'><strong>τοῦ</strong></span> <span class='ocrx_word' id='word_1_573' title='bbox 612 4442 850 4510; x_wconf 76' lang='grc' dir='ltr'>Χριστοῦ</span> <span class='ocrx_word' id='word_1_574' title='bbox 890 4461 906 4476; x_wconf 89' lang='grc'><strong>·</strong></span> <span class='ocrx_word' id='word_1_575' title='bbox 930 4447 1171 4516; x_wconf 70' lang='grc' dir='ltr'>τοσούτῳ</span> <span class='ocrx_word' id='word_1_576' title='bbox 1200 4449 1297 4517; x_wconf 78' lang='grc' dir='ltr'>τῆς</span> <span class='ocrx_word' id='word_1_577' title='bbox 1318 4450 1375 4501; x_wconf 80' lang='grc' dir='ltr'>ὲν</span> <span class='ocrx_word' id='word_1_578' title='bbox 1401 4450 1565 4516; x_wconf 77' lang='grc' dir='ltr'>πλαξὶ</span> <span class='ocrx_word' id='word_1_579' title='bbox 1590 4452 1758 4504; x_wconf 73' lang='grc' dir='ltr'>παλαι</span> 
     </span>
    </p>
   </div>
   <div class='ocr_carea' id='block_1_86' title="bbox 1865 4438 3455 4517">
    <p class='ocr_par' dir='ltr' id='par_1_86' title="bbox 1865 4439 3455 4516">
     <span class='ocr_line' id='line_1_86' title="bbox 1865 4439 3455 4516; baseline -0.004 -17"><span class='ocrx_word' id='word_1_580' title='bbox 1865 4457 2029 4516; x_wconf 87' lang='lat' dir='ltr'><strong>atque</strong></span> <span class='ocrx_word' id='word_1_581' title='bbox 2062 4447 2168 4501; x_wconf 90' lang='lat' dir='ltr'><strong>hoc</strong></span> <span class='ocrx_word' id='word_1_582' title='bbox 2190 4447 2465 4500; x_wconf 74' lang='lat' dir='ltr'><strong>universae</strong></span> <span class='ocrx_word' id='word_1_583' title='bbox 2492 4442 2696 4499; x_wconf 88' lang='lat' dir='ltr'><strong>Christi</strong></span> <span class='ocrx_word' id='word_1_584' title='bbox 2734 4441 2999 4497; x_wconf 61' lang='lat' dir='ltr'><strong>Ecclesia</strong></span> <span class='ocrx_word' id='word_1_585' title='bbox 3030 4456 3237 4493; x_wconf 86' lang='lat' dir='ltr'><strong>novum</strong></span> <span class='ocrx_word' id='word_1_586' title='bbox 3274 4439 3455 4493; x_wconf 60' lang='lat' dir='ltr'><strong>foedus</strong></span> 
     </span>
    </p>
   </div>
   <div class='ocr_carea' id='block_1_87' title="bbox 177 4527 1761 4609">
    <p class='ocr_par' dir='ltr' id='par_1_87' title="bbox 177 4527 1761 4609">
     <span class='ocr_line' id='line_1_87' title="bbox 177 4527 1761 4609; baseline 0.009 -28"><span class='ocrx_word' id='word_1_587' title='bbox 177 4527 243 4595; x_wconf 78' lang='grc' dir='ltr'>τῷ</span> <span class='ocrx_word' id='word_1_588' title='bbox 272 4532 466 4584; x_wconf 84' lang='grc' dir='ltr'><strong>Μωσεῖ</strong></span> <span class='ocrx_word' id='word_1_589' title='bbox 496 4536 898 4605; x_wconf 81' lang='grc' dir='ltr'>γεγραμμένης</span> <span class='ocrx_word' id='word_1_590' title='bbox 921 4537 1372 4609; x_wconf 80' lang='grc' dir='ltr'>σεόασμιωτέραν</span> <span class='ocrx_word' id='word_1_591' title='bbox 1406 4558 1465 4593; x_wconf 91' lang='grc' dir='ltr'><strong>τε</strong></span> <span class='ocrx_word' id='word_1_592' title='bbox 1497 4543 1594 4595; x_wconf 73' lang='grc' dir='ltr'>καὶ</span> <span class='ocrx_word' id='word_1_593' title='bbox 1641 4542 1761 4595; x_wconf 85' lang='grc' dir='ltr'>θεο-</span> 
     </span>
    </p>
   </div>
   <div class='ocr_carea' id='block_1_88' title="bbox 178 4628 1765 4705">
    <p class='ocr_par' dir='ltr' id='par_1_88' title="bbox 178 4628 1765 4705">
     <span class='ocr_line' id='line_1_88' title="bbox 178 4628 1765 4705; baseline 0.009 -31"><span class='ocrx_word' id='word_1_594' title='bbox 178 4628 585 4698; x_wconf 80' lang='grc' dir='ltr'>πρεπεστέραν,</span> <span class='ocrx_word' id='word_1_595' title='bbox 646 4630 753 4699; x_wconf 79' lang='grc' dir='ltr'><strong>ὅσῳ</strong></span> <span class='ocrx_word' id='word_1_596' title='bbox 778 4632 880 4700; x_wconf 74' lang='grc' dir='ltr'>τὴν</span> <span class='ocrx_word' id='word_1_597' title='bbox 933 4633 1170 4686; x_wconf 73' lang='grc' dir='ltr'>παλαιὰν</span> <span class='ocrx_word' id='word_1_598' title='bbox 1218 4634 1317 4701; x_wconf 77' lang='grc' dir='ltr'>μὲν</span> <span class='ocrx_word' id='word_1_599' title='bbox 1366 4637 1399 4705; x_wconf 77' lang='grc' dir='ltr'><strong>ἡ</strong></span> <span class='ocrx_word' id='word_1_600' title='bbox 1455 4635 1640 4705; x_wconf 80' lang='grc' dir='ltr'>καινὴ,</span> <span class='ocrx_word' id='word_1_601' title='bbox 1673 4637 1765 4689; x_wconf 82' lang='grc' dir='ltr'><strong>τὸν</strong></span> 
     </span>
    </p>
   </div>
   <div class='ocr_carea' id='block_1_89' title="bbox 178 4714 1763 4797">
    <p class='ocr_par' dir='ltr' id='par_1_89' title="bbox 178 4714 1763 4797">
     <span class='ocr_line' id='line_1_89' title="bbox 178 4714 1763 4797; baseline 0.01 -32"><span class='ocrx_word' id='word_1_602' title='bbox 178 4714 323 4784; x_wconf 59' lang='grc' dir='ltr'>νέμον</span> <span class='ocrx_word' id='word_1_603' title='bbox 351 4718 409 4772; x_wconf 83' lang='grc' dir='ltr'><strong>δὲ</strong></span> <span class='ocrx_word' id='word_1_604' title='bbox 446 4720 553 4772; x_wconf 90' lang='grc' dir='ltr'><strong>τοῦ</strong></span> <span class='ocrx_word' id='word_1_605' title='bbox 590 4721 920 4790; x_wconf 73' lang='grc' dir='ltr'>γράμματος</span> <span class='ocrx_word' id='word_1_606' title='bbox 967 4725 995 4776; x_wconf 86' lang='grc' dir='ltr'>ὁ</span> <span class='ocrx_word' id='word_1_607' title='bbox 1026 4725 1123 4777; x_wconf 90' lang='grc' dir='ltr'><strong>τοῦ</strong></span> <span class='ocrx_word' id='word_1_608' title='bbox 1158 4726 1469 4794; x_wconf 73' lang='grc' dir='ltr'>πνεύματος</span> <span class='ocrx_word' id='word_1_609' title='bbox 1527 4728 1620 4780; x_wconf 76' lang='grc' dir='ltr'>καὶ</span> <span class='ocrx_word' id='word_1_610' title='bbox 1661 4728 1763 4797; x_wconf 79' lang='grc' dir='ltr'>τῆς</span> 
     </span>
    </p>
   </div>
   <div class='ocr_carea' id='block_1_90' title="bbox 178 4805 1685 4887">
    <p class='ocr_par' dir='ltr' id='par_1_90' title="bbox 178 4805 1685 4887">
     <span class='ocr_line' id='line_1_90' title="bbox 178 4805 1685 4887; baseline 0.009 -28"><span class='ocrx_word' id='word_1_611' title='bbox 178 4805 418 4877; x_wconf 71' lang='grc' dir='ltr'>ἀληθείας</span> <span class='ocrx_word' id='word_1_612' title='bbox 456 4813 889 4883; x_wconf 79' lang='grc' dir='ltr'>παρευδοκιμεῖ.</span> <span class='ocrx_word' id='word_1_613' title='bbox 925 4817 1033 4869; x_wconf 74' lang='grc' dir='ltr'>Καὶ</span> <span class='ocrx_word' id='word_1_614' title='bbox 1065 4819 1133 4871; x_wconf 70' lang='grc' dir='ltr'>τὰ</span> <span class='ocrx_word' id='word_1_615' title='bbox 1178 4819 1277 4887; x_wconf 81' lang='grc' dir='ltr'>μὲν</span> <span class='ocrx_word' id='word_1_616' title='bbox 1293 4819 1390 4872; x_wconf 71' lang='grc' dir='ltr'><strong>ἐπὶ</strong></span> <span class='ocrx_word' id='word_1_617' title='bbox 1412 4819 1685 4873; x_wconf 83' lang='grc' dir='ltr'>τοσοῦτον.</span> 
     </span>
    </p>
   </div>
   <div class='ocr_carea' id='block_1_91' title="bbox 237 4982 1768 5065">
    <p class='ocr_par' dir='ltr' id='par_1_91' title="bbox 237 4982 1768 5065">
     <span class='ocr_line' id='line_1_91' title="bbox 237 4982 1768 5065; baseline 0.007 -30"><span class='ocrx_word' id='word_1_618' title='bbox 237 4982 384 5037; x_wconf 79' lang='grc' dir='ltr'>Ἐπεὶ</span> <span class='ocrx_word' id='word_1_619' title='bbox 416 4986 473 5038; x_wconf 71' lang='grc' dir='ltr'><strong>δὲ</strong></span> <span class='ocrx_word' id='word_1_620' title='bbox 499 4987 612 5057; x_wconf 76' lang='grc' dir='ltr'>τὴν</span> <span class='ocrx_word' id='word_1_621' title='bbox 644 4986 738 5039; x_wconf 84' lang='grc' dir='ltr'><strong>τοῦ</strong></span> <span class='ocrx_word' id='word_1_622' title='bbox 762 4988 1075 5058; x_wconf 66' lang='grc' dir='ltr'>Πνεῦματος</span> <span class='ocrx_word' id='word_1_623' title='bbox 1106 4990 1386 5046; x_wconf 83' lang='grc' dir='ltr'>διακονίαν</span> <span class='ocrx_word' id='word_1_624' title='bbox 1424 4994 1517 5047; x_wconf 63' lang='grc' dir='ltr'><strong>κα)⁸</strong></span> <span class='ocrx_word' id='word_1_625' title='bbox 1552 4994 1768 5065; x_wconf 71' lang='grc' dir='ltr'>ἱερονρ·</span> 
     </span>
    </p>
   </div>
   <div class='ocr_carea' id='block_1_92' title="bbox 179 5074 1768 5157">
    <p class='ocr_par' dir='ltr' id='par_1_92' title="bbox 179 5074 1768 5157">
     <span class='ocr_line' id='line_1_92' title="bbox 179 5074 1768 5157; baseline 0.01 -32"><span class='ocrx_word' id='word_1_626' title='bbox 179 5074 287 5139; x_wconf 84' lang='grc' dir='ltr'>γίαν</span> <span class='ocrx_word' id='word_1_627' title='bbox 318 5080 411 5132; x_wconf 85' lang='grc' dir='ltr'><strong>τοῦ</strong></span> <span class='ocrx_word' id='word_1_628' title='bbox 441 5081 817 5146; x_wconf 68' lang='grc' dir='ltr'>Εὑαγ-ίεὶίον,</span> <span class='ocrx_word' id='word_1_629' title='bbox 850 5083 912 5134; x_wconf 78' lang='grc' dir='ltr'>τὸ</span> <span class='ocrx_word' id='word_1_630' title='bbox 938 5083 1098 5153; x_wconf 75' lang='grc' dir='ltr'>ἔργον</span> <span class='ocrx_word' id='word_1_631' title='bbox 1129 5085 1227 5152; x_wconf 77' lang='grc' dir='ltr'>τῆς</span> <span class='ocrx_word' id='word_1_632' title='bbox 1270 5087 1481 5157; x_wconf 67' lang='grc' dir='ltr'>ὑψηλῆς</span> <span class='ocrx_word' id='word_1_633' title='bbox 1532 5089 1768 5140; x_wconf 74' lang='grc' dir='ltr'>ἀποστοο</span> 
     </span>
    </p>
   </div>
   <div class='ocr_carea' id='block_1_93' title="bbox 180 5166 1766 5249">
    <p class='ocr_par' dir='ltr' id='par_1_93' title="bbox 180 5166 1766 5249">
     <span class='ocr_line' id='line_1_93' title="bbox 180 5166 1766 5249; baseline 0.023 -32"><span class='ocrx_word' id='word_1_634' title='bbox 180 5166 281 5236; x_wconf 65' lang='grc' dir='ltr'><strong>λῆς.</strong></span> <span class='ocrx_word' id='word_1_635' title='bbox 314 5172 388 5233; x_wconf 81' lang='grc' dir='ltr'><strong>ὡς</strong></span> <span class='ocrx_word' id='word_1_636' title='bbox 429 5173 643 5235; x_wconf 72' lang='grc' dir='ltr'>πιστὸς</span> <span class='ocrx_word' id='word_1_637' title='bbox 674 5172 752 5240; x_wconf 78' lang='grc' dir='ltr'>τῷ</span> <span class='ocrx_word' id='word_1_638' title='bbox 790 5175 904 5226; x_wconf 76' lang='grc' dir='ltr'>δντι</span> <span class='ocrx_word' id='word_1_639' title='bbox 936 5180 1028 5227; x_wconf 73' lang='grc' dir='ltr'><strong>καιί</strong></span> <span class='ocrx_word' id='word_1_640' title='bbox 1052 5178 1311 5245; x_wconf 58' lang='grc' dir='ltr'>φρόνιμος</span> <span class='ocrx_word' id='word_1_641' title='bbox 1337 5180 1619 5249; x_wconf 73' lang='grc' dir='ltr'>οἰκονόμος</span> <span class='ocrx_word' id='word_1_642' title='bbox 1676 5196 1766 5231; x_wconf 84' lang='grc' dir='ltr'><strong>τε·</strong></span> 
     </span>
    </p>
   </div>
   <div class='ocr_carea' id='block_1_94' title="bbox 180 5259 1762 5338">
    <p class='ocr_par' dir='ltr' id='par_1_94' title="bbox 180 5259 1762 5338">
     <span class='ocr_line' id='line_1_94' title="bbox 180 5259 1762 5338; baseline 0.008 -27"><span class='ocrx_word' id='word_1_643' title='bbox 180 5259 491 5325; x_wconf 75' lang='grc' dir='ltr'>τελειωκὼς,</span> <span class='ocrx_word' id='word_1_644' title='bbox 522 5264 628 5315; x_wconf 74' lang='grc' dir='ltr'><strong>καὶ</strong></span> <span class='ocrx_word' id='word_1_645' title='bbox 646 5266 727 5324; x_wconf 74' lang='grc' dir='ltr'>εἰς</span> <span class='ocrx_word' id='word_1_646' title='bbox 757 5268 875 5317; x_wconf 84' lang='grc' dir='ltr'>πῖον</span> <span class='ocrx_word' id='word_1_647' title='bbox 904 5268 1005 5336; x_wconf 73' lang='grc' dir='ltr'><strong>ἤδη</strong></span> <span class='ocrx_word' id='word_1_648' title='bbox 1040 5268 1213 5337; x_wconf 73' lang='grc' dir='ltr'>γῆρας</span> <span class='ocrx_word' id='word_1_649' title='bbox 1236 5270 1534 5338; x_wconf 72' lang='grc' dir='ltr'>ἐληλακὼς,</span> <span class='ocrx_word' id='word_1_650' title='bbox 1580 5270 1762 5324; x_wconf 70' lang='grc' dir='ltr'>ἐπόθει</span> 
     </span>
    </p>
   </div>
   <div class='ocr_carea' id='block_1_95' title="bbox 181 5351 1774 5432">
    <p class='ocr_par' dir='ltr' id='par_1_95' title="bbox 181 5351 1774 5432">
     <span class='ocr_line' id='line_1_95' title="bbox 181 5351 1774 5432; baseline 0.008 -30"><span class='ocrx_word' id='word_1_651' title='bbox 181 5351 265 5421; x_wconf 73' lang='grc' dir='ltr'>τὴν</span> <span class='ocrx_word' id='word_1_652' title='bbox 290 5356 592 5418; x_wconf 77' lang='grc' dir='ltr'>αναὶυσιν,</span> <span class='ocrx_word' id='word_1_653' title='bbox 661 5362 909 5427; x_wconf 83' lang='grc' dir='ltr'>κρεῖττον</span> <span class='ocrx_word' id='word_1_654' title='bbox 937 5362 993 5413; x_wconf 74' lang='grc' dir='ltr'><em>δὲ</em></span> <span class='ocrx_word' id='word_1_655' title='bbox 1028 5364 1215 5427; x_wconf 69' lang='grc' dir='ltr'>φάναι,</span> <span class='ocrx_word' id='word_1_656' title='bbox 1243 5362 1339 5415; x_wconf 92' lang='grc' dir='ltr'><strong>τοῦ</strong></span> <span class='ocrx_word' id='word_1_657' title='bbox 1375 5364 1622 5432; x_wconf 82' lang='grc' dir='ltr'>σώματος</span> <span class='ocrx_word' id='word_1_658' title='bbox 1676 5364 1774 5432; x_wconf 82' lang='grc' dir='ltr'>τὴν</span> 
     </span>
    </p>
   </div>
   <div class='ocr_carea' id='block_1_96' title="bbox 183 5442 1772 5526">
    <p class='ocr_par' dir='ltr' id='par_1_96' title="bbox 183 5442 1772 5526">
     <span class='ocr_line' id='line_1_96' title="bbox 183 5442 1772 5526; baseline 0.012 -36"><span class='ocrx_word' id='word_1_659' title='bbox 183 5442 261 5494; x_wconf 75' lang='grc' dir='ltr'>ἐπὶ</span> <span class='ocrx_word' id='word_1_660' title='bbox 285 5448 341 5498; x_wconf 75' lang='grc' dir='ltr'>τὸ</span> <span class='ocrx_word' id='word_1_661' title='bbox 370 5449 673 5520; x_wconf 66' lang='grc' dir='ltr'>ἄφθαρτον</span> <span class='ocrx_word' id='word_1_662' title='bbox 700 5456 1171 5521; x_wconf 61' lang='grc' dir='ltr'>μετατλημάτισιν</span> <span class='ocrx_word' id='word_1_663' title='bbox 1201 5471 1215 5485; x_wconf 87' lang='grc'><strong>·</strong></span> <span class='ocrx_word' id='word_1_664' title='bbox 1254 5458 1340 5510; x_wconf 74' lang='grc' dir='ltr'><strong>ἀεὶ</strong></span> <span class='ocrx_word' id='word_1_665' title='bbox 1374 5459 1483 5526; x_wconf 72' lang='grc' dir='ltr'>γὰρ</span> <span class='ocrx_word' id='word_1_666' title='bbox 1511 5458 1605 5510; x_wconf 79' lang='grc' dir='ltr'>καὶ</span> <span class='ocrx_word' id='word_1_667' title='bbox 1647 5458 1772 5509; x_wconf 84' lang='grc' dir='ltr'>νοῦν</span> 
     </span>
    </p>
   </div>
   <div class='ocr_carea' id='block_1_97' title="bbox 186 5537 1776 5622">
    <p class='ocr_par' dir='ltr' id='par_1_97' title="bbox 186 5537 1776 5622">
     <span class='ocr_line' id='line_1_97' title="bbox 186 5537 1776 5622; baseline 0.01 -34"><span class='ocrx_word' id='word_1_668' title='bbox 186 5537 515 5596; x_wconf 50' lang='lat' dir='ltr'><strong>uta-am“</strong></span> <span class='ocrx_word' id='word_1_669' title='bbox 536 5546 601 5595; x_wconf 77' lang='grc' dir='ltr'>ἐν</span> <span class='ocrx_word' id='word_1_670' title='bbox 620 5543 871 5612; x_wconf 70' lang='grc' dir='ltr'>οὐρανοῖς</span> <span class='ocrx_word' id='word_1_671' title='bbox 892 5549 1269 5616; x_wconf 62' lang='grc' dir='ltr'>συνηνωμένος</span> <span class='ocrx_word' id='word_1_672' title='bbox 1284 5551 1523 5622; x_wconf 80' lang='grc' dir='ltr'>Χριστῷ,</span> <span class='ocrx_word' id='word_1_673' title='bbox 1542 5551 1602 5607; x_wconf 74' lang='grc' dir='ltr'>τὸ</span> <span class='ocrx_word' id='word_1_674' title='bbox 1616 5550 1776 5620; x_wconf 82' lang='grc' dir='ltr'>σῶμα</span> 
     </span>
    </p>
   </div>
   <div class='ocr_carea' id='block_1_98' title="bbox 189 5630 1241 5710">
    <p class='ocr_par' dir='ltr' id='par_1_98' title="bbox 189 5630 1241 5710">
     <span class='ocr_line' id='line_1_98' title="bbox 189 5630 1241 5710; baseline 0.01 -26"><span class='ocrx_word' id='word_1_675' title='bbox 189 5630 329 5697; x_wconf 68' lang='grc' dir='ltr'>μόνον</span> <span class='ocrx_word' id='word_1_676' title='bbox 350 5637 445 5687; x_wconf 81' lang='grc' dir='ltr'><strong>καὶ</strong></span> <span class='ocrx_word' id='word_1_677' title='bbox 476 5636 543 5687; x_wconf 76' lang='grc' dir='ltr'>τὸ</span> <span class='ocrx_word' id='word_1_678' title='bbox 578 5636 863 5706; x_wconf 78' lang='grc' dir='ltr'>ὁρώμενον</span> <span class='ocrx_word' id='word_1_679' title='bbox 893 5634 960 5707; x_wconf 84' lang='grc' dir='ltr'>ἧν</span> <span class='ocrx_word' id='word_1_680' title='bbox 992 5641 1086 5692; x_wconf 72' lang='grc' dir='ltr'>ἐπὶ</span> <span class='ocrx_word' id='word_1_681' title='bbox 1115 5641 1241 5710; x_wconf 77' lang='grc' dir='ltr'>γῆς.</span> 
     </span>
    </p>
   </div>
   <div class='ocr_carea' id='block_1_99' title="bbox 236 5830 1257 5905">
    <p class='ocr_par' dir='ltr' id='par_1_99' title="bbox 236 5830 1257 5905">
     <span class='ocr_line' id='line_1_99' title="bbox 236 5830 1257 5905; baseline -0.001 -13"><span class='ocrx_word' id='word_1_682' title='bbox 236 5830 279 5868; x_wconf 75' lang='grc'><strong><em>⁸⁵</em></strong></span> <span class='ocrx_word' id='word_1_683' title='bbox 316 5834 417 5893; x_wconf 77' lang='lat' dir='ltr'><strong>Isa.</strong></span> <span class='ocrx_word' id='word_1_684' title='bbox 440 5853 534 5902; x_wconf 68' lang='grc' dir='ltr'><strong>ιι,</strong></span> <span class='ocrx_word' id='word_1_685' title='bbox 566 5836 665 5890; x_wconf 71' lang='grc' dir='ltr'><strong>Ξῖ».</strong></span> <span class='ocrx_word' id='word_1_686' title='bbox 743 5835 785 5865; x_wconf 74' lang='grc'><strong>³⁵</strong></span> <span class='ocrx_word' id='word_1_687' title='bbox 819 5833 1053 5905; x_wconf 85' lang='lat' dir='ltr'><strong>Philipp.</strong></span> <span class='ocrx_word' id='word_1_688' title='bbox 1102 5852 1138 5900; x_wconf 85' lang='grc' dir='ltr'><strong>ι,</strong></span> <span class='ocrx_word' id='word_1_689' title='bbox 1164 5835 1257 5891; x_wconf 72' lang='lat'><strong>&#39;25.</strong></span> 
     </span>
    </p>
   </div>
   <div class='ocr_carea' id='block_1_100' title="bbox 1862 4532 3454 4607">
    <p class='ocr_par' dir='ltr' id='par_1_100' title="bbox 1862 4532 3454 4607">
     <span class='ocr_line' id='line_1_100' title="bbox 1862 4532 3454 4607; baseline -0.007 -13"><span class='ocrx_word' id='word_1_690' title='bbox 1862 4554 1929 4593; x_wconf 79' lang='lat' dir='ltr'><strong>ex</strong></span> <span class='ocrx_word' id='word_1_691' title='bbox 1977 4539 2181 4594; x_wconf 90' lang='lat' dir='ltr'><strong>Christi</strong></span> <span class='ocrx_word' id='word_1_692' title='bbox 2219 4547 2510 4607; x_wconf 73' lang='lat' dir='ltr'><strong>exceptum</strong></span> <span class='ocrx_word' id='word_1_693' title='bbox 2558 4552 2677 4597; x_wconf 81' lang='lat' dir='ltr'><strong>ore,</strong></span> <span class='ocrx_word' id='word_1_694' title='bbox 2723 4535 2950 4588; x_wconf 86' lang='lat' dir='ltr'><strong>tradens</strong></span> <span class='ocrx_word' id='word_1_695' title='bbox 3000 4542 3203 4588; x_wconf 85' lang='lat' dir='ltr'><strong>:tanto</strong></span> <span class='ocrx_word' id='word_1_696' title='bbox 3244 4532 3454 4585; x_wconf 78' lang='lat' dir='ltr'><strong>scilicet</strong></span> 
     </span>
    </p>
   </div>
   <div class='ocr_carea' id='block_1_101' title="bbox 1863 4625 3451 4703">
    <p class='ocr_par' dir='ltr' id='par_1_101' title="bbox 1863 4625 3451 4703">
     <span class='ocr_line' id='line_1_101' title="bbox 1863 4625 3451 4703; baseline -0.008 -14"><span class='ocrx_word' id='word_1_697' title='bbox 1863 4635 2072 4703; x_wconf 89' lang='lat' dir='ltr'><strong>scripto</strong></span> <span class='ocrx_word' id='word_1_698' title='bbox 2101 4633 2231 4686; x_wconf 90' lang='lat' dir='ltr'><strong>olim</strong></span> <span class='ocrx_word' id='word_1_699' title='bbox 2258 4631 2389 4685; x_wconf 76' lang='lat' dir='ltr'><strong>Mosi</strong></span> <span class='ocrx_word' id='word_1_700' title='bbox 2434 4631 2487 4685; x_wconf 91' lang='lat' dir='ltr'><strong>in</strong></span> <span class='ocrx_word' id='word_1_701' title='bbox 2517 4629 2720 4683; x_wconf 85' lang='lat' dir='ltr'><strong>tabulis</strong></span> <span class='ocrx_word' id='word_1_702' title='bbox 2745 4628 3007 4697; x_wconf 87' lang='lat' dir='ltr'><strong>majorem</strong></span> <span class='ocrx_word' id='word_1_703' title='bbox 3050 4625 3262 4680; x_wconf 89' lang='lat' dir='ltr'><strong>habens</strong></span> <span class='ocrx_word' id='word_1_704' title='bbox 3284 4641 3451 4678; x_wconf 82' lang='lat' dir='ltr'><strong>vene-</strong></span> 
     </span>
    </p>
   </div>
   <div class='ocr_carea' id='block_1_102' title="bbox 1863 4717 3452 4792">
    <p class='ocr_par' dir='ltr' id='par_1_102' title="bbox 1863 4717 3452 4792">
     <span class='ocr_line' id='line_1_102' title="bbox 1863 4717 3452 4792; baseline -0.009 -11"><span class='ocrx_word' id='word_1_705' title='bbox 1863 4727 2156 4787; x_wconf 82' lang='lat' dir='ltr'><strong>rationem,</strong></span> <span class='ocrx_word' id='word_1_706' title='bbox 2178 4724 2556 4792; x_wconf 81' lang='lat' dir='ltr'><strong>diviniusque,</strong></span> <span class='ocrx_word' id='word_1_707' title='bbox 2574 4728 2783 4789; x_wconf 88' lang='lat' dir='ltr'><strong>quanto</strong></span> <span class='ocrx_word' id='word_1_708' title='bbox 2807 4734 3011 4773; x_wconf 88' lang='lat' dir='ltr'><strong>novum</strong></span> <span class='ocrx_word' id='word_1_709' title='bbox 3032 4718 3232 4779; x_wconf 82' lang='lat' dir='ltr'><strong>veteri,</strong></span> <span class='ocrx_word' id='word_1_710' title='bbox 3255 4717 3452 4783; x_wconf 77' lang='lat' dir='ltr'><strong>lexque</strong></span> 
     </span>
    </p>
   </div>
   <div class='ocr_carea' id='block_1_103' title="bbox 1863 4808 3457 4890">
    <p class='ocr_par' dir='ltr' id='par_1_103' title="bbox 1863 4808 3457 4890">
     <span class='ocr_line' id='line_1_103' title="bbox 1863 4808 3457 4890; baseline -0.008 -17"><span class='ocrx_word' id='word_1_711' title='bbox 1863 4819 2095 4890; x_wconf 85' lang='lat' dir='ltr'><strong>spiritus</strong></span> <span class='ocrx_word' id='word_1_712' title='bbox 2120 4827 2176 4871; x_wconf 93' lang='lat' dir='ltr'><strong>et</strong></span> <span class='ocrx_word' id='word_1_713' title='bbox 2224 4816 2497 4877; x_wconf 78' lang='lat' dir='ltr'><strong>veritatis,</strong></span> <span class='ocrx_word' id='word_1_714' title='bbox 2551 4812 2659 4883; x_wconf 88' lang='lat' dir='ltr'><strong>legi</strong></span> <span class='ocrx_word' id='word_1_715' title='bbox 2698 4811 2899 4866; x_wconf 66' lang='lat' dir='ltr'><strong>litterae</strong></span> <span class='ocrx_word' id='word_1_716' title='bbox 2946 4809 3231 4880; x_wconf 66' lang='lat' dir='ltr'><strong>praecellit.</strong></span> <span class='ocrx_word' id='word_1_717' title='bbox 3274 4808 3457 4877; x_wconf 74' lang='lat' dir='ltr'><strong>Atque</strong></span> 
     </span>
    </p>
   </div>
   <div class='ocr_carea' id='block_1_104' title="bbox 1864 4911 2290 4966">
    <p class='ocr_par' dir='ltr' id='par_1_104' title="bbox 1864 4911 2290 4966">
     <span class='ocr_line' id='line_1_104' title="bbox 1864 4911 2290 4966; baseline -0.009 0"><span class='ocrx_word' id='word_1_718' title='bbox 1864 4912 1980 4966; x_wconf 70' lang='lat' dir='ltr'><strong>haec</strong></span> <span class='ocrx_word' id='word_1_719' title='bbox 2005 4911 2290 4965; x_wconf 80' lang='lat' dir='ltr'><strong>hactenus.</strong></span> 
     </span>
    </p>
   </div>
   <div class='ocr_carea' id='block_1_105' title="bbox 1934 4992 3455 5071">
    <p class='ocr_par' dir='ltr' id='par_1_105' title="bbox 1934 4992 3455 5071">
     <span class='ocr_line' id='line_1_105' title="bbox 1934 4992 3455 5071; baseline -0.008 -15"><span class='ocrx_word' id='word_1_720' title='bbox 1934 5005 2072 5070; x_wconf 85' lang='lat' dir='ltr'><strong>Quia</strong></span> <span class='ocrx_word' id='word_1_721' title='bbox 2116 5019 2250 5057; x_wconf 83' lang='lat' dir='ltr'><strong>vero</strong></span> <span class='ocrx_word' id='word_1_722' title='bbox 2274 5001 2513 5071; x_wconf 87' lang='lat' dir='ltr'><strong>Spiritus</strong></span> <span class='ocrx_word' id='word_1_723' title='bbox 2547 4997 2861 5053; x_wconf 84' lang='lat' dir='ltr'><strong>ministerio</strong></span> <span class='ocrx_word' id='word_1_724' title='bbox 2905 4994 3298 5063; x_wconf 84' lang='lat' dir='ltr'><strong>Evangeliique</strong></span> <span class='ocrx_word' id='word_1_725' title='bbox 3330 4992 3455 5045; x_wconf 80' lang='lat' dir='ltr'><strong>fun-</strong></span> 
     </span>
    </p>
   </div>
   <div class='ocr_carea' id='block_1_106' title="bbox 1862 5084 3453 5161">
    <p class='ocr_par' dir='ltr' id='par_1_106' title="bbox 1862 5084 3453 5161">
     <span class='ocr_line' id='line_1_106' title="bbox 1862 5084 3453 5161; baseline -0.011 -11"><span class='ocrx_word' id='word_1_726' title='bbox 1862 5096 2046 5150; x_wconf 91' lang='lat' dir='ltr'><strong>ctione</strong></span> <span class='ocrx_word' id='word_1_727' title='bbox 2079 5092 2322 5161; x_wconf 87' lang='lat' dir='ltr'><strong>(sublimi</strong></span> <span class='ocrx_word' id='word_1_728' title='bbox 2346 5092 2556 5146; x_wconf 88' lang='lat' dir='ltr'><strong>scilicet</strong></span> <span class='ocrx_word' id='word_1_729' title='bbox 2584 5088 2868 5159; x_wconf 77' lang='lat' dir='ltr'><strong>apostolici</strong></span> <span class='ocrx_word' id='word_1_730' title='bbox 2896 5086 3066 5139; x_wconf 89' lang='lat' dir='ltr'><strong>munii</strong></span> <span class='ocrx_word' id='word_1_731' title='bbox 3103 5084 3295 5153; x_wconf 87' lang='lat' dir='ltr'><strong>opere)</strong></span> <span class='ocrx_word' id='word_1_732' title='bbox 3319 5098 3453 5135; x_wconf 90' lang='lat' dir='ltr'><strong>cou-</strong></span> 
     </span>
    </p>
   </div>
   <div class='ocr_carea' id='block_1_107' title="bbox 1860 5175 3452 5254">
    <p class='ocr_par' dir='ltr' id='par_1_107' title="bbox 1860 5175 3452 5254">
     <span class='ocr_line' id='line_1_107' title="bbox 1860 5175 3452 5254; baseline -0.008 -13"><span class='ocrx_word' id='word_1_733' title='bbox 1860 5198 2151 5250; x_wconf 90' lang='lat' dir='ltr'><strong>summato,</strong></span> <span class='ocrx_word' id='word_1_734' title='bbox 2197 5197 2459 5254; x_wconf 87' lang='lat' dir='ltr'><strong>tanquam</strong></span> <span class='ocrx_word' id='word_1_735' title='bbox 2500 5199 2691 5237; x_wconf 88' lang='lat' dir='ltr'><strong>revera</strong></span> <span class='ocrx_word' id='word_1_736' title='bbox 2729 5180 2905 5235; x_wconf 89' lang='lat' dir='ltr'><strong>ﬁdelis</strong></span> <span class='ocrx_word' id='word_1_737' title='bbox 2948 5194 3011 5232; x_wconf 87' lang='lat' dir='ltr'><strong>ac</strong></span> <span class='ocrx_word' id='word_1_738' title='bbox 3058 5178 3304 5247; x_wconf 84' lang='lat' dir='ltr'><strong>prudens</strong></span> <span class='ocrx_word' id='word_1_739' title='bbox 3336 5175 3452 5229; x_wconf 86' lang='lat' dir='ltr'><strong>dis—</strong></span> 
     </span>
    </p>
   </div>
   <div class='ocr_carea' id='block_1_108' title="bbox 1860 5276 3447 5351">
    <p class='ocr_par' dir='ltr' id='par_1_108' title="bbox 1860 5276 3447 5351">
     <span class='ocr_line' id='line_1_108' title="bbox 1860 5276 3447 5351; baseline -0.008 -18"><span class='ocrx_word' id='word_1_740' title='bbox 1860 5292 2140 5351; x_wconf 80' lang='lat' dir='ltr'><strong>pensatur.</strong></span> <span class='ocrx_word' id='word_1_741' title='bbox 2174 5294 2237 5332; x_wconf 89' lang='lat' dir='ltr'><strong>ac</strong></span> <span class='ocrx_word' id='word_1_742' title='bbox 2268 5280 2363 5348; x_wconf 88' lang='lat' dir='ltr'><strong>qui</strong></span> <span class='ocrx_word' id='word_1_743' title='bbox 2420 5279 2475 5332; x_wconf 92' lang='lat' dir='ltr'><strong>in</strong></span> <span class='ocrx_word' id='word_1_744' title='bbox 2511 5277 2771 5345; x_wconf 79' lang='lat' dir='ltr'><strong>pinguem</strong></span> <span class='ocrx_word' id='word_1_745' title='bbox 2789 5276 2897 5343; x_wconf 88' lang='lat' dir='ltr'><strong>jam</strong></span> <span class='ocrx_word' id='word_1_746' title='bbox 2935 5280 3278 5326; x_wconf 86' lang='lat' dir='ltr'><strong>senectutem</strong></span> <span class='ocrx_word' id='word_1_747' title='bbox 3308 5284 3447 5322; x_wconf 80' lang='lat' dir='ltr'><strong>eva-</strong></span> 
     </span>
    </p>
   </div>
   <div class='ocr_carea' id='block_1_109' title="bbox 1870 5360 3446 5436">
    <p class='ocr_par' dir='ltr' id='par_1_109' title="bbox 1870 5360 3446 5436">
     <span class='ocr_line' id='line_1_109' title="bbox 1870 5360 3446 5436; baseline -0.009 -13"><span class='ocrx_word' id='word_1_748' title='bbox 1870 5380 2037 5431; x_wconf 72' lang='lat' dir='ltr'><strong>serat,</strong></span> <span class='ocrx_word' id='word_1_749' title='bbox 2068 5368 2293 5422; x_wconf 78' lang='lat' dir='ltr'><strong>dissolvi</strong></span> <span class='ocrx_word' id='word_1_750' title='bbox 2344 5368 2598 5436; x_wconf 88' lang='lat' dir='ltr'><strong>cupiebat</strong></span> <span class='ocrx_word' id='word_1_751' title='bbox 2620 5366 2685 5425; x_wconf 84' lang='grc'><strong>³⁸,</strong></span> <span class='ocrx_word' id='word_1_752' title='bbox 2712 5365 2847 5425; x_wconf 84' lang='lat' dir='ltr'><strong>sive,</strong></span> <span class='ocrx_word' id='word_1_753' title='bbox 2878 5372 2939 5415; x_wconf 92' lang='lat' dir='ltr'><strong>ut</strong></span> <span class='ocrx_word' id='word_1_754' title='bbox 2997 5361 3195 5415; x_wconf 89' lang='lat' dir='ltr'><strong>melius</strong></span> <span class='ocrx_word' id='word_1_755' title='bbox 3226 5360 3446 5428; x_wconf 82' lang='lat' dir='ltr'><strong>loquar,</strong></span> 
     </span>
    </p>
   </div>
   <div class='ocr_carea' id='block_1_110' title="bbox 1872 5453 3450 5530">
    <p class='ocr_par' dir='ltr' id='par_1_110' title="bbox 1872 5453 3450 5530">
     <span class='ocr_line' id='line_1_110' title="bbox 1872 5453 3450 5530; baseline -0.009 -17"><span class='ocrx_word' id='word_1_756' title='bbox 1872 5462 2121 5530; x_wconf 88' lang='lat' dir='ltr'><strong>corporis</strong></span> <span class='ocrx_word' id='word_1_757' title='bbox 2158 5460 2572 5528; x_wconf 82' lang='lat' dir='ltr'><strong>corruptionem</strong></span> <span class='ocrx_word' id='word_1_758' title='bbox 2605 5454 3019 5525; x_wconf 91' lang='lat' dir='ltr'><strong>incorruptione</strong></span> <span class='ocrx_word' id='word_1_759' title='bbox 3044 5462 3257 5505; x_wconf 89' lang='lat' dir='ltr'><strong>mutare</strong></span> <span class='ocrx_word' id='word_1_760' title='bbox 3284 5453 3450 5515; x_wconf 77' lang='lat' dir='ltr'><strong>(seui-</strong></span> 
     </span>
    </p>
   </div>
   <div class='ocr_carea' id='block_1_111' title="bbox 1871 5542 3451 5622">
    <p class='ocr_par' dir='ltr' id='par_1_111' title="bbox 1871 5542 3451 5622">
     <span class='ocr_line' id='line_1_111' title="bbox 1871 5542 3451 5622; baseline -0.007 -16"><span class='ocrx_word' id='word_1_761' title='bbox 1871 5567 1971 5622; x_wconf 72' lang='lat' dir='ltr'><strong>per</strong></span> <span class='ocrx_word' id='word_1_762' title='bbox 2001 5551 2147 5604; x_wconf 89' lang='lat' dir='ltr'><strong>enim</strong></span> <span class='ocrx_word' id='word_1_763' title='bbox 2180 5552 2366 5605; x_wconf 91' lang='lat' dir='ltr'><strong>animo</strong></span> <span class='ocrx_word' id='word_1_764' title='bbox 2409 5551 2721 5617; x_wconf 87' lang='lat' dir='ltr'><strong>mentisque</strong></span> <span class='ocrx_word' id='word_1_765' title='bbox 2770 5546 3100 5616; x_wconf 83' lang='lat' dir='ltr'><strong>cogitatione</strong></span> <span class='ocrx_word' id='word_1_766' title='bbox 3149 5543 3369 5598; x_wconf 87' lang='lat' dir='ltr'><strong>Christo</strong></span> <span class='ocrx_word' id='word_1_767' title='bbox 3398 5542 3451 5595; x_wconf 91' lang='lat' dir='ltr'><strong>iu</strong></span> 
     </span>
    </p>
   </div>
   <div class='ocr_carea' id='block_1_112' title="bbox 1871 5634 3455 5712">
    <p class='ocr_par' dir='ltr' id='par_1_112' title="bbox 1871 5634 3455 5712">
     <span class='ocr_line' id='line_1_112' title="bbox 1871 5634 3455 5712; baseline -0.005 -15"><span class='ocrx_word' id='word_1_768' title='bbox 1871 5644 2027 5698; x_wconf 70' lang='lat' dir='ltr'><strong>caelis</strong></span> <span class='ocrx_word' id='word_1_769' title='bbox 2058 5644 2406 5712; x_wconf 78' lang='lat' dir='ltr'><strong>conjunctus,</strong></span> <span class='ocrx_word' id='word_1_770' title='bbox 2438 5644 2555 5697; x_wconf 86' lang='lat' dir='ltr'><strong>solo</strong></span> <span class='ocrx_word' id='word_1_771' title='bbox 2594 5655 2823 5709; x_wconf 90' lang='lat' dir='ltr'><strong>corpore</strong></span> <span class='ocrx_word' id='word_1_772' title='bbox 2867 5648 3129 5709; x_wconf 87' lang='lat' dir='ltr'><strong>parteque</strong></span> <span class='ocrx_word' id='word_1_773' title='bbox 3154 5636 3241 5691; x_wconf 92' lang='lat' dir='ltr'><strong>sui</strong></span> <span class='ocrx_word' id='word_1_774' title='bbox 3277 5634 3455 5690; x_wconf 72' lang='lat' dir='ltr'><strong>oculis</strong></span> 
     </span>
    </p>
   </div>
   <div class='ocr_carea' id='block_1_113' title="bbox 1875 5727 2853 5800">
    <p class='ocr_par' dir='ltr' id='par_1_113' title="bbox 1875 5727 2853 5800">
     <span class='ocr_line' id='line_1_113' title="bbox 1875 5727 2853 5800; baseline -0.006 -15"><span class='ocrx_word' id='word_1_775' title='bbox 1875 5732 2193 5800; x_wconf 85' lang='lat' dir='ltr'><strong>conspicua,</strong></span> <span class='ocrx_word' id='word_1_776' title='bbox 2229 5731 2282 5786; x_wconf 89' lang='lat' dir='ltr'><strong>in</strong></span> <span class='ocrx_word' id='word_1_777' title='bbox 2313 5742 2458 5786; x_wconf 79' lang='lat' dir='ltr'><strong>terra</strong></span> <span class='ocrx_word' id='word_1_778' title='bbox 2482 5727 2853 5795; x_wconf 83' lang='lat' dir='ltr'><strong>versabatur).</strong></span> 
     </span>
    </p>
   </div>
  </div>
