4192 6424
714 372 815 438 127

1911 373 2203 434 NlCET/E
2243 375 2287 433 Ρ
2307 375 2770 438 ΠἮΙΔΟΟΝΙΞ

3857 376 3953 438 lilii

777 491 938 547 Salve
975 492 1075 546 sis.
1109 507 1236 546 vere
1272 506 1335 547 ac
1373 490 1549 546 ﬁdelis
1588 493 1681 546 Dei
1716 491 1876 545 Verbi
1900 491 2196 559 discipule,
2234 501 2290 543 et

2461 497 2655 566 Χαῖρε,
2686 497 2877 566 γνήσιε
2927 496 3024 549 καὶ
3064 496 3221 548 πιστὲ
3259 496 3355 548 τοῦ
3383 495 3518 550 Θεοῦ
3548 497 3723 564 Λόγου
3752 499 3953 565 μύοτα,

710 586 1289 654 amator,cultorque;
1333 601 1395 640 ac
1424 585 1619 654 gaude,
1646 586 1792 655 quod
1834 586 1923 640 ille
1961 602 2085 640 cum
2123 587 2286 640 Patre

712 676 962 740 veniens,
994 692 1124 730 vere
1150 677 1293 746 apud
1335 689 1386 732 te
1424 677 1762 732 mansionem
1808 678 2001 732 fecerit
2025 679 2068 708 "
2102 676 2289 746 :quod

712 768 832 836 ejus
862 783 1088 821 servans
1136 769 1410 831 mandata,
1455 767 1510 821 in
1539 769 1634 824 illo
1675 771 1964 831 manseris,
2001 769 2291 840 ipsumque

719 861 770 914 in
818 869 869 912 te
916 859 969 912 in
1015 871 1343 930 perpetuum
1398 873 1709 916 manentem
1760 863 2004 927 habeas,
2050 861 2291 920 divinam

715 957 900 1016 aperte
937 948 1035 1002 tibi
1072 949 1298 1019 gloriam
1333 949 1800 1005 manifestantem.

787 1035 949 1091 Salve
987 1038 1083 1099 sis,
1134 1037 1226 1091 Dei
1269 1037 1437 1092 frater
1481 1049 1536 1094 et
1589 1041 1805 1107 lizeres;
1858 1041 2031 1096 frater
2073 1059 2205 1098 vero
2238 1051 2296 1098 et

716 1129 964 1184 cuba-res
986 1131 1078 1184 Dei
1109 1131 1204 1199 qui
1242 1140 1439 1184 cuncta
1481 1133 1630 1201 regni
1679 1134 1772 1187 Dei
1806 1137 2068 1206 mysteria
2099 1137 2297 1193 doctus

717 1239 797 1282 es,
827 1224 1032 1292 quique
1079 1223 1265 1277 divina
1315 1225 1646 1280 revelatione
1696 1244 1816 1297 qua:
1843 1238 2110 1285 eventura
2159 1241 2291 1286 sunt

717 1314 865 1365 clare
913 1312 1116 1365 videris
1149 1313 1372 1379 omnia;
1422 1325 1586 1384 atque
1629 1331 1714 1378 ea,
1748 1317 1928 1386 quoad
1972 1334 2296 1374 concessum

716 1415 820 1465 est,
876 1406 1187 1478 conscripta
1230 1425 1293 1464 ac
1353 1411 1671 1480 consignata
1731 1411 1994 1466 Ecclesiis
2053 1414 2298 1470 tradide-

720 1496 794 1546 ris
813 1495 878 1548 ".

785 1585 946 1642 Salve
975 1590 1072 1654 sis,
1115 1591 1263 1644 solus
1301 1607 1449 1647 nunc
1485 1607 1717 1664 corpore
1764 1612 1872 1650 una
1904 1613 2028 1652 cum
2068 1600 2296 1668 Deipara

717 1688 892 1733 matre
935 1681 1110 1736 incola
1163 1684 1425 1752 paradisi,
1460 1702 1523 1741 ac
1573 1688 1667 1756 qui
1715 1687 1843 1742 inde
1885 1690 2081 1760 spiritu
2127 1701 2296 1746 totam

718 1772 916 1826 lustres
940 1782 1140 1828 terram
1165 1791 1228 1829 ac
1255 1779 1573 1847 perspicias.
1606 1780 1716 1834 Nos
1751 1782 2022 1852 propitius
2057 1784 2294 1849 intuere,

720 1863 1037 1921 beatissime
1063 1866 1337 1939 Theologe
1377 1881 1433 1924 et
1477 1874 1811 1942 evangelista
1834 1876 1847 1928 l
1874 1875 2141 1945 crudique
2174 1877 2297 1947 cpi-

719 1957 874 2011 slolis
901 1959 1028 2020 tuis.
1067 1975 1131 2014 ac
1157 1960 1360 2016 divinis
1399 1965 1883 2032 pmdicationibus
1929 1969 2190 2023 conﬁrma
2214 1979 2299 2023 at-

717 2064 828 2115 que
875 2051 1162 2121 praaceptis
1207 2067 1519 2123 compone:
1551 2073 1761 2128 nosque
1815 2075 1939 2128 rege
1976 2069 2033 2114 et
2073 2062 2298 2124 extolle,

720 2141 940 2210 hecque
965 2142 1019 2195 in
1063 2151 1329 2198 aeternum
1365 2147 1519 2212 siste,
1550 2148 1604 2203 in
1640 2149 1866 2218 gloriam
1896 2151 2073 2207 Patris
2096 2161 2151 2207 et
2179 2152 2301 2208 Filii

716 2246 773 2288 et
805 2235 1046 2306 Spiritus
1075 2239 1270 2302 sancti,
1307 2238 1361 2292 in
1397 2241 1618 2296 saecula.
1639 2242 1837 2297 Amen.

1304 2522 1563 2578 ORATIO
1597 2523 1708 2579 VII.

723 2610 981 2664 Laudatio
1018 2617 1188 2668 sancti
1232 2615 1487 2684 landeth
1512 2615 1792 2671 clarissimi
1815 2623 2039 2689 apostoli
2072 2623 2299 2679 Thamtr.

797 2703 1113 2758 Laudabilis
1139 2719 1239 2774 pro
1287 2705 1489 2758 sanctis
1519 2717 1832 2776 assumptus
1877 2726 2068 2775 amor;
2108 2714 2304 2768 merito

795 2869 838 2901 ”
891 2869 1049 2924 Joan.
1109 2885 1224 2934 XIV,
1280 2869 1372 2922 9.3.
1474 2871 1517 2900 ”
1550 2871 1708 2924 Rom.
1749 2886 1877 2936 vut,
1942 2873 2026 2926 l7.

796 3011 911 3072 1'20)
939 3010 1072 3075 Ταῖς
1091 3010 1442 3074 ἐπιστολαῖς
1459 3025 1576 3063 σου
1596 3015 1943 3066 συνέτισον.
1969 3013 2195 3069 Joannis
2213 3016 2292 3068 al—

725 3091 896 3134 teram
927 3090 982 3133 et
1018 3082 1234 3133 tertiam
1267 3082 1527 3144 epistolas
1557 3093 1805 3136 recenset
1841 3083 2043 3138 Euseb.
2077 3085 2172 3138 lib.
2205 3102 2289 3145 ιιι,

2390 589 2485 640 καὶ
2514 589 2741 658 ἐραστὰ,
2786 589 2882 641 καὶ
2911 589 3221 658 Θεραπευτά
3245 606 3260 620 ’
3293 591 3374 641 ὅτι
3404 593 3556 659 παρὰ
3593 589 3686 642 τοῦ
3745 589 3957 658 [ἰατρὸς

2390 681 2663 750 ἐληλυθὼς
2688 682 2911 743 ἐκεῖνος,
2973 681 3140 750 μονὴν
3190 680 3407 750 ἀληθῶς
3454 681 3751 749 πεποίηται
3806 680 3959 750 παρὰ

2391 775 2475 828 σοι
2503 776 2618 828 ’ὅτι
2639 776 2737 837 τὰς
2764 775 2983 837 ἐντολὰς
3033 772 3199 827 αὑτοῦ
3247 773 3588 843 τετηρηκὼς,
3634 773 3852 841 ἔμεινας
3900 774 3961 825 ὲν

2391 867 2562 937 αὐτῷ,
2587 867 2681 921 καὶ
2707 867 2870 920 αὐτὸν
2895 867 3040 937 ἔχεις
3065 867 3293 937 μένοντα
3318 867 3385 919 δι’
3407 866 3601 928 αἰῶνος
3638 867 3695 918 ὲν
3729 867 3832 926 σοὶ,
3860 867 3963 936 τὴν

2393 961 2688 1031 Θεαρχικήν
2713 978 2794 1013 σοι
2819 960 2975 1024 δόξαν
3002 959 3542 1028 ἀνακεκαλυμμένως
3572 957 3964 1027 ἑμφανέζοντα.

2463 1056 2658 1125 Χαῖρε,
2698 1054 2887 1106 τέκνον
2920 1051 3057 1105 Θεοῦ
3094 1051 3189 1105 καὶ
3245 1050 3549 1120 κληρονόμε
3589 1066 3604 1080 ·
3665 1051 3860 1116 ἀδελιρὲ
3909 1050 3969 1103 δὲ

2394 1151 2490 1204 καὶ
2523 1147 2934 1218 συγκληρονόμε
2966 1144 3181 1197 Θεοῦ·ὁ
3211 1145 3391 1198 πάντα
3420 1143 3518 1212 τῆς
3549 1141 3644 1196 τοῦ
3690 1141 3825 1195 Θεοῦ
3871 1142 3970 1210 βα-

2398 1241 2600 1303 σιλείας
2630 1241 2698 1294 τὰ
2731 1240 3002 1309 μυστήρια
3031 1236 3628 1308 μεμυσταγωγημένος.
3657 1236 3750 1288 καὶ
3789 1233 3973 1288 πάντα

2404 1334 2591 1402 σαφῶς
2615 1334 2683 1386 τὰ
2723 1333 2954 1400 ἐσόμενα
2984 1331 3050 1383 δι’
3080 1327 3471 1395 ἀποκαλύψεως
3491 1327 3838 1394 τεθεαμένος,
3874 1324 3974 1379 καὶ

2397 1425 2916 1496 κατεσφραγισμένα
2946 1427 3066 1486 ταῖς
3100 1421 3450 1490 Ἐκκλησίαις
3477 1417 3772 1490 παραδούς.

2468 1607 2659 1675 Χαῖρε,
2689 1604 2783 1656 τὸν
2829 1601 3152 1671 παρίδεισον
3215 1601 3376 1669 μόνος
3422 1599 3518 1651 νῦν
3550 1599 3689 1669 μετὰ
3723 1599 3981 1667 σώματος

2397 1697 2515 1767 ἅμα
2555 1699 2621 1766 τῇ
2681 1695 2849 1766 μητρὶ
2897 1694 3187 1762 Θεομήτορι
3232 1691 3524 1753 κατοικῶν,
3586 1689 3842 1744 κάκεῖθεν
3893 1689 3982 1760 τῷ

2398 1789 2671 1858 πνεύματι
2710 1789 2810 1857 τὴν
2863 1786 2991 1856 ὃλην
3044 1786 3150 1854 γῆν
3200 1783 3584 1854 καταθεωρῶν,
3617 1783 3774 1846 ἵλεως
3817 1783 3971 1852 ἡμᾶς

2401 1877 2744 1942 ὲποπτεὺοις,
2783 1876 2828 1930 ὣ
2871 1877 3238 1946 τρισμακαριε
3268 1875 3496 1942 Θεολὸγε
3549 1874 3643 1927 καὶ
3681 1874 3974 1941 εὐαγγελι-

2407 1977 2538 2030 στάῑ
2582 1975 2677 2029 καὶ
2708 1976 2828 2036 ταῖς
2877 1972 3188 2032 ἐπιστολαῖς
3233 1988 3325 2022 σου
3378 1969 3654 2021 συνὲτισον
3704 1966 3844 2035 (ΞΟ),
3879 1965 3986 2018 καὶ

2406 2071 2523 2131 ταῖς
2563 2065 2863 2134 Θεολογέαις
2898 2081 2991 2117 σου
3017 2061 3289 2133 στήριξον,
3325 2063 3419 2114 καὶ
3450 2064 3567 2122 ταῖς
3594 2060 3834 2122 ἐντολαῖς
3882 2075 3984 2110 σου

2408 2159 2751 2228 καταρτισαι,
2795 2158 2888 2210 καὶ
2924 2155 3186 2224 ποέμανον
3205 2154 3374 2223 ἡμᾶς,
3418 2155 3509 2204 καὶ
3554 2151 3754 2221 ἔπταρον
3806 2151 3984 2219 ἡμᾶς,

2410 2253 2505 2305 καὶ
2533 2253 2639 2312 ἓως
2671 2248 2866 2311 αἰῶνος
2896 2246 3248 2316 παράστησον
3286 2244 3362 2312 τῷ
3391 2243 3529 2312 Θεῷ.
3561 2244 3639 2304 εἰς
3671 2241 3828 2305 δόξαν
3862 2241 3983 2293 ηα-

2392 2343 2543 2411 τρδς,
2562 2341 2654 2392 καὶ
2686 2338 2836 2403 Υἰοῦ,
2858 2338 2951 2391 καὶ
2978 2338 3133 2404 ἁγίου
3155 2335 3489 2406 Πνεύματος,
3513 2335 3589 2396 εἰς
3608 2335 3732 2398 τοὺς
3749 2331 3978 2396 αἰῶνας.

2398 2432 2457 2487 ’Δ
2467 2433 2592 2500 μήν.

3020 2519 3236 2574 ΛΟΓΟΣ
3270 2520 3344 2572 Z’.

2403 2626 2452 2678 Ε
2455 2625 2470 2675 ι
2478 2644 2506 2686 ς
2523 2622 2631 2674 τὸν
2651 2620 2822 2688 ἅγιον
2837 2615 2934 2670 καὶ
2961 2615 3355 2683 πανεύφημοι·
3370 2613 3720 2666 ἀπόστολον
3741 2607 3980 2678 Θωμᾶν.

2477 2710 2793 2774 Ἐπαινετὴ
2822 2711 2850 2762 ὁ
2877 2708 3018 2778 ὑπὲρ
3042 2706 3153 2759 τῶν
3201 2705 3374 2774 ἁγίων
3402 2706 3568 2768 nullo;
3610 2721 3624 2736 ·
3662 2705 3984 2768 ἁξιετταινε·

2399 3013 2963 3070 tribuerent.Nomen
2993 3011 3369 3083 πρεσϐυτέρου
3421 3021 3477 3066 et
3518 3012 3776 3074 senioris.
3824 3013 3980 3082 quod

2400 3088 2557 3141 alteri
2581 3086 2778 3141 Joanni
2803 3085 2960 3155 quasi
3015 3084 3299 3155 proprium
3325 3093 3469 3155 erat.
3499 3094 3669 3151 prout
3722 3084 3802 3137 sic
3845 3101 3981 3138 eum

726 3169 846 3218 cap.
889 3154 934 3203 -.'
963 3199 973 3211 ,
1010 3167 1123 3219 quae
1156 3152 1208 3204 in
1228 3151 1477 3226 _dnubium
1509 3164 1859 3226 vocarentur.
1889 3155 1990 3208 etsi
2030 3170 2059 3207 a
2106 3157 2293 3210 multis
2323 3207 2363 3226 ί,
2397 3158 2593 3226 Papias
2616 3167 2794 3220 vocat,
2823 3151 2962 3209 'cum
2989 3151 3170 3208 tamen
3213 3153 3472 3226 Aristioni
3506 3170 3631 3226 eum
3665 3165 3986 3222 postponat,

727 3207 1190 3294 :tzvitost‘ereittttr:
1228 3222 1346 3273 Εἴτε
1365 3222 1457 3274 τοῦ
1491 3223 1873 3288 εὐαγγελιστυυ
1900 3226 2290 3294 τυγχάνουται,

3100 3240 3158 3277 se
3200 3223 3506 3276 auditorem
3532 3207 3724 3287 fuisse,
3751 3207 3875 3277 cimi
3898 3207 3983 3278 illi

729 3297 841 3345 εἴτε
869 3293 964 3344 καὶ
999 3293 1190 3354 ἑτέρου
1212 3294 1506 3360 ὁμωνύμου
1541 3295 1756 3362 ἐκείνῳ.
1794 3294 1911 3347 Sive
1939 3297 2046 3346 sint
2071 3295 2298 3349 Joannis

731 3362 1086 3430 crunqclisﬂt‘,
1137 3364 1244 3415 sive
1291 3363 1510 3416 alterius
1539 3365 1771 3431 ejusdem
1821 3383 1870 3417 (ιι
1904 3364 1992 3416 ille
2020 3368 2248 3419 nominis
2281 3383 2298 3419 :

729 3451 850 3489 oua:
889 3433 1060 3485 altera
1095 3433 1326 3504 quaestio
1379 3445 1486 3493 est.
1524 3433 1580 3487 in
1634 3451 1741 3503 qua
1794 3445 2027 3502 utraque
2073 3437 2300 3504 perinde

731 3505 1096 3572 Hieronymus
1137 3503 1312 3556 lla-sit.
1342 3505 1510 3558 Nobis
1533 3520 1640 3558 non
1673 3505 1802 3559 licet
1847 3505 1898 3557 i..
1928 3503 2154 3559 dubium
2209 3524 2300 3558 vo-

732 3591 881 3636 care,
935 3589 1073 3641 quas
1121 3574 1334 3641 pridem
1390 3575 1656 3632 Ecclesia.
1708 3575 1896 3629 divino
1945 3577 2206 3629 instinctu
2246 3578 2300 3632 in

729 3646 1007 3699 Canonem
1027 3646 1317 3706 receperit,
1345 3660 1406 3697 ae
1436 3661 1610 3713 nuper
1632 3647 1685 3699 in
1703 3647 1937 3699 concilio
1971 3647 2299 3700 'l‘ridentino

731 3715 1134 3782 comprobavit.
1160 3714 1305 3769 Fecit
1332 3715 1584 3769 Ecclesia'
1606 3717 1898 3784 judicium.
1947 3732 2056 3770 non
2086 3727 2145 3770 ut
2177 3718 2301 3772 libri

731 3786 826 3853 qni
860 3785 1108 3856 canonici
1142 3803 1246 3837 nou
1280 3797 1432 3840 erant
1463 3802 1525 3838 ac
1559 3787 1924 3844 Οεὸπνευστοι.
1954 3788 2301 3856 postmodum

733 3865 936 3913 essent,
968 3855 1063 3908 sed
1094 3866 1150 3908 ut
1175 3866 1623 3920 agnoscerentur.
1643 3856 1796 3922 Quod
1822 3855 1985 3911 etiam
2012 3858 2078 3910 de
2100 3860 2302 3913 veteris

734 3925 1084 3980 instrumenti
1120 3926 1275 3978 libris
1303 3927 1512 3993 aliquot
1552 3927 1751 3980 factum
1783 3938 1887 3988 est,
1936 3944 2076 3996 quos
2127 3929 2300 3983 Judaei

732 4007 789 4049 ct
821 3997 1099 4064 synagoga
1151 3997 1216 4048 ad
1261 3997 1674 4051 aediﬁcationem
1728 3998 1993 4052 duntaxat
2041 3999 2301 4067 legendos

736 4068 984 4125 retinuit,
1009 4067 1264 4136 Ecclesia
1295 4069 1688 4136 (apostolorum
1729 4071 2032 4136 praesertim
2061 4070 2299 4133 judicio;

734 4137 901 4189 etiam
953 4135 1017 4188 ad
1051 4135 1431 4190 auctoritatem
1455 4135 1748 4191 canonicos
1793 4140 1988 4191 sanxit.
2041 4139 2301 4193 Pra‘clara

733 4217 884 4262 certe.
935 4208 1222 4272 Augustini
1259 4223 1381 4266 vox,
1419 4208 1535 4261 Non
1589 4209 1928 4263 crediturum
1984 4210 2299 4277 Evangelii),

735 4278 840 4331 nisi
870 4278 1127 4332 Ecclesiae
1168 4280 1467 4331 auctoritas
1489 4290 1880 4334 commoveret.
1917 4279 1982 4333 Et
2011 4295 2165 4343 vero,
2202 4297 2304 4334 cur

735 4360 972 4416 quatuor
1005 4349 1314 4419 Evangeliis
1361 4349 1658 4411 credimus,
1704 4366 1811 4402 non
1853 4351 2020 4404 tantis
2050 4349 2155 4404 illis
2182 4367 2304 4419 qua:

737 4421 807 4472 ab
840 4419 972 4487 ipsis
1027 4417 1221 4485 primis
1259 4421 1597 4487 temporibus
1650 4421 1756 4473 alio
1800 4422 2016 4489 alioque
2080 4417 2303 4476 nomine

737 4491 1140 4556 obrepserunt?
1167 4489 1320 4542 Nulla
1351 4490 1430 4542 vel
1459 4489 1794 4560 llieronymi,
1818 4491 1900 4544 vel
1921 4492 2302 4560 cujuscunque

739 4561 937 4628 privati
960 4575 1056 4626 par
1078 4561 1399 4621 auctoritas,
1430 4561 1738 4614 istiusmodi
1762 4577 1990 4614 censura
2015 4562 2305 4615 librorum.

738 4631 893 4695 Quod
923 4629 1161 4683 Joannes
1195 4640 1425 4698 utraque
1445 4633 1674 4698 epistola
1702 4632 1888 4684 Senior
1917 4642 2161 4688 vocatur.
2193 4649 2308 4685 ma-

741 4702 952 4770 Iuitque
995 4701 1073 4751 sic
1099 4703 1370 4768 interpres
1400 4699 1650 4760 reddere.
1689 4718 1852 4771 quam
1908 4702 2152 4754 (luceant
2209 4719 2308 4756 vo-

739 4787 856 4824 cem
881 4771 1161 4840 presbyteri
1188 4773 1425 4825 retinere
1450 4775 1529 4837 (ut
1553 4775 1724 4840 magis
1745 4782 1958 4824 aetatem
1985 4772 2308 4836 insinuaret,

740 4857 902 4909 quam
935 4842 1302 4912 dignitatem),
1331 4843 1470 4896 ratio
1492 4842 1680 4896 JaCubi
1714 4843 1918 4911 Capelli
1952 4857 2058 4894 non
2124 4842 2312 4912 displi-

742 4922 863 4973 cet;
893 4911 1038 4979 quod
1076 4913 1229 4964 valde
1257 4925 1509 4978 provecta
1543 4923 1701 4965 aelate
1734 4929 1828 4966 eas
1877 4913 2116 4965 Joannes
2170 4911 2310 4966 scri-

745 4985 937 5050 pserit.
970 4982 1326 5050 omniumque
1348 4983 1547 5036 Christi
1581 4983 1980 5048 discipulorum
2044 4986 2310 5037 vetustis-

743 5053 939 5110 simus.
965 5062 1022 5105 et
1046 5053 1139 5119 qui
1184 5053 1263 5105 sic
1293 5054 1449 5120 quasi
1481 5054 1916 5106 antonomastiee
1962 5053 2194 5121 intelligi
2250 5072 2312 5108 ac

743 5123 850 5174 dici
888 5131 1090 5191 posset.
1130 5122 1264 5175 Nam
1292 5135 1347 5177 et
1378 5124 1578 5177 Paulus
1603 5124 1668 5176 ad
1734 5122 2110 5176 Philemonem
2143 5125 2193 5176 in
2226 5128 2310 5179 sui

745 5192 1299 5254 contmendationem,
1354 5203 1410 5247 et
1464 5203 1521 5246 ut
1584 5194 1890 5249 Philemoni
1947 5193 2196 5253 suadeat,
2229 5213 2309 5259 se,

746 5264 895 5316 velut
956 5263 1068 5326 ille,
1104 5277 1288 5316 senem
1342 5264 1602 5318 insinuat.
1639 5265 1874 5318 Proinde
1920 5267 2314 5320 ctmvcuieuter

746 5333 986 5387 Joannes
1013 5333 1385 5404 familiaribvz
1421 5337 1672 5404 epistolis
1714 5351 1964 5404 peneque
2000 5337 2313 5390 COIISttlaln-

748 5404 866 5475 riis,
898 5403 1143 5458 Senioris
1175 5421 1371 5459 nomen
1422 5403 1671 5475 przelixit,
1710 5403 2048 5474 nimiumque
2102 5408 2316 5472 pondus

751 5474 806 5527 in
849 5489 980 5527 voce
1006 5475 1260 5540 apostoli,
1309 5476 1380 5528 ita
1408 5474 1658 5531 scribens
1703 5476 2072 5541 existimavit;
2121 5489 2179 5530 ut
2214 5480 2315 5532 hac

749 5552 904 5613 parte
955 5545 1162 5615 nullius
1223 5548 1485 5602 momenti
1542 5548 1613 5601 sit
1666 5557 2050 5615 argumentum
2111 5549 2311 5613 Groui,

749 5615 907 5683 quasi
951 5614 1078 5687 inde
1098 5615 1292 5687 Joanni
1340 5617 1616 5687 Tlteologo
1657 5614 1906 5685 abrogari
1943 5618 2024 5671 Ita:
2069 5621 2314 5687 epistola:

751 5688 986 5757 possint.
1023 5685 1300 5742 Videndus
1325 5685 1569 5742 Tertuil.
1593 5687 1666 5741 De
1691 5691 2013 5757 pra'seript.,
2067 5685 2156 5742 ubi
2195 5692 2312 5743 fuse

752 5754 1048 5828 admodum
1093 5759 1330 5812 ostendit
1387 5775 1550 5828 quam
1608 5754 1800 5811 sedulo
1841 5754 2071 5827 apostoli
2127 5761 2315 5814 titulos

757 5825 1138 5883 honoratiores
1169 5825 1422 5894 vitarent,
1453 5830 1669 5898 sibique
1702 5845 1840 5895 :egre
1878 5825 1946 5884 ac
1979 5847 2117 5900 pene
2151 5831 2308 5887 inviti

2403 3299 2570 3351 multa
2611 3314 2673 3350 ex
2705 3297 2931 3351 Joannis
2959 3311 3054 3348 ore
3084 3294 3447 3361 accepissent.
3478 3294 3682 3361 diuque
3731 3310 3853 3346 cum
3881 3297 3986 3349 illo

2402 3369 2603 3422 versati
2629 3376 2838 3420 essent.
2875 3376 2931 3419 et
2964 3366 3136 3433 ipsius
3160 3363 3375 3418 Domini
3411 3364 3667 3431 discipuli
3707 3363 3970 3427 fuissent,

2403 3448 2464 3490 ut
2484 3447 2570 3492 est
2594 3437 2738 3506 apud
2771 3437 2973 3492 Euseb.
3007 3436 3046 3489 l.
3067 3451 3172 3506 illl,
3199 3450 3247 3488 c.
3282 3435 3377 3506 59,
3414 3435 3690 3506 peculiare
3710 3451 3986 3506 momen-

2403 3519 2516 3562 tum
2579 3503 2764 3568 ltabu,
2803 3507 2951 3576 quod
2977 3505 3196 3559 difﬁcile
3243 3503 3516 3566 videatur,
3572 3504 3813 3557 voluisse
3865 3506 3981 3559 sibi

2401 3579 2666 3633 Joannem
2700 3578 3038 3644 Theologum
3063 3591 3262 3628 nomen
3289 3577 3582 3635 asciscere.
3614 3576 3760 3643 quod
3812 3577 3984 3629 alteri

2403 3650 2567 3703 sciret
2594 3650 2748 3719 quasi
2779 3647 3267 3725 propriumiforte
3295 3645 3485 3725 etiam,
3510 3646 3581 3699 ob
3605 3646 3993 3725 longissimam

2401 3715 2641 3776 :etatem'.
2666 3715 3024 3788 qua’Joannis
3062 3716 3325 3788 Theologi
3358 3731 3499 3788 pene
3525 3715 3773 3788 aequalis,
3804 3717 3992 3769 illius-

2405 3807 2513 3857 que
2547 3785 2926 3848 tlistinctionc,
2962 3803 3159 3842 nomen
3195 3786 3330 3838 illud
3368 3785 3623 3840 habuerit
3663 3803 3686 3857 :7
3707 3788 3821 3841 sive
3853 3804 3993 3842 cum

2402 3856 2644 3915 Joannes
2675 3860 3045 3928 Ephesiorum
3071 3859 3413 3928 episcopum
3448 3856 3738 3928 creaverit.
3761 3927 3767 3928 ί
3789 3865 3847 3909 ut
3897 3867 3995 3911 est

2405 3932 2458 3984 in
2507 3926 3010 3983 Constitutionibus
3053 3927 3250 3985 Clem..
3289 3942 3397 3987 vtt,
3439 3926 3508 3978 45
3546 3943 3560 3978 :
3594 3926 3704 3993 Τῆς
3758 3927 3996 3994 Ἐφέσου

2404 4001 2668 4071 Τιμόθεος
2702 4002 2801 4071 μεν
2838 4000 2942 4051 ὑπ’)
2994 3999 3254 4071 ﬂuuios;
3284 3996 3536 4071 Ἰῳάννης
3595 3998 3674 4071 δξ,
3723 3997 3820 4071 5::
3849 3998 3996 4071 ἐμοῦ

2416 4066 2664 4125 Ἰὠάννου
2687 4066 2713 4099 ·“
2728 4070 2843 4122 sive
2867 4072 3043 4123 solum
3073 4070 3192 4136 cjus
3217 4067 3472 4121 Ecclesiae
3497 4066 3995 4136 presbyterfuerit.

2405 4142 2554 4196 lstud
2589 4149 2738 4194 certe
2785 4139 3104 4192 dillicultate
3139 4154 3248 4191 non
3284 4147 3435 4191 caret
3459 4155 3471 4189 :
3494 4153 3601 4190 non
3642 4147 3823 4190 tamen
3856 4153 3998 4190 con-

2404 4213 2576 4266 vincit
2599 4226 2707 4265 non
2743 4225 2864 4264 esse
2896 4210 3157 4278 epistolas
3191 4207 3652 4278 verercanonicas,
3698 4206 3846 4276 quod
3891 4224 3999 4262 eas

2407 4283 2521 4350 ipsa
2549 4283 2658 4350 jam
2701 4277 3126 4350 Eusebiiizetate
3161 4277 3341 4350 multi
3389 4278 3707 4350 habebant;
3755 4293 3878 4350 cum
3906 4289 4000 4350 _et

2403 4347 2772 4420 aliid'iseipuli
2823 4361 2977 4404 extra
3028 4349 3343 4408 duodecim,
3389 4348 3586 4420 libros_
3619 4357 3676 4420 et
3725 4347 4001 4420 epistolas

2405 4417 2718 4477 condidisse
2751 4431 3071 4483 noscantur,
3103 4435 3241 4489 quos
3303 4429 3355 4472 et
3390 4434 3526 4487 quas
3551 4417 3789 4470 Ecclesia
3819 4434 3998 4485 agno-

2410 4496 2514 4548 scit
2536 4510 2601 4547 ex
2623 4492 2844 4546 Canoue
2872 4492 3139 4544 librorum
3167 4490 3302 4544 Novi
3324 4489 3804 4542 Testamenti.Nec
3831 4489 4002 4543 video

2344 4553 2384 4606 Ῑ)
2410 4565 2612 4634 quibus
2636 4579 2703 4617 ex
2740 4563 3115 4615 nmnumentis
3141 4570 3237 4613 aut
3282 4559 3440 4634 libris
3467 4560 3610 4634 idem
3637 4558 3856 4634 Grotius
3888 4561 4000 4611 ha-

2414 4628 2541 4688 beat
2572 4637 2648 4698 (et
2680 4643 2739 4686 ut
2789 4643 3113 4698 argumento
3145 4640 3332 4683 utatur
3375 4629 3443 4682 ad
3491 4628 3833 4697 probandum
3878 4644 4002 4682 non

2415 4697 2632 4758 habitas
2663 4704 2761 4756 has
2792 4697 3054 4771 epistolas
3086 4711 3144 4754 ut
3187 4702 3253 4750 de
3286 4699 3529 4762 Canone)
3563 4698 3716 4771 quod?
3741 4714 3849 4751 non
3872 4699 4002 4750 fue—

2415 4776 2524 4828 rint
2544 4774 2768 4828 reddite
2797 4770 2850 4826 iu
2874 4789 3180 4826 sermonem
3204 4771 3547 4823 diversarum
3577 4770 3816 4838 gentium
3834 4785 3847 4831 ;
3865 4784 4000 4822 cum

2415 4847 2570 4913 Angli
2621 4855 2701 4898 tot
2760 4845 2965 4911 linguis
3021 4841 3576 4913 repnescntavcrint.
3630 4850 3763 4913 quot
3817 4839 3996 4913 ipsaut

2415 4910 2644 4969 Joannis
2675 4910 2906 4983 primatu
2942 4913 3227 4982 epistolatn
3260 4928 3322 4965 ac
3356 4912 3597 4983 reliquos
3635 4910 3803 4963 libros
3840 4910 3996 4983 _.\'ovi

2418 4979 2774 5039 Testamenti.
2809 4985 2917 5038 Nec
2975 4979 3123 5036 enim
3180 4983 3256 5035 illi
3307 4997 3400 5035 eas
3442 4981 3662 5033 cudisse
3712 4979 3998 5033 versiones

2416 5057 2640 5125 putandi
2659 5065 2807 5114 sunt.
2837 5055 2930 5108 sed
2960 5070 3097 5123 quas
3135 5053 3376 5122 antiquis
3403 5051 3688 5125 cpdicibus
3716 5051 3997 5125 acueeele-

2415 5121 2653 5180 siasticis
2700 5127 2856 5178 libris
2909 5121 3041 5178 olim
3095 5121 3346 5177 exaratas
3374 5121 3740 5181 offenderant,
3780 5121 3903 5172 illas
3933 5121 3990 5174 in

2417 5198 2734 5265 Polyglottis
2763 5197 2877 5250 suis
2913 5195 3102 5249 Bibliis
3155 5208 3420 5265 generoso
3463 5202 3664 5265 conatu
3711 5192 3993 5265 vulgasse.

2418 5267 2491 5320 De
2515 5262 2666 5324 Iud-.e
2695 5267 2945 5335 epistola,
2973 5282 3138 5334 quam
3185 5265 3252 5318 ad
3279 5262 3701 5335 Judamtrahit,
3752 5264 3844 5335 qui
3869 5262 4000 5335 _sub

2417 5339 2656 5392 Adriano
2681 5332 2834 5398 vixit,
2868 5353 2969 5390 nec
2993 5332 3083 5390 'ch
3117 5336 3400 5404 apostolus
3422 5333 3514 5404 vel
3535 5333 3838 5400 discipulus
3859 5332 3996 5404 Jcsu

2418 5409 2542 5468 fuit,
2569 5409 2696 5462 alibi
2725 5408 2863 5461 forte
2893 5402 3236 5460 exercendus
3268 5405 3468 5475 stylus.
3489 5403 3679 5475 rl.onge
3717 5412 3867 5455 certe
3887 5402 3999 5455 hoc

2416 5481 2560 5548 apio
2581 5479 3044 5550 lideliuntscnsu,
3093 5494 3192 5531 nec
3221 5474 3330 5550 tam
3385 5474 3617 5550 veritate
3662 5488 3995 5550 quani-ego.

2417 5542 2577 5618 λήψει
2607 5549 2675 5603 ab
2709 5566 2777 5603 eo
2802 5549 3050 5611 dictum;
3095 5557 3150 5601 et
3185 5546 3339 5618 quod
3382 5545 3417 5614 [ι
3456 5593 3458 5596 ,
3488 5562 3551 5618 er
3583 5542 3788 5618 Jacobi,
3825 5543 4002 5609 idque

2416 5614 2590 5688 genus
2618 5620 2744 5680 alia.
2767 5618 3055 5673 subdititia
3086 5614 3422 5688 cont—cndita
3449 5615 3608 5684 plane
3634 5614 3781 5666 dictu
3817 5623 4004 5664 lenie-

2417 5686 2622 5744 rarium
2655 5692 2755 5750 sit;
2801 5705 2927 5744 cum
2987 5690 3174 5758 plagii,
3211 5687 3359 5760 quod
3412 5686 3467 5739 in
3530 5701 3589 5740 re
3639 5693 3746 5760 tam
3797 5694 4005 5760 saneta

2416 5762 2769 5817 commissum
2793 5772 2959 5826 esset,
2989 5753 3131 5814 nulli
3159 5753 3342 5815 idonei
3373 5765 3543 5812 testes
3602 5753 3828 5826 produci
3867 5769 4007 5808 uos-

2418 5843 2524 5888 smt
