4192 6424
194 409 262 471 1‘29
886 405 1169 466 ORATIO
1202 404 1331 467 VII.
1359 404 1534 464 --ΙΝ
1577 406 1883 466 LAUDEM
1925 406 1985 465 S.
2024 404 2305 467 TllOM/‘E
2344 407 2727 469 APOSTOLI.

3304 398 3404 463 130

188 532 370 594 τύτερος
394 522 452 575 δὲ
489 521 708 574 πάντων
733 519 935 590 μᾶλλον
972 523 1000 572 6
1050 520 1192 590 ὑπὲρ
1236 520 1345 573 τῶν
1400 517 1711 571 ἀποστόλων

1831 530 1995 574 mtcm
2026 520 2185 590 longe
2216 522 2477 576 omnibus
2517 520 2867 586 laudabilior,
2895 518 2991 591 qui
3023 521 3397 590 apostolorum

188 620 265 679 τοῖς
291 615 459 677 ἀξίοις
489 614 837 682 ἐγγινόμενος
862 628 876 642 ⁸
933 612 1032 663 καὶ
1064 611 1306 680 τοσούτῳ
1370 611 1554 673 πλέον,
1610 610 1720 679 ὅτῳ

188 710 254 762 καὶ
281 706 425 760 αὐτοὶ
458 706 676 758 πάντων
716 703 827 756 τῶν
853 704 1046 770 ἁγίων,
1096 706 1380 772 ἁγιότητος
1449 702 1719 773 ὑπερϐολῇ

190 798 607 870 ἀκραιφνέστερον
634 795 711 866 τῷ
743 796 1028 865 ύπεραγίῳ
1066 797 1529 865 προσιεικείωνται.
1563 794 1715 845 Ἐπι-

190 892 469 959 ποθήσωμεν
500 889 680 941 τοίνυν
703 886 833 950 τοὺς
870 886 976 938 τῶν
1006 886 1177 953 ἁγίων
1197 884 1586 953 ἁξιοποθήτους
1616 900 1708 951 χο-

191 985 297 1052 ροὺς,
332 982 425 1033 καὶ
468 980 673 1032 τούτων
724 978 981 1047 μάλιστα,
1036 977 1127 1029 τὸν
1194 974 1715 1047 ύπεραναϐεϐηκότα

190 1076 278 1134 τοὺς
306 1073 454 1134 ὅλους
479 1074 545 1141 τῇ
581 1070 865 1140 θεοειδεία,
908 1070 1000 1123 καὶ
1024 1070 1264 1139 συνεχῶς
1296 1069 1375 1139 τῷ
1409 1068 1718 1135 ύπερουσίῳ

192 1165 583 1235 πνῳκειωμένον
614 1180 628 1194 °
674 1164 773 1233 τὴν
804 1164 1086 1234 ὑπερφερῆ
1129 1165 1271 1231 λέγω
1333 1161 1720 1231 ἀξιεραστοτὰ-

191 1276 262 1327 την
283 1257 377 1309 τῶν
405 1255 626 1325 ὑψηλῶν
650 1256 967 1309 ἀποστόλων
992 1255 1291 1308 δωδεκάδα.

1821 614 2017 681 gratia,
2044 628 2235 666 eorum
2264 615 2358 686 qui
2388 624 2517 669 sunt
2546 614 2694 685 digni
2730 614 2944 669 animos
2984 612 3244 679 incessit;
3275 623 3396 668 tau-

1821 713 1987 771 toque
2009 704 2265 773 amplius,
2292 714 2497 773 quanto
2527 715 2583 761 et
2619 706 2696 759 illi
2726 706 3052 760 excellentia
3069 706 3398 771 sanctitatis,

1820 794 2166 849 sanctitatem
2188 810 2407 849 onmem
2419 798 2683 861 vincenti,
2701 797 2905 851 sanctis
2926 797 3185 851 omnibus
3208 797 3401 866 purius

1819 885 2113 956 veriusque
2148 887 2550 943 necessitudine
2585 888 2863 961 conjuncti
2893 899 3041 943 sunt.
3065 888 3264 944 Amore
3296 887 3401 959 igi-

1821 985 1912 1029 tur
1949 988 2005 1032 et
2038 978 2336 1046 desiderio,
2378 981 2572 1051 dignos
2599 997 2729 1037 vere
2753 981 2847 1052 qui
2883 990 3136 1035 amentur
3168 996 3233 1035 ac
3256 980 3403 1036 desi—

1823 1067 1980 1122 derio
2010 1070 2337 1140 habeantur,
2371 1083 2683 1128 sanctorum
2712 1074 2910 1129 choros
2950 1086 3348 1144 prosequamur
3380 1087 3397 1126 :

1825 1163 2068 1216 onmium
2124 1174 2306 1219 autem
2366 1165 2619 1230 maxime,
2671 1166 2764 1234 qui
2806 1165 2991 1220 divina
3039 1163 3402 1221 similitudine

1827 1266 2019 1308 onmes
2084 1257 2367 1324 praecellit,
2425 1259 2799 1327 continuoque
2841 1256 3126 1312 excedenti
3181 1270 3401 1310 omnem

191 1350 506 1403 substantiam
566 1348 810 1402 cohmret
870 1362 933 1402 ac
992 1345 1403 1401 necessitudine
1437 1341 1919 1414 coniunctissimus
1981 1356 2106 1413 est;
2147 1348 2409 1403 eximium
2449 1350 2574 1405 dico
2621 1349 2896 1421 digneque
2948 1347 3402 1403 amabilissimum

192 1445 465 1498 sublimium
494 1443 896 1497 duodenarium
924 1442 1301 1511 apostolorum
1328 1450 1554 1496 coetum.

241 1541 427 1609 Ταύτην
444 1539 895 1610 ὲπιποθήσωμεν,
935 1538 1141 1609 ταύτην
1175 1538 1509 1607 ζηλώσωμεν
1543 1553 1559 1569 ⁸
1617 1534 1718 1587 καὶ

192 1634 255 1685 διὰ
278 1635 544 1701 μιμήσεως
584 1631 687 1700 τῆς
725 1632 857 1700 ἡμῖν
907 1630 1155 1699 ἐφικτῆς,
1205 1630 1408 1699 ταύτης
1463 1626 1719 1696 γενέσθαι

1896 1535 2057 1591 llunc
2096 1537 2500 1604 desideremus,
2550 1537 2699 1592 hunc
2730 1536 3082 1602 aemulemur;
3123 1550 3188 1590 ac
3219 1534 3402 1589 imita-

1826 1630 1976 1684 tione
2010 1634 2231 1700 (quanta
2261 1647 2359 1701 per
2382 1632 2698 1686 facultatem
2730 1630 2879 1701 licet)
2917 1629 3062 1684 illius
3094 1628 3227 1683 socii
3260 1628 3401 1683 eflici

191 1726 539 1793 σπουδὰσωμεν
592 1723 863 1777 κοινωνοί.
924 1722 1083 1775 Οὕτω
1151 1723 1260 1793 γὰρ
1294 1722 1358 1774 δι’
1387 1720 1585 1783 αὐτῶν,
1636 1718 1714 1789 τῷ

1831 1728 2159 1779 Studeamus.
2187 1724 2278 1778 Sic
2299 1725 2443 1778 enim
2476 1741 2574 1795 per
2603 1725 2745 1790 illos,
2771 1738 3030 1794 supremo
3071 1722 3403 1777 desiderabi-

191 1818 429 1887 ἀκροτάτῳ
460 1816 569 1868 τῶν
608 1814 840 1883 ἐφετῶν,
887 1816 965 1887 τῷ
1002 1815 1465 1883 ἐγκατῳκισμένῳ
1504 1811 1714 1874 τούτοις

188 1911 433 1979 ἑγγιοῦμεν
478 1908 701 1980 Χριστῷ
744 1924 760 1938 ·
802 1907 1062 1977 μακάριοί
1112 1923 1172 1959 τε
1211 1906 1288 1977 τῷ
1334 1904 1447 1957 ὄντι
1489 1905 1627 1957 κατὰ
1657 1903 1718 1955 τὸ

189 2004 303 2072 ἱερὸν
341 2001 579 2070 ἐσόμεθα
619 2000 821 2067 λόγιον,
868 1997 1203 2069 πληροῦντες
1260 1997 1360 2065 τὴν
1418 1994 1718 2064 ἐπιθυμίαν

185 2096 312 2162 ἡμῶν
335 2095 387 2158 ἐξ
419 2092 626 2155 αὐτῶν,
650 2092 745 2145 καὶ
776 2091 852 2161 μὴ
882 2091 1286 2161 αἰσχυνόμενοι,
1320 2088 1458 2159 ἡνίκ’
1493 2087 1559 2141 ἂν
1583 2086 1720 2158 πρὸς

186 2189 280 2247 ταῖς
303 2186 386 2238 τοῦ
417 2185 537 2254 βίου
568 2184 765 2247 πύλαις
794 2186 1111 2252 γενόμενοι,
1146 2185 1257 2245 τοῖς
1306 2182 1514 2235 ἑαυτῶν
1564 2183 1718 2235 ἀντι-

184 2277 529 2347 δολῶμενβί)
568 2277 806 2348 ἐχθροῖς.
849 2276 1009 2329 Ἀλλά
1042 2276 1117 2347 μὴ
1161 2276 1410 2345 ἄκαρπόν
1444 2291 1566 2326 τινα
1625 2272 1721 2326 καὶ

180 2368 313 2438 ψιλήν
340 2371 524 2436 ἔφεσιν
546 2370 680 2437 πρὸς
707 2369 905 2429 αὐτοὺς
928 2364 1365 2434 ἐπαγγελώμεθα
1390 2381 1404 2396 ·
1430 2366 1626 2434 ἐνεργῆ
1665 2364 1721 2416 δὲ

181 2464 256 2512 καὶ
279 2463 589 2531 ἔμπρακτον
624 2459 1007 2529 είσφέρωμενο
1056 2458 1152 2511 καὶ
1206 2457 1307 2526 βίῳ
1364 2458 1462 2527 μὲν
1509 2458 1721 2527 τελείῳ,

178 2550 257 2619 τὴν
280 2550 642 2619 τρανεστέραν
699 2550 991 2619 ὁμοίωσιν,
1038 2549 1113 2612 ὡς
1161 2549 1408 2613 δυνατὸν,
1466 2549 1725 2619 ἀφοσιού-

183 2657 337 2708 μενοι·
395 2640 545 2709 λόγῳ
596 2640 693 2704 δὲ,
741 2640 842 2707 τὴν
887 2639 1235 2709 καθήκουσαν
1281 2639 1490 2693 αἴνεσιν
1539 2642 1723 2702 αὐτοῖς

177 2733 562 2803 ὰςιερούμενοι,
592 2734 660 2786 δι’
692 2735 896 2803 ἀμφοῖν
945 2733 1038 2787 τὸν
1086 2735 1144 2786 ἐν
1171 2734 1354 2796 αὐτοῖς
1410 2734 1725 2802 ἁγιάζωμεν

178 2822 569 2891 ἐειδοξαζόμενον
607 2822 760 2876 Θεόν.

234 2914 374 2965 Ἐστι
406 2916 509 2983 μὲν
543 2908 639 2966 οὖν
664 2915 852 2982 ῶσπερ
880 2907 958 2975 εἷς
983 2915 1185 2984 ὁμοίως
1226 2915 1335 2968 τῶν
1366 2914 1575 2968 δώδεκα
1618 2914 1729 2965 Πα-

176 3007 255 3077 τὴρ
280 3010 306 3060 ό
335 3009 487 3074 Θεὸς,
524 3008 846 3070 διδάσκαλός
879 3026 939 3061 τε
978 3010 1072 3063 καὶ
1102 3010 1303 3080 Κύριος
1350 3010 1443 3063 κα)⁸
1482 3009 1726 3077 καθηγη-

1816 1815 1972 1882 lium,
2010 1818 2063 1871 in
2100 1818 2182 1871 eis
2211 1817 2480 1871 habitanti
2529 1816 2771 1882 Christo,
2818 1831 2988 1887 prope
3034 1815 3399 1881 accedemus;

1816 1918 1881 1957 ac
1932 1902 2076 1957 beati
2125 1904 2304 1973 reipsa
2361 1903 2464 1976 (uti
2525 1919 2741 1959 sacrum
2789 1903 3046 1973 perbibet
3093 1903 3402 1972 eloquium)

1820 1996 2053 2062 erimus,
2106 1998 2201 2067 qui
2252 1998 2578 2068 impleamus
2633 1996 2972 2052 desiderium
3031 2006 3278 2050 nostrum
3335 2010 3404 2049 ex

1820 2084 1972 2156 ipsis,
2006 2104 2107 2143 nec
2136 2089 2309 2144 simus
2351 2088 2748 2156 confundondi,
2781 2102 2905 2143 cum
2954 2087 3011 2141 in
3054 2090 3181 2141 vitae
3229 2088 3404 2157 portis

1818 2182 2147 2248 constituti,
2198 2183 2439 2239 inimicis
2489 2185 2695 2239 nostris
2734 2199 3093 2238 occurremus
3123 2184 3189 2236 ⁸ο.
3246 2181 3401 2235 llaud

1819 2275 2102 2329 enimvero
2145 2276 2548 2331 infructuosum
2595 2276 2871 2346 quoddam
2903 2292 2966 2331 ac
3012 2276 3245 2345 simplex
3275 2289 3402 2343 erga

1822 2364 1945 2419 illos
1971 2366 2305 2421 desiderium
2333 2382 2688 2438 amoremque
2726 2368 3105 2438 profiteantur,
3128 2365 3223 2421 sed
3254 2364 3402 2434 quod

1821 2456 2012 2512 eﬂicax
2039 2475 2343 2529 verumque
2370 2460 2623 2523 exsistat,
2672 2459 2727 2513 in
2757 2473 2870 2511 rem
2901 2458 3248 2511 conferamus
3292 2474 3304 2509 :
3336 2471 3403 2510 ac

1822 2550 1948 2605 vita:
1968 2552 2191 2622 quidem
2217 2551 2579 2623 perfectione,
2618 2550 2985 2622 limpidiorem
3018 2548 3219 2619 (quoad
3254 2548 3403 2615 licet)

1825 2643 2242 2697 similitudinem
2266 2642 2623 2707 exhibentes;
2660 2642 2909 2695 doctrina
2935 2656 3067 2695 vero
3094 2649 3257 2709 atque
3291 2654 3407 2692 ser-

1824 2749 1988 2788 mone
2022 2735 2240 2789 laudem
2274 2734 2357 2789 eis
2403 2748 2703 2804 congruam
2742 2733 3136 2803 depangentes,
3172 2741 3406 2802 utroque

1825 2825 1920 2895 qui
1946 2826 1999 2880 in
2033 2825 2142 2881 illis
2168 2826 2563 2890 sanctificatur,
2598 2826 2769 2880 Deum
2802 2823 3231 2879 sanctiﬁcemus.

1897 2932 1989 2987 Est
2016 2931 2179 3001 igitur
2197 2930 2682 3001 ,quemadmodum
2705 2947 2846 2986 unus
2882 2932 3088 3001 pariter
3114 2929 3408 2984 duodecim

1828 3023 1986 3079 Pater
2016 3024 2181 3088 Deus,
2210 3023 2572 3094 magisterque
2600 3032 2655 3077 et
2706 3022 2962 3076 dominus
2991 3032 3155 3091 atque
3202 3036 3411 3090 praaco-

172 3101 247 3168 τὴς
271 3104 297 3152 6
323 3102 598 3170 Χριστός·
630 3101 729 3170 μία
762 3118 822 3154 τε
852 3104 1031 3164 πίστις
1058 3103 1149 3155 καὶ
1177 3103 1335 3172 χάρις
1372 3102 1463 3153 καὶ
1501 3101 1725 3169 δύναμις

1831 3128 1974 3187 ptor,
1993 3115 2246 3172 Christus
2278 3132 2418 3182 ;una
2438 3132 2654 3186 quoque
2691 3115 2825 3170 fides
2850 3126 2905 3170 et
2928 3117 3096 3185 gratia
3123 3115 3411 3182 virtusque

171 3191 243 3242 τοῦ
271 3192 623 3261 Πνεύματοςο
669 3192 703 3262 ἦ
747 3210 806 3245 τε
852 3193 1093 3247 διακονία
1131 3195 1231 3263 τῆς
1260 3193 1598 3263 ἀποστολῆς,
1634 3193 1729 3246 καὶ

169 3284 342 3351 ἀμοιϐὴ
370 3283 427 3335 δὲ
450 3285 570 3336 τῶν
597 3285 778 3353 γερῶν
802 3286 836 3353 ἡ
864 3285 1021 3355 αὑτὴ,
1043 3285 1183 3338 οὕτω
1212 3288 1305 3338 καὶ
1338 3287 1557 3349 ἔπαινος
1586 3289 1613 3338 ὀ
1640 3286 1731 3337 αύ-

170 3374 240 3435 τές
264 3375 364 3427 τῶν
399 3374 677 3445 μαθητῶν
702 3375 957 3428 ἁπάντων
982 3377 1145 3429 ἐστίν.
1167 3377 1305 3429 Ἀλλ’
1334 3379 1407 3440 ὡς
1432 3379 1553 3431 κατ’
1574 3377 1731 3432 ἄλλον

169 3465 338 3530 τρόπον
368 3466 472 3536 τὴν
524 3466 640 3518 ἀπὸ
672 3465 766 3519 τοῦ
814 3466 1063 3537 σώματος
1117 3468 1217 3536 μὲν
1265 3469 1549 3538 ἐκδημίαν,
1597 3469 1732 3541 πρὸς

166 3555 343 3624 Κύριον
390 3556 449 3608 δέ
499 3557 899 3626 πεποιημένων
944 3558 1221 3627 ἐνδημίαν,
1255 3559 1567 3626 ἀναγκαίως
1600 3559 1731 3612 ἐκά-

168 3663 253 3715 atq:
282 3650 373 3701 καὶ
407 3652 443 3720 ἠ
475 3650 697 3712 αἴνεσις
730 3648 1045 3719 ίδιοτρόπως
1072 3651 1402 3704 ἀποδίδοται.

216 3742 302 3803 Τίς
325 3738 423 3795 οὖν
461 3742 566 3794 τὸν
601 3742 751 3811 ἱερὸν
786 3740 1039 3809 σύλλογον
1062 3742 1251 3795 τοῦτον
1280 3743 1312 3812 ἢ
1345 3742 1531 3797 θίασον
1566 3742 1735 3810 σήμε-

163 3848 237 3898 ρον
262 3835 536 3885 συνιστῶν
559 3873 576 3899 ,
612 3832 710 3885 καὶ
745 3833 1051 3902 προθυμίας
1077 3833 1439 3904 ἀναπιμπλῶν
1456 3872 1472 3898 ,
1498 3833 1589 3885 καὶ
1616 3833 1737 3901 ἠδο-

161 3926 235 3991 νῆς
286 3926 648 3995 θαυμασίας,
702 3926 796 3978 καὶ
855 3926 1208 3996 φαιδρότητπ
1264 3926 1362 3990 τὰς
1412 3926 1737 3994 Ἐκκλησίας

160 4017 486 4089 ἀναπληρῶν,
528 4018 639 4071 καὶ
688 4017 824 4088 πρὸς
867 4018 1172 4084 δοξολογίαν
1211 4018 1361 4072 θείαν
1402 4019 1738 4088 συναγείρων

159 4109 231 4159 ul
256 4111 586 4181 συγκροτῶν
606 4127 623 4175 ;
645 4110 721 4162 Ἦ
741 4111 874 4161 πᾶσι
905 4110 1221 4180 καταφανὴς
1245 4115 1277 4180 ἠ
1309 4112 1459 4165 αἰτία
1490 4111 1589 4180 τῆς
1616 4114 1737 4183 ἐορ-

160 4200 262 4267 iis;
293 4203 504 4273 Θωμᾶς
535 4204 661 4273 γὰρ
704 4203 733 4255 6
765 4202 936 4271 μέγας
968 4202 1061 4255 τοῦ
1092 4202 1424 4271 Εύαγγελίου
1454 4202 1733 4274 λαμπτὴρ,

156 4293 200 4342 οὐ
222 4296 347 4364 πρὸς
374 4296 663 4364 αἰσθησιν
696 4294 1029 4365 σωματικὴν,
1057 4296 1192 4349 ἀλλὰ
1222 4297 1411 4367 νοερὰν
1439 4297 1739 4367 ἐξανίσχων

1833 3208 2067 3277 Spiritus
2099 3251 2114 3275 ,
2146 3208 2540 3277 apostolicique
2574 3209 2818 3263 muneris
2844 3208 3072 3269 functio,
3110 3223 3172 3261 ac
3219 3207 3410 3261 eadem

1833 3298 2178 3366 prtemiorum
2198 3295 2506 3359 retributio,
2528 3296 2607 3350 sic
2626 3304 2681 3350 et
2705 3295 2893 3350 eadem
2918 3296 3037 3349 laus
3065 3293 3307 3348 omnium
3329 3294 3409 3347 di-

1832 3387 2407 3459 scipulorumcxsistit
2439 3405 2450 3440 :
2485 3388 2629 3456 quod
2660 3395 2837 3440 tamen
2858 3387 2963 3440 alia
2992 3386 3206 3456 aliaque
3246 3386 3412 3439 ratio-

1833 3496 1903 3535 ne
1930 3480 2245 3551 cmigrarint
2277 3495 2307 3535 c
2325 3495 2555 3549 corpore
2581 3487 2636 3533 et
2658 3478 2724 3532 ad
2765 3478 3052 3533 Dominum
3077 3478 3409 3547 commigra—

1836 3572 1945 3626 rint
1961 3612 1976 3636 ,
2000 3571 2307 3626 necessario
2330 3586 2548 3641 quoque
2570 3570 2791 3640 propria
2818 3572 3016 3640 cuique
3040 3571 3163 3625 laus
3200 3569 3412 3624 ratione

1836 3665 2195 3735 dependitur.

1942 3769 2202 3836 Quisnam
2233 3769 2400 3839 igitur
2428 3777 2511 3822 est
2532 3767 2625 3837 qui
2651 3782 2866 3821 sacrum
2899 3766 3046 3820 hunc
3077 3777 3412 3820 conventum

1836 3874 1932 3913 seu
1966 3860 2194 3913 chorum
2226 3858 2490 3912 hodierna
2521 3858 2608 3911 die
2630 3856 2912 3911 constituit
2931 3896 2944 3918 ,
2971 3856 3267 3925 impletque
3295 3858 3413 3910 ala-

1838 3952 2033 4006 critate
2062 3993 2077 4017 ,
2117 3967 2181 4006 ac
2216 3952 2352 4005 mira
2375 3952 2653 4020 voluptate
2676 3948 3104 4020 acjucunditate
3140 3949 3415 4003 Ecclesias

1844 4043 2048 4113 ubique
2077 4043 2243 4097 allicit
2271 4082 2286 4106 ,
2308 4051 2469 4112 atque
2497 4040 2564 4095 ad
2594 4042 2687 4095 Dei
2729 4043 2918 4095 laudes
2946 4040 3418 4096 concelebrandas

1839 4143 2132 4206 congregat
2155 4144 2437 4204 canusque
2471 4135 2662 4205 cogit?
2689 4133 2829 4188 Num
2879 4135 3094 4188 cunctis
3130 4133 3418 4189 manifesta

1839 4231 1963 4286 festi
1982 4232 2120 4285 ratio
2140 4245 2201 4285 ac
2218 4246 2379 4284 causa
2402 4229 2643 4299 ?Nempe
2668 4229 2906 4283 Thomas
2927 4245 3118 4299 magna
3136 4230 3225 4284 illa
3243 4229 3420 4284 Evan-

1842 4324 1966 4394 gelii
1986 4323 2094 4386 fax,
2116 4339 2224 4377 non
2243 4323 2542 4392 corporalis
2565 4337 2758 4376 sensus
2789 4322 3023 4383 ratione.
3045 4323 3140 4377 sed
3188 4324 3419 4391 spirita-

156 4390 275 4454 ἡμῖν,
308 4393 403 4444 καὶ
432 4392 791 4460 φανωτάτας
818 4390 916 4460 τῆς
944 4390 1107 4445 αὑτοῦ
1139 4394 1357 4463 μνήμης
1385 4394 1484 4457 τὰς
1520 4412 1738 4465 μαρμα-

1844 4417 1910 4471 lis
1939 4416 2245 4485 mentisque
2261 4415 2473 4486 fulgure
2505 4415 2665 4469 nobis
2697 4415 2949 4469 exoriens
2979 4455 2993 4478 ,
3015 4412 3419 4471 lucidissimos-

159 4484 295 4547 pavi;
322 4486 519 4550 ἐνιεὶς,
557 4483 716 4552 πρὸς
744 4484 846 4553 τὴν
882 4485 1090 4539 οἰκείαν
1119 4485 1376 4553 συγκαλεί
1404 4485 1583 4550 δόξαν.
1619 4486 1738 4538 Θω-

156 4578 234 4639 μᾶς
263 4581 289 4629 ὁ
316 4580 507 4648 τίμιος
565 4578 755 4641 λίθος,
785 4577 881 4630 καὶ
913 4577 1108 4641 σεπτὸς
1140 4578 1235 4631 καὶ
1277 4577 1560 4641 ἐκλεκτός·
1604 4580 1633 4631 6
1664 4577 1742 4647 τῷ

156 4668 369 4737 πεφανῳ
400 4670 509 4738 τῆς
537 4669 726 4737 δόξης
756 4668 833 4737 τῷ
860 4671 926 4739 τῇ
954 4670 1264 4739 ἐπουρανίῳ
1299 4670 1557 4723 πλακέντι
1580 4670 1739 4734 Σιὼν,

153 4760 256 4823 πρὶς
294 4765 407 4822 τοῖς
461 4762 692 4814 ἓνδεγα
739 4764 1145 4830 συνηρτημένος
1178 4777 1192 4791 ’
1248 4764 1277 4815 6
1329 4764 1675 4833 μαργαρίτης
1715 4766 1743 4816 6

154 4848 452 4923 τὶοὶαμπής,
474 4853 541 4905 ὐ
565 4850 818 4921 γνώμης
845 4853 1130 4921 ἁπλότητι,
1151 4856 1243 4907 καὶ
1267 4856 1383 4916 νοὸς
1410 4855 1741 4924 καθαρότητι

156 4944 219 4990 ni
238 4948 498 5015 τρανότητι
530 4947 680 4997 ὅλον
718 4944 779 4995 τὸ
810 4944 1013 4997 ἁπλοῦν
1042 4947 1157 5014 φῶς
1189 4949 1283 5000 καὶ
1313 4947 1602 5018 θεαρχικδν
1631 4950 1743 5001 εἰσ-

154 5031 432 5106 δεδεγμένος
458 5082 475 5103 ,
518 5039 632 5092 καὶ
668 5037 1117 5106 μεγαλοπρεπεῖς
1147 5038 1239 5107 ἀφ’
1268 5040 1461 5093 ἐαυτοῦ
1490 5043 1599 5103 τοῖς
1627 5040 1746 5105 ἐξο-

156 5131 383 5194 εῑωμένοις
414 5134 618 5184 ἔθνεσι
651 5130 769 5190 τὰς
799 5130 1225 5193 ἀντανακλάσεις
1264 5133 1607 5203 ἀποπέμπων
1634 5134 1743 5186 τῶν

156 5226 431 5293 ςωτισμῶν.
472 5224 740 5293 Θωμᾶς,
772 5223 800 5274 6
844 5223 938 5276 καὶ
982 5222 1241 5293 Δίδυμος⁶
1274 5223 1436 5278 τοῦτο
1484 5224 1594 5295 γὰρ
1647 5224 1741 5279 τοῦ

206 5383 241 5414 ⁸⁸
283 5386 423 5441 Psal.
467 5399 681 5445 cxxvr,
723 5381 782 5434 5.

207 5499 297 5567 (2i)
330 5498 834 5571 'Arué’olépsr.
879 5496 1057 5571 Malim
1102 5497 1504 5571 ἁντιὸαλῶμεν,
1538 5501 1739 5571 vixque

164 5567 667 5628 dubucm‘Nicetam
723 5567 895 5639 aliter
923 5567 1229 5639 scripsisse,
1280 5571 1374 5639 qui
1408 5579 1557 5625 totus
1608 5567 1743 5625 allu-

163 5638 228 5712 «lat
247 5644 303 5695 ad
326 5646 511 5697 locum
542 5636 778 5712 psalmi
799 5652 957 5712 cxxvt
988 5638 1056 5691 de
1101 5636 1337 5712 judicio
1362 5641 1417 5693 in
1446 5652 1601 5710 porta
1637 5642 1745 5695 lle-

167 5706 385 5768 brmorum
420 5706 611 5773 more,
635 5707 811 5779 quod
846 5717 1038 5760 auctor
1065 5709 1133 5761 ad
1170 5706 1461 5779 judicium_
1492 5713 1657 5765 trahit
1691 5713 1743 5765 in

166 5784 412 5839 rxituviuc
443 5796 628 5851 atque
665 5791 942 5851 excessu,
986 5794 1109 5831 cum
1146 5779 1340 5834 beatus
1375 5796 1591 5845 revera,
1648 5784 1742 5851 qui

169 5863 243 5906 ιωη
266 5848 672 5917 confundetur,
712 5863 852 5902 cum
887 5848 1140 5916 loquetur
1174 5851 1448 5917 inimicis;
1477 5868 1602 5908 cum
1628 5848 1705 5907 sei

1838 4520 1943 4575 que
1973 4520 2083 4559 suae
2112 4505 2390 4559 memoriae
2413 4504 2644 4559 micatus
2672 4504 2897 4559 vibrans
2930 4546 2944 4569 ,
2976 4505 3043 4559 ad
3075 4505 3250 4575 ipsius
3277 4522 3416 4561 con-

1840 4605 1997 4651 vocat
2030 4596 2412 4650 celebrandam
2440 4596 2688 4665 gloriam.
2715 4597 2953 4651 Thomas
2987 4598 3249 4652 nimirum
3292 4614 3417 4668 pre-

1841 4687 2015 4741 tiosus
2045 4686 2184 4756 lapis
2211 4702 2276 4742 ac
2298 4687 2628 4742 venerabilis
2655 4688 2974 4757 electusque
3000 4730 3015 4753 ,
3055 4704 3272 4745 coronm
3302 4693 3420 4761 glo-

1843 4779 1936 4833 ria:
1963 4779 2169 4833 cmlesti
2190 4780 2361 4848 plexze
2387 4779 2537 4834 Sioni
2572 4822 2587 4847 ,
2611 4780 2870 4834 undecim
2904 4781 3196 4851 adjunctus
3229 4783 3423 4852 imple-

1846 4884 2052 4938 xusque
2079 4878 2332 4924 catervae.
2356 4870 2642 4941 Margarita
2659 4871 2807 4925 omni
2836 4881 2991 4941 parte
3017 4873 3233 4927 lucidus
3265 4914 3279 4937 ,
3302 4875 3423 4927 ani-

1845 4961 1918 5013 mi
1947 4960 2289 5029 simplictiate
2322 4962 2633 5031 mentisque
2671 4963 2909 5033 puritate
2938 4979 3002 5019 ac
3029 4965 3422 5035 perspicuitate

1845 5058 1961 5103 toto
2002 5049 2118 5118 ipso
2137 5049 2371 5118 simplici
2401 5050 2699 5121 divinoque
2752 5051 2961 5106 lumine
2991 5053 3115 5106 sinu
3139 5064 3418 5123 suscepto,

1845 5139 2269 5209 magnilicosque
2300 5155 2329 5193 a
2368 5155 2427 5195 se
2452 5143 2570 5210 ipso
2602 5143 2867 5197 obcaecati
2892 5143 3121 5213 caligine
3163 5145 3421 5214 gentibus

1847 5229 2271 5284 illustrationum
2299 5230 2538 5303 fulgores
2575 5232 2817 5289 refractu
2855 5234 3113 5290 emittcns
3156 5235 3417 5303 Thomas,

1840 5501 1974 5557 licet
1999 5500 2376 5571 respondebit,
2413 5518 2476 5557 ac
2509 5504 2673 5557 verba
2702 5503 2875 5565 dabit,
2911 5502 2979 5558 iis
3030 5503 3420 5559 accusantibus

1845 5589 1910 5627 ac
1952 5573 2316 5637 (temonibus,
2352 5590 2451 5642 pro
2485 5574 2571 5627 his
2605 5590 2727 5643 qua:
2772 5575 2990 5629 illorum
3034 5576 3265 5630 maxime
3298 5590 3423 5643 sug-

1842 5643 2086 5722 gestione
2110 5645 2392 5711 peccavit;
2440 5644 2587 5722 quod
2635 5644 3072 5722 estﬁyztﬁaksiv
3099 5661 3111 5673 ·
3141 5661 3249 5722 non
3295 5659 3420 5698 cum

1845 5714 1952 5767 illis
2013 5724 2286 5777 occurret,
2337 5714 2484 5783 quod
2541 5714 2870 5777 ἀντιόαλεῖν,
2906 5724 2958 5766 vt
3007 5717 3269 5772 remotius
3313 5727 3418 5779 cst,

1844 5799 1938 5841 seu
1974 5784 2342 5851 connnunius,
2368 5801 2466 5840 nec
2497 5800 2820 5855 expressum
2856 5802 2884 5839 ιι
2914 5786 3136 5840 Daride.
