4192 6424
191 406 268 470 133
900 410 1177 470 ORATIO
1215 414 1341 473 VII.
1370 438 1433 447 -·-
1470 413 1549 471 ΙΝ
1593 413 1841 473 LAUDE

1753 414 1899 474 DE}!
1939 418 1999 477 S.
2039 419 2320 478 ΤΠΟλΙίΕ
2362 420 2738 480 APOSTOLI.
3309 424 3408 488 131

190 523 391 591 ἐμμένει
440 523 541 590 μὲν
589 520 718 592 ἄχρι
769 522 977 587 τέλους,
1010 525 1293 588 ἐλάττονος
1346 526 1403 579 δὲ
1452 527 1669 597 χάριτος
1699 527 1731 594 ἦ
1760 528 1845 585 ΔΙ

1760 528 1809 585 Α
1835 530 2023 595 fert";
2045 533 2126 584 vel
2158 544 2338 587 manet
2359 534 2581 602 quidem
2612 548 2785 600 usque
2820 532 2875 585 in
2908 529 3095 599 ﬁnem,
3123 537 3394 592 minorem

188 616 317 680 δόξης
362 611 469 663 τῶν
520 614 839 682 κορυφαίων
885 615 1053 678 τινὸς,
1080 619 1231 686 παρά
1276 617 1354 687 τῷ
1401 618 1741 685 παμϐασιλεῐ

1845 630 2026 674 tamen
2083 624 2311 691 gratiam
2341 634 2433 678 aut
2496 624 2802 679 claritatem
2858 624 3196 679 nanciscitur
3264 632 3406 698 apud

187 703 545 766 καταξιοῦται·
578 703 768 772 ὥσπερ
807 705 861 756 6t
904 709 1001 775 τῆς
1047 706 1323 777 κλήσεως,
1352 709 1451 777 τῆς
1481 710 1734 779 ἐκλογῆς,
1840 733 1842 763 :

1840 726 2114 765 summum
2145 714 2386 767 omnium
2410 714 2630 785 Regem,
2660 730 2822 784 quam
2849 732 2989 771 unus
3007 717 3130 785 quis
3151 732 3217 770 ex
3242 733 3412 789 cory-

186 796 260 858 τῆς
289 792 697 861 ἀκολουθήσεως
720 835 733 857 ,
770 795 867 861 τῆς
912 798 1339 865 αὐτοπροσώπου
1375 799 1521 865 θέας,
1553 800 1646 853 τοῦ
1675 819 1734 854 τε
1838 821 1841 873 ς

1838 806 2041 873 phzeis?
2073 807 2329 872 Quinimo
2379 806 2517 861 sicut
2550 808 2876 873 vocationis,
2927 811 3213 866 electionis
3243 851 3257 874 ,
3304 826 3397 864 co-

185 883 289 934 rno-3
343 883 544 951 Λόγου.
576 885 671 937 καὶ
714 885 823 937 τῶν
871 886 938 937 δι’
965 888 1135 940 αὑτοῦ
1181 893 1584 960 γεγενημένων,
1635 895 1733 960 τῆς
1835 914 1840 951 1

1835 899 2077 963 mitatus,
2119 898 2291 952 divini
2341 914 2523 952 coram
2581 900 2786 969 Deique
2818 915 2881 954 ac
2909 901 3289 972 Verbi,illique
3312 919 3408 973 pa-

187 975 418 1041 ιὺτηκόου
472 975 580 1026 τῶν
629 976 855 1045 ὑψηλῶν
900 980 1217 1049 μυστηρίων
1262 983 1597 1052 ἀκροάσεως,
1633 985 1731 1051 τῆς
1835 1000 1842 1042 1

1835 999 2102 1044 tratorum
2133 1001 2480 1059 conspectus,
2536 991 2817 1060 ipsiusque
2862 1008 2928 1046 ex
2959 993 3077 1061 ejus
3106 1010 3201 1048 ore
3229 996 3402 1049 subli-

184 1065 266 1113 τῶν
292 1064 570 1145 ζωοποιῶν
603 1068 946 1137 παθημάτων
975 1071 1264 1134 κοινωνίας
1290 1113 1305 1137 ,
1339 1074 1433 1126 τοῦ
1467 1077 1727 1141 μυστικοῦ
1831 1098 1839 1134 1

1831 1083 2000 1135 mium
2043 1084 2424 1153 mysteriorum
2448 1082 2766 1147 auditionis,
2801 1084 3140 1138 vivilicarum
3164 1086 3291 1139 item
3316 1104 3404 1140 so-

186 1157 432 1226 ειιπτῆρος,
468 1158 557 1211 τοῦ
589 1160 755 1228 ἄρτου
778 1198 794 1221 ,
838 1161 934 1213 τοῦ
968 1163 1225 1232 σταυροῦ,
1256 1166 1356 1233 τῆς
1388 1168 1591 1234 ταφῆς,
1625 1169 1726 1236 τῆς
1828 1192 1841 1228 ι

1828 1176 2042 1231 cietatis
2065 1178 2397 1245 passionum,
2422 1176 2630 1246 mystici
2656 1177 2847 1243 pelvis,
2884 1178 3059 1245 panis,
3090 1178 3291 1240 crucis,
3316 1195 3402 1233 se-

186 1250 521 1313 ἀναστάσεως,
547 1252 647 1320 τῆς
704 1253 842 1321 μετά
890 1256 990 1323 τὴν
1036 1256 1329 1308 ἀνάστασιν
1358 1259 1720 1324 ὲμφανίσεως.
1829 1283 1841 1335 ι

1829 1268 2076 1335 pulturze,
2104 1268 2539 1327 resurrectionis.
2567 1269 2713 1321 illam
2767 1280 2965 1323 secuta:
2998 1270 3391 1338 apparitionis,

184 1340 257 1393 καὶ
293 1340 611 1411 ἀναλήψεως
654 1343 749 1395 τοῦ
798 1344 930 1397 Υίοῦ
969 1346 1106 1416 πρὸς
1149 1347 1240 1398 τὸν
1274 1348 1593 1418 Γεννήτορα,
1631 1355 1723 1404 καί
1827 1361 1839 1413 ]

1827 1359 1953 1413 Filii
1991 1361 2055 1413 ad
2104 1360 2319 1413 Patrem
2357 1360 2411 1413 in
2442 1360 2610 1413 (.(BIOS
2663 1361 3013 1429 receptionis,
3046 1362 3391 1431 Spiritusque

182 1435 259 1501 τῆς
279 1432 335 1484 δι’
362 1432 529 1486 αὑτοῦ
562 1435 703 1503 μετὰ
727 1436 899 1489 ταῦτα
935 1438 1292 1508 μεταλήψεως
1333 1441 1427 1493 τοῦ
1472 1444 1723 1513 Πνεῦμα-
1823 1467 1837 1521 ι

1823 1460 2011 1521 postea
2036 1467 2131 1520 per
2162 1466 2287 1505 eum
2315 1451 2701 1519 impartitionis
2728 1469 2742 1517 ;
2776 1453 2854 1507 sic
2874 1454 3031 1522 plane
3062 1456 3229 1509 etiam
3282 1472 3402 1510 ma-

182 1542 267 1585 τος,
290 1524 484 1593 ὁμοίως
529 1527 641 1587 τοῖς
684 1530 1195 1596 πρωτοαποστόλοις
1232 1534 1458 1602 μέτοχος
1490 1530 1595 1605 ἦν’
1632 1537 1720 1588 ναὶ
1819 1560 1837 1613 ε

1819 1532 2284 1613 gniﬁciadgentes
2317 1545 2671 1611 apostolatus,
2700 1545 3091 1615 signorumque
3111 1562 3173 1600 ac
3202 1550 3397 1616 prodi-

182 1617 228 1685 δὴ
257 1618 456 1686 καὶτῆς
483 1620 572 1669 ἐπὶ
598 1616 665 1668 τὰ
698 1617 824 1688 ἔθνη
862 1618 1124 1689 λαμπρᾶς
1150 1624 1488 1692 ἀποστολῆς,
1520 1624 1628 1677 τῶν
1659 1644 1716 1679 τε
1819 1655 1837 1705 ε

1819 1639 2078 1705 giorum;
2142 1634 2421 1705 Evangelii
2474 1635 2711 1704 denique
2754 1638 2912 1691 clarm
2969 1638 3396 1707 prazdicatiouis.

182 1706 383 1772 σημείων
413 1707 512 1758 καὶ
532 1708 797 1777 τεράτων,
818 1709 912 1761 καὶ
935 1709 1034 1778 τῆς
1057 1711 1151 1777 τοῦ
1179 1712 1511 1781 Εὑαγγελίου
1543 1733 1715 1785 μεγα-
1819 1748 1837 1783 (

1819 1747 1943 1783 eum
1968 1731 2156 1799 primis
2194 1731 2400 1800 pariter
2440 1730 2779 1799 summisque
2811 1732 3071 1798 apostolis
3123 1732 3397 1801 particeps

181 1797 427 1864 ῖοῖωνίαςο
1747 1870 1781 1875 _
1819 1822 1943 1875 fuit.

233 1890 417 1960 Ὥσπερ
449 1890 546 1944 οὖν
571 1893 628 1943 ὲν
651 1890 884 1956 τούτοις,
915 1893 1068 1946 οὐδὲν
1091 1893 1341 1965 Ἀνδρέου
1364 1897 1459 1950 καὶ
1482 1897 1712 1969 Πέτρου,
1747 1870 1789 1925 Β

1747 1870 1789 1925 Β
1891 1914 2357 1980 Quemadmodum
2412 1914 2577 1983 igitur
2630 1929 2693 1968 ea
2750 1924 2903 1984 parte
2957 1914 3212 1975 Thomas,
3262 1915 3395 1967 nihil

178 1982 250 2033 καὶ
290 1983 387 2034 τῶν
436 1982 571 2035 υίῶν
617 1984 903 2037 Ζεὸεδαίου
960 1986 1262 2058 ἀπελείφθη
1312 1989 1541 2058 Θωμᾶς,
1573 1992 1717 2047 οὕτω
1820 2024 1833 2063 Α

1820 2007 2034 2063 Andrea
2055 2015 2111 2061 et
2136 2007 2297 2061 Petro
2317 2017 2373 2060 et
2402 1982 2529 2061 ﬁliis
2550 1982 2797 2060 Zebedzei
2831 2008 3012 2061 minus
3044 2007 3255 2069 habuit,
3315 2010 3394 2061 sit:

178 2076 250 2125 ni
273 2073 357 2126 τοῦ
381 2074 571 2138 τέλους
605 2077 891 2145 συστοίχου
917 2079 1031 2140 τοῖς
1075 2078 1315 2149 πρώτοις
1356 2083 1712 2153 ὲπιτετυχὼς,
1818 2115 1833 2153 ε

1818 2110 1874 2153 et
1932 2099 2092 2152 ﬁnem
2130 2098 2320 2167 primis
2366 2098 2473 2152 illis
2528 2098 2868 2152 consimilem
2928 2107 3131 2162 natus;
3166 2099 3392 2166 proinde

177 2166 447 2230 ἀκολούθως
492 2170 589 2221 καὶ
629 2167 789 2238 δόξης
839 2169 1070 2234 ἐκείνοις
1097 2172 1195 2243 τῆς
1222 2173 1415 2245 αὐτῆς,
1450 2177 1542 2230 καὶ
1592 2178 1714 2247 ἴσης
1817 2205 1832 2244 ε

1817 2191 1981 2244 etiam
2005 2187 2417 2244 eamdemacilli
2438 2186 2762 2249 claritatem,
2789 2200 3086 2254 paremque
3130 2184 3390 2239 honorem

176 2260 295 2328 παρά
319 2260 392 2328 τῷ
419 2260 727 2331 διδασκάλῳ
752 2264 847 2315 καὶ
876 2263 993 2333 Θεῷ
1017 2267 1305 2335 τετυχήκει
1330 2267 1497 2337 τιμῆς
1516 2282 1530 2296 ⁶
1560 2271 1606 2322 εί
1637 2274 1710 2341 μή
1816 2300 1831 2336 ε

1816 2284 1959 2352 apud
1990 2282 2306 2351 magistrum
2327 2280 2607 2347 Deumque
2639 2279 2961 2348 promeruit.
2984 2278 3095 2331 Nisi
3118 2278 3390 2345 quisl'orte

176 2368 237 2411 τις
264 2351 413 2404 αὑτοῦ
458 2353 560 2422 τὴν
589 2355 729 2421 μετά
757 2358 848 2407 τὸν
882 2356 1136 2426 σταυρὸν,
1170 2359 1263 2409 καὶ
1287 2358 1385 2428 τὴν
1414 2361 1711 2415 ἀνάστασιν
1815 2391 1831 2429 ε

1815 2391 1882 2429 eo
1919 2374 2247 2428 deteriorem
2294 2373 2669 2440 minoremque
2708 2377 3024 2438 putaverat,
3064 2368 3213 2437 quod
3257 2378 3380 2437 post

173 2442 465 2508 ἀμφιϐολίαν
501 2445 534 2513 ἢ
563 2445 848 2515 διψυχίαν,
897 2447 1143 2516 ὐφέσεως
1185 2451 1385 2519 τρόπον
1428 2453 1707 2519 ὑπολάϐοι,
1816 2479 1828 2516 4

1816 2478 2033 2516 erucem
2065 2476 2127 2514 ac
2146 2460 2621 2523 resurrectionem,
2640 2457 2839 2511 dubius
2865 2458 3142 2522 animique
3187 2471 3390 2526 anceps

172 2536 324 2597 κακῶς
355 2536 634 2602 ὑπονοῶν,
667 2540 761 2591 καὶ
788 2540 887 2592 οὐκ
918 2541 977 2593 ὲν
1004 2542 1218 2596 συνέσει
1254 2544 1325 2597 τὰ
1360 2545 1477 2599 θεῖα
1501 2548 1711 2617 διακρί-
1813 2569 1827 2606 t

1813 2553 2105 2618 exstiterit;
2126 2553 2264 2605 male
2290 2551 2604 2618 scilicctu,’
2654 2564 2770 2606 aus.
2804 2550 2976 2617 aequi
3010 2548 3193 2601 divina
3249 2565 3384 2617 pru-

171 2644 260 2677 νειν
280 2626 669 2700 εἰδιτ›ς.Ὠσπερ
692 2631 803 2701 γάρ
829 2633 1100 2704 ὑπερόολῇ
1136 2634 1471 2706 θερμότητος
1501 2640 1711 2709 χρώμεο
1814 2664 1826 2699 (

1814 2646 2009 2699 denter
2050 2645 2360 2698 discernere
2425 2641 2708 2710 ctjudicio
2756 2640 3070 2708 expendere
3101 2640 3388 2708 haudqua-

168 2737 237 2781 νος
261 2722 286 2771 ὀ
312 2721 534 2791 Πέτρος,
566 2722 906 2794 ἀρνήσασθαι
933 2726 1284 2796 συνεχωρήθη
1306 2768 1319 2790 ,
1348 2727 1423 2790 ὠς
1454 2730 1519 2782 ἂν
1549 2731 1708 2795 αὑτός
1813 2757 1823 2792 ε

1813 2754 1975 2809 quam
2005 2737 2169 2791 norit.
2200 2734 2667 2803 Quemadmodum
2698 2734 2845 2788 enim
2875 2734 3067 2787 Petrus
3090 2734 3380 2789 excellenti

168 2826 213 2861 τε
257 2812 613 2883 μετριώτερος
659 2815 856 2868 ἑαυτοῦ
882 2815 1107 2886 γένηται
1138 2818 1235 2871 καὶ
1261 2820 1663 2894 ἀσφαλέστερος
1689 2840 1704 2855 ’
1814 2834 1823 2886 1

1814 2833 2028 2886 fervore
2062 2845 2261 2899 negare
2322 2827 2622 2897 permissus
2650 2836 2754 2891 est,
2786 2836 2845 2880 ut
2885 2836 2999 2880 tum
3025 2828 3140 2896 ipse
3189 2828 3379 2881 mode-

168 2902 428 2966 ἀσφαλείας
459 2903 523 2954 δὲ
551 2905 648 2958 καὶ
674 2906 785 2966 τοῖς
805 2906 982 2968 ἄλλοις
1010 2906 1264 2972 ὑπόθεσις
1292 2913 1323 2979 η
1351 2912 1552 2983 τριπλῆ
1583 2914 1706 2967 τού·
1812 2939 1823 2975 ε

1812 2923 1948 2976 stior
1974 2921 2292 2989 cautiorque
2313 2919 2657 2981 redderetur,
2680 2928 2901 2986 tumque
2921 2919 3039 2988 ejus
3068 2927 3189 2987 post
3218 2935 3383 2989 nega-

165 3008 236 3043 τιν
264 2993 391 3059 μετά
417 2995 523 3065 τὴν
552 2996 778 3065 ἄρνησιν
802 2998 1058 3067 ὁμολογία
1093 3005 1334 3073 καταστῇ
1355 3020 1368 3033 ο
1396 3004 1574 3057 κοινὸν
1597 3007 1706 3075 γὰρ
1815 3024 1820 3064 l

1815 3015 2017 3067 tionem
2046 3012 2192 3068 trina
2213 3009 2507 3072 confessio,
2539 3009 2829 3082 cautionis,
2872 3024 2934 3061 ac
2983 3008 3211 3062 remedii
3240 3010 3382 3062 ratio

164 3083 319 3152 ὧσπερ
348 3086 408 3137 τὺ
438 3087 686 3157 ἥττημα,
714 3088 859 3142 οὕτω
884 3090 1105 3144 πάντων
1134 3092 1345 3161 ἐγίνετο
1374 3095 1468 3147 καὶ
1495 3096 1555 3148 τὸ
1580 3114 1708 3168 προσ
1812 3124 1819 3160 ]

1812 3108 2039 3175 reliquis
2066 3105 2205 3159 foret
2236 3103 2252 3173 (
2306 3102 2618 3157 communis
2638 3101 2786 3155 enim
2812 3101 2954 3155 sicut
2984 3099 3187 3164 clades,
3220 3101 3299 3155 sic
3331 3110 3381 3153 et

161 3178 375 3283 τέρημα·
417 3178 569 3232 οὕτω
612 3182 704 3233 καὶ
747 3181 777 3233 ό
820 3182 1078 3251 Δίδυμος,
1125 3185 1342 3239 πλείονα
1367 3188 1467 3259 τὴν
1494 3188 1705 3260 θέρμην
1735 3223 1778 3283 c
1813 3217 1816 3245 ι

1735 3223 1778 3283 c
1813 3201 2193 3253 universorum
2242 3195 2343 3248 fuit
2392 3192 2644 3259 victoria)
2682 3209 2696 3245 :
2727 3192 2800 3245 ita
2828 3206 3047 3260 quoque
3103 3191 3382 3262 Didymus,

161 3268 339 3338 καὶτὴν
370 3271 501 3338 περὶ
532 3270 625 3324 τὸν
649 3271 971 3327 διδάσκαλον
1006 3276 1322 3346 προθυμίαν
1353 3278 1518 3349 ἔχων,
1551 3298 1704 3353 περι·
1739 3268 1778 3283 ν
1803 3315 1816 3351 ι

1739 3268 1778 3283 ν
1803 3290 1995 3362 majori
2028 3288 2244 3342 fervore
2269 3286 2434 3353 inque
2460 3283 2778 3351 Magistrum
2822 3281 3106 3334 alacritate
3145 3282 3378 3349 pollens,

158 3360 413 3413 πέπτωκεν
440 3362 771 3434 ἀμφιϐολία,
802 3364 897 3418 καὶ
920 3365 1118 3435 μᾶλλον
1148 3368 1258 3421 τῶν
1281 3369 1455 3425 ἄλλων
1478 3374 1591 3436 τοῖς
1616 3374 1703 3427 λο-
1803 3389 1813 3442 i

1803 3389 1863 3442 in
1895 3360 2235 3438 dubietatem
2267 3376 2483 3440 incidit,
2525 3390 2588 3428 ac
2625 3374 2749 3443 plus
2788 3373 3016 3441 reliquis
3041 3372 3109 3426 de
3139 3389 3370 3427 resurre-

156 3454 341 3519 γισμοῖς
368 3452 620 3523 διεκρίθη
658 3457 786 3525 περὶ
814 3456 912 3527 τὴν
940 3458 1258 3525 ἀνάστασιν,
1283 3462 1359 3527 ὡς
1384 3463 1451 3518 ἂν
1480 3465 1574 3519 καὶ
1605 3467 1703 3520 αὐ·-
1804 3498 1811 3528 ι

1804 3478 1987 3532 ctione
2017 3486 2218 3539 anceps
2254 3469 2379 3532 fuit,
2412 3476 2473 3522 ut
2511 3476 2567 3521 et
2611 3466 2726 3535 ipse
2774 3466 2952 3518 lenior
2990 3465 3375 3535 benigniorqut

154 3545 222 3604 ag
254 3544 443 3597 ἑαυτοῦ
480 3547 802 3618 πραΰτερος
830 3553 1097 3622 καταστῇ,
1130 3555 1227 3605 καὶ
1258 3556 1348 3608 διὰ
1376 3558 1476 3627 τῆς
1504 3560 1699 3614 ὲνστά-
1800 3586 1809 3618 t

1800 3565 2083 3623 evaderet,
2130 3559 2408 3627 animique
2451 3556 2900 3610 contentiosioris
2948 3571 3127 3624 pugna
3170 3557 3371 3624 plenius

154 3648 262 3695 σεως
288 3635 685 3707 ἀκριϐέστερον
712 3638 1033 3708 βεϐαιωθεὶς
1050 3681 1065 3709 ,
1095 3642 1448 3717 βεόαιοτέραν
1474 3650 1568 3703 καὶ
1588 3653 1699 3716 τοῖς
1799 3678 1809 3710 ‹

1694 3669 1699 3709 ἵ
1799 3657 2176 3716 conﬁrmatus,
2225 3651 2521 3704 ﬁrmiorem
2562 3647 2788 3719 perinde
2837 3648 3067 3717 reliquis
3094 3647 3256 3703 ﬁdem
3295 3650 3349 3703 in

150 3725 296 3789 ἀλλοις
334 3728 543 3800 ἔμποιή
554 3745 666 3782 σειε
705 3730 910 3787 πίστιν.
1800 3770 1805 3817 ς

382 3730 543 3800 ιποιή
554 3745 666 3782 σειε
705 3730 910 3787 πίστιν.
1800 3755 2037 3820 gereret.

202 3819 297 3869 Καὶ
321 3820 429 3889 γάρ
458 3821 575 3873 ἔδει
610 3822 772 3891 τυχὸν
814 3824 934 3876 ἐκεῖ
979 3825 1198 3897 πρῶτον
1236 3828 1696 3903 πολυπραγμονη-
1812 3819 1815 3820 ν

1869 3851 2027 3905 Forte
2056 3847 2204 3902 enim
2234 3861 2416 3915 operae
2458 3843 2694 3914 pretium
2723 3853 2860 3910 erat,
2901 3854 2960 3898 ut
3006 3844 3117 3900 illic
3141 3847 3370 3915 primurr

149 3907 276 3978 θῆναι
319 3914 380 3964 τὸ
425 3917 772 3984 μυστήριονο
821 3917 917 3969 καὶ
956 3917 1386 3988 δοκιμασθεῖσαν
1432 3923 1574 3976 οὕτω
1602 3924 1696 3978 τοῦ
1798 3961 1804 3997 ι

1690 3924 1696 3974 ί
1798 3941 2119 4006 mysterium
2137 3938 2406 3993 curiosius
2430 3938 2830 4005 exploraretur,
2888 3936 3055 4006 inque
3088 3953 3213 3991 eum
3256 3954 3345 3991 mo

150 4001 445 4072 Εὑαγγελξου
482 4007 589 4077 τὴν
624 4008 904 4078 ἀλήθειαν,
930 4011 1334 4081 ἀναμφίλεκτον
1371 4018 1485 4079 τοῖς
1520 4015 1697 4072 ἔθνεσι
1798 4051 1805 4083 ε

1798 4004 1927 4086 dum
1961 4031 2190 4100 probata
2226 4001 2514 4096 Evangelii
2531 4028 2756 4090 veritas,
2789 4001 3090 4080 indubitata
3123 4028 3364 4096 gentibus

148 4098 508 4189 παραδοθῆναι.
529 4100 751 4169 Ἦρέμα
788 4101 888 4170 μὲν
919 4099 1014 4155 οὖν
1045 4103 1281 4175 διχόνοια
1308 4108 1403 4161 καὶ
1445 4109 1554 4162 τῶν
1590 4111 1697 4163 λοι·
1799 4137 1803 4174 ι

1695 4144 1697 4150 λ
1799 4124 2130 4179 traderetur.
2183 4122 2325 4176 Sane
2358 4136 2488 4174 vero
2526 4120 2693 4174 etiam
2743 4121 3077 4188 reliquorum
3138 4120 3350 4189 discipn

146 4188 233 4281 τῶν
254 4192 351 4281 τὰς
376 4192 617 4262 καρδίας
660 4193 1011 4265 διικνουμὲνη
1040 4197 1323 4268 μαθητῶν,
1352 4203 1451 4253 οὐκ
1480 4203 1697 4271 εὐαγεῖς
1796 4216 1801 4269 ]

1796 4216 1971 4270 lorum
2001 4213 2215 4267 animos
2240 4211 2443 4265 sensim
2464 4210 2771 4278 pervadens
2792 4210 3063 4273 dubietas,
3091 4210 3231 4264 haud
3253 4213 3360 4281 pias

146 4278 340 4332 ἀνεκίνει
370 4281 681 4352 λογισμούς
701 4300 713 4312 ·
745 4285 837 4337 καὶ
872 4288 1171 4355 φαντασίαν
1200 4286 1338 4342 εἶναι
1385 4292 1445 4345 τὸ
1486 4294 1697 4364 όρώμε-
1798 4308 1801 4360 j

1677 4325 1697 4335 -
1798 4308 1851 4361 in
1872 4307 1952 4361 eis
1970 4322 2031 4359 ac
2062 4305 2343 4373 religiosas
2362 4302 2719 4371 cogitationes
2762 4302 3035 4364 movebat,
3059 4312 3332 4370 spectrum

144 4371 686 4428 ηνὺπέὸαλεν.Ἂλλ’
716 4377 763 4428 οἱ
812 4376 911 4446 μὲν
944 4377 1117 4449 δειλία
1165 4380 1265 4451 τὴν
1309 4382 1696 4452 ἀκριϐολογίαν
1795 4424 1799 4449 ε

1795 4415 1901 4469 que
1933 4401 2093 4452 inane
2130 4412 2249 4451 esse
2289 4394 2635 4465 suggerebat,
2685 4394 2737 4447 id
2773 4394 2919 4463 quod
2963 4394 3138 4447 oculis
3176 4410 3352 4447 cerne-

144 4465 623 4531 ττσρσκλέπτοντες,
643 4467 921 4537 ἠνείχοντο
945 4471 1341 4539 πυρπολεῖσθαι
1371 4490 1430 4526 τε
1461 4476 1554 4528 καὶ
1596 4494 1695 4547 με·
1794 4492 1799 4545 j

1794 4492 2005 4545 batur:
2048 4504 2236 4544 verum
2289 4488 2365 4541 illi
2410 4487 2656 4556 quidem,
2709 4485 2998 4541 formidine
3056 4496 3359 4540 accuratam

141 4554 346 4618 μςεσθαι
390 4558 489 4611 τὸν
523 4558 679 4612 νοῦν.
704 4560 777 4611 Σὺ
808 4560 884 4627 δὲ,
912 4554 958 4614 ὦ
983 4566 1328 4630 γενναιότατε
1361 4568 1458 4620 καὶ
1495 4568 1693 4639 θερμό-
1725 4569 1766 4623 ι)

1681 4601 1693 4612 ·
1725 4569 1766 4623 ί)
1795 4585 2015 4639 fallente
2050 4583 2340 4645 rationem,
2376 4580 2561 4634 animo
2606 4578 2848 4640 incendi,
2896 4594 2960 4631 ac
2994 4578 3244 4647 partibus
3278 4594 3336 4633 se

140 4660 235 4697 τιτι
255 4652 343 4718 τῆς
361 4650 642 4721 ἀληθείας
668 4652 955 4721 ὲρευνητά,
982 4654 1045 4708 οὐ
1073 4654 1248 4723 ψιλοῖς
1281 4656 1388 4711 τῶν
1411 4660 1685 4728 ἑπαγγελ-
1790 4699 1795 4723 ρ

1790 4676 1902 4729 cari
1956 4673 2303 4727 sustinebant
2351 4672 2414 4724 “.
2459 4671 2540 4725 Tu
2600 4685 2752 4727 vero.
2796 4670 3211 4737 generosissime
3258 4670 3366 4723 fer-

139 4737 293 4792 ἓόντων
314 4742 497 4811 λόγοις
518 4742 940 4814 παραδέξασθαι
975 4746 1086 4800 δεῖν
1111 4747 1295 4817 ᾠήθης
1322 4750 1423 4818 τὴν
1446 4751 1684 4806 ἀνάστα·
1789 4783 1794 4795 ι

1789 4765 2217 4833 ventissitneque
2246 4761 2492 4817 veritatis
2523 4761 2826 4831 indagator,
2858 4777 2966 4813 non
3010 4760 3177 4815 nudis
3224 4762 3356 4815 refe-

140 4843 226 4879 azv'
262 4835 533 4906 σφαλερὸν
580 4835 729 4904 γάρ’
775 4835 886 4889 οὐδ’
911 4836 1032 4905 ὄψει
1077 4838 1216 4913 μόνῃ
1254 4842 1685 4899 καταπιστεῦσαι
1790 4877 1795 4913 1

1790 4860 2028 4914 rentium
2060 4857 2288 4912 vocibus
2329 4857 2701 4927 recipiendam
2735 4855 3355 4910 resurrectionemduxi-

136 4928 178 4974 τὸ
211 4932 530 5000 μυστήριον·
562 4929 812 4983 ὕποπτον
835 4931 965 5001 γὰρ,
991 4931 1066 4995 ὡς
1100 4934 1193 4986 καὶ
1234 4934 1482 5002 ἀγγέλων
1522 4937 1684 4993 τινῶν
1788 4973 1791 5006 ε

1788 4952 1857 5006 sti
1886 4951 2108 5020 (quippe
2136 4964 2225 5004 res
2246 4950 2431 5011 fallax.
2464 4965 2566 5004 nec
2587 4958 2701 5003 tuta
2726 4949 2897 5013 satis),
2923 4963 3023 5002 nec
3049 4948 3181 5003 solis
3206 4949 3355 5002 obtu-

137 5018 194 5080 εἰς
228 5016 356 5086 εἶδος
393 5022 495 5076 τοῦ
544 5021 897 5093 ποθουμένου
931 5026 1274 5095 μορφοῦσθαι
1302 5028 1563 5093 πολλάκις
1589 5030 1683 5083 δυ·
1788 5056 1792 5094 ι

1788 5043 1936 5097 tibus
1963 5042 2293 5097 credendam
2319 5042 2563 5113 mysterii
2584 5042 2744 5096 ﬁdem
2772 5042 3095 5097 existimasti
3125 5044 3269 5107 (nam
3303 5056 3352 5097 cl

138 5117 370 5204 νσμένων·
400 5115 611 5185 ὥσπερ
657 5114 713 5167 δὲ
759 5114 850 5168 τὸν
878 5115 1107 5171 θάνατον
1138 5119 1230 5171 καὶ
1260 5120 1359 5191 τὴν
1386 5123 1563 5192 ταφὴν
1590 5123 1683 5177 τοῦ
1785 5136 1793 5189 ]

1785 5136 1891 5189 hoc
1918 5144 2252 5204 suspectum.
2279 5151 2403 5190 cum
2443 5143 2499 5189 et
2541 5134 2719 5204 angeli
2768 5151 2879 5189 non
2907 5151 3030 5188 raro
3062 5135 3354 5192 desiderati

146 5199 301 5270 Ἰησοῦ,
332 5206 397 5260 δι’
432 5205 624 5273 αὐτῆς
657 5206 831 5274 ὅψεως
871 5208 967 5262 καὶ
1001 5209 1197 5282 πείρας
1225 5210 1419 5279 ἔγνως,
1448 5213 1592 5269 οὔτω
1619 5215 1683 5288 δὴ
1722 5236 1725 5241 ⁴
1784 5227 1801 5280 1

1722 5236 1725 5241 ‘
1784 5227 2015 5281 formam
2040 5226 2266 5280 induere
2313 5227 2570 5295 possint),
2613 5227 2745 5297 quin
2787 5226 2928 5281 sicut
2959 5226 3086 5280 Jcsu
3121 5238 3352 5282 mortem

136 5295 203 5342 καὶ
228 5296 314 5363 τὴν
356 5298 682 5350 ἀνάστασιν
720 5297 1111 5368 ἀναντίρρητον
1139 5299 1317 5368 ἐαυτῷ
1354 5319 1413 5354 τε
1445 5303 1681 5373 πρῶτον,
1785 5333 1791 5369 ε

1785 5331 1847 5369 ac
1879 5317 2210 5384 sepulturam
2233 5315 2351 5384 ipso
2383 5326 2608 5386 aspectu
2639 5332 2702 5370 ac
2739 5316 3113 5384 experimento
3133 5332 3349 5387 usurpa-

138 5387 343 5442 κιὶπὶσι
368 5388 907 5444 κατασκευάσασθαι
946 5390 1284 5462 βουλόμενος,
1311 5394 1410 5463 τὴν
1452 5394 1538 5448 διὰ
1582 5398 1683 5467 τῆς
1785 5423 1793 5435 ‹

1785 5422 1963 5468 veras,
2015 5407 2093 5459 sic
2137 5422 2356 5475 quoque
2410 5408 2890 5469 resurrectitmem,
2935 5420 3048 5460 tum
3089 5408 3204 5476 ipse
3248 5410 3350 5462 tibi

138 5476 285 5546 πείρας
324 5481 635 5552 ἀπῄτησας
688 5480 1089 5553 πληροφορίαν·
1138 5485 1233 5537 καὶ
1276 5487 1402 5550 τοὺς
1432 5488 1491 5540 ὲν
1520 5488 1677 5557 χερσὶ
1786 5511 1793 5564 ι

1786 5496 2045 5564 primum,
2098 5504 2212 5550 tum
2276 5498 2503 5567 reliquis
2562 5499 2817 5552 omnibus
2874 5498 3349 5553 incontestabilem

139 5570 205 5618 ui
226 5574 574 5636 ποσὶ’τύπους
606 5572 727 5625 τῶν
752 5574 916 5643 ἥλων,
949 5578 1043 5629 καὶ
1068 5577 1167 5646 τῆς
1197 5578 1492 5642 πανολόίας
1514 5580 1676 5633 πλευ·
1781 5605 1794 5641 ι

1781 5588 2011 5643 reddere
2052 5590 2297 5652 studens,
2345 5594 2465 5661 ipso
2504 5592 2581 5645 rei
2632 5592 3010 5660 experimento
3060 5591 3206 5645 illius
3250 5591 3346 5647 tibi

141 5661 208 5726 pi;
247 5665 335 5732 τὴν
370 5665 572 5735 νυγὴν,
607 5663 713 5717 τοῦ
761 5666 1026 5732 παθόντος
1054 5668 1302 5738 σώματος
1342 5669 1417 5734 ὡς
1456 5670 1672 5742 ἀληθῶς
1779 5692 1796 5730 (

1779 5687 1929 5733 certo
1983 5679 2339 5747 priestandam
2378 5680 2536 5733 ﬁdem
2588 5680 2837 5749 ﬂagitasti
2874 5700 2885 5735 :
2920 5697 3146 5751 vereque
3180 5682 3324 5736 susci

188 5824 386 5882 “Juno.
419 5846 493 5887 ιι.
542 5829 643 5881 Uti.
734 5830 771 5857 δ’
816 5827 944 5882 Luc.
996 5845 1135 5891 \XIV,
1171 5828 1276 5892 fit};
1329 5829 1494 5883 Marc.
1547 5844 1656 5883 xvi.
1694 5830 1774 5884 Η.
