4192 6424
718 331 820 394 1le

1920 329 2214 391 NICETzE
2253 328 2781 391 l’APIlLAGONlS

3877 329 3983 389 ltiti

717 449 813 501 tati
850 462 970 519 eius
1004 448 1275 519 corporis,
1319 447 1469 520 quod
1515 460 1734 518 passum
1779 454 1901 499 erat
1951 454 2117 515 atque
2170 460 2307 499 mor-

2413 446 2742 508 ἀναστάντος
2778 443 3053 513 τεκμήρια
3079 441 3387 513 τιθέμενος,
3415 440 3515 511 τὴν
3542 442 3818 513 μακαρίαν
3847 444 3990 496 ἐκεί-

721 547 898 602 tuum,
925 550 1073 593 certa
1104 538 1304 593 indicia
1342 547 1613 600 statuens,
1641 537 1922 591 clavorum
1956 536 2010 590 in
2044 536 2299 590 manibus

718 630 1060 700 pedibusque
1089 640 1307 701 apertas
1335 630 1658 695 cicatrices;
1686 628 2097 696 beatissimique
2115 627 2301 682 lateris

2407 552 2505 605 νην
2555 534 2694 604 μετὰ
2738 534 2837 603 τὴν
2876 533 3193 603 ψηλάφησιν
3240 533 3403 596 εὐθὺς
3440 532 3729 603 ἀνηρεύξω
3761 535 3944 602 φωνήν
3971 549 3987 562 ο

2420 626 2475 679 '0
2506 628 2720 696 Κύριός
2744 645 2884 697 μου,
2911 626 3363 698 ἀποκρινόμενος,
3399 627 3496 680 καὶ
3529 629 3562 679 ὀ
3595 629 3739 688 Θεός
3763 644 3883 693 μου
3910 630 3932 680 .'

715 727 919 780 lancea:
967 727 1287 794 fossionem,
1342 743 1467 783 mox
1511 743 1575 784 ac
1622 735 2045 790 contrectasses,
2113 725 2326 779 beatam
2395 721 2545 779 illam
2604 738 2795 778 vocem
2845 722 3153 788 eructasti,
3209 739 3273 777 ac
3326 720 3682 791 respondisti.
3733 719 3992 774 Dominus

716 833 863 870 meus
885 827 933 871 et
954 817 1091 872 Deus
1126 836 1269 875 meus
1288 821 1355 875 ⁸⁸.

786 908 830 965 Ο
863 921 1108 966 sanctam
1133 928 1324 968 vocem
1355 925 1546 971 sancto
1568 914 1775 986 Spiritu
1802 912 2143 969 sanctissime
2172 928 2304 982 pro-

716 1003 920 1059 latam!
959 1022 1082 1076 qua:
1109 1008 1320 1063 scilicet
1367 1011 1742 1080 apostolorum
1775 1021 1987 1064 mentes
2024 1007 2306 1063 constabi-

718 1097 854 1159 livit,
903 1098 1240 1154 dubietatem
1281 1103 1514 1167 curavit,
1561 1104 1714 1156 ﬁrma
1745 1111 1975 1157 cunctos
2018 1101 2123 1156 ﬁde
2154 1116 2307 1156 com-

716 1190 923 1258 posuit.
963 1189 1007 1244 0
1042 1191 1265 1247 brevem
1312 1211 1532 1259 vocem,
1580 1210 1829 1265 magnam
1868 1194 1921 1248 in
1954 1210 2013 1248 se
2046 1194 2308 1249 virtutem

720 1282 1038 1337 habentch
1064 1299 1184 1353 quae
1209 1286 1465 1340 videlicet
1489 1286 1790 1357 proﬂigatis
1812 1288 2103 1353 haereticis,
2144 1300 2310 1343 rectae

718 1387 934 1425 onmem
958 1372 1086 1427 ﬁdei
1109 1376 1353 1445 regulam
1378 1376 1637 1432 illustret.
1660 1377 1916 1432 Dominus
1940 1395 2084 1432 meus
2102 1387 2150 1431 et
2170 1378 2310 1435 Deus

718 1466 895 1517 meus!
927 1465 1046 1520 Non
1082 1463 1221 1523 alius
1256 1469 1553 1535 Dominus,
1600 1482 1767 1541 atque
1809 1472 1949 1526 alius
1990 1473 2152 1527 Deus.
2189 1473 2311 1529 Non

718 1558 859 1611 alius
896 1558 993 1627 qui
1032 1560 1305 1629 palpatur,
1337 1562 1478 1617 alius
1505 1564 1600 1632 qui
1641 1579 1860 1618 omnem
1889 1572 2095 1619 tactum
2133 1566 2307 1636 fugit;

718 1651 813 1704 sed
876 1651 969 1721 qui
1023 1663 1316 1722 assumpta:
1379 1656 1563 1711 carnis
1614 1658 1829 1711 ratione
1879 1658 2310 1727 comprehensus

720 1740 1007 1805 Dominus,
1034 1742 1079 1797 is
1110 1744 1225 1812 ipse
1252 1745 1394 1799 Deus
1420 1761 1596 1811 meus,
1624 1756 1820 1801 natura
1840 1747 2061 1804 deitatis
2083 1750 2310 1805 omnino

720 1830 1010 1907 absolutus
1044 1843 1100 1889 et
1123 1835 1653 1904 ineomprehensus;
1686 1838 1779 1907 qui
1814 1854 2065 1909 personae
2096 1842 2309 1899 ratione

720 1921 1105 1991 singulariter;
1134 1927 1374 1994 gemine,
1398 1937 1645 1998 spectata
1670 1942 1867 1986 natura
1880 1933 2310 2004 videaturatque

719 2014 999 2069 credatur.
1037 2016 1126 2072 Sic
1154 2017 1443 2073 Christum
1475 2020 1621 2075 seire
1658 2023 1810 2078 velut
1844 2034 2050 2079 tessera
2089 2026 2311 2083 divinus

719 2106 899 2161 edicat
924 2110 1221 2178 Apostolus
1245 2129 1259 2166 :
1286 2128 1348 2167 ac
1376 2115 1520 2168 sicut
1546 2114 1739 2168 Petrus
1762 2123 1890 2170 ante
1915 2117 2226 2185 passionem
2249 2128 2308 2173 et

722 2202 1218 2266 resurrectionem,
1257 2203 1331 2258 ita
1363 2204 1454 2259 hic
1494 2221 1717 2275 quoque
1743 2204 1965 2262 Christo
1987 2209 2099 2279 jam
2136 2210 2312 2265 susci-

726 2299 859 2351 tato,
881 2292 1026 2361 quod
1056 2294 1110 2347 in
1144 2296 1239 2349 illo
1264 2313 1435 2351 unum
1470 2308 1556 2352 est
1593 2313 1658 2353 ac
1696 2298 1900 2370 duplex
1938 2301 2308 2370 praedicabat:

720 2398 956 2451 quorum
1008 2387 1274 2444 Dominus
1318 2399 1632 2445 accuratam
1680 2393 2082 2448 confessionem
2138 2404 2311 2450 ratam

728 2477 969 2542 habens,
1014 2496 1170 2534 suam
1221 2482 1275 2536 in
1316 2498 1381 2536 ea
1427 2484 1586 2539 ﬁrma
1621 2486 1741 2541 basi
1790 2487 2164 2542 constabilivit
2204 2488 2311 2543 Ec-

729 2574 973 2630 clesiam.

794 2666 950 2731 Quod
985 2681 1119 2720 vero
1164 2666 1405 2736 Spiritus
1444 2680 1669 2725 sanctus
1705 2686 1738 2725 a
1777 2670 1939 2727 Patre
1978 2687 2077 2741 per
2110 2671 2311 2727 Filium

728 2755 901 2823 (juxta
945 2754 1092 2824 quod
1132 2756 1265 2810 olim
1304 2757 1638 2826 promissum
1682 2758 1886 2825 fuerat)
1919 2760 2130 2816 etl‘usus
2158 2771 2310 2827 erat;

728 2845 986 2915 plenique
1020 2847 1167 2901 illius
1206 2848 1412 2903 virtute
1454 2848 1745 2920 discipuli,
1774 2850 2067 2922 afﬂatuque
2094 2853 2311 2921 repleti,

726 2938 914 3001 gratim
946 2938 998 2993 in
1033 2940 1230 3008 seipsis
1259 2942 1662 3012 parturiginem
1694 2946 1977 2999 continere
2018 2960 2128 2999 non
2160 2946 2312 3000 vale-

732 3030 895 3093 bant;
935 3046 999 3085 ao
1035 3032 1140 3085 nisi
1178 3049 1275 3101 per
1319 3034 1637 3088 universum
1681 3035 1854 3103 sparsi
1887 3036 2100 3101 orbem,
2142 3036 2310 3091 alius-

727 3136 836 3190 que
857 3122 1018 3175 aliam
1043 3122 1096 3175 in
1118 3137 1183 3177 eo
1199 3124 1518 3193 complexus
1532 3126 1833 3191 nationem,
1857 3126 2043 3183 divina
2061 3129 2308 3183 bonitate

729 3215 1108 3284 inipartircnt;
1166 3232 1266 3271 nec
1314 3217 1426 3271 Deo
1476 3219 1717 3273 mittenti
1764 3220 1997 3289 placita,
2034 3237 2138 3277 nec
2178 3222 2305 3277 Jesu

730 3308 1070 3376 benignitate
1093 3320 1257 3377 atque
1291 3320 1565 3379 prmeepto
1596 3312 1781 3379 digna,
1807 3312 2049 3368 tacturos
2078 3330 2135 3370 se
2162 3315 2309 3369 arbi-

728 3398 1062 3451 trahantur:
1104 3399 1196 3452 alii
1236 3400 1420 3469 itaque
1458 3400 1570 3455 alio
1610 3402 1763 3457 missi
1804 3406 2060 3473 apostoli,
2098 3422 2201 3477 pro
2241 3422 2309 3461 eo

730 3491 923 3559 utique
970 3506 1033 3544 ac
1082 3503 1277 3545 auctor
1330 3494 1447 3562 ipse
1497 3494 1894 3551 mittendorum
1953 3499 2305 3565 decreverat;

727 3581 1129 3650 probatissima:
1171 3593 1355 3637 autem
1396 3585 1617 3639 virtutis
1662 3595 1856 3656 terque
1897 3592 2134 3646 maximo
2177 3606 2311 3661 (quo

728 3671 797 3725 de
817 3672 1049 3741 agimus)
1080 3672 1241 3726 \"erbi
1276 3674 1571 3743 discipulo,
1594 3692 1718 3731 eum
1750 3676 2097 3745 Parthorum,
2125 3682 2312 3736 Medo-

730 3780 962 3833 rumque
990 3775 1156 3834 atque
1196 3766 1283 3819 his
1321 3768 1648 3822 ulteriorum
1688 3768 2005 3841 {Ethiopum
2039 3778 2311 3842 apostola-

732 3869 849 3911 tum
880 3870 1062 3917 nacto.
1087 3874 1150 3912 ae
1172 3875 1282 3927 quo
1311 3860 1366 3913 iu
1398 3876 1494 3915 eos
1516 3862 1680 3915 modo
1706 3878 1769 3917 ac
1791 3865 2004 3919 ratione
2028 3866 2312 3922 invaderet

733 3950 824 4019 (ad
850 3951 1105 4003 homines
1128 3952 1338 4005 scilicet
1365 3953 1724 4022 proﬁciscens
1742 3964 1965 4025 aspectu
1991 3967 2175 4011 truces
2196 3960 2313 4011 ani-

732 4044 919 4111 mique
961 4042 1209 4095 moribus
1249 4044 1613 4114 acerbiores).
1643 4062 1853 4100 aecum
1886 4049 1969 4101 eis
2006 4048 2075 4103 de
2111 4050 2315 4118 pietate

733 4149 1015 4188 sermones
1058 4134 1349 4197 misceret,
1396 4136 1543 4190 haud
1586 4140 1722 4194 satis
1752 4152 2144 4196 succurreret:
2178 4144 2310 4211 quin

732 4238 786 4280 ct
810 4228 987 4296 ipsum
1010 4225 1124 4280 fere
1150 4228 1366 4281 illarum
1390 4230 1636 4300 gentium
1656 4234 1843 4288 oneris
1866 4235 2107 4298 taederet;
2133 4236 2314 4292 omnis

737 4325 789 4375 in
824 4332 1079 4391 promptu
1117 4322 1392 4375 dubitatio
1424 4336 1481 4379 ct
1515 4328 1764 4381 anxietas
1800 4327 2027 4396 depulsa
2060 4338 2162 4381 est.
2196 4328 2313 4397 Ipse

2480 913 2545 965 Ὢ
2572 914 2757 984 φωνῆς
2788 912 2973 981 ἁγίας,
3003 914 3148 983 ἁγίῳ
3185 912 3467 983 Πνεύματι
3505 911 3787 979 παναγίως
3807 928 3992 980 φωνη-

2408 1001 2618 1073 θείσης,
2655 1005 2750 1057 καὶ
2779 1004 2877 1068 τὰς
2927 1004 3294 1067 ἀποπολικάς
3341 1004 3579 1066 διανοίας
3630 1002 3990 1074 στηριξάσης,

2406 1098 2501 1150 καὶ
2529 1098 2947 1169 θεραπευσάσης
2975 1099 3075 1168 τὴν
3106 1098 3567 1169 ἀμφιϐολίαν,κα“ι
3596 1098 3731 1166 πρὸς
3764 1095 3991 1165 βεϐαίαν

2407 1192 2535 1253 τοὺς
2572 1193 2779 1255 πάντας
2838 1192 3265 1262 κατορθωσάσης
3304 1191 3519 1246 πίστινῐ
3547 1191 3613 1243 Ὢ
3642 1191 3826 1261 φωνῆς
3850 1191 3991 1259 βρα-

2409 1284 2583 1354 χείας,
2611 1284 2856 1356 μεγάλην
2889 1287 2946 1338 ἐν
2977 1286 3115 1356 αὐτῇ
3146 1284 3375 1354 δύναμιν
3410 1283 3663 1353 ἐχούσης,
3694 1281 3804 1335 τῶν
3837 1282 3993 1351 αἰρε-

2406 1375 2574 1430 τικῶν
2610 1376 2711 1445 μὲν
2765 1376 3149 1448 ἀφανιστικὴν,
3181 1375 3489 1447 όρθοδιιείας
3524 1374 3581 1427 δὲ
3615 1375 3798 1443 πάσης
3819 1372 3993 1427 οὖσαν

2408 1467 2779 1536 φωτιστικήνῐ
2829 1466 2892 1519 ’0
2922 1468 3140 1533 Κύριός
3162 1483 3305 1536 μου,
3332 1466 3431 1519 καὶ
3461 1469 3494 1519 ό
3525 1468 3799 1532 Θεόςμου
3820 1467 3840 1518 !
3872 1466 3992 1518 Οὐκ

2407 1560 2566 1623 ἄλλος
2588 1563 2616 1614 6
2651 1558 2877 1630 Κύριος,
2909 1560 3006 1612 καὶ
3044 1559 3204 1623 ἄλλος
3249 1560 3278 1611 6
3320 1558 3474 1622 Θεός.
3503 1559 3617 1611 Οὐκ
3648 1557 3803 1620 ἄλλος
3828 1558 3856 1609 ὁ
3883 1557 3990 1628 ψη-

2408 1649 2749 1722 λαφώμενος,
2780 1651 2877 1703 καὶ
2924 1650 3080 1711 ἄλλος
3125 1651 3155 1703 ὁ
3185 1650 3429 1719 ἀναφής·
3467 1648 3583 1700 ἀλλ’
3625 1649 3655 1701 6
3696 1647 3777 1716 τῷ
3815 1665 3991 1719 προσ-

2336 1716 2385 1776 B
2413 1716 2660 1813 λήμματι
2688 1742 2892 1813 ληπτὺς
2914 1742 3139 1813 Κύριος,
3157 1716 3318 1804 αὐτὸς
3340 1716 3494 1803 οὗτός
3522 1756 3623 1808 μου
3646 1738 3779 1801 Θεὸς
3810 1716 3991 1809 ἀκρά·

2411 1854 2571 1907 τητος
2589 1840 2656 1909 τῇ
2686 1837 2901 1908 θεότητι
2932 1837 3028 1889 καὶ
3076 1835 3317 1906 ἄληπτος
3335 1848 3350 1863 °
3394 1832 3697 1903 μοναδικῶς
3729 1831 3828 1902 τὴν
3850 1832 3991 1884 ὑπό-

2412 1948 2625 1997 στασιν,
2651 1930 2852 1993 δυῖκῶς
2910 1930 3007 2000 τὴν
3041 1930 3204 1998 φύσιν
3246 1925 3521 1997 ὁρώμενος
3546 1925 3638 1978 καὶ
3663 1924 3994 1994 πιστευόμε-

2413 2041 2524 2087 νος.
2552 2023 2737 2087 υῦτως
2763 2022 2964 2076 εἰδέναι
2988 2022 3080 2075 τὸν
3114 2022 3349 2092 Χριστὸν
3367 2022 3395 2074 6
3412 2020 3554 2083 θεῖος
3583 2018 3993 2091 παρεγγυάσθω

2412 2117 2613 2187 Θωμᾶς
2635 2135 2649 2150 ·
2682 2118 2777 2171 καὶ⁵
2836 2115 3028 2186 ὥσπερ
3079 2117 3109 2170 6
3152 2115 3361 2185 Πέτρος
3390 2114 3497 2186 πρὸ
3524 2113 3617 2167 τοῦ
3648 2112 3855 2174 πάθους
3892 2113 3993 2166 καὶ

2410 2212 2511 2280 τῆς
2571 2209 2945 2273 ἀναστάσεως,
2994 2207 3136 2261 οὕτω
3178 2206 3319 2277 μετά
3350 2207 3452 2276 τὴν
3487 2206 3783 2259 ἀνάστασιν
3811 2198 3992 2266 οὗτος,

2411 2302 2471 2355 τὸ
2498 2301 2723 2363 ἐνοειδές
2751 2301 2848 2353 καὶ
2879 2297 3099 2352 διπλοῦν
3132 2298 3469 2370 ἀνεκήρυττε
3501 2296 3597 2349 τοῦ
3627 2294 3885 2369 Χριστοῦ,
3912 2286 3993 2347 ὧν

2410 2395 2471 2448 τὸ
2555 2394 2657 2463 τῆς
2714 2393 3003 2463 ὁμολογίας
3067 2394 3097 2446 6
3178 2392 3386 2462 Κύριος
3458 2386 3993 2457 ἐπισφραγιζόμενος

2412 2486 2660 2556 ἀκριϐὲς,
2688 2485 2775 2540 ἐπ’
2808 2483 2958 2556 αὑτῷ
3005 2483 3105 2556 τὴν
3159 2484 3295 2539 ίδίαν
3332 2481 3659 2552 Ἐκκλησίαν
3699 2481 3996 2550 ἀνεστηρί-

2414 2578 2563 2643 ξατο.

2497 2671 2651 2724 Ἐπεὶ
2714 2669 2774 2721 δέ
2826 2668 2888 2721 τὸ
2924 2666 3152 2738 Πνεῦμα
3189 2665 3251 2719 τὸ
3287 2663 3443 2733 ἅγιον
3470 2662 3560 2717 διὰ
3593 2660 3688 2715 τοῦ
3725 2661 3855 2715 Υίοῦ
3885 2678 3997 2717 1:7.-

2411 2759 2604 2831 τρόθεν
2631 2759 2775 2813 κατά
2803 2757 2903 2827 τὴν
2924 2755 3192 2811 ἀνέκαθεν
3217 2754 3555 2822 ἐπαγγελίαν
3592 2753 3861 2823 ἐξεχεῖτοο
3895 2754 3997 2805 καὶ

2412 2853 2646 2923 πλήρεις
2700 2851 2800 2920 μὲν
2849 2849 2951 2918 τῆς
3005 2848 3215 2902 ἐκείνου
3285 2847 3568 2917 δυνάμεως
3624 2847 3673 2899 οί
3727 2844 3996 2915 μαθηταὶ,

2413 2945 2645 3015 πλήρεις
2704 2943 2761 2997 δὲ
2807 2942 3094 3011 γενόμενοι
3150 2941 3249 3008 τῆς
3298 2938 3601 3009 ἐνεργείας,
3654 2937 3755 3007 οὐχ
3800 2933 3998 2989 οἷοίτε

2414 3031 2553 3108 ἦσαν
2576 3034 2677 3106 τὴν
2725 3032 2891 3087 ὠδῖνα
2938 3032 3038 3102 τῆς
3072 3031 3296 3102 χάριτος
3324 3032 3383 3083 ἐν
3407 3030 3618 3092 ἑαυτοῖς
3656 3029 3953 3097 κατασχεῖν
3980 3045 3994 3058 ·

2413 3128 2533 3183 ἀλλ’
2563 3129 2614 3182 εί
2646 3127 2721 3198 μὴ
2750 3126 2893 3180 κατά
2918 3124 3018 3195 τὴν
3064 3124 3386 3194 οίκουμένην
3426 3121 3816 3191 διασπαρέντες
3840 3120 3997 3189 ὃλην,

2415 3222 2511 3276 καὶ
2536 3220 2696 3283 ἄλλος
2745 3219 2877 3275 ἄλλο
2934 3234 2990 3270 τι
3024 3216 3189 3288 μέρος
3226 3215 3337 3269 τῶν
3363 3216 3452 3267 ἐπ’
3478 3214 3648 3285 αὐτῆς
3686 3214 3855 3266 ἐθνῶν
3875 3213 3998 3268 δια-

2414 3315 2694 3379 λαϐόντες,
2752 3313 2855 3381 τῆς
2933 3310 3235 3381 Θεαρχικῆς
3301 3308 3579 3380 μεταδοῖεν
3635 3307 3998 3377 ἀγαθότητος,

2414 3405 2539 3459 οὔτε
2593 3405 2673 3476 τῷ
2724 3401 3109 3457 ἀποστέλλοντι
3162 3400 3283 3470 Θεῷ
3328 3399 3479 3468 φίλα,
3525 3398 3650 3451 οὔτε
3675 3398 3776 3467 τῆς
3820 3398 3998 3466 Ἰησοῦ

2416 3496 2826 3569 φιλανθρωπίας
2852 3494 3052 3560 ἐπάξια
3068 3492 3300 3562 πράξειν
3330 3494 3425 3545 καὶ
3452 3492 3710 3562 διαταγῆς
3727 3490 3958 3561 ἡγοῦντο
3980 3507 3997 3520 °

2416 3592 2565 3644 ἄλλοι
2600 3592 2700 3660 μὲν
2722 3588 2817 3642 οῦν
2844 3587 3053 3657 ἀλλαχῆ
3074 3585 3185 3639 τῶν
3219 3584 3557 3647 ἀποστόλων,
3588 3582 3773 3644 καθὼς
3796 3584 4000 3646 αὐτοὺς

2414 3688 2443 3739 ὁ
2472 3683 2816 3739 ἀποστέλλων
2874 3679 3145 3734 διέστελλε
3191 3678 3461 3747 δήπουθεν
3504 3674 3995 3740 ἐξαπεστέλλοντο·

2415 3774 2494 3845 τῷ
2510 3773 2867 3844 δοκιμωτάτῳ
2904 3772 2962 3824 δὲ
2984 3771 3159 3839 τούτῳ
3184 3768 3279 3822 ml.
3300 3768 3673 3839 τρισμεγίστῳ
3701 3764 3794 3818 τοῦ
3821 3766 3998 3831 Λόγου

2421 3866 2663 3937 μαθητῇ,
2725 3864 2959 3937 Πάρθων
3001 3863 3099 3917 καὶ
3152 3862 3386 3932 Μήδων,
3446 3861 3539 3912 καὶ
3586 3859 3694 3910 τῶν
3736 3858 4000 3911 ἐπέκεινα

2417 3960 2627 4021 τούτοις
2679 3956 2956 4010 Δίθιόπων
2996 3956 3098 4023 τὴν
3146 3952 3453 4021 ἀποστολὴν
3476 3951 3717 4021 λαχόντι,
3749 3950 3845 4003 καὶ
3877 3948 4001 4010 πῶς

2416 4053 2484 4105 ἂν
2509 4053 2689 4113 αὐτοῖς
2721 4048 2885 4110 ἐπίοι,
2919 4048 3014 4100 καὶ
3040 4046 3145 4098 τίνι
3183 4045 3371 4114 τρόπῳ
3411 4044 3525 4104 τοῖς
3569 4042 3866 4103 ἀπευκτοξ
3895 4039 4001 4109 μὲν

2417 4146 2517 4213 τὴν
2539 4144 2682 4212 ὄψιν,
2706 4140 3108 4210 χαλεπωτέροις
3136 4137 3194 4189 δὲ
3214 4137 3306 4188 τὸν
3326 4134 3427 4204 τῆς
3447 4133 3626 4203 ψυχῆς
3647 4133 3849 4203 τρόπον
3878 4134 4003 4184 ἐπι-

2417 4233 2760 4303 δεδημηκὼς,
2792 4231 2869 4293 εἷς
2905 4248 2965 4282 τε
2997 4231 3184 4293 λόγους
3212 4229 3307 4282 καὶ
3350 4227 3570 4296 ὁμιλίας
3607 4225 3707 4288 τὰς
3736 4225 3876 4295 ὑπὲρ
3899 4225 3998 4277 εὐ-

2422 4328 2640 4389 σεδείας
2680 4325 2823 4377 ἔλθοι
2848 4338 2863 4351 ·
2896 4322 3081 4392 ἡρέμα
3106 4322 3163 4374 δέ
3200 4321 3295 4373 καὶ
3316 4321 3453 4389 πρὸς
3482 4320 3544 4371 τὸ
3582 4318 3747 4388 βάρος
3774 4317 4003 4371 ἐκείνων

730 4417 881 4469 enim
903 4416 1284 4470 divinissimus
1304 4416 1484 4481 Jesus,
1509 4419 2002 4489 incompreheusus
2018 4421 2129 4482 ille,
2148 4423 2313 4476 nullis

2421 4418 2827 4489 δυσχεραίνοντι
2855 4416 2963 4469 τῶν
2990 4413 3181 4479 ἐθνῶν,
3226 4412 3456 4479 ἐγγύθεν
3493 4412 3527 4480 ὴ
3565 4410 3717 4472 λύσις
3746 4409 4001 4479 παρέστη

734 4507 984 4559 terminis
1002 4507 1209 4569 ﬁnitus,
1229 4508 1323 4577 qui
1344 4508 1398 4561 in
1417 4500 1571 4563 emlis
1588 4510 1733 4565 Patri
1756 4526 1977 4581 semper
1991 4513 2320 4581 coniunctus

732 4608 813 4650 est
830 4636 844 4655 .
864 4608 1028 4664 atque
1050 4598 1104 4649 in
1129 4600 1292 4651 terris
1313 4599 1459 4666 apud
1482 4615 1579 4654 eos
1607 4616 1747 4670 quos
1770 4602 1936 4656 habet
1957 4603 2320 4665 necessarios,

732 4702 951 4755 semper
977 4686 1211 4740 indivise
1234 4700 1417 4740 manet
1443 4707 1454 4740 :
1487 4690 1577 4743 hic
1601 4691 1851 4758 corporis
1873 4700 2104 4753 statura,
2137 4691 2321 4745 indole

731 4779 1031 4847 vultusque
1070 4780 1252 4847 specie
1292 4783 1413 4832 viro
1443 4781 1740 4844 assimilis,
1776 4781 2133 4835 Mereatorem
2166 4782 2319 4835 ludia

734 4871 1066 4940 profectum,
1089 4888 1391 4939 recensque
1418 4870 1808 4943 Hierosolymis
1827 4884 2119 4929 exeuntem
2147 4891 2209 4928 ac
2226 4889 2321 4944 pa-

736 4963 894 5015 triam
961 4964 1293 5032 cogitantem
1347 4964 1483 5016 adit.
1532 4964 1614 5017 Ad
1667 4980 1831 5033 quem
1887 4965 2146 5019 dominus
2193 4980 2318 5019 cum

735 5054 1059 5108 accessisset
1104 5064 1167 5121 to
1203 5054 1574 5108 dominatoris
1615 5056 2069 5110 inclinationem!
2110 5074 2143 5110 ο
2172 5058 2320 5111 servi

737 5147 1140 5215 probitatem!)
1188 5151 1337 5203 velut
1371 5164 1614 5211 servum,
1654 5164 1816 5203 suum
1854 5151 2041 5203 vendit
2074 5151 2321 5219 discipuo

827 5303 871 5332 ⁸³
899 5301 1055 5356 Joan.
1087 5318 1174 5361 xx,
1210 5304 1299 5356 '23.

808 5444 919 5503 (23)
947 5445 1211 5516 Ἐμπίζιῳ
1229 5446 1417 5497 τίν-ξ...
1445 5445 1822 5513 πρισελθώικ
1843 5448 2073 5516 Sumpta
2102 5448 2219 5501 Ιιιιο
2251 5466 2317 5501 ex

736 5514 1258 5587 ThoonePenedis.
1320 5516 1462 5568 libro
1519 5518 1653 5569 olim
1714 5514 2009 5585 reprobate
2040 5534 2103 5572 ac
2154 5522 2317 5587 plane

738 5586 1091 5653 apoerwho;
1126 5586 1286 5651 cuius
1313 5596 1498 5639 tamen
1524 5587 1688 5640 tidem
1727 5590 1806 5640 sic
1855 5589 2029 5641 Graeci
2080 5586 2187 5641 non
2218 5592 2319 5642 ab-

740 5666 918 5705 nuunt
951 5695 965 5711 .
1006 5666 1062 5705 ut
1095 5666 1146 5705 vt
1184 5658 1519 5722 quilmsdam
1577 5659 1821 5724 antiquis
1858 5659 2018 5710 libris
2052 5660 2320 5712 ecclesia-

744 5728 898 5796 stici~
928 5737 1199 5792 ascriptus
1225 5730 1483 5787 liutu‘attt,
1515 5740 1564 5779 et
1597 5738 1808 5796 partem
1846 5729 1898 5780 in
1926 5731 2124 5782 .\lena'a
2165 5740 2318 5783 retu-

743 5795 927 5849 lcanl.
960 5798 1114 5865 lunia
1145 5800 1457 5852 mutatione
1510 5795 1613 5852 hoc
1666 5802 1785 5867 ipso
1836 5800 2015 5853 titulo.
2079 5802 2172 5853 Ἐκ
2212 5802 2321 5853 τῶν

2423 4512 2533 4565 τῶν
2571 4509 2957 4580 ἠπορημένων.
3004 4506 3175 4567 Αὐτὸς
3215 4506 3322 4573 γὰρ
3349 4504 3379 4555 ό
3408 4500 3847 4571 θεαρχικώτατος
3889 4501 4000 4572 Ἰη-

2427 4602 2573 4666 σοῦς,
2616 4603 2646 4654 ὁ
2691 4600 3085 4671 ἀπερίληπτος,
3111 4599 3141 4650 ὁ
3164 4596 3566 4666 άπεριόριστος,
3604 4595 3720 4647 ἀνω
3748 4594 3898 4664 παρᾶ
3917 4594 4003 4659 τῷ

2424 4695 2603 4765 Πατρὶ
2644 4694 2721 4747 ὦν
2779 4693 3120 4753 ἀδιαστάτως
3149 4691 3263 4755 ἀεὶ,
3288 4691 3385 4741 καὶ
3433 4690 3585 4741 κάτω
3614 4687 3672 4741 δὲ
3706 4688 3859 4757 παρὰ
3882 4689 4002 4749 τοῖς

2424 4789 2644 4850 οίκείοις
2700 4786 3015 4856 ἀμερίστως
3073 4784 3249 4854 μένων
3275 4782 3361 4836 ἀεί
3384 4799 3399 4812 ο
3430 4776 3585 4843 οὗτος
3628 4780 3784 4850 ἀνδρὶ
3812 4780 3871 4831 τὸ
3901 4779 4007 4848 μέο

2425 4880 2602 4947 γεθος,
2632 4882 2730 4948 τήν
2754 4895 2812 4930 τε
2844 4876 3005 4946 φύσιν
3033 4878 3127 4930 καὶ
3154 4876 3252 4946 τὴν
3284 4874 3498 4945 μορφὴν
3529 4873 3746 4937 ἐοικὼς,
3770 4874 4007 4943 ἐμπόρῳ

2422 4969 2532 5020 τινὶ
2598 4965 3012 5037 προσεληλύθει,
3066 4965 3167 5035 τῆς
3233 4965 3463 5032 Ἰνδικῆς
3522 4963 3623 5033 μὲν
3666 4963 4006 5032 ὁρμωμένῳ,

2424 5062 2547 5128 ἄρτι
2598 5059 2656 5110 δὲ
2718 5058 2830 5109 τῶν
2888 5056 3283 5127 Ἰεροσολύμων
3332 5055 3552 5121 ἐξιόντι,
3593 5055 3686 5106 καὶ
3731 5055 3865 5122 πρὸς
3898 5056 4009 5123 τὴν

2430 5154 2566 5206 ἰδέαν
2616 5152 3031 5206 παλινοστοῦντι
3080 5154 3206 5221 γῆν,
3252 5153 3429 5221 τούτῳ
3476 5150 3788 5221 προσελθὼν
3818 5150 3931 5221 (‘25)
3975 5155 4008 5205 ό

2416 5446 2583 5499 αὐτοῦ
2638 5446 2951 5513 Περιὸὁων,
3010 5444 3091 5496 Er
3144 5447 3376 5512 ejusdem
3436 5444 3642 5498 Theium
3702 5444 3946 5500 Periodis
3983 5461 4005 5497 :

2419 5534 2540 5587 qua:
2569 5517 2820 5585 perinde.
2854 5516 3041 5584 paucis
3078 5520 3325 5572 mutatis.
3366 5516 3555 5587 Abduc
3584 5514 3868 5584 Babylonii
3894 5534 4002 5567 no-

2422 5586 2567 5641 mine
2590 5588 2807 5655 vulgata
2837 5597 2987 5641 sum.
3020 5588 3192 5655 magis
3218 5588 3382 5638 etiam
3416 5588 3469 5637 iu
3495 5586 3590 5638 illo
3619 5589 3854 5653 impura.
3895 5588 4005 5656 Sy-

2424 5660 2735 5719 naxarium,
2769 5656 2917 5722 quod
2951 5658 3229 5709 antecedit
3257 5698 3269 5711 .
3308 5657 3503 5708 iisdem
3538 5658 3723 5708 verbis
3756 5656 4001 5708 habetur

2423 5730 2475 5781 in
2509 5730 2720 5797 magnis
2773 5728 2991 5779 neutris
3044 5738 3095 5779 et
3165 5728 3348 5779 Basilii
3403 5727 3807 5792 iurperatorisa
3839 5728 3999 5779 card.

2422 5802 2621 5854 διώ-ιο
2649 5797 2839 5853 Latine
2872 5798 3117 5855 redditis.
3161 5809 3214 5850 «σι
3242 5798 3456 5850 ΙίιΊιιίιι
3490 5798 3692 5850 (ἷςιιιὶδίἑ
3724 5809 3761 5849 ι.
3797 5797 3998 5851 lllcdi-
