4192 6424
182 435 283 502 137

922 433 1202 493 ORATIO
1241 434 1370 494 VII.
1400 457 1467 469 —
1497 434 1575 494 IN
1618 433 1925 495 LAUDEM
1965 435 2026 494 S.
2067 435 2347 494 ’ΠΙοΜιὶσῖ
2387 431 2764 493 APOSTOLI.

3344 431 3442 497 138

180 552 415 619 Κύριος,
445 546 512 615 (ὣ
572 543 1033 613 συγκαταϐάσεως
1066 545 1327 598 δεσπότου
1354 546 1366 596 !
1398 542 1443 596 ὣ
1484 548 1758 615 εὐγνωμο-

1869 548 2011 612 lum;
2056 549 2387 616 venditoque
2427 561 2485 599 se
2527 546 2743 600 itineris
2781 545 2984 615 prmth
3022 545 3254 610 socium,
3282 548 3446 617 eique

183 642 353 711 σύνης
388 638 602 693 οῑκέτου
629 639 670 703 l)
731 629 819 688 οἷα
844 635 1029 689 δοῦλον
1058 638 1257 690 οἰκεῖον
1316 637 1620 706 πιπράσκει
1666 638 1758 690 τὸν

182 821 277 874 tis.
318 817 605 887 Synaxarii
636 816 801 887 verba
836 827 967 872 sunt
997 835 1008 871 :
1050 810 1219 880 Οὗτος
1244 817 1446 885 Μήδοις
1484 819 1579 871 καὶ
1615 818 1761 887 Πάρ-

180 892 318 952 θοις.
345 878 585 961 Πέρσαις
603 887 701 961 καὶ
722 885 913 961 Ἰνδαῖς-
930 888 1028 961 1:va
1053 878 1212 961 λύτοξᾶ
1228 878 1486 961 venietcf;
1516 878 1760 961 κηρύξας

180 957 506 1030 φρουρεῦὲ-αι
537 958 697 1030 παρα
722 957 976 1030 Σμιᾷαίρυ
1006 957 1291 1030 βασιλέως,
1320 958 1407 1030 διὰ
1440 959 1501 1011 τὺ
1532 957 1758 1030 massi-

180 1026 273 1083 es:
302 1026 399 1081 ita”:
434 1027 798 1097 βαπτισθῆναι
835 1026 926 1078 ὑπ’
994 1028 1159 1081 αὑτοῦ
1209 1028 1497 1097 υύαζάνην
1525 1029 1617 1081 τὸν
1646 1030 1760 1082 υἱὸν

177 1099 373 1157 αὐτοῦ.
397 1099 494 1149 καὶ
524 1096 623 1167 τὴν
652 1099 887 1162 γυναῖκα
917 1098 1168 1167 Τερτίαν,
1198 1099 1290 1150 καὶ
1320 1096 1637 1165 Μιγδονίαν,
1662 1100 1760 1152 καὶ

177 1170 433 1237 Νάρκαν.
468 1167 571 1237 me
591 1169 685 1218 καὶ
718 1167 1074 1237 παραδίδοται
1105 1170 1267 1221 πέντε
1300 1168 1682 1237 στρατιώταις,
1707 1168 1757 1221 οἳ

174 1236 372 1290 τοῦίτον
405 1238 499 1290 ἐπὶ
531 1236 591 1289 τὸ
634 1237 764 1307 βρος
806 1236 1279 1307 ᾆναὸιόἀσαντες,
1344 1236 1567 1307 λόγχαις
1626 1256 1761 1291 κατ-

175 1309 449 1378 έτρωσαν,
478 1308 569 1359 καὶ
600 1304 740 1378 objw
756 1304 1129 1378 πρὸς-Κύριον
1155 1304 1507 1376 ὲξεδήμησέὐ.
1529 1305 1622 1362 Hic
1646 1326 1763 1362 cum

174 1380 363 1438 Hedis,
385 1376 621 1437 Parthis,
636 1376 810 1428 Persis
832 1386 878 1428 et
894 1376 1040 1431 Indis
1061 1378 1153 1431 Dei
1176 1378 1385 1430 verbum
1399 1380 1759 1445 praedicasset,

172 1451 226 1501 in
284 1448 583 1500 custodiant
643 1447 920 1519 conjicitur
965 1466 997 1500 a
1033 1464 1152 1519 rege
1194 1447 1454 1509 Smidazo,
1482 1459 1762 1519 propterea

172 1521 318 1585 quod
351 1520 467 1586 ejus
492 1534 650 1586 opera
676 1518 1011 1570 crediderant
1048 1530 1096 1570 et
1128 1518 1380 1587 baptizati
1414 1516 1625 1587 fuerant
1664 1516 1765 1573 Va-

174 1536 316 1585 quoa
351 1536 467 1586 ejus
492 1536 650 1586 opera
676 1536 1011 1570 creaiaeranr
1048 1536 1096 1570 et
1128 1536 1190 1571 oa
1232 1536 1378 1572 man
1414 1536 1625 1587 [nerant
1666 1536 1763 1573 va-

174 1606 341 1641 sanes
374 1590 491 1657 ejus
525 1587 691 1659 filius,
720 1597 769 1638 et
795 1603 927 1639 uxor
956 1590 1167 1641 nomine
1190 1536 1386 1652 Tertia,
1416 1598 1465 1642 et
1490 1589 1763 1659 Migdonia

172 1670 225 1710 et
267 1661 467 1711 Narce.
530 1657 871 1728 Quapmpter
908 1660 1139 1728 quinque
1190 1658 1441 1711 militibus
1501 1657 1759 1723 traditur,

172 1731 267 1795 qui
298 1730 370 1781 ad
395 1738 625 1780 montem
652 1727 932 1793 quemdam
967 1731 1182 1782 ductum
1202 1728 1399 1782 lanceis
1428 1729 1758 1782 transverbe—

172 1807 395 1859 rarunt,
458 1807 619 1865 atque
663 1798 739 1849 ita
783 1798 1029 1863 migravit
1078 1800 1146 1851 ad
1184 1799 1484 1853 Dominum.
1547 1800 1604 1853 In
1665 1815 1762 1853 ex-

172 1880 373 1939 cerpto
409 1869 503 1921 illo
536 1884 601 1920 ex
634 1867 861 1939 Thema:
882 1867 1138 1939 Periodts,
1183 1879 1455 1939 mercator
1482 1870 1570 1923 ille
1609 1868 1759 1922 Tho-

173 1937 289 1993 mce
320 1940 527 1992 ductor
559 1940 614 1991 in
656 1937 861 1990 Indiam
892 1938 1107 1993 Azanes
1157 1939 1346 1993 itidem
1380 1938 1606 2004 dicitur,
1662 1940 1756 2007 qui

174 2018 232 2062 et
271 2011 393 2078 ipse
429 2009 713 2077 conjectus
746 2008 799 2060 in
830 2023 1106 2061 carcerem
1135 2024 1260 2062 cum
1292 2010 1562 2078 apostolo.
1602 2010 1758 2078 quasi

172 2080 376 2133 deluso
414 2094 565 2148 rege,
599 2078 730 2131 dum
762 2079 1154 2133 exstruendam
1181 2079 1258 2134 illi
1303 2081 1491 2134 eximii
1545 2079 1760 2134 decoris

174 2152 428 2228 regiam_
472 2148 805 2228 profitetur,
860 2150 1099 2228 erogatis
1164 2150 1231 2228 in.
1286 2149 1761 2228 pauperes___illius

174 2217 462 2273 thesauris
499 2236 512 2270 :
550 2233 713 2287 quam
756 2226 938 2270 tamen
996 2217 1051 2272 in
1110 2219 1264 2273 ccelis
1287 2217 1503 2287 regiam
1558 2220 1646 2273 ille
1692 2234 1757 2272 ex

173 2289 354 2343 fratre
384 2290 456 2342 ab
488 2289 745 2359 apostolo
778 2288 1042 2341 suscitato
1090 2290 1195 2343 sibi
1221 2298 1558 2359 exstructam
1594 2300 1758 2359 atque

175 2370 435 2427 paratam
467 2358 757 2421 didicerit;
801 2373 978 2426 eoque
1011 2359 1279 2413 miraculo
1310 2374 1435 2413 cum
1476 2358 1643 2414 fratre
1690 2358 1757 2412 ad

172 2426 463 2486 Christum
494 2442 814 2499 conversus,
848 2428 916 2481 ab
948 2443 1014 2499 eo
1042 2429 1135 2480 τὸν
1171 2429 1465 2499 ἀρῤαὸὦνα
1489 2430 1587 2498 τῆς
1624 2430 1761 2497 ἀκη-

176 2502 349 2568 ράτου
384 2498 683 2568 βασιλείας,
713 2497 1032 2568 immortalis
1063 2497 1219 2568 regni
1237 2497 1592 2552 'arrhabonem
1621 2539 1636 2563 ,
1666 2514 1759 2553 ac-

174 2567 425 2638 ceperit;
458 2567 710 2638 apostolo
731 2567 797 2620 ad
832 2568 968 2621 alias
998 2567 1161 2638 urbes
1190 2569 1597 2637 proficiscente,
1623 2584 1759 2637 prazo

176 2636 404 2692 dicandi
428 2636 710 2705 Evangelii
740 2652 926 2700 causa,
961 2637 1054 2691 ubi
1088 2639 1168 2693 sic
1194 2636 1716 2691 consummatus’sit
1740 2677 1757 2702 ,

171 2712 248 2763 ob
283 2722 615 2762 conversam
674 2706 847 2775 reguli
908 2708 1137 2761 alterius
1189 2707 1472 2773 familiam,
1505 2716 1565 2760 ut
1595 2707 1760 2762 habet

175 2781 421 2833 relatum
458 2776 840 2846 Synaxarium,
881 2785 1109 2845 actaque
1142 2777 1231 2830 illa
1249 2777 1517 2841 Abdiana,
1547 2778 1601 2831 in
1636 2782 1760 2845 qui-

176 2849 285 2903 bus
321 2864 464 2901 uxor
493 2847 582 2899 illa
615 2846 760 2914 regis
790 2845 1000 2914 Treptia
1040 2847 1267 2902 dicitur.
1318 2847 1464 2901 Istud
1508 2847 1577 2901 de
1612 2863 1757 2901 mer-

173 2930 368 2973 catore
400 2917 559 2979 ludo,
585 2916 673 2969 cui
701 2930 761 2969 se
784 2915 1023 2970 Thomas
1051 2917 1104 2970 in
1137 2917 1346 2971 Indiam
1374 2919 1632 2971 comitem
1665 2919 1760 2972 de-

173 2990 347 3051 derit,
374 2989 480 3066 etsi
512 2986 748 3066 habetur
780 2984 835 3038 in
862 2986 1211 3066 apocrypho,
1250 2986 1488 3066 indeque
1514 2986 1758 3066 tida-nu-

175 3069 297 3111 tare
344 3058 623 3119 videatur,
670 3070 739 3109 ex
791 3070 859 3109 eo
908 3056 1432 3125 non’improbabile
1482 3056 1756 3119 redditur,

215 3129 326 3182 uod
385 3127 649 3197 Indorum
706 3126 1187 3197 alteriapostolus
1226 3136 1405 3197 atque
1449 3127 1757 3196 Japponum

215 3145 326 3182 υοιι
386 3145 649 3181 ιιιίιοτιιηι
706 3145 847 3178 alter
907 3145 1187 3195 θροςιοιυε
1240 3145 1405 3197 atque
1449 3145 1757 3196 JaPPOIIUIII

172 3145 516 3253 graneiscus
540 3195 812 3249 Xaverius
848 3196 986 3264 (ipse
1023 3211 1162 3265 pene
1194 3196 1435 3251 Thomas
1481 3198 1759 3253 redivivus

172 3278 229 3321 et
262 3282 580 3329 successor,
613 3281 676 3319 ac
707 3280 808 3333 pro
838 3265 1167 3329 humilitate,
1193 3267 1494 3322 excolenda
1535 3284 1597 3321 ea
1644 3267 1755 3321 Do-

176 3339 316 3391 mini
349 3340 535 3398 vinea,
568 3337 1005 3404 vicarius,quem
1040 3338 1174 3389 tanti
1200 3352 1267 3390 ex
1298 3338 1413 3391 suis
1442 3339 1755 3406 nostrisque

172 3418 227 3462 et
267 3409 397 3461 aliis
431 3406 671 3460 aemulati
704 3406 847 3467 sint,
876 3405 1112 3476 religiosi
1145 3422 1337 3461 onmes
1363 3417 1419 3462 et
1442 3405 1757 3461 Mendican-

178 3490 286 3540 tes,
329 3477 548 3531 strenui
587 3491 714 3529 vere
755 3477 992 3543 operarii
1022 3516 1037 3536 ,
1092 3491 1200 3529 non
1233 3477 1375 3530 fastu
1409 3477 1757 3532 dominantes

175 3550 231 3602 in
268 3548 466 3608 cleris,
497 3555 558 3598 ut
586 3546 790 3613 quibus
821 3544 888 3597 ad
911 3615 917 3616 γ
939 3546 1219 3613 jactantize
1262 3547 1619 3616 superciliqu
1672 3556 1757 3601 est

174 3619 367 3671 vocari
403 3616 712 3685 pontilices,
740 3623 796 3667 et
828 3615 922 3685 qui
951 3618 1124 3669 nolint
1152 3626 1248 3670 aut
1281 3616 1598 3672 desiderent
1634 3632 1756 3671 esse

176 3688 500 3757 pontiﬁces,
532 3700 691 3757 secus
721 3699 785 3737 ac
821 3685 936 3738 Yvo
973 3685 1195 3739 Carnot.
1233 3703 1391 3757 sermj.
1429 3689 1481 3739 in
1514 3689 1751 3739 cathedr.

171 3755 353 3811 sancti
398 3756 549 3825 Petri
583 3755 877 3825 admonet;
907 3769 1015 3808 nec
1031 3757 1169 3809 satis
1197 3756 1482 3811 attendant
1511 3757 1614 3811 sub
1647 3774 1757 3810 mo-

175 3828 351 3882 nachi
390 3823 535 3893 toga,
571 3826 626 3878 in
674 3823 1029 3879 inferioribus
1077 3827 1273 3880 donius
1325 3826 1538 3880 Domini
1604 3843 1755 3881 mau-

175 3897 480 3954 siunculis,
511 3909 748 3963 quorum
776 3894 919 3947 labia
947 3896 1271 3949 custodiunt
1294 3896 1605 3959 scientiam,
1655 3913 1756 3951 an-

207 3969 333 4021 elos
363 3966 580 4020 scilicet
612 3964 826 4035 Domini
862 3966 1241 4029 exercituum,
1284 3967 1527 4035 reliquos
1570 3982 1754 4021 sacer-

207 3984 333 4021 ειος
363 3984 580 4020 SCIIIL’CI
612 3984 826 4016 υθιιιιῐιι
862 3984 1207 4019 ριρτειιυιιηι
1228 4006 1241 4029 ,
1284 3984 1527 4035 I'BIIQUOS
1570 3984 1754 4021 sacer-

172 3984 362 4101 ﬁotes,
398 4038 550 4103 ipsos
588 4034 811 4103 quidem
837 4034 990 4103 juxta
1038 4036 1422 4089 destinationis
1481 4046 1756 4091 momenta

175 4109 416 4161 minime
446 4106 753 4173 pontitices,
789 4105 884 4158 sed
916 4114 1098 4157 tamen
1131 4105 1278 4158 Petri
1308 4108 1704 4159 consacerdotes
1737 4148 1753 4173 ,

176 4178 367 4246 inquit
395 4177 541 4229 idem
578 4175 711 4246 Yvo,
743 4174 859 4243 ipse
890 4175 944 4246 in
989 4176 1224 4246 regulari
1261 4186 1382 4246 toga
1407 4177 1661 4246 egregius
1692 4193 1756 4231 ac

176 4193 367 4246 lnqull
395 4193 541 4229 mem
587 4193 711 4237 tvo,
744 4193 859 4243 ipse
892 4193 944 4227 ιη
989 4193 1224 4243 regulari
1261 4193 1382 4297 toga
1407 4193 1661 4246 egregius
1692 4193 1756 4231 ac

176 4256 453 4301 strenuus
476 4244 764 4313 pontifex),
800 4244 992 4315 eodem
1017 4245 1215 4313 spiritu
1244 4261 1305 4299 ea
1348 4262 1434 4299 em
1465 4261 1603 4315 pene
1636 4262 1756 4299 mo-

174 4318 374 4371 litione
415 4316 666 4378 tentavit,
708 4325 769 4368 ut
801 4314 1067 4378 Meacum,
1124 4315 1434 4384 Japponum
1480 4316 1595 4370 fere
1646 4332 1758 4370 me-

178 4387 449 4455 tropolim
504 4385 648 4439 servi
712 4384 903 4438 habitu
955 4400 1018 4439 ac
1058 4386 1347 4509 pedisequi
1427 4386 1623 4441 adiret.
1684 4387 1757 4441 De

178 4473 287 4509 uua
330 4473 391 4509 re
433 4455 648 4509 Tursel.
678 4455 733 4508 in
773 4456 1020 4509 eiusdem
1104 4456 1330 4509 raneisci
1365 4454 1487 4509 Vita
1523 4474 1536 4509 :
1583 4456 1757 4509 Fran-

175 4454 287 4524 qua
330 4473 391 4510 re
433 4455 648 4509 Tursel.
678 4455 733 4508 in
773 4456 1020 4524 ejusdem
1058 4454 1330 4509 Frunisci
1365 4454 1487 4509 Vita
1523 4474 1536 4509 :
1583 4456 1757 4510 Fran-

175 4528 371 4587 n‘scus,
392 4528 501 4579 sive
528 4534 583 4577 ut
617 4526 915 4594 expeditum
937 4527 1073 4579 inter
1104 4524 1367 4579 Barbaros
1398 4526 1608 4579 haberet
1632 4530 1753 4587 iter,

172 4600 286 4651 sise
310 4607 372 4649 ut
401 4606 605 4650 certum
626 4597 855 4665 aliquem
884 4597 1006 4649 talis
1028 4595 1123 4649 via:
1144 4596 1327 4649 ducem
1354 4597 1583 4659 haberet,
1603 4600 1762 4666 equiti

174 4668 448 4736 indigent:
469 4666 709 4720 Heacum
753 4670 968 4737 petenti,
999 4666 1263 4735 famulum
1294 4676 1453 4719 semet
1486 4669 1755 4737 adjunxit,

173 4740 487 4789 servitutem
544 4753 745 4805 quoque
786 4753 881 4804 pro
935 4736 1139 4791 Christo
1170 4736 1268 4788 sibi
1295 4736 1557 4789 decoram
1586 4749 1755 4791 ratus.

178 4807 399 4860 Domini
448 4823 570 4876 ergo
612 4808 897 4875 equitantis
954 4807 1281 4859 sarcinulam
1310 4848 1323 4868 ,
1380 4818 1572 4876 prater
1602 4824 1757 4861 suum

176 4880 357 4931 missa
409 4878 842 4938 instrumentum,
891 4878 1155 4929 cursitans
1216 4878 1453 4943 gestabat
1503 4878 1753 4931 humeris.

176 4947 355 5000 Herus
387 4951 620 5017 .quippe,
681 4963 861 4999 cursus
913 4949 1080 5014 magis
1119 4963 1280 5016 quam
1318 4948 1521 5000 itineris
1560 4948 1713 4999 modo
1743 4986 1757 5007 ,

175 5020 484 5087 concitabat
538 5034 732 5086 equum
785 5033 879 5087 per
925 5018 1148 5070 obnoxia
1187 5017 1480 5071 latronibus
1508 5017 1642 5070 loca.
1689 5018 1759 5071 Et

178 5085 501 5141 Franciscus
531 5085 744 5156 pedibus
786 5085 953 5157 ferme
978 5088 1085 5140 ibat
1121 5088 1294 5147 nudis,
1330 5089 1468 5156 quod
1510 5089 1605 5140 rivi
1639 5105 1756 5139 am-

178 5174 378 5228 nesque
408 5159 543 5211 vado
577 5160 884 5211 transeundi
915 5176 968 5211 se
1003 5158 1201 5227 passim
1247 5158 1517 5227 offerrent.
1568 5158 1759 5227 Itaque

176 5227 549 5297 scpenumero
576 5229 787 5297 pedibus
814 5246 877 5282 ea;
910 5231 1043 5283 nivis
1073 5237 1121 5281 et
1146 5227 1343 5297 algoris
1378 5230 1579 5297 injuria
1609 5230 1759 5281 intu-

177 5300 529 5352 mescentibus
552 5301 782 5368 graviter
806 5300 1081 5352 laborabat
1104 5315 1121 5352 :
1142 5301 1323 5351 crebro
1351 5301 1512 5352 etiam
1542 5316 1695 5351 cursu
1712 5308 1760 5352 ct

176 5372 528 5421 sarcinarum
555 5373 845 5438 gestatione
865 5371 1141 5439 fatigatus,
1170 5369 1339 5439 glacie
1363 5378 1455 5422 aut
1472 5372 1761 5438 asperitate

178 5441 278 5509 eiet
311 5439 536 5506 fallente
566 5440 803 5509 vestigia,
831 5440 1127 5492 corruebat.
1161 5439 1289 5509 Qua:
1311 5440 1402 5492 ille
1433 5442 1630 5500 omnia,
1656 5457 1761 5492 non

179 5505 334 5579 aqua
358 5509 554 5569 solum,
576 5510 668 5562 sed
696 5505 857 5563 ctiam
885 5511 1084 5579 intento
1120 5510 1174 5561 in
1196 5508 1363 5562 Deum
1389 5519 1437 5562 et
1461 5528 1492 5562 a
1528 5512 1759 5563 sensibus

179 5578 423 5632 alienato
446 5581 729 5647 superabat
755 5582 954 5633 animo.
989 5578 1194 5649 Quippe
1222 5588 1375 5649 tanta
1404 5583 1478 5633 vis
1505 5590 1621 5632 erat
1656 5596 1759 5633 ccc-

181 5649 329 5702 testis
387 5649 872 5720 contemplationis,
918 5660 975 5702 ut
1004 5648 1153 5703 victis
1182 5648 1460 5720 dulcedine
1487 5652 1723 5703 sensibus
1742 5689 1757 5714 ,

176 5720 405 5771 subinde
448 5721 503 5772 in
557 5736 735 5789 vepres
784 5721 1024 5790 indueret
1056 5736 1132 5780 se,
1160 5719 1228 5771 ad
1255 5719 1456 5790 lapides
1487 5722 1760 5789 oﬂ'cnsaret

182 5792 342 5857 pedes
384 5790 767 5861 lacerantque,
795 5792 911 5844 sine
932 5789 1041 5842 ullo
1070 5805 1284 5857 prorsus
1334 5807 1490 5845 sensu
1529 5791 1761 5855 doloris;

178 5874 245 5916 ac
272 5874 397 5931 qua
427 5860 483 5915 in
515 5876 635 5916 eam
669 5875 785 5915 rem
813 5861 1165 5930 prosequitur
1192 5861 1320 5927 alia,
1351 5876 1491 5933 pene
1521 5862 1762 5917 incredi-

505 5958 775 6019 ΡΑπιοι..
820 5955 939 6015 Gn.
976 5954 1100 6018 CV.

1866 639 2080 693 occulte
2101 653 2320 708 semper
2343 640 2696 708 colloquitur,
2720 639 3043 707 arcanisque
3069 637 3275 694 divinis
3310 652 3448 706 pra:-

1869 820 2065 875 biliora
2093 862 2107 884 ,
2150 835 2313 890 quam
2355 836 2475 889 quae
2502 820 2664 875 habet
2695 820 2921 890 Thalnae
2955 818 3043 873 illa
3075 833 3199 890 cum
3233 833 3445 874 merca-

1870 901 1986 944 tore
2012 889 2297 960 profectio.
2330 906 2492 959 quem
2520 892 2573 943 in
2596 893 2682 945 via
2715 892 2818 945 sibi
2845 889 3139 950 addixerit,
3166 889 3442 944 Christia-

1867 962 2061 1029 nisque
2094 962 2346 1015 moribus
2396 960 2678 1023 imbuerit,
2730 978 2794 1014 ac
2822 962 2979 1030 cujus
3008 974 3111 1028 Ope
3152 969 3215 1030 et
3239 960 3442 1029 Opibus

1866 1030 2081 1099 longam
2107 1048 2226 1086 eam
2256 1033 2394 1084 viam
2424 1031 2630 1083 Solatus
2669 1032 2758 1084 sit.
2789 1029 2944 1097 ρειοά
2999 1030 3069 1083 ila
3104 1044 3162 1083 se
3188 1029 3442 1085 Christus

1868 1108 1928 1153 ut
1956 1103 2263 1170 apostolum
2289 1102 2575 1159 venderet,
2598 1102 2959 1169 conspicuum
2991 1100 3185 1154 fecerit
3205 1140 3237 1170 ,γ
3256 1100 3321 1152 ad
3359 1101 3440 1153 al—

1870 1172 2065 1225 tiorem
2093 1182 2304 1241 spectet
2329 1171 2637 1241 prophetiae
2667 1171 2893 1241 gradum
2917 1188 2930 1232 ;
2964 1185 3065 1224 nec
3092 1169 3242 1241 aliud
3270 1171 3443 1241 gessit

1868 1239 2135 1295 exteriori
2167 1243 2257 1295 illa
2289 1239 2493 1310 specie,
2529 1255 2690 1309 quam
2714 1240 2859 1309 quod
2897 1239 3145 1294 interiori
3174 1240 3440 1295 instinctu

1871 1312 1925 1364 in
1960 1312 2271 1375 Francisco,
2298 1312 2413 1380 ipso
2442 1313 2637 1365 eodem
2663 1319 2890 1365 auctore
2913 1350 2926 1374 ,
2960 1318 3082 1378 post
3118 1318 3196 1363 tot
3217 1310 3439 1365 demum

1869 1383 2065 1435 saecula
2093 1392 2273 1436 actum
2300 1390 2400 1434 est.

1939 1450 2162 1512 Gentes,
2197 1452 2261 1503 ad
2286 1465 2422 1519 quas
2455 1450 2696 1503 Thomas
2722 1450 3048 1517 praedicator
3086 1449 3287 1503 missus
3314 1460 3399 1504 est
3418 1487 3435 1514 ,

1861 1522 2083 1576 easdem
2118 1520 2281 1574 refert
2338 1521 2580 1578 Nicetas,
2629 1536 2767 1586 quas
2821 1519 3095 1589 Hippolyti
3131 1520 3433 1588 Synopsis:

1860 1590 2015 1645 addit
2048 1600 2225 1644 tamen
2258 1590 2543 1657 rEthiOpas
2568 1590 2785 1643 Parthis
2807 1589 3085 1657 Medisque
3115 1591 3433 1654 ulteriores;

1860 1662 2218 1716 abususforte
2240 1660 2555 1729 Althmpum
2583 1661 2805 1729 nomine
2831 1674 2929 1727 pro
2960 1659 3092 1727 ipsis
3117 1659 3433 1714 lndis.l\'am

1861 1748 1971 1785 non
2000 1732 2220 1786 videtur
2264 1732 2403 1783 velle
2432 1726 2732 1798 'tﬁthiopas
2760 1726 2993 1798 Egypto
3019 1730 3340 1797 superiores
3375 1739 3433 1786 et

1859 1802 2052 1866 Afros;
2088 1801 2301 1855 tametsi
2333 1800 2407 1853 illi
2441 1789 2656 1869 quoque
2686 1800 2790 1853 sibi
2818 1789 3428 1867 Thomam-apostolum

1789 1893 1833 1952 Β
1861 1872 2181 1952 vindicant,’
2217 1872 2379 1951 eique
2402 1870 2691 1952 peculiari
2726 1869 2977 1950 religioni
3011 1879 3288 1952 tenentur.
3329 1870 3428 1952 {.15-

1865 1943 2083 2011 thiopes
2110 1941 2272 1995 etiam
2310 1940 2473 1994 vicini
2514 1950 2672 1993 terra:
2703 1940 3005 2011 promissae,
3039 1940 3095 2011 id
3120 1950 3202 1992 est
3224 1939 3430 2011 Madia-

1862 2010 2011 2074 niue,
2046 2028 2109 2067 ex
2139 2012 2340 2080 quibus
2368 2021 2488 2064 orta
2520 2010 2681 2063 Musis
2707 2010 2864 2071 oxor,
2899 2010 3024 2063 inde
3047 2010 3191 2063 dicta
3211 2010 3430 2065 Ethio-

1862 2083 2007 2153 pissa
2034 2123 2047 2141 ,
2090 2098 2198 2135 non
2229 2082 2490 2153 videntur
2522 2081 2739 2153 Parthis
2772 2081 3052 2153 Medisque
3104 2082 3428 2153 ulteriores,

1864 2149 1922 2207 ut
1950 2154 2021 2207 ita
2045 2154 2262 2207 Nicetas
2283 2152 2572 2217 designare
2599 2150 2855 2221 voluerit.
2882 2149 3043 2204 Forte
3066 2151 3231 2221 etiam
3259 2152 3432 2221 Chry-

1861 2236 2139 2277 snstomus
2160 2265 2172 2286 ,
2206 2238 2331 2275 cum
2365 2221 2653 2273 dealbatos
2684 2220 2909 2275 Thomze
2942 2220 3432 2286 pnedieatiouibus

1860 2292 2148 2361 Ethiopas
2196 2292 2411 2349 scribit,
2469 2294 2520 2343 in
2541 2293 2667 2361 flet.
2699 2298 2893 2359 apost.,
2931 2288 3091 2343 ludos
3120 2288 3428 2361 Orientales

1863 2359 2155 2425 intellexit,
2197 2362 2301 2416 etsi
2352 2362 2484 2430 ipsis
2517 2359 2903 2428 Ethiopibus,
2937 2370 2995 2412 ut
3019 2360 3123 2413 sibi
3162 2360 3428 2413 Thomam

1861 2434 2170 2500 apostolum
2199 2431 2737 2502 raperentpoceasio
2766 2431 2948 2502 aliqua
2983 2430 3105 2484 fuit.
3165 2430 3340 2502 Graeci
3373 2432 3429 2502 in

1862 2503 2077 2557 Memeis
2108 2500 2297 2571 aperte
2328 2500 2462 2555 satis
2484 2500 2647 2571 ludios
2673 2500 3003 2571 intelligunt,
3031 2514 3133 2571 nec
3160 2500 3254 2571 alii
3285 2500 3431 2569 apud

1861 2589 1955 2645 eos
1970 2569 2541 2645 IEthiopes,_quorum
2566 2570 2813 2645 Thomas
2836 2569 3431 2645 anini_os.dealbav_erit.

1862 2644 1953 2696 Sic
1995 2640 2192 2712 praeter
2233 2642 2338 2695 alia
2376 2640 2484 2712 ode
2510 2642 2531 2692 l
2563 2649 2618 2693 et
2643 2640 2855 2712 stroph.
2886 2641 2909 2693 l
2938 2657 2951 2693 :
2979 2640 3429 2712 Ἀρετμῇςῂκᾴλλει

1860 2709 2196 2781 διαπρέπων,
2256 2710 2521 2781 αὑτόπτα,
2569 2712 2665 2781 καὶ
2715 2709 3337 2781 Θαύμασιδῶνῗίνδιῶν
3372 2712 3434 2763 τὸ

1860 2779 2099 2844 δυσειδὲς
2157 2781 2295 2848 φωτὶ
2354 2780 2431 2847 τῷ
2496 2780 2624 2848 Θείῳ
2671 2779 3023 2847 κατηύγασας
3080 2780 3281 2842 πίστει,
3338 2782 3434 2833 καὶ

1862 2853 2191 2922 ὲφαίδρυνας
2215 2850 2420 2902 τούτων
2450 2850 2550 2920 τὴν
2578 2849 2840 2922 ζὸφωσιντ
2882 2848 3097 2922 Virtutis
3136 2848 3432 2922 pulchritu-

1862 2926 1983 2975 dine
2016 2919 2234 2974 decorus
2261 2937 2322 2973 ac
2363 2920 2655 2979 miraculis,
2704 2923 2793 2987 qui
2827 2921 2935 2985 ipse
2978 2919 3140 2972 Deum
3166 2920 3327 2972 oculis
3356 2923 3431 2973 oi-

1861 2995 2005 3054 disti,
2042 2992 2298 3059 deformes
2327 2990 2482 3043 Indos
2513 2991 2691 3043 divina
2734 2988 2847 3041 luce
2889 2988 3035 3058 (ﬁde)
3067 2988 3393 3044 collustrasti
3414 3029 3428 3049 .

1862 3078 2147 3126 eorumque
2169 3061 2447 3130 caliginem
2480 3060 2852 3129 perpurgasti;
2895 3059 3189 3130 obscuram
3218 3060 3432 3130 scilicet

1860 3143 1915 3186 et
1955 3133 2189 3186 fucatam
2214 3128 2405 3183 eorum
2439 3128 2625 3182 animo
2650 3138 2854 3184 cutem.
2904 3128 3038 3182 Nam
3070 3138 3126 3182 et
3152 3128 3428 3184 Lucianus

1862 3206 1929 3279 de
1969 3201 2345 3279 Ethiopibus,
2399 3200 2623 3279 ἀνδράσι
2652 3199 3000 3279 μελαξξέρρις
3048 3201 3158 3279 aiat
3183 3198 3282 3268 τὴν
3306 3200 3431 3279 διριν

1868 3267 2252 3340 ὲζοφ‹ο›μένόις,
2271 3270 2490 3323 obscura
2503 3269 2695 3340 forma,
2720 3278 2778 3340 ut
2801 3267 2959 3340 Ovid.
2988 3268 3038 3321 in
3060 3267 3431 3338 "clamem/1.,

1864 3337 2009 3412 quod
2038 3337 2212 3412 ipsum
2245 3340 2560 3412 lndismcum
2597 3337 2947 3412 [Ethiopibus
2969 3354 3260 3393 commune
3280 3380 3294 3403 ,
3325 3341 3429 3393 etsi

1866 3410 1973 3465 non
2005 3410 2144 3464 adeo
2169 3420 2353 3464 satura
2388 3410 2603 3463 illorum
2636 3410 2893 3477 nigredo;
2932 3418 3079 3462 tanta
3114 3417 3327 3469 tamen,
3373 3420 3433 3463 ut

1865 3490 2115 3551 respectu
2175 3482 2568 3549 Europamrum
2614 3479 2752 3551 fusci
2799 3480 3026 3551 audiant
3079 3489 3133 3532 et
3178 3480 3430 3551 (despui.

1864 3549 2076 3606 Maneat
2111 3567 2241 3621 ergo
2266 3551 2488 3621 Thema:
2509 3549 2784 3621 suailndia
2806 3589 2820 3611 ,
2851 3550 2984 3621 etin
3012 3564 3075 3603 ea
3106 3550 3191 3603 sui
3215 3549 3435 3604 Aithio-

1864 3639 1982 3691 pes,
2018 3621 2119 3689 ipsi
2152 3620 2363 3691 scilicet
2389 3620 2543 3684 ludi;
2576 3620 2828 3673 Matthaao
2868 3620 3055 3688 potius
3071 3622 3291 3691 proprie
3315 3636 3431 3673 ma-

1864 3690 1944 3759 gis
1980 3692 2113 3745 dicti
2144 3690 2452 3759 Ethiopes.
2498 3691 2807 3759 partimque
2858 3692 3022 3743 etiam
3078 3690 3223 3744 illius
3278 3691 3431 3744 fratri

1861 3762 2067 3817 Jacobo
2099 3761 2329 3829 Alphazi,
2366 3760 2459 3827 qui
2498 3761 2611 3828 ipse
2642 3776 2783 3812 unus
2816 3776 2881 3829 ex
2913 3760 3227 3820 duodecim,
3267 3760 3432 3829 Aigy-

1864 3841 2019 3901 ptum
2058 3828 2352 3900 partesque
2395 3830 2471 3901 illi
2500 3831 2817 3901 superiores
2844 3828 3142 3898 Evangelio
3192 3828 3433 3885 illustra-

1864 3900 1963 3959 vit.
2002 3910 2061 3954 ut
2092 3902 2328 3955 certiora
2393 3900 2461 3953 de
2516 3900 2609 3953 illo
2658 3900 2861 3953 habent
2893 3909 3286 3964 monumenta;
3323 3917 3433 3955 non

1864 3972 2045 4050 nudus
2073 3972 2365 4050 episc0pus
2399 3970 2754 4050 Jerosolymis
2781 3969 2982 4050 templo
3016 3969 3270 4050 assiduus
3303 3986 3436 4025 con-

1863 4042 2069 4103 senuit,
2105 4052 2163 4094 ut
2194 4040 2537 4101 existimant,
2593 4041 2686 4108 qui
2715 4041 2854 4109 male
2884 4040 3076 4092 volunt
3105 4054 3225 4092 esse
3254 4041 3432 4109 ipsum

1861 4111 2127 4165 Jacobum
2157 4111 2379 4163 fratrem
2433 4109 2667 4163 Domini.
2723 4108 3069 4178 Sophronias
3101 4109 3220 4162 aliis
3256 4111 3435 4163 natio-

1864 4182 2045 4238 nibus.
2077 4181 2279 4249 quibus
2312 4182 2617 4249 apostolum
2645 4178 2910 4233 Thomam
2934 4180 3258 4249 pradicasse
3286 4196 3435 4233 como

1865 4260 2153 4313 memorat,
2203 4250 2368 4302 etiam
2426 4250 2737 4317 Γερμανοὺς
2795 4249 2969 4311 addit,
3030 4250 3218 4317 sicque
3264 4252 3431 4304 etiam

1865 4267 2153 4313 meruerat,
2203 4267 2368 4302 etiam
2427 4267 2491 4301 ιε
2540 4267 2737 4315 pavos;
2795 4267 2969 4311 aoon,
3030 4267 3218 4317 Sicque
3264 4267 3431 4304 etiam

1861 4320 2103 4375 Guilliel.
2161 4320 2444 4374 Lindanus
2496 4267 2719 4372 rturem.
2756 4320 3051 4388 episcopus
3109 4320 3431 4383 existimat,

1867 4392 2142 4459 traditque
2185 4400 2400 4444 exstare
2422 4391 2540 4459 ejus
2599 4389 2678 4442 rei
2717 4388 3165 4459 monumentaS.
3208 4390 3433 4445 Thomas:

1861 4458 2097 4529 apostoli
2158 4461 2379 4514 nomine
2427 4458 2745 4528 complures
2772 4460 3034 4513 ecclesias
3066 4458 3141 4529 Ain
3170 4461 3434 4515 extremis

1869 4527 2000 4600 ipsis
2042 4530 2349 4585 Germania!
2385 4530 2521 4589 oris,
2559 4527 2615 4582 et
2643 4544 2782 4597 pene
2815 4545 2987 4597 usque
3012 4527 3082 4581 ad
3120 4529 3305 4598 polum
3340 4545 3432 4600 ar-

1797 4587 1836 4641 Ῑ)
1867 4587 2106 4662 cticum;
2144 4616 2266 4668 qua:
2318 4587 2517 4653 tamen
2550 4587 2687 4651 ratio
2714 4614 2776 4652 ac:
2812 4587 3038 4652 traditio
3070 4587 3220 4652 nullo
3267 4598 3433 4654 modo

1865 4687 1978 4724 rem
2006 4671 2138 4724 mihi
2166 4668 2409 4724 coniicit.
2459 4669 2597 4722 Num
2642 4669 2790 4722 enim
2829 4670 2975 4737 quod
3019 4669 3433 4736 Burdigalensis

1862 4756 1981 4794 mea
2016 4740 2340 4809 metropolis
2361 4739 2591 4793 Andrem
2620 4739 2843 4792 nomine
2866 4755 3025 4809 sacra
3050 4780 3063 4803 ,
3102 4738 3306 4792 indicio
3360 4740 3434 4794 sit

1862 4808 2493 4879 pra-dicasse’Andrcain
2528 4809 2870 4877 Burdigalae;
2898 4810 2981 4862 vel
3007 4808 3345 4879 Stephanum
3374 4809 3428 4862 in

1862 4877 2178 4948 Aquitania,
2205 4880 2361 4948 cujus
2386 4895 2523 4947 pene
2551 4882 2771 4932 nomine
2810 4879 2862 4930 in
2889 4895 2951 4932 ea
2986 4893 3156 4933 sacrae
3203 4877 3430 4947 reliqua:

1861 4952 2100 5020 antiqua:
2132 4950 2477 5004 cathedrales
2508 4949 2781 5020 ecclesiae,
2801 4949 3100 5020 Tolosana,
3148 4949 3431 5020 Agiuneng

1863 5021 1959 5098 sis,
1993 5018 2425 5098 Lemov'icensis,
2456 5020 2609 5073 etc.‘l
2637 5019 3024 5098 Praedicarunt
3035 5028 3207 5098 certe,
3229 5018 3324 5098 qui
3344 5019 3428 5073 vel

1865 5091 2051 5144 talium
2083 5090 2337 5161 discipuli
2370 5088 2606 5161 fuerant,
2640 5089 2723 5140 vel
2749 5089 2829 5142 eis
2869 5089 3133 5161 peculiari
3168 5088 3431 5161 religione

1862 5162 2114 5215 obstricti
2148 5158 2427 5215 ac'devoti
2455 5176 2468 5211 :
2496 5160 2683 5227 sicque
2714 5173 2773 5212 se
2811 5174 2900 5212 res
2927 5160 2980 5212 in
3012 5158 3305 5213 Germania
3335 5159 3432 5211 ha-

1864 5232 2067 5296 buerit,
2105 5230 2249 5301 quod
2280 5229 2350 5283 ad
2382 5230 2647 5301 Thomam
2682 5230 2917 5301 attinet;
2972 5230 3217 5301 itemque
3248 5230 3302 5281 in
3338 5229 3433 5282 1E-

1864 5302 2093 5371 thiopia,
2124 5298 2259 5369 qua:
2305 5308 2388 5353 est
2445 5298 2639 5353 Africae
2674 5317 2685 5351 :
2720 5316 2786 5353 ne
2843 5300 3092 5371 dicamus
3161 5299 3426 5371 Thomam

1865 5370 2034 5425 unum
2062 5373 2181 5440 plus
2211 5379 2483 5424 terrarum
2524 5385 2843 5437 peragrasse
2878 5385 2943 5423 ac
2974 5370 3100 5423 lidei
3155 5370 3429 5436 praeconio

1866 5443 2143 5511 implesse,
2180 5457 2343 5508 quam
2383 5440 2580 5508 reliqui
2617 5456 2807 5493 omnes
2839 5440 3104 5507 apostoli;
3137 5454 3281 5511 cum;
3305 5454 3429 5511 eer-

1864 5509 1980 5565 tum
2017 5513 2089 5565 sit
2121 5511 2269 5565 Pauli
2301 5513 2607 5571 oraculum,
2638 5525 2764 5563 eum
2794 5511 2919 5578 plus
2965 5511 3223 5562 omnibus
3270 5509 3428 5561 labo-

1866 5598 2014 5636 rasse
2044 5580 2322 5650 implendo
2358 5580 2711 5647 Evangelium
2736 5580 2807 5633 ab
2851 5580 3215 5650 .lerosolymis
3255 5594 3430 5646 usque

1864 5652 1919 5706 in
1948 5648 2223 5722 illyric'um
2246 5666 2348 5722 per
2372 5653 2687 5722 circuitum.
2720 5649 2876 5715 Quod
2903 5650 2973 5703 ita
3009 5648 3151 5718 apud
3175 5648 3431 5722 Sophro-

1864 5719 2112 5776 nium'cst
2140 5722 2207 5775 de
2231 5719 2542 5792 Germanis,
2564 5720 3057 5792 nulliuspraeterea
3075 5719 3429 5792 antiquorum

1866 5793 2185 5846 testimonio
2217 5786 2428 5844 nitiiur.
2459 5791 2615 5855 Quod
2651 5786 3077 5859 apud'eumdem
3117 5786 3221 5859 est
3234 5786 3427 5859 Magis,

1866 5864 1959 5933 qui
2000 5873 2054 5917 et
2092 5863 2191 5933 ipsi
2226 5862 2411 5917 Meditc
2463 5858 2745 5931 ponuntur
2782 5861 2993 5934 populi,
3049 5858 3193 5929 apud
3228 5858 3430 5929 Hippo-

3000 5976 3032 6012 ὁ)
