4192 6424
739 383 842 452 139

1943 378 2237 438 NICET/E
2275 377 2804 440 P.\Plll.:\GONlS

3907 369 4014 437 140

733 493 1109 556 dicationihus
1142 493 1387 547 animum
1421 507 1483 547 ac
1518 492 1773 546 ﬁduciam
1804 490 1975 545 addit.
2013 492 2154 557 Quin
2183 501 2236 545 et
2268 491 2322 542 in

2437 494 2700 562 μαθητὴν,
2739 493 2832 545 καὶ
2865 510 2939 561 τῳ
2987 493 3326 565 πεπραμένῳ
3362 491 3705 560 συνέρχεται,
3739 489 3831 542 καὶ
3870 507 4012 560 κρυ-

733 588 953 645 cunctis
981 587 1057 642 illi
1084 587 1190 641 viis
1222 586 1580 656 inaspectabli
1615 587 1825 639 ratione
1863 601 2068 646 comes,
2100 586 2168 638 ab
2203 599 2321 636 om-

733 681 904 748 niquc
923 678 1169 747 periculo
1190 692 1252 730 ae
1271 678 1500 730 adverso
1521 691 1650 730 casu
1676 675 1953 740 liberans;
1987 675 2079 728 ubi
2101 675 2322 742 quidem

735 771 924 826 divina
949 769 1233 824 tractanda
1266 769 1482 832 forent,
1531 768 1847 838 divinmque
1894 766 2177 836 sapientia:
2199 782 2324 820 ver-

735 865 824 918 bis
875 861 942 916 ad
983 861 1245 931 pietatem
1283 859 1616 914 adhortandi
1654 860 1935 914 auditores
1963 865 2171 922 essent,
2199 857 2326 911 vita:

736 970 1050 1010 sermonem
1083 954 1234 1021 largo
1268 952 1320 1004 in
1353 967 1420 1005 eo
1450 951 1598 1006 fonte
1627 949 1981 1016 effundebat;
2013 950 2106 1004 ubi
2140 959 2323 1004 autem

739 1046 1071 1104 declaranda
1104 1044 1483 1113 prodigiorum
1527 1044 1725 1109 virtus,
1755 1043 1903 1097 omni
1936 1058 2024 1097 res
2058 1042 2326 1096 miraculo

741 1137 976 1206 majores
1015 1132 1081 1186 ad
1125 1143 1499 1202 spectatorum
1544 1142 1657 1188 tum
1689 1141 1974 1203 stuporem
2012 1140 2125 1186 tum
2163 1130 2326 1187 ﬁdem

743 1235 1000 1297 praestare
1041 1221 1341 1277 tribuebat.

812 1511 984 1578 Quem
1047 1509 1101 1563 in
1164 1507 1388 1562 modum
1450 1523 1680 1578 magnus
1733 1507 1971 1562 Thomas
2028 1507 2096 1562 ad
2164 1507 2329 1563 Indos

746 1606 1021 1658 abductus
1075 1612 1180 1657 est.
1236 1601 1478 1670 [mleque
1524 1600 1842 1671 IEthiopum
1899 1601 2031 1671 ipsis
2081 1601 2326 1671 regibus,

740 1698 1066 1766 cunctisque
1092 1695 1238 1749 illius
1265 1703 1424 1748 terrm
1461 1695 1698 1764 satrapis
1719 1710 1780 1749 ac
1801 1695 1934 1750 viris
1961 1693 2327 1765 principibus,

743 1799 1004 1858 tanquam
1038 1786 1377 1840 mirabilium
1422 1801 1650 1855 operum
1685 1795 1928 1856 patrator
1957 1787 2186 1841 illustris
2215 1785 2330 1841 cﬂi-

2425 587 2560 654 φίως
2595 588 2683 640 ἀεὶ
2715 586 3030 658 προσλαλεῖ,
3083 589 3176 640 καὶ
3223 587 3517 652 μυστικαῖς
3548 583 3785 655 ὁμιλίαις
3822 599 4014 652 παρα-

2424 677 2597 741 καλεῖ,
2641 678 2733 730 καὶ
2782 677 3248 748 θεορῤημοσύναις
3299 677 3560 746 ἀρῥήτοις
3596 673 4018 743 παρασκευάζει

2425 766 2668 838 θαρρεῖν.
2736 768 2843 820 Καὶ
2905 768 3010 837 μὴν
3073 769 3164 820 κα)⁵
3211 768 3269 820 ἐν
3317 767 3520 829 πάσαις
3551 764 3699 835 αὑτῷ
3728 766 3845 826 ταῖς
3869 763 4018 824 ὁδοῖς

2425 858 2673 927 ἀοράτως
2705 858 3064 926 ἐφεπόμενος,
3089 858 3182 909 καὶ
3222 856 3422 918 παντὸς
3460 854 3707 908 κινδύνου
3745 855 3840 906 καὶ
3874 869 4020 904 παν-

2425 948 2515 1010 τὸς
2543 949 2948 1020 συμπτώματος
2973 948 3276 1016 ἁπολυτρού
3287 964 3446 1018 μενος
3471 965 3486 978 ο
3546 947 3641 1000 καὶ
3670 941 3732 1000 οὑ
3764 946 3864 1016 μὲν
3895 945 4019 997 θεο-

2426 1040 2604 1108 λογεῖν
2631 1041 2829 1111 χρεὼν,
2868 1041 2968 1093 καὶ
3009 1042 3218 1112 ῥήμασι
3245 1038 3532 1107 θεοσοφίας
3561 1039 3685 1101 τοὺς
3715 1039 4020 1100 ἀκούοντας

2427 1134 2504 1194 εὶς
2532 1133 2817 1186 εὐσέϐειαν
2863 1133 3223 1203 παρακαλεῖν,
3271 1133 3430 1199 λόγον
3463 1135 3520 1184 ἐν
3561 1131 3711 1200 αὑτῷ
3748 1131 4020 1201 πηγάζων

2429 1223 2572 1294 ζωῆς
2592 1240 2606 1253 ·
2637 1220 2696 1278 οὗ
2738 1225 2794 1278 δὲ
2840 1226 2937 1279 καὶ
2975 1226 3220 1293 τεράτων
3253 1227 3540 1295 ἐνέργειαν
3567 1224 3847 1291 ἐκφαίνειν
3878 1224 4017 1285 ἔδει,

2429 1319 2622 1388 παρὼν
2665 1321 2735 1372 τὰ
2794 1321 3223 1390 θαυμασιώτατα
3285 1320 3420 1388 πρὸς
3465 1320 3728 1390 ἔκπληξίν
3781 1337 3841 1372 τε
3901 1320 4021 1371 τῶν

2429 1412 2703 1484 ὁρώντων,
2743 1414 2836 1468 καὶ
2859 1414 3043 1466 πίστιν
3071 1414 3354 1484 χαρίζεται
3385 1413 3539 1483 δρᾷν.

2504 1507 2692 1572 Οὒτως
2722 1509 2802 1572 εἰς
2841 1509 3042 1572 Ἰνδοὺς
3091 1513 3118 1562 ὁ
3170 1511 3344 1580 μέγας
3370 1508 3594 1579 ἀπήχθη
3627 1507 3847 1578 Θωμᾶς.
3897 1507 4022 1558 Ἐν-

2432 1602 2623 1656 τεῦθεν
2665 1602 2763 1656 καὶ
2805 1603 2919 1665 τοῖς
2961 1601 3070 1655 τῶν
3123 1602 3398 1654 Αἰθιόπων
3438 1600 3749 1671 βασιλεῦσιν
3777 1598 3851 1661 ῶς
3879 1597 4018 1650 θαυ-

2436 1695 2643 1766 μασίων
2679 1695 2858 1765 ἔργων
2892 1695 3154 1765 ἐργάτης,
3196 1694 3288 1747 καὶ
3321 1695 3458 1747 πᾶσι
3490 1696 3604 1754 τοῖς
3630 1691 3890 1763 κρατοῦσι
3915 1691 4021 1760 τῆς

2432 1789 2539 1856 γῆς
2593 1787 2830 1855 ἐκείνης,
2892 1787 3164 1858 ἐπίσημος
3225 1785 3590 1841 καθίσταται·
3627 1785 3720 1837 καὶ
3760 1782 3952 1852 ῶσπερ
3991 1784 4021 1835 ό

742 1881 974 1935 citur“.
1024 1880 1098 1933 Ac
1141 1878 1285 1932 sicut
1326 1878 1440 1947 ipse
1489 1877 1650 1932 Jesus
1688 1878 1942 1933 Christus
1989 1877 2165 1932 factus
2203 1877 2333 1932 obe-

2437 1880 2670 1950 Χριστὸς
2693 1880 2854 1944 αὑτὸς
2885 1879 3116 1950 Ἰησοῦς,
3150 1880 3392 1949 ὑπήκοος
3425 1877 3504 1949 τῷ
3534 1875 3700 1930 αὑτοῦ
3724 1875 4021 1944 γενόμενος

743 1975 902 2029 diens
945 1973 1126 2036 Patri,
1179 1971 1322 2026 servi
1366 1970 1596 2024 formam
1644 1971 1886 2040 accepit,
1933 1987 2101 2042 seque
2150 1971 2328 2041 ipsum

745 2063 1059 2134 dignatione
1093 2062 1412 2124 humilians,
1445 2069 1611 2130 atque
1638 2060 1704 2114 ad
1741 2070 1975 2115 mortem
2004 2077 2179 2132 usque
2206 2077 2331 2132 pro-

746 2157 860 2210 dita
905 2155 1274 2225 subjectione,
1328 2154 1506 2208 Patris
1559 2154 1732 2224 gratia
1777 2154 2048 2209 exaltatus
2080 2164 2197 2216 est,
2234 2169 2330 2208 su-

745 2264 1110 2321 premumque
1163 2247 1409 2300 omnium
1459 2261 1694 2309 nomen,
1738 2261 1845 2313 qua
1894 2246 2111 2300 ratione
2167 2246 2332 2299 homo

743 2351 862 2407 est,
914 2349 1268 2402 consecutus,
1332 2338 1386 2392 in
1446 2337 1674 2392 dextera
1733 2337 2035 2407 maiestatis
2082 2337 2327 2393 sedet".

746 2437 839 2493 Sic
877 2451 1044 2490 verus
1085 2433 1429 2502 discipulus,
1467 2431 1694 2500 ipseque
1728 2429 1823 2482 lilii
1858 2428 2142 2499 dignitatis
2177 2446 2330 2484 eom-

747 2546 874 2600 pos,
908 2542 1097 2583 secum
1143 2527 1329 2578 animo
1372 2523 1586 2576 Domini
1636 2529 1898 2590 reputans
1940 2521 2329 2583 humilitatem.

745 2621 891 2676 servi
942 2620 1088 2673 illam
1125 2617 1493 2687 dejectionem
1539 2614 1903 2684 habitumque
1950 2629 2060 2668 non
2107 2613 2332 2685 indigne

749 2708 895 2762 tulit.
919 2707 1038 2760 Non
1068 2706 1298 2760 moleste
1326 2704 1522 2759 habuit
1551 2703 1697 2772 quod
1728 2703 1796 2758 ab
1827 2703 2009 2773 impiis
2030 2713 2329 2760 emeretur:

748 2815 948 2869 nempe
1017 2815 1126 2852 non
1177 2798 1538 2858 mmstitiam,
1589 2795 1683 2850 sed
1732 2797 2174 2866 iucunditatem;
2221 2813 2332 2852 non

748 2892 1128 2963 ignominiam,
1171 2890 1264 2944 sed
1301 2889 1589 2953 honorem;
1617 2902 1727 2941 non
1761 2887 2026 2957 probrum
2055 2897 2151 2942 aut
2182 2888 2334 2943 dolo-

745 2997 888 3046 rem,
933 2981 1028 3035 sed
1075 2982 1258 3051 potius
1294 2982 1522 3051 gloriam
1559 2997 1623 3035 ac
1666 2981 1910 3036 lietitiam
1950 2985 2160 3039 ducens
2197 2993 2332 3039 tem-

745 3089 1043 3144 poraneam
1097 3075 1417 3129 servitutem
1461 3092 1474 3129 :
1525 3091 1700 3146 caque
1748 3078 1924 3148 palam
1974 3077 2220 3132 :emulari
2273 3093 2331 3133 se

747 3167 1068 3237 magistrum
1096 3182 1158 3219 ae
1193 3167 1420 3237 diligere
1450 3168 1769 3233 ostendens,
1803 3169 2005 3224 nedum
2037 3172 2187 3225 solus
2217 3171 2331 3240 ipse

2435 1973 2749 2042 Γεννήτορι,
2796 1972 3012 2044 μορφὴν
3065 1971 3254 2041 εἴληφε
3305 1971 3576 2041 δουλικὴν,
3632 1968 3728 2022 καὶ
3767 1968 3832 2020 δι’
3871 1967 4023 2019 οἱκο-

2434 2065 2629 2134 νομίαν
2689 2065 2882 2118 ἑαυτὸν
2936 2063 3376 2128 τεταπεινωκὼς,
3441 2063 3536 2115 καὶ
3587 2062 3751 2131 μέχρι
3776 2059 4018 2112 θανάτου

2433 2158 2534 2228 τὴν
2602 2157 2882 2228 ὑποταγὴν
2953 2155 3308 2224 δειξάμενος,
3369 2154 3726 2225 ὑπερύῷωται
3782 2151 3870 2204 διά
3917 2150 4021 2203 τοῦ

2435 2249 2672 2320 Πατρὺς,
2704 2250 2798 2302 καὶ
2843 2247 2937 2301 τοῦ
2970 2249 3276 2318 ὑπερτάτου
3317 2248 3538 2299 πάντων
3564 2245 3829 2314 ὀνόματος
3919 2243 4022 2295 ἄν·

2435 2338 2654 2410 θρωπος
2724 2339 3049 2409 ἠξιωμένος,
3113 2341 3171 2391 ἐν
3221 2339 3370 2410 δεξιᾷ
3416 2340 3674 2393 κεκάθικε
3714 2341 3814 2408 τῆς
3843 2357 4024 2409 μεγα-

2434 2432 2703 2503 λοσύνηςο
2764 2434 2937 2496 οὑτως
2989 2435 3018 2487 ὁ
3071 2433 3292 2502 γνήσιος
3345 2432 3613 2504 μαθητὴς,
3651 2434 3744 2486 καὶ
3774 2434 3873 2500 τῆς
3896 2431 4023 2484 υῑοῦ

2433 2525 2641 2592 τάξεως
2672 2525 2956 2594 ἐπήϐολος,
2990 2525 3128 2594 πρὸς
3176 2527 3273 2595 τὴν
3315 2527 3654 2596 Δεσποτικὴν
3688 2526 4024 2580 ταπείνωσιν

2435 2618 2676 2688 ἀφορῶν,
2706 2618 2765 2670 οὑ
2796 2618 2857 2670 τὸ
2887 2619 3185 2688 πρόσχημα
3209 2621 3309 2687 τῆς
3335 2619 3580 2682 δουλείας
3613 2619 3979 2689 ἐδυσχέρανεν
4003 2634 4020 2648 ·

2433 2709 2536 2761 οὑκ
2567 2709 3013 2779 ἀπεδυσπέτησεν
3046 2711 3186 2779 ὑπὲρ
3227 2711 3440 2762 ἀσεϐῶν
3469 2711 3976 2780 ἀπεμπωλούμενος
4002 2727 4019 2743 ο

2434 2799 2496 2854 οὑ
2518 2799 2847 2870 δυσθυμίαν,
2881 2801 3017 2854 ἀλλὰ
3055 2802 3368 2872 προθυμίαν
3398 2819 3410 2832 ·
3460 2803 3560 2854 οὑκ
3608 2803 3856 2871 ἀτιμίαν,
3880 2803 4025 2855 ἀλλά

2433 2892 2600 2961 τιμήν
2637 2908 2648 2920 ·
2679 2893 2787 2946 οὐδ’
2815 2893 3079 2964 αἰσχύνην
3117 2894 3150 2964 ἢ
3205 2894 3404 2963 λύπην,
3429 2895 3589 2961 δόξαν
3615 2895 3672 2948 δὲ
3704 2897 3799 2950 καὶ
3821 2897 4023 2964 εὐφρο-

2437 2983 2603 3052 σύνην
2658 2984 2761 3053 τὴν
2816 2986 3153 3056 πρόσκαιρον
3215 2986 3478 3040 δούλωσιν
3537 2988 3863 3058 ἡγούμενος,
3921 2988 4026 3041 καὶ

2433 3076 2605 3147 ταύτῃ
2665 3079 2810 3149 σαφῆ
2841 3080 2940 3147 τὴν
2977 3079 3110 3148 πρὸς
3140 3080 3231 3132 τὸν
3280 3079 3598 3132 διδάσκαλον
3649 3079 3882 3150 μίμησιν
3923 3081 4026 3133 καὶ

2435 3170 2712 3242 ἀγάπησιν
2737 3171 3164 3241 ἐπιδειξάμενος,
3196 3173 3256 3225 οὐ
3292 3173 3452 3242 μόνος
3475 3172 3636 3234 αὑτὸς
3663 3173 3760 3239 τῆς
3785 3170 4026 3240 ἀληθοῦς

746 3275 932 3313 veram
967 3257 1280 3312 libertatem
1315 3258 1523 3327 ﬁliique
1557 3260 1728 3314 decus
1761 3261 1926 3314 altius
1955 3262 2332 3332 consequeba-

2437 3228 2754 3332 ἐλευθερίας
2812 3228 3303 3334 καὶῠὺιικηλοτέρας
3361 3228 4024 3333 υίότητοςϋκατηξιοῦτοί

749 3358 858 3412 tur,
883 3363 1074 3401 verum
1107 3348 1271 3402 etiam
1302 3348 1625 3405 innumeros
1646 3351 1990 3407 inﬁdelitatis
2015 3355 2334 3424 peccatique

748 3440 998 3494 tenebris
1021 3439 1290 3493 obnoxios
1319 3440 1606 3507 liberabat,
1641 3458 1806 3513 atque
1829 3445 2016 3514 gratiae
2041 3445 2237 3513 spiritu
2272 3459 2335 3498 ac

750 3531 1009 3602 baptismi
1055 3547 1196 3601 aqua
1222 3532 1451 3604 mystice
1501 3545 1885 3604 regeneratos,
1932 3535 2334 3589 immaculatam

749 3625 960 3694 prolem
995 3625 1298 3696 plenosque
1335 3626 1494 3692 lueis,
1530 3643 1672 3682 vera:
1706 3628 1828 3683 illos
1857 3644 2170 3699 inagnchue
2201 3627 2334 3683 Luci

749 3715 1096 3773 admovebat.

824 3921 1036 3976 Cuncta
1069 3936 1202 3975 vero
1237 3932 1318 3977 ter
1353 3923 1671 3978 beatissimo
1703 3924 1917 3979 doctori
1945 3928 2163 3996 egregie
2202 3942 2337 3996 prm-

753 4013 904 4073 stita,
957 4025 1289 4080 omnemque
1339 4012 1485 4067 illius
1528 4029 1848 4070 sermonum
1897 4027 2062 4085 atque
2109 4032 2338 4087 operum

753 4101 1048 4163 circulum,
1082 4100 1286 4169 quibus
1328 4101 1605 4156 Parthiam
1653 4118 1873 4158 onmem
1911 4115 1966 4159 et
2013 4103 2339 4175 Hyrcaniam

752 4201 810 4244 et
837 4191 1184 4244 Bactrianam
1208 4192 1594 4262 evangelizans
1620 4194 1842 4249 Christo
1875 4195 2126 4262 adduxit,
2152 4199 2341 4252 conari

755 4283 1037 4352 sigillatim
1069 4282 1254 4336 verbis
1281 4283 1505 4354 exsequi
1533 4295 1590 4339 et
1628 4301 1917 4350 enarrare,
1957 4288 2100 4343 idem
2145 4289 2342 4343 merito

754 4375 856 4436 sit,
904 4389 967 4427 ac
1002 4383 1216 4428 tentare
1247 4375 1446 4444 pluvia:
1482 4387 1661 4447 guttas
1704 4395 2019 4435 numerare.
2066 4380 2137 4436 Ut
2175 4380 2341 4451 igitur

755 4480 877 4534 qua'
908 4475 1036 4518 sunt
1069 4464 1246 4520 media
1284 4478 1482 4522 cuneta
1525 4470 1868 4535 contraham,
1909 4473 2052 4527 sacri
2081 4473 2338 4528 nimirum

2437 3355 2578 3410 ἀλλὰ
2607 3357 2702 3409 καὶ
2730 3357 2957 3427 μυρίους
2981 3358 3139 3420 ὅσους
3189 3358 3268 3427 τῷ
3312 3357 3489 3424 σκότῳ
3520 3359 3618 3426 τῆς
3645 3357 3902 3419 ἀπιστίας
3927 3357 4029 3410 καὶ

2440 3450 2717 3520 ἁμαρτίας
2735 3451 3181 3520 καταδεδουλωμέ
3191 3469 3309 3514 νους
3329 3451 3625 3522 ἠλευθέρου
3651 3469 3666 3482 ’
3695 3451 3789 3504 καὶ
3813 3449 3890 3519 τῷ
3919 3450 4029 3518 τῆς

2439 3543 2660 3614 χάριτος
2709 3543 3005 3613 πνεύματι,
3073 3545 3167 3597 καὶ
3220 3547 3301 3614 τῷ
3329 3544 3422 3598 τοῦ
3457 3544 3834 3615 βαπτίσματος
3866 3543 4029 3597 ὕδατι

2442 3636 2722 3706 μυστικῶς
2779 3637 3131 3705 ἀναγεννῶν,
3189 3637 3396 3706 ἄμωμα
3464 3639 3628 3691 τέκνα
3700 3637 3798 3690 καὶ
3845 3637 4030 3706 φωτὸς

2441 3729 2673 3800 πλήρεις
2710 3729 2954 3796 τούτους,
2988 3730 3065 3800 τῷ
3087 3730 3329 3802 ἀληθινῷ
3355 3731 3450 3785 καὶ
3476 3730 4029 3802 μεγάλιιῃπαρίστησι

2447 3821 2609 3888 φωτί.

2517 3915 2702 3968 Πάντα
2735 3915 2835 3985 μὲν
2867 3912 2961 3968 οῦν
2984 3915 3106 3968 καθ’
3129 3915 3186 3969 ἓν
3228 3914 3486 3980 διεξιέναι
3533 3914 3826 3986 πειρᾶσθαι
3856 3913 4029 3985 λόγῳ,

2442 4007 2542 4060 ὅσα
2570 4005 2648 4076 τῷ
2678 4008 3214 4077 τρισμακαριωτάτῳ
3238 4007 3600 4078 κατώρθωται
3639 4009 3990 4078 μυσταγωγῷ
4009 4021 4026 4036 ο

2444 4099 2538 4153 καὶ
2588 4101 2770 4152 πᾶσαν
2824 4100 2882 4152 δέ
2921 4100 3031 4152 τῶν
3088 4116 3146 4152 τε
3191 4099 3362 4167 λόγων
3402 4098 3568 4154 αὑτοῦ
3599 4100 3695 4152 καὶ
3725 4097 3901 4169 ἔργων
3923 4098 4032 4166 τὴν

2445 4191 2716 4260 περίοδον,
2741 4183 2824 4252 οἷς
2859 4189 3106 4261 Παρθίαν
3131 4208 3187 4243 τε
3237 4191 3421 4242 πᾶσαν
3459 4189 3554 4242 καὶ
3594 4189 3890 4255 Ὑρκανίαν
3929 4190 4034 4241 καὶ

2445 4284 2788 4354 Βακτριανὴν
2805 4283 3295 4352 εὐαγγελιζόμενος
3318 4285 3637 4354 προσήγαγε
3666 4283 3742 4353 τῷ
3778 4281 4028 4352 Χριστῷ,

2444 4375 2642 4429 ταυτὸν
2673 4375 2740 4428 ἂν
2769 4375 2852 4446 εἴη
2913 4375 3009 4430 καὶ
3061 4375 3220 4428 ὑετοῦ
3274 4375 3543 4443 σταγόνας
3576 4377 3874 4446 ἐπιχειρεῖν
3903 4375 4036 4444 άριι-

2447 4468 2625 4538 θμεῖν.
2660 4468 2758 4520 ’Ὶν’
2789 4463 2884 4521 οὖν
2922 4468 2989 4520 τὰ
3021 4469 3077 4519 ἐν
3105 4469 3256 4538 μέσῳ
3286 4467 3490 4520 συνέλω
3521 4467 3715 4533 πάντα,
3758 4467 3855 4536 τὴν
3889 4467 4032 4534 πρὸς

760 4555 1032 4624 pra-conis
1067 4554 1132 4608 ad
1166 4555 1334 4610 India:
1369 4573 1551 4628 regem
1595 4560 2011 4626 admissioncm,
2058 4563 2220 4632 regia:
2248 4577 2333 4616 ex-

2444 4561 2537 4614 τὸν
2572 4560 2798 4631 βασιλέα
2823 4561 2924 4630 τῆς
2964 4558 3190 4628 Ἰνδικῆς
3209 4560 3301 4612 τοῦ
3333 4560 3481 4630 ἱεροῦ
3515 4560 3754 4629 κήρυκος
3789 4563 4034 4628 εἰσαγω-

759 4645 1039 4699 struendie
1064 4646 1539 4714 pollicitationem,
1576 4651 1703 4704 :cris
1736 4651 1866 4721 regii
1895 4652 1951 4706 in
1991 4661 2188 4708 tenues
2217 4669 2340 4722 per-

753 4751 918 4789 sonas
968 4735 1431 4805 insumptionem,
1471 4749 1652 4794 creata
1685 4741 1812 4796 inde
1846 4741 2114 4810 pericula,
2143 4743 2340 4806 minas,

753 4826 1025 4889 verbera,
1082 4842 1357 4893 carceres,
1408 4830 1477 4883 ab
1503 4833 1765 4887 arumnis
1804 4833 2061 4889 omnibus
2107 4835 2346 4905 propitio

752 4919 991 4973 Numine
1044 4919 1480 4990 benignioreque
1529 4924 1871 4992 providentia
1925 4926 2308 4981 liberationem

757 5024 842 5071 ac,
904 5024 972 5063 ne
1030 5011 1338 5065 orationem
1404 5013 1621 5084 longius
1678 5018 2027 5084 protraham,
2085 5019 2341 5089 abyssum

756 5114 1028 5154 enarratis
1058 5101 1476 5168 miraculorum,
1509 5121 1673 5174 quam
1701 5107 1891 5162 multis
1939 5110 2160 5179 aagrotis
2196 5112 2343 5165 sani-

757 5201 924 5246 tatem
974 5195 1256 5260 tribuc‘rit,
1304 5197 1528 5266 quantis
1581 5197 1740 5253 execis
1788 5200 2000 5267 visum,
2045 5201 2341 5273 surdisque

1376 5351 1418 5382 "
1448 5351 1614 5406 Hebr.
1651 5368 1687 5414 I,
1719 5351 1770 5407 5.

755 5483 930 5549 lytum
962 5489 1050 5537 est
1099 5481 1333 5549 Ματθία
1375 5481 1572 5536 melius
1611 5481 1754 5536 forte
1799 5480 2024 5542 Mardis,
2069 5479 2162 5549 qui
2209 5489 2340 5535 sunt

759 5498 930 5538 I'tum
962 5498 1050 5537 est
1099 5498 1218 5536 mar
1253 5498 1333 5536 is:
1375 5498 1572 5536 melius
1611 5498 1754 5536 torte
1799 5498 2024 5542 marum,
2069 5498 2162 5549 qui
2209 5498 2340 5535 sunt

759 5500 1044 5623 liyrcanim
1071 5498 1258 5622 popiiii
1285 5552 1428 5623 apud
1455 5551 1808 5613 Strabonem,
1831 5551 2078 5623 Su_ida_m,
2109 5550 2340 5623 Stepha-

760 5620 894 5677 num
934 5641 948 5675 :
981 5620 1297 5677 suntetiam
1321 5620 1501 5676 Persae
1533 5623 1718 5692 populi
1768 5621 1912 5688 apud
1971 5620 2334 5692 Ilerodotmo.

761 5694 1151 5756 liraehmanes,
1188 5710 1328 5761 quos
1357 5690 1566 5749 addunt
1598 5690 1752 5746 novre
1800 5693 2059 5745 Romame
2117 5690 2338 5753 tabulae,

761 5779 872 5816 non
913 5775 1018 5818 tam
1057 5765 1240 5834 populi
1273 5774 1401 5817 sunt
1426 5773 1481 5816 et
1512 5765 1663 5817 natio
1694 5764 1874 5834 aliqua
1896 5803 1910 5824 ,
1965 5777 2128 5830 quam
2165 5761 2341 5830 philo-

758 5834 918 5904 80phi
954 5833 1459 5910 Indiaiciterioris,
1517 5835 1609 5904 qui
1653 5834 1732 5889 sic
1784 5833 1963 5888 adhuc
2001 5833 2340 5887 nostratibus

828 5350 874 5381 "
896 5350 1133 5421 Philipp.
1165 5367 1224 5416 ll,
1250 5350 1304 5405 6.

2445 4654 2569 4724 γὴν,
2617 4654 2718 4722 τῆς
2762 4653 3053 4722 οἰκοδομῆς
3103 4651 3212 4705 τῶν
3253 4653 3542 4721 βασιλείων
3581 4653 3682 4720 τὴν
3708 4652 4032 4720 ὑπόσχεσιν,

2440 4745 2541 4813 τὴν
2597 4743 2680 4806 εἰς
2735 4743 2862 4804 τοὺς
2924 4741 3177 4812 μετρίους
3215 4741 3325 4796 τῶν
3374 4742 3672 4811 βασιλικῶν
3729 4742 4036 4812 χρημάτων

2445 4835 2738 4899 ἀνάλωσιν,
2762 4836 2890 4898 τοὺς
2939 4834 3026 4887 διὰ
3085 4833 3258 4889 ταῦτα
3300 4834 3602 4900 κινδύνους,
3634 4835 3733 4897 τὰς
3774 4835 4033 4898 ἀπειλὰς,

2446 4926 2546 4990 τὰς
2570 4927 2860 4997 μάστιγας,
2897 4925 2994 4988 τὰς
3044 4926 3288 4995 εἱρκτὰς,
3334 4927 3431 4978 καὶ
3484 4927 3585 4994 τὴν
3636 4925 3724 4978 διά
3771 4925 4039 4994 προνοίας

2451 5018 2761 5096 κρείττονος
2797 5016 2907 5069 τῶν
2932 5016 3212 5088 δυσχερῶν
3243 5018 3499 5070 ἁπάντων
3541 5017 3889 5087 ἀπαλλαγήν·
3934 5020 4042 5072 καὶ

2446 5111 2534 5164 ἵνα
2559 5111 2634 5182 μὴ
2666 5111 2876 5180 μακρὸν
2933 5110 3283 5180 ἀποτείναιμι
3318 5110 3498 5177 λόγον,
3538 5111 3775 5164 ἄϐυσσον
3805 5110 4043 5181 ἐξηγού-

2452 5220 2610 5274 μενος
2642 5202 2970 5256 θαυαάτων·
3026 5203 3172 5265 ὅσοις
3222 5201 3573 5272 ἀρρωστοῦσι
3635 5201 3880 5272 παρέσχε
3929 5203 4042 5271 τὴν

2443 5480 2698 5553 audiunt,
2728 5490 2865 5553 teste
2892 5480 3156 5551 Maphmo,
3183 5498 3247 5536 ac
3275 5482 3319 5538 si
3362 5484 3490 5553 quis
3526 5483 3831 5540 Druidibus
3857 5485 4036 5553 dicat,

2442 5567 2544 5675 piro
2563 5549 2753 5605 Gallis.
2788 5552 2885 5614 Ae‘,
2929 5549 3061 5605 num
3099 5549 3450 5621 Sophronius
3505 5556 3670 5610 etiam
3701 5596 3715 5616 ,
3750 5572 3886 5610 voce
3941 5549 4038 5612 illa

2500 5626 2634 5675 nais.
2673 5622 2963 5675 Persarum
3017 5625 3293 5675 sanientes
3363 5625 3440 5675 (id
3506 5637 3591 5675 est
3651 5627 4036 5675 nhilosonhngt

2500 5626 2634 5698 agis,
2673 5622 2987 5698 Persarum
3017 5625 3293 5692 sapientes
3363 5625 3440 5698 (id
3506 5637 3601 5698 est
3651 5627 4036 5698 philosophos)

2447 5693 2754 5745 intellexit?
2819 5693 3087 5758 Populum
3149 5705 3330 5748 tamen
3392 5693 3663 5750 Persidis
3706 5693 4035 5763 assignant;

2443 5779 2679 5832 quorum
2711 5763 2844 5818 urbs
2873 5763 3053 5819 Plinio
3099 5775 3154 5819 et
3205 5766 3397 5821 Solino
3446 5767 3747 5836 Palagoeda
3800 5768 4036 5824 dicitur.
