4192 6424
193 410 269 475 Ill
896 408 1179 469 ORATIO
1218 406 1351 468 VII.
1381 432 1445 443 -
1474 405 1552 465 IN
1597 403 1905 465 LAUDEM
1950 401 2008 459 5.
2049 400 2333 460 ΤΙῐΟΜίΕ
2376 396 2759 459 APOSTOIJ.

3345 398 3445 461 112

194 527 336 583 [ασιν,
388 521 532 582 ὅσοις
580 520 631 574 δὲ
654 520 876 588 τυφλοῖς
904 522 1119 590 ὅρασιν,
1145 539 1238 574 και
1266 520 1471 587 κωφοῖς
1503 517 1747 571 ἀποκαο-

1857 512 2105 566 auditnm
2129 510 2451 571 restituerit.
2479 517 2717 579 quantus
2743 506 2938 563 solutis
2969 505 3235 564 membris
3255 522 3445 565 erexe-

198 612 299 681 ίστη
359 613 459 681 τὴν
495 612 668 679 ἀκοήν
689 629 703 642 ο
740 612 837 664 καὶ
866 613 1022 675 ὅσους
1058 613 1157 681 μὲν
1186 611 1554 682 παρειμένους
1583 610 1756 677 ἀνωρ-

194 704 415 761 θὼσατο.
450 706 594 767 ὅσοις
632 705 689 758 δὲ
740 704 1141 776 λελωὸημένοις
1178 706 1242 757 τὸ
1286 704 1469 773 σῶμα,
1506 702 1601 755 καὶ
1635 700 1758 754 καθ’

193 794 334 851 ὅντιν’
388 790 484 847 οὖν
524 796 949 864 πεπηρωμένοις
1002 795 1237 865 τρόπον,
1287 793 1320 864 ἢ
1385 790 1759 861 συμπτώματι

197 887 391 956 φύσεως
438 888 869 955 κεκακωμένοις,
910 885 944 956 ἦ
981 885 1292 955 πνεύματος
1315 883 1628 953 ἀκαθάρτου
1662 881 1758 951 βα-

197 979 549 1048 σανιζομένοις
601 980 859 1049 ἐπηρείᾳ,
914 978 1013 1049 τὴν
1064 979 1264 1033 ἀπονόν
1311 995 1373 1031 τε
1409 977 1501 1029 καὶ
1528 975 1759 1047 ἄμισθον

196 1072 420 1139 ἰατρείαν
448 1071 648 1139 τῷτοῦ
702 1070 878 1139 Ἰησοῦ
908 1071 1133 1139 ὀνόματι
1170 1069 1490 1139 δεδώρηται.
1528 1070 1623 1121 'lv‘
1665 1062 1759 1120 οὖν

197 1160 347 1212 ταῦτα
380 1158 649 1228 παρῶμεν
702 1159 944 1228 ἱστορίας
971 1159 1153 1231 ἔργον,
1172 1160 1267 1213 καὶ
1296 1161 1354 1213 οὐ
1378 1158 1471 1211 τοῦ
1493 1158 1760 1228 παρόντος

195 1251 305 1302 ὄντα
334 1250 542 1304 σκοποῦ
570 1269 583 1282 ·
620 1253 705 1305 ἵνα
754 1251 812 1304 δὲ
850 1252 944 1304 καὶ
992 1252 1054 1304 τὸ
1086 1251 1320 1316 πέλαγος
1347 1250 1443 1318 τῆς
1473 1247 1760 1302 ἀποστολι-

196 1343 279 1409 xi};
338 1342 650 1411 συνέλωμεν
702 1343 1029 1407 θεοσοφίας,
1087 1344 1183 1395 καὶ
1240 1342 1389 1405 ὅπως
1446 1342 1539 1393 τὸν
1586 1340 1759 1407 Λόγον

195 1433 443 1499 ὲυεολόγει
475 1434 573 1500 τῆς
608 1433 777 1503 ζωῆς,
805 1436 862 1486 ὲν
884 1435 1027 1504 ἀρχῇ
1072 1435 1223 1498 ὅντα,
1250 1434 1387 1504 πρὸς
1414 1435 1506 1486 τὸν
1537 1432 1758 1503 Πατέρα

194 1527 266 1578 ἀεὶ
291 1526 437 1590 ὅντα,
470 1528 565 1577 καὶ
595 1528 773 1595 σάρκα
796 1528 1089 1597 γενόμενον
1106 1528 1249 1598 ὑπὲρ
1284 1527 1462 1598 ἡμῶν,
1492 1527 1588 1580 καὶ
1620 1528 1759 1598 ὑπὲρ

198 1616 329 1682 ἡμῶν
360 1616 580 1684 σταυρῷ
612 1617 707 1667 καὶ
738 1615 973 1686 θανάτῳ,
1001 1617 1096 1669 καὶ
1144 1616 1429 1686 τριημέρῳ
1475 1632 1760 1684 προσωμι-

194 1702 378 1771 ληκότα
396 1708 545 1773 ταφῇ
567 1721 583 1735 ·
643 1700 785 1769 εἶτα,
835 1706 1146 1760 ἀναστάντα
1191 1707 1289 1775 μὲν
1318 1709 1379 1758 ὲν
1408 1707 1641 1775 νεκρῶν,
1666 1706 1757 1759 καὶ

197 1797 290 1848 ἀπὸ
320 1800 421 1865 γῆς
451 1797 835 1866 ἀναληφθέντα
884 1802 965 1861 εἰς
988 1799 1219 1868 οὐρανόν
1243 1814 1257 1828 ⁸
1290 1798 1491 1869 ἥξοντα
1528 1798 1585 1851 δὲ
1622 1797 1759 1869 μετά

193 1886 276 1955 τῆς
306 1887 472 1940 αὑτοῦ
534 1888 693 1958 δόξης
747 1886 904 1952 αὖθις
966 1891 1200 1952 ἐκεῖθεν,
1264 1891 1360 1943 καὶ
1412 1890 1756 1959 προσάξοντα

196 1978 398 2045 σύμπαν
441 1980 506 2031 τὸ
554 1980 782 2051 πλάσμα
825 1982 1224 2052 κριθησόμενον
1254 1984 1349 2037 καὶ
1379 1982 1537 2052 λόγον
1563 1981 1756 2048 ὑφέξον

192 2068 286 2119 τῶν
315 2069 694 2141 βεϐιωμένων·
720 2074 816 2126 καὶ
869 2074 950 2127 ὅτι
980 2074 1155 2145 τούτῳ
1186 2075 1568 2137 πιστεύοντας,
1604 2072 1755 2127 ὕδατι

193 2161 271 2211 καὶ
305 2160 582 2231 [Ινεύματι
636 2163 995 2236 καθαίρεσθαι
1033 2167 1165 2231 δεῖν,
1200 2166 1291 2220 καὶ
1338 2167 1518 2235 πάσης
1548 2165 1755 2235 πλάνης

192 2251 467 2322 δαίμονος,
519 2256 615 2308 καὶ
666 2256 852 2325 πάσης
912 2256 1028 2327 βίου
1079 2260 1280 2322 κακίας
1342 2261 1435 2311 καὶ
1491 2259 1755 2328 πονηρίας

192 2343 705 2416 ἀπαλλαττομένους,
734 2350 903 2419 μόνης
930 2352 1027 2420 τῆς
1062 2349 1340 2419 βασιλείας
1372 2349 1508 2403 θεοῦ
1537 2351 1627 2402 καὶ
1658 2351 1755 2419 τῆς

191 2434 525 2508 δικαιοσύνης
572 2439 703 2511 ὲρᾷν
748 2441 806 2493 ἐν
856 2438 1080 2511 Χριστῷ
1135 2442 1334 2512 Ἰησοῦ.
1382 2442 1476 2494 Ἰν’
1523 2436 1615 2495 οὖν
1657 2441 1755 2511 τὴν

1864 605 1953 668 rit,
1988 604 2209 673 quantis
2246 603 2497 670 lcprosis,
2540 602 2720 655 aliove
2756 601 2916 652 modo
2945 616 3177 669 corpore
3208 601 3448 665 oblatsis,

1863 705 1957 747 aut
1985 705 2195 747 natura:
2228 693 2364 745 vitio
2392 692 2797 755 laborantibus,
2822 691 2907 745 vel
2932 691 3129 760 spiritu
3160 691 3449 746 immundo

1862 785 2092 847 vexatis.
2131 786 2256 839 sine
2290 784 2481 838 labore
2512 784 2690 839 ullave
2723 782 3001 846 mercede,
3032 784 3159 838 Jesu
3194 784 3449 838 invocato

1863 877 2085 930 nomine
2138 878 2431 931 sanitatem
2486 876 2795 931 donaverit.
2856 876 3020 939 llzec,
3076 876 3328 946 inquam,
3391 885 3452 930 ut

1862 969 2215 1032 omittamus,
2258 972 2352 1038 qui
2394 969 2607 1023 scilicet
2646 970 2893 1024 historici
2936 969 3115 1039 pensi,
3144 984 3252 1022 non
3284 970 3449 1039 hujus

1863 1063 2036 1117 nostri
2080 1062 2316 1117 instituti
2357 1073 2507 1118 sunt.
2550 1063 2618 1119 Ut
2647 1062 2883 1131 denique
2927 1063 3091 1116 etiam
3133 1062 3448 1131 apostolica:

1864 1154 2090 1225 pelagus
2120 1153 2403 1223 sapientia:
2446 1153 2867 1214 contrahamus,
2903 1169 2965 1207 ac.
2995 1153 3274 1222 quomodo
3308 1154 3448 1207 Ver-

1864 1244 1990 1296 bum
2017 1244 2143 1297 vita:
2166 1244 2351 1297 divine
2383 1246 2726 1312 pnedicaret,
2753 1245 2899 1314 quod
2924 1255 3043 1298 erat
3068 1248 3122 1299 in
3148 1245 3446 1315 principio,

1861 1342 1917 1387 et
1968 1343 2087 1386 erat
2139 1349 2359 1402 semper
2400 1335 2543 1402 apud
2593 1335 2843 1395 Patrem,
2880 1348 2944 1387 ac
2976 1349 3072 1401 pro
3113 1335 3275 1387 nobis
3317 1348 3449 1387 caro

1862 1425 2066 1478 factum
2095 1435 2200 1486 est,
2228 1435 2284 1478 et
2318 1435 2544 1494 propter
2578 1441 2679 1479 nos
2703 1424 2853 1477 cruci
2890 1423 3109 1478 allixum
3143 1434 3449 1477 mortuum-

1862 1534 1969 1587 que
1993 1532 2057 1570 ac.
2088 1517 2272 1571 triduo
2302 1518 2578 1587 sepultum
2610 1516 2687 1582 u';
2720 1528 2946 1587 tumque
2978 1517 3220 1570 surrexit
3243 1532 3271 1568 a
3302 1532 3448 1569 mor-

1862 1612 2001 1673 tuis,
2036 1626 2100 1663 ac
2138 1626 2167 1663 a
2204 1620 2346 1663 terra
2390 1611 2445 1664 in
2483 1610 2683 1665 ccclum
2738 1621 3015 1679 receptum
3056 1618 3174 1673 est;
3210 1608 3448 1679 indeque

1862 1720 2058 1757 rursus
2116 1704 2343 1757 veniens
2402 1719 2529 1758 cum
2588 1705 2875 1773 majestate
2932 1719 3028 1757 sua
3090 1711 3320 1757 cunctos
3379 1702 3447 1757 ad

1858 1796 2127 1865 judicium
2151 1807 2206 1849 et
2229 1795 2470 1849 rationes
2490 1812 2706 1860 eorum,
2732 1812 2854 1865 qua:
2879 1811 2978 1865 per
3000 1796 3167 1849 vitam
3190 1804 3446 1866 egerunt,

1866 1897 2075 1957 coget:
2126 1888 2387 1958 quodque
2444 1888 2564 1957 ejus
2618 1887 2872 1943 ﬁdelibus
2926 1903 3068 1958 aqua
3119 1904 3181 1942 ac
3238 1888 3448 1957 Spiritu

1864 1981 2198 2046 cmundatis,
2228 1982 2488 2051 omnique
2513 1981 2778 2036 dicmonis
2804 1997 2990 2034 errore
3018 1996 3083 2035 ac
3104 1980 3229 2035 vita:
3254 1979 3448 2050 nequi-

1863 2074 1936 2127 tia
1979 2080 2036 2127 et
2084 2074 2292 2128 malitia
2333 2073 2614 2137 liberatis,
2659 2072 2752 2127 Dei
2793 2072 3065 2126 duntaxat
3116 2086 3341 2140 regnum
3389 2079 3448 2126 ct

1860 2166 2066 2220 iustitia
2093 2168 2214 2237 ejus
2253 2167 2306 2221 in
2344 2166 2566 2222 Christo
2606 2166 2736 2221 Jesu
2770 2164 3002 2219 amanda
3045 2164 3175 2219 sint.
3214 2164 3445 2219 Tantam

1862 2257 2029 2327 igitur
2050 2258 2358 2312 divinarum
2385 2258 2761 2313 doctrinarum
2786 2259 3175 2325 actionumque
3198 2256 3443 2324 Apostoli

1862 2336 2117 2424 abyssum
2156 2362 2216 2406 ut
2252 2352 2499 2406 historiis
2533 2351 2940 2419 relinquamus,
2970 2350 3095 2403 vita:
3133 2348 3282 2403 illius
3313 2348 3442 2412 ﬁne.

1861 2442 2095 2496 orationi
2122 2442 2284 2496 ﬁnem
2309 2442 2657 2511 imponamus

190 2531 405 2585 ἀσυσσον
450 2532 658 2601 ταύτην
698 2536 809 2589 τῶν
859 2535 1147 2605 θεολογιῶν
1200 2538 1296 2591 καὶ
1324 2537 1433 2589 τῶν
1462 2535 1719 2606 πράξεων
1756 2536 1849 2590 τοῦ
1890 2537 2213 2589 Ἀποστόλου
2253 2538 2373 2601 ταῖς
2404 2536 2670 2606 ἱστορίαις
2720 2535 3129 2603 καταλίπωμεν.
3179 2534 3258 2603 τῷ
3303 2535 3445 2589 τέλει

190 2622 269 2675 τοῦ
299 2624 433 2693 βίου,
471 2628 536 2679 τὸ
572 2627 725 2691 τέλος
755 2629 1103 2699 ὲπιὸάλωμεν
1122 2630 1216 2684 τοῦ
1251 2631 1431 2699 λόγου.

261 2720 407 2773 Ἐπεὶ
438 2722 552 2792 γὰρ
608 2724 700 2778 τὸν
737 2726 882 2778 θεῖον
914 2729 943 2778 ὸ
971 2727 1390 2796 μακαριώτατος
1426 2726 1625 2798 δρόμον
1670 2724 1759 2789 ἐξ·

189 2810 372 2875 ανύων,
407 2816 509 2867 καὶ⁵
540 2820 653 2881 τοῖς
712 2818 1022 2888 εἰρημένοις
1074 2820 1253 2873 ἔθνεσι
1280 2822 1467 2885 πᾶσιν,
1509 2814 1596 2872 οἷα
1625 2820 1755 2872 σπό-

189 2926 271 2975 ρον
288 2911 544 2979 οὐράνιον
563 2910 657 2964 τὸν
677 2910 774 2963 τοῦ
798 2911 935 2964 Θεοῦ
954 2914 1329 2983 κατασπείρας
1358 2914 1537 2981 λόγον,
1566 2915 1753 2981 ἀναρι-

187 2999 411 3069 θμήτους
465 3004 570 3071 μὲν
614 3004 1045 3067 πεπιστευκότας
1095 3007 1164 3058 δι’
1207 3006 1373 3059 αὑτοῦ
1416 3008 1757 3076 καρποςορεῖ

184 3091 253 3160 τῷ
279 3094 525 3163 Χριστῷ,
550 3094 905 3166 καθαρτηρίῳ
944 3097 1003 3149 δὲ
1040 3098 1136 3167 τῆς
1170 3097 1589 3166 παλιγγενεσίας
1618 3099 1753 3150 ἀπο-

1937 2720 2095 2787 Quod
2126 2721 2273 2775 enim
2302 2720 2382 2773 vir
2412 2719 2764 2774 beatissimus
2788 2719 3034 2773 divinum
3062 2734 3289 2775 cursum
3314 2736 3447 2775 eo:-

1864 2826 2177 2873 summans,
2233 2811 2428 2880 hisque
2476 2811 2767 2874 omnibus,
2814 2827 2950 2882 quas
2978 2812 3120 2875 dixi,
3166 2812 3444 2882 gentibus,

1863 2906 2015 2961 velut
2043 2906 2321 2960 caelestem
2353 2914 2679 2968 sementem,
2714 2904 2811 2957 Dei
2848 2919 3159 2959 sermonem
3193 2905 3446 2960 dissemi-

1864 3013 2023 3063 nans,
2080 3006 2317 3067 quantos
2377 3013 2478 3051 nec
2522 3011 2815 3051 ntnncrare
2862 2997 2988 3066 quis
3030 2997 3204 3067 possit
3255 2996 3446 3054 ﬁdeles

1862 3090 2096 3145 fecunda
2149 3106 2328 3145 messe
2362 3088 2582 3145 Christo
2612 3089 2898 3155 oﬁ‘crebat,
2934 3104 2998 3143 ac
3037 3089 3252 3145 lustrali
3288 3106 3445 3159 rege-

187 3156 368 3252 σμήχει
408 3156 624 3253 λουτρῴ
644 3200 658 3215 ’
700 3156 886 3238 ’παντί
918 3185 974 3238 δὲ
1007 3156 1152 3257 λόγω
1188 3156 1382 3257 σοφίας
1414 3188 1510 3240 καὶ
1539 3156 1751 3257 χάριτος

1862 3183 2166 3237 nerationis
2203 3184 2449 3244 lavacro,
2495 3181 2756 3237 sordibus
2794 3182 3146 3252 detergebat;
3182 3182 3445 3253 omnique

185 3272 534 3339 φωταγωγῶν
584 3274 676 3326 καὶ
718 3272 1113 3345 τελετουργῶν,
1169 3275 1297 3338 τοὺς
1349 3274 1447 3345 μὲν
1489 3274 1758 3343 ποιμένας

184 3360 400 3431 καθίστη
431 3363 532 3415 καὶ
574 3364 948 3431 διδασκάλους,
991 3366 1137 3430 ὅσοις
1191 3365 1487 3437 θερμότητι
1518 3366 1754 3428 πίστεως

181 3455 262 3503 καὶ
293 3452 560 3523 εὐθύτητι
583 3455 761 3525 ψυχῆς
799 3455 1001 3524 μᾶλλον
1042 3456 1285 3510 εὐδοκεῖν
1308 3457 1398 3510 τὸν
1427 3455 1559 3509 Θεόν
1578 3471 1593 3486 ο
1630 3456 1757 3519 τοὺς

177 3540 227 3594 δὲ
257 3543 650 3613 ποιμαίνεσθαι
671 3546 766 3598 καὶ
790 3545 1074 3615 ἄρχεσθαι,
1122 3549 1266 3600 κατά
1291 3546 1392 3617 τὴν
1415 3547 1593 3615 ἁγίοις
1623 3547 1758 3617 πρέ-

179 3650 373 3688 πουσαν
401 3636 789 3705 εὐθυμοσύνην
818 3639 911 3693 καὶ
943 3639 1094 3703 τάξιν
1127 3638 1290 3709 ίερῶς
1310 3639 1752 3709 διαταττόμενος,

176 3728 462 3797 εκκλησίας
519 3731 816 3794 καλλίστας
874 3733 968 3785 καὶ
1011 3732 1272 3795 πλείστας
1305 3732 1646 3803 ἀνεστήσατο
1678 3731 1755 3801 τῷ

176 3817 415 3890 Χριστῷο
477 3821 592 3874 ἔδει
639 3821 831 3875 τοῦτον
870 3823 1098 3892 ἔσχατον
1143 3824 1286 3894 ὑπὲρ
1313 3824 1571 3878 ἁπάντων
1611 3822 1754 3877 κατά

172 3912 260 3981 τὴν
298 3912 396 3966 τοῦ
452 3913 785 3969 διδασκάλου
860 3916 1092 3986 μίμησιν
1152 3915 1326 3969 θεῖναι
1373 3917 1471 3987 τὴν
1534 3918 1750 3988 ψυχήνο

170 4004 317 4058 τοῦτο
335 4008 449 4076 γάρ
478 4002 626 4059 εἶναι
672 4008 774 4075 τῆς
814 4008 1027 4070 τελείας
1067 4010 1288 4077 ἀγάπης
1314 4010 1376 4062 τὸ
1407 4011 1711 4079 τεκμήριον
1736 4026 1753 4043 ⁸

170 4093 240 4146 διὸ
282 4097 375 4148 καὶ
429 4097 545 4149 ὑπὸ
595 4096 707 4149 τῶν
756 4098 1105 4167 ἐμμενόντων
1155 4099 1234 4153 ἔτι
1265 4102 1330 4168 τῇ
1366 4100 1542 4172 πλάνῃ
1569 4101 1754 4168 σαφῶς

170 4182 586 4238 ἐπιϐουλεύεται
622 4201 636 4215 ·
685 4186 780 4238 καὶ
832 4186 1056 4253 λόγχαις
1082 4186 1180 4249 τάς
1210 4186 1450 4256 πλευρὰς
1482 4189 1509 4239 ὁ
1542 4187 1754 4255 θαυμα-

171 4276 419 4338 σιώτατος
474 4276 858 4346 ὲκκεντηθεὶς,
890 4278 988 4348 τὴν
1019 4279 1182 4346 άγίσν
1220 4280 1398 4347 ψυχὴν
1433 4278 1527 4330 καὶ
1570 4295 1751 4347 μακα-

170 4366 301 4436 ρίαν,
349 4369 450 4422 καὶ
513 4370 690 4433 ὅντως
751 4370 1075 4441 Χριστοειδῆ
1134 4371 1231 4423 καὶ
1266 4371 1628 4441 Χριστοφιλῆ,
1673 4368 1752 4438 τῷ

168 4460 296 4531 ὑπὲρ
346 4459 530 4514 αὑτοῦ
581 4461 950 4533 σταυρωθέντι
994 4462 1089 4516 καὶ
1121 4460 1470 4533 λογχευθέντι
1512 4460 1749 4532 παρατί-

167 4552 302 4609 θεται

224 4827 354 4880 Οὐδὲ
383 4828 506 4899 γὰρ
566 4822 713 4879 εἶναι
738 4828 967 4896 δίκαιον,
999 4831 1091 4884 τὸν
1116 4832 1238 4885 ὅλον
1272 4832 1464 4902 ἔχοντα
1493 4833 1584 4886 τὸν
1614 4836 1749 4905 Χρι-

166 4918 275 4969 στὸν
320 4920 380 4970 ὲν
438 4917 781 4987 ἑαυτῷ.καὶ
831 4921 1005 4991 τούτῳ
1060 4922 1528 4993 θαυματουργίαις
1580 4926 1747 4995 ὑπερ-

166 5009 509 5074 φυεστάταις,
568 5007 815 5077 διδαχαῖς
846 5009 1334 5077 θεολογικωτάταις
1368 5012 1464 5065 καὶ
1486 5013 1618 5064 πᾶσι
1648 5015 1746 5082 τῆς

166 5097 346 5167 ἀρετῆς
371 5102 493 5161 τοῖς
520 5098 759 5167 τρόποις
795 5100 1231 5170 ἑξωμοιωμένον,
1268 5103 1343 5172 μὴ
1398 5104 1492 5156 καὶ
1518 5103 1657 5157 κατά
1686 5104 1747 5157 τὸ

168 5188 318 5253 πάθος
343 5192 664 5243 κοινωνεῖν.
711 5191 818 5244 Καὶ
848 5192 1015 5261 ὢτῆς
1046 5194 1341 5262 προνοίαςί
1379 5195 1424 5247 ὦ
1467 5196 1564 5265 τῆς
1598 5198 1746 5249 οἰκο-

167 5284 375 5351 νομικῆς
400 5282 639 5352 ἐκείνης
665 5274 993 5352 ἀμφιὸολίας
1024 5284 1119 5339 τοῦ
1165 5288 1335 5355 Θωμᾶ
1371 5289 1462 5343 καὶ
1494 5290 1749 5359 ψηλαφὴ-

170 5387 307 5437 οεως,
337 5377 452 5446 ῆτὸ
482 5375 949 5445 Χριστομίμητον
1003 5378 1151 5449 αὐτῷ
1181 5379 1353 5444 πάθος
1393 5382 1578 5451 ἠρέμα
1612 5399 1750 5451 παρ-

169 5467 453 5533 εσήμανενί
490 5470 629 5519 Ὀτι
666 5468 773 5536 γάρ
799 5469 893 5520 τὸν
919 5470 1090 5522 τύπον
1137 5470 1240 5540 τῆς
1283 5472 1484 5543 λόγχης
1532 5474 1624 5525 καὶ
1649 5474 1750 5542 τῆς

170 5556 480 5628 Δεσποτικῆς
514 5558 772 5627 ἅψασθαι
788 5561 907 5612 τότε
930 5561 1244 5634 κατηξιώθη
1272 5563 1535 5636 πλευρᾶς,
1558 5562 1748 5634 ὥσπερ

171 5650 274 5702 τινά
297 5652 492 5723 μισθὸν
530 5651 646 5723 τῆς
682 5651 977 5716 πανολὸίας
1026 5654 1245 5724 ἐκείνης
1266 5655 1436 5727 ἁφῆς,
1474 5656 1575 5727 τὴν
1606 5656 1749 5728 ὑπὲρ

234 5827 452 5887 “Joau.
491 5844 535 5895 ι,
572 5828 635 5883 1.
715 5828 759 5860 ⁸⁹
783 5827 938 5883 Jean.
987 5845 1074 5895 xv,
1111 5830 1193 5883 15.

1859 3274 2141 3343 sapientia:
2172 3286 2336 3343 atque
2369 3275 2556 3342 gratia:
2587 3289 2838 3327 sermone
2876 3273 3192 3327 illuminans
3223 3289 3287 3328 ac
3316 3290 3445 3343 per-

1860 3365 2082 3429 ﬁciens,
2137 3364 2275 3419 alios
2334 3373 2585 3434 pastores
2649 3362 3013 3432 doctoresque
3074 3364 3445 3421 constituebat

1862 3459 2159 3526 (quotquot
2191 3456 2449 3510 nimirum
2486 3456 2703 3509 fervore
2734 3454 2857 3508 ﬁdei
2893 3455 3176 3523 animique
3209 3457 3443 3510 rectitu-

1858 3549 1986 3603 dine
2020 3549 2130 3604 Deo
2162 3549 2501 3618 acceptiores
2523 3548 2772 3613 noverat)
2796 3586 2811 3610 ,
2835 3546 2959 3599 aliis
2988 3554 3048 3599 ut
3079 3555 3441 3616 pascerentur

1857 3656 1920 3694 ac
1946 3640 2151 3695 subditi
2177 3650 2385 3702 essent,
2405 3640 2557 3709 juxta
2588 3638 2915 3693 concinnam
2950 3638 3095 3692 illam
3121 3638 3441 3711 dispositio-

1857 3746 2006 3791 nem,
2037 3741 2337 3799 aptumque
2374 3729 2624 3783 ordinem
2655 3729 2748 3798 qui
2782 3738 3003 3783 sanctos
3039 3729 3217 3795 decet,
3255 3746 3443 3786 sacra-

1842 3820 2067 3875 !issime
2109 3829 2395 3885 statuens,
2438 3820 2711 3875 Ecclesias
2742 3820 3143 3889 pulcherrimas
3187 3838 3249 3875 ac
3284 3822 3444 3893 longe

1856 3911 2124 3980 plurimas
2168 3911 2393 3966 Christo
2429 3912 2795 3975 excitaverat;
2839 3927 2938 3981 par
2984 3922 3135 3977 erat,
3183 3922 3245 3968 ut
3292 3914 3440 3983 quod

1855 4019 2177 4072 supremum
2218 4013 2323 4067 est,
2376 4020 2477 4074 pro
2529 4005 2821 4070 omnibus,
2874 4006 3119 4075 magistri
3165 4007 3441 4076 exemplo,

1855 4096 2093 4151 animam
2148 4106 2398 4167 poneret.
2454 4097 2567 4152 lloc
2620 4097 2767 4151 enim
2822 4097 3077 4166 perfecta:
3129 4096 3443 4154 dilectionis

1855 4197 2068 4243 certum
2102 4190 2366 4244 indicium
2395 4190 2459 4242 δ’.
2497 4189 2867 4255 Quamobrem
2902 4190 3092 4254 etiam,
3117 4205 3311 4245 eorum
3344 4190 3439 4260 qui

1855 4280 2037 4334 adhuc
2062 4296 2308 4335 errorem
2348 4281 2604 4335 colebant
2635 4296 2814 4350 eoque
2840 4281 3236 4336 obstinatiores
3258 4292 3437 4348 erant,

1856 4371 2071 4425 insidiis
2089 4373 2263 4440 palam
2288 4372 2603 4441 appetitur;
2630 4372 2949 4441 lanceisque
2968 4373 3138 4427 latera
3159 4382 3439 4429 transver—

1855 4462 2078 4517 bcratus
2119 4464 2201 4516 vir
2237 4479 2448 4519 summe
2488 4464 2790 4529 mirabilis,
2832 4474 3077 4518 sanctam
3113 4465 3439 4535 beatamque

1786 4544 1829 4599 υ
1857 4556 2118 4619 animam,
2149 4571 2389 4625 vereque
2420 4556 2641 4610 Christo
2668 4557 2904 4611 similem
2931 4572 2995 4611 ac
3020 4556 3222 4611 Christi
3248 4574 3437 4613 aman-

1863 4657 2005 4708 tem.
2046 4647 2096 4701 ei
2143 4648 2237 4716 qui
2280 4649 2454 4717 ipsius
2501 4665 2666 4704 causa
2713 4649 2865 4703 cruci
2906 4648 3099 4704 allixus
3137 4651 3437 4720 lanceaque

1860 4737 2339 4792 transverberatus
2369 4738 2573 4799 fuerat,
2608 4740 2796 4792 tradit.

1929 4827 2047 4881 Non
2083 4828 2230 4881 enim
2262 4829 2514 4893 decebat,
2550 4840 2609 4883 ut
2641 4830 2733 4899 qui
2773 4840 2944 4885 totum
2981 4831 3035 4885 in
3066 4847 3123 4886 se
3152 4832 3434 4888 Christum

1854 4920 2113 4985 haberet,
2162 4922 2322 4991 eique
2372 4923 2789 4991 priemagnilicis
2841 4925 3071 4991 patratis
3131 4925 3434 4991 miraculis,

1852 5014 2231 5084 doctrinisque
2258 5014 2637 5078 divinissimis,
2679 5032 2741 5070 ac
2775 5018 2954 5071 modis
2974 5018 3231 5073 omnibus
3263 5020 3436 5071 virtu-

1854 5106 1923 5160 tis
1966 5106 2162 5161 similis
2219 5108 2533 5169 enituerat.
2582 5123 2691 5162 non
2749 5108 2899 5177 paris
2946 5110 3110 5164 etiam
3160 5110 3434 5177 passionis

1853 5200 2039 5255 socius
2056 5200 2378 5254 exsisteret:
2406 5200 2604 5268 Atque,
2629 5216 2661 5251 o
2682 5201 3103 5268 providentiam!
3149 5218 3181 5255 ο
3204 5193 3432 5256 Thema:

1853 5292 2001 5345 illam
2029 5303 2177 5346 certa
2206 5291 2420 5346 consilii
2449 5290 2658 5345 ratione
2682 5292 3019 5347 dubietatem
3043 5309 3106 5347 ac
3127 5302 3433 5348 contrecta-

1851 5385 2080 5442 tionem.
2109 5399 2231 5453 qua:
2263 5383 2339 5437 illi
2375 5383 2611 5438 similem
2644 5386 2863 5441 Christo
2891 5386 3199 5457 passionem
3238 5386 3433 5441 tantis-

1848 5491 1948 5545 per
1987 5477 2327 5544 designarctl
2358 5476 2513 5542 Quod
2550 5477 2697 5531 enim
2734 5478 2937 5533 lancea:
2977 5480 3317 5534 circatricem
3366 5494 3435 5535 ac

1848 5567 2064 5621 Domini
2104 5568 2248 5622 latus
2282 5576 2506 5639 tangere
2540 5580 2669 5625 tunc
2696 5582 2999 5637 meruerat,
3031 5570 3186 5641 quasi
3228 5570 3434 5625 beatis-

1848 5660 1974 5715 simi
2020 5660 2171 5717 illius
2211 5672 2501 5719 contactus
2533 5664 2844 5720 mercedem
2886 5664 3201 5736 quamdam,
3238 5662 3434 5722 lateris
