4192 6424
744 390 846 459 143

735 600 987 668 gratiam,
1022 610 1206 668 postea
1241 600 1536 663 sustinuit;
1582 612 1790 667 suaque
1821 598 1875 651 in
1908 596 2014 651 line
2042 596 2323 651 Dominico

735 691 952 745 vulneri
977 701 1158 759 aptata
1184 690 1461 760 passione,
1484 690 1645 757 eique
1669 686 1847 741 modis
1867 684 2125 739 omnibus
2147 682 2324 738 factus

735 780 958 845 similis,
992 779 1060 833 ad
1078 780 1329 834 eamdem
1354 778 1529 832 dubio
1562 777 1753 846 procul
1788 775 2094 831 claritatem
2133 789 2195 829 ac
2231 788 2321 828 rc-

734 888 903 943 gnum
937 872 1341 942 sempiternum
1374 870 1570 925 evasit.

803 965 972 1018 Iratus
996 965 1097 1017 hoc
1122 963 1536 1016 exhorruerunt
1569 960 1866 1023 daemones,
1895 973 2101 1028 eosque
2123 971 2323 1027 appre-

734 1054 929 1109 hendit
953 1055 1115 1108 timor
1139 1063 1195 1107 et
1217 1062 1456 1118 tremor;
1480 1053 1738 1123 quodque
1759 1052 1913 1107 necis
1930 1050 2087 1104 avida
2110 1048 2321 1104 incensi

733 1146 1103 1209 :emulatione,
1123 1144 1621 1213 lubentissimeque
1643 1159 1741 1213 per
1763 1143 2047 1198 ministros
2072 1140 2319 1211 ipsorum

734 1238 930 1308 dignos
967 1237 1181 1291 saevitia
1227 1237 1549 1308 ingruentes
1585 1246 1957 1306 pupugerant,
2001 1234 2320 1304 intelligen-

734 1330 868 1382 tium
924 1343 1047 1381 mox
1099 1328 1523 1397 divinarumque
1575 1328 1915 1381 Potestatum
1966 1324 2168 1378 studiis
2212 1323 2319 1378 coli

729 1420 1261 1485 animadvertentes,
1302 1420 1355 1473 in
1382 1421 1552 1475 chaos
1586 1428 1749 1490 atque
1776 1419 2066 1472 Tartarum
2098 1418 2319 1487 planctu

732 1514 948 1583 lugubri
982 1494 1323 1581 dill‘ugerunt
1347 1514 1414 1566 ⁵ο.
1449 1513 1617 1567 Latus
1651 1512 1756 1565 hoc
1801 1510 2025 1565 reveriti
2059 1519 2185 1563 sunt
2217 1523 2318 1562 an-

728 1608 865 1679 geli,
905 1618 965 1661 ut
1004 1607 1133 1662 Jesu
1170 1606 1363 1661 lateris
1395 1616 1581 1676 typum
1608 1614 1662 1657 et
1695 1604 2047 1672 exemplum;
2081 1601 2319 1671 indeque

727 1700 1047 1753 diﬂluentes
1072 1698 1292 1753 cruoris
1326 1697 1519 1761 stillas,
1549 1697 1703 1750 velut
1734 1710 1950 1749 sacrum
1987 1694 2220 1748 Domino
2248 1693 2317 1747 li-

731 1793 927 1847 bamen
968 1794 1231 1847 ollerunt.
1269 1789 1591 1844 Laudarunt
1626 1787 1945 1859 archangeli
1992 1801 2055 1841 ac
2104 1785 2318 1839 honore

1942 386 2239 449 NICET/E
2274 386 2470 448 PAPH
2482 386 2806 448 LAGONIS

734 524 857 565 eam
898 509 1516 575 transverberationem,
1566 508 1619 562 in
1651 509 1768 579 ejus
1805 521 1968 577 quem
2005 508 2311 578 palpaveral

2429 506 2521 557 τοῦ
2571 504 2987 573 ψηλαφηθέντος

3918 387 4027 453 144

3069 504 3163 556 ἐπὶ
3230 502 3331 573 τῆς
3398 503 3641 572 πλευρᾶς
3697 502 4021 573 ἐκκέντησιν

2431 598 2658 667 ὓστερον
2687 598 2942 666 ὑπέσχεν,
2979 599 3073 650 καὶ
3115 595 3192 664 τῷ
3239 596 3332 647 τοῦ
3376 597 3582 666 Κυρίου
3620 597 3778 649 πάθει
3802 597 3863 649 τὸ
3889 597 4025 651 [διον

2428 690 2521 742 ἐπὶ
2580 689 2724 742 τέλει
2775 690 3208 762 προσηρμοκὼς,
3261 689 3354 743 καί
3395 692 3445 743 οἱ
3474 689 3654 742 πάντα
3681 691 3885 756 τρόπον
3928 689 4021 754 ἐξ·

2426 782 2803 850 ωμοιωμένος,
2832 783 2913 845 είς
2941 782 3042 852 τὴν
3068 781 3238 851 αὐτὴν
3263 780 3716 852 ὁμολογουμένως
3740 780 3899 845 δόξαν
3923 782 4023 835 καὶ

2426 872 2598 925 άῖδιον
2628 873 2910 944 ἀνελήφθη
2947 874 3250 944 βασιλείαν.

2495 965 2715 1035 Ταύτην
2737 966 2964 1037 ἐφριξαν
3016 967 3275 1037 δαίμονες
3304 967 3405 1036 τὴν
3443 966 3707 1037 πλευρὰν,
3739 967 3835 1020 καὶ
3854 966 4020 1037 φόϐος

2423 1054 2519 1107 καὶ
2550 1056 2752 1124 τρόμος
2777 1053 3081 1108 ἐπελάϐετο
3111 1052 3312 1118 αὑτούς
3343 1072 3357 1087 ·
3392 1056 3489 1109 καλ⁸
3518 1058 3585 1126 ἦν
3612 1055 3762 1126 ζήλῳ
3788 1054 4021 1123 φονώδει

2424 1146 2886 1217 πυρπολούμενοι,
2916 1147 3010 1199 καὶ
3041 1146 3131 1200 διὰ
3167 1146 3277 1200 τῶν
3320 1147 3487 1213 ἀξίων
3508 1147 3695 1211 αὐτοῖς
3725 1147 4021 1216 ὑπουργῶν

2423 1238 2498 1300 ὡς
2526 1239 2721 1309 ἥδιστα
2749 1237 3196 1310 καταδραμόντες
3247 1238 3634 1310 ἐξεκέντησαν,
3674 1239 3880 1309 ταύτην
3929 1239 3991 1290 εὑ

2422 1333 2520 1396 θὺς
2551 1335 2656 1388 ὑπὸ
2683 1334 2889 1407 νοερῶν
2921 1336 3016 1389 καλ⁸
3050 1335 3209 1389 θείων
3269 1335 3568 1405 Δυνάμεων
3610 1336 4019 1405 περιεπομένην

2422 1425 2791 1496 καθορῶντες,
2815 1428 2896 1490 είς
2914 1426 3046 1496 χάος
3072 1428 3166 1480 καὶ
3186 1426 3477 1497 Τάρταρον
3505 1423 3879 1495 ἀπεφοίτησαν
3900 1427 4021 1479 ὀλο-

2423 1515 2743 1587 φυρόμενοι.
2776 1515 2995 1585 Ταύτην
3024 1516 3333 1586 ᾐδέσθησαν
3375 1514 3620 1585 ἄγγελοι,
3679 1516 3756 1579 ὡς
3800 1517 4019 1568 ἀντίτυο

2422 1625 2526 1663 πον
2576 1608 2678 1679 τῆς
2725 1608 2967 1680 πλευρᾶς
2993 1607 3088 1662 τοῦ
3135 1607 3313 1678 Ἰησοῦ
3334 1624 3349 1639 °
3386 1610 3482 1662 καὶ
3504 1609 3606 1670 τὰς
3630 1606 4015 1677 ἀπορρεούσας

2422 1706 2592 1776 αὑτῆς
2621 1704 2844 1774 ῥανίδας
2870 1703 2962 1758 τοῦ
2983 1704 3239 1774 αἵματος,
3264 1698 3353 1756 οἷα
3382 1703 3614 1772 σπονδὴν
3636 1704 3787 1772 ἱερὰν
3810 1702 4014 1769 ἀναφέ-

2426 1798 2811 1870 ρουσιΚυρίῳ.
2870 1798 3092 1869 Ταύτην
3141 1796 3475 1869 ἀρχάγγελοι
3514 1796 3717 1867 ᾔνεσαν
3762 1798 3854 1849 καὶ
3898 1796 4017 1848 ἐτί-

728 1886 1009 1954 proseeuti
1042 1893 1199 1949 sunt;
1234 1883 1366 1951 quin
1399 1881 1545 1936 illius
1577 1882 1690 1936 ictu
1723 1890 1944 1950 recepta
1970 1878 2311 1933 sanctissima

2426 1860 2641 1962 μησαν·
2690 1860 2892 1962 μᾶλλον
2937 1891 3016 1956 δέ,
3049 1860 3153 1943 ’διὰ
3184 1860 3591 1962 της-τρώσεῶς
3629 1888 3855 1958 ταύτης,
3912 1888 4017 1958 τὴν

729 1977 960 2037 Anima,
1028 1977 1133 2031 Iulli
1190 1976 1531 2045 plauserunt.
1587 1974 2052 2030 Glorilicaverunt
2106 1970 2317 2027 Princi—

730 2079 911 2139 patus,
950 2070 1257 2123 Potestatcs
1290 2068 1696 2135 exaltaverunt,
1728 2068 1974 2122 Virtutes
2000 2064 2317 2135 magniﬁca-

729 2173 883 2225 runt,
906 2160 1324 2215 Dominationcs
1347 2160 1747 2214 humanissime
1785 2166 2142 2229 acceperunt,
2181 2174 2315 2212 san-

729 2252 1073 2321 ctissimique
1086 2251 1365 2307 Cherubin
1385 2267 1447 2305 ac
1462 2250 1730 2321 Seraphin
1745 2250 2066 2305 suavissima
2078 2249 2314 2320 quadam

729 2345 891 2400 laude
942 2343 1398 2412 divinissimoque
1459 2343 1716 2407 cantico,
1782 2342 2019 2397 Domino
2074 2341 2312 2396 Sabaoth

727 2444 1024 2509 laetantem,
1046 2443 1355 2512 eximieque
1387 2442 1522 2511 Regi
1552 2441 1739 2512 gloriae
1759 2440 2146 2505 exsultantem,
2177 2453 2314 2508 pra-

726 2545 1038 2593 sentarunt.

799 2720 982 2789 Ipsum
1023 2718 1128 2772 hoc
1163 2718 1308 2771 latus
1340 2716 1537 2770 adorat
1574 2714 1840 2777 Ecclesia,
1874 2715 2106 2785 ejusque
2144 2714 2313 2784 guttis

726 2813 1003 2881 pullulans
1032 2811 1269 2867 Iactatur.
1299 2808 1344 2863 Ο
1375 2810 1540 2871 latus,
1579 2815 1675 2861 tuo
1711 2806 1890 2876 ipsius
1924 2806 2155 2860 vulnere
2184 2820 2314 2859 eum

724 2902 1043 2965 vulnerans,
1088 2899 1181 2969 qui
1232 2900 1398 2953 ictum
1446 2898 1654 2963 inﬁxit;
1701 2896 2085 2968 passionisque
2135 2895 2315 2949 imita-

726 2994 877 3048 tione
896 3006 1022 3048 eum
1046 2993 1380 3064 gloriﬁcans,
1405 2992 1499 3062 qui
1529 2991 1605 3044 tui
1631 3006 1795 3046 causa
1822 2991 2011 3044 lancea
2038 2998 2315 3043 transver-

725 3086 952 3142 beratus
988 3086 1143 3140 ’l'uit!
1199 3085 1400 3148 Latus,
1456 3099 1567 3138 non
1611 3082 1786 3137 veteri
1843 3082 2052 3136 Adamo
2107 3080 2313 3135 factum

727 3179 1178 3250 transgressionis
1218 3193 1415 3241 causa,
1454 3176 1549 3232 sed
1590 3192 1734 3231 novo
1772 3174 2000 3246 justitiae
2039 3174 2305 3229 material

793 3372 838 3425 0
870 3373 1059 3427 lancea
1103 3375 1115 3424 !
1152 3370 1415 3425 exteriori
1449 3370 1631 3440 specie
1662 3384 1853 3423 necem
1887 3367 2158 3435 inferens;
2197 3370 2311 3439 spi-

728 3465 869 3519 ritali
910 3474 1091 3518 autem
1130 3463 1494 3533 intelligentia
1540 3460 1718 3531 ipsum
1760 3461 1853 3530 qui
1899 3461 2149 3515 sublatus
2203 3469 2309 3524 est,

724 3558 936 3612 ducens
985 3556 1053 3610 ad
1100 3555 1268 3610 vitam
1312 3564 1598 3619 aeternam,
1635 3551 1799 3622 eique
1840 3552 2098 3607 satellitio
2146 3552 2310 3606 obsc»

724 3650 939 3716 quens!
986 3660 1095 3715 quo
1124 3646 1288 3698 etiam
1324 3643 1403 3706 lit,
1432 3651 1491 3697 ut
1537 3643 1779 3712 indignis
1820 3640 2016 3695 acerba
2048 3638 2308 3702 videaris,

728 3738 803 3790 illi
836 3744 1019 3789 autem
1045 3733 1139 3804 qui
1174 3732 1339 3787 Verbi
1375 3732 1806 3787 transverberati
1844 3746 2009 3785 causa
2036 3739 2315 3784 transver-

725 3823 907 3877 berari
952 3820 1182 3885 meruit,
1224 3821 1386 3876 melle
1428 3821 1645 3875 dulcior
1691 3822 1786 3876 sis.
1830 3820 2042 3875 Lancea
2074 3820 2306 3881 scilicet,

727 3917 935 3969 Animae
963 3914 1058 3968 Dei
1075 3914 1285 3969 aemula:
1304 3914 1529 3984 januam
1550 3912 1836 3977 fabricata,
1858 3928 1967 3983 qua
1988 3928 2056 3967 ex
2078 3927 2308 3981 corpore

721 4008 1045 4071 excederet,
1103 4007 1265 4076 eique
1312 4006 1545 4074 depulso
1591 4005 1775 4075 gladio
1822 4006 2016 4075 igneo,
2060 4005 2309 4074 pandens

723 4100 965 4171 paradisi
1028 4100 1284 4170 januam,
1341 4100 1587 4167 citraque
1641 4114 1803 4153 omne
1850 4097 2306 4167 impedimentum

724 4193 868 4247 inter
902 4192 1116 4247 medios
1157 4190 1438 4246 Cherubin
1483 4190 1783 4253 inducens,
1825 4205 1889 4245 ac
1927 4190 1978 4244 ei
2028 4189 2124 4259 qui
2154 4189 2309 4244 sedet

722 4300 891 4354 super
920 4283 1227 4345 Cherubin,
1257 4282 1427 4336 nullis
1456 4281 1643 4337 verbis
1670 4282 1985 4351 explicabili
2016 4280 2217 4336 ﬁducia
2245 4296 2307 4335 ac

719 4375 1084 4429 exsultatione
1119 4374 1320 4435 sistens
1352 4374 1418 4425 “.

790 4468 1161 4533 Quamobrem
1187 4467 1368 4520 saluto
1401 4475 1452 4520 te
1482 4481 1546 4520 ac
1584 4466 1874 4535 compello,
1916 4465 2167 4519 Animam
2198 4464 2307 4518 sci-

2424 1982 2704 2051 παναγίαν
2736 1982 2916 2054 ψυχὴν
2952 1983 3260 2054 ἐκρότησαν
3287 1982 3673 2046 ἀναλαϐόντες.
3717 1983 3907 2053 ’Δρχαὶ
3932 1982 4015 2045 δὲ,

2425 2075 2755 2141 ἐδόξασασαν
2785 2093 2799 2108 ο
2845 2075 3119 2142 Ἐξουσίαι
3170 2075 3250 2139 δέ,
3300 2074 3560 2143 ὕψωσαν
3618 2076 3887 2144 Δυνάμεις
3930 2075 4013 2136 δὲ,

2423 2168 2767 2240 ἐμεγάλυναν
2794 2183 2807 2197 ⁸
2842 2167 2939 2223 καὶ
2988 2168 3047 2221 αἱ
3095 2168 3438 2239 κυριότητες
3485 2165 3584 2236 μὲν
3613 2165 3971 2232 ἐδεξιώσαντο
3995 2182 4014 2198 ο

2420 2261 2472 2311 σί
2520 2260 2928 2327 παναγέστατοι
2985 2258 3042 2312 δέ
3093 2258 3379 2328 Χερουϐὶμ
3430 2258 3525 2310 καὶ¹
3565 2257 3840 2326 Σεραφὶμ,
3875 2260 4018 2327 μετά

2421 2366 2567 2413 τινος
2608 2350 2884 2426 ἐμμξλοῦς
2914 2349 3174 2414 αἰνέσεως
3205 2352 3301 2403 καὶ
3350 2350 3830 2421 θεοπρεπεστάτης
3875 2352 4015 2421 ὑμν-

2421 2441 2609 2511 ῳδίαις,
2647 2442 2725 2510 τῷ
2790 2442 2982 2512 Κυρίῳ
3018 2439 3243 2495 Σαϐαὼθ
3274 2442 3741 2513 εὑφραινομένην,
3787 2443 3864 2513 τῷ
3911 2444 4018 2511 τῆς

2421 2533 2582 2604 δόξης
2650 2533 3004 2605 παρέστησαν
3071 2535 3369 2605 ὑπερφυῶς
3440 2535 3857 2607 άγαλλιωμένην
3911 2535 4018 2605 βα-

2425 2624 2583 2680 σιλεί.

2490 2717 2709 2788 Ταύτην
2742 2720 2835 2772 καὶ
2864 2722 2896 2788 ἡ
2940 2719 3239 2789 Ἐκκλησία
3270 2722 3570 2790 προσκυνεῖ
3597 2720 3699 2791 τὴν
3743 2720 4015 2791 πλευρὰν,

2422 2810 2515 2863 καὶ
2538 2812 2597 2863 ἐν
2625 2813 2745 2874 ταῖς
2767 2811 3021 2880 σταγόσιν
3050 2812 3218 2881 αὑτῆς
3244 2812 3599 2883 εὐφραίνεται
3617 2813 4012 2867 ἀνατέλλουσα.

2426 2902 2491 2954 ’Ὠ
2522 2901 2753 2972 πλευρὰ,
2776 2902 2854 2973 τῷ
2884 2902 3072 2973 οίκείῳ
3109 2903 3388 2975 τραύματι
3441 2905 3891 2974 τραυματίζουσα
3914 2906 4017 2958 τὸν

2419 2994 2737 3062 τετρωκότα
2770 3011 2784 3025 ·
2813 2994 2996 3065 καὶτῷ
3023 2994 3119 3047 τοῦ
3144 2994 3353 3059 πάθους
3373 2997 3677 3066 μιμήματι,
3707 2994 4017 3059 δοξάζουσα.

2418 3079 2511 3133 τὸν
2540 3080 2967 3151 λελογχευμένον
2998 3082 3137 3152 ὑπὲρ
3188 3082 3313 3137 σοῦι
3352 3082 3592 3153 Πλευρά,
3635 3083 3736 3137 οὑκ
3780 3086 4015 3156 ἀφορμὴ

2423 3172 2790 3244 παραϐάσεως
2837 3174 2915 3244 τῷ
2960 3174 3177 3245 παλαιῷ
3236 3175 3428 3245 Ἀδάμ,
3477 3174 3615 3229 ἀλλὰ
3659 3176 4016 3247 δικαιοσύνης

2416 3265 2669 3330 ὑπόθεσις
2697 3264 2779 3336 τῷ
2811 3265 2983 3333 καινῷ
3012 3267 3379 3338 γεγενημένηί

2486 3356 2555 3413 Ὦ
2582 3360 2749 3429 λόγχη
2780 3362 2793 3413 l
2822 3360 2883 3412 τὸ
2899 3359 3184 3430 ὁρώμενον
3232 3361 3353 3431 μὲν,
3381 3360 3610 3415 θάνατον
3628 3361 4013 3433 ἐργαζομένη·

2413 3452 2474 3506 τὸ
2500 3451 2789 3521 νοούμενον
2814 3451 2895 3518 δὲ,
2921 3453 3011 3505 τὸν
3034 3451 3264 3507 θανόντα
3323 3453 3463 3525 πρὸς
3494 3454 3596 3524 τὴν
3635 3453 3853 3507 αἰώνιον
3884 3455 4013 3507 ὁδο-

2415 3541 2648 3596 ποιοῦσα
2666 3541 2763 3595 καὶ
2795 3539 3173 3611 δορυφοροὺσα
3200 3540 3351 3610 ζωήν
3385 3556 3399 3570 ο
3434 3534 3519 3604 οἷς
3566 3540 3663 3594 καὶ
3705 3540 3880 3611 πικρά
3904 3542 4015 3607 μὲν

2410 3636 2588 3699 δοκεῖς
2607 3636 2720 3699 τοῖς
2750 3633 2994 3699 ἀναξίοις
3021 3650 3034 3664 ’
3073 3633 3240 3705 ⁴ἡδίων
3260 3633 3317 3687 δὲ
3347 3633 3585 3704 μέλιτος,
3614 3632 3693 3704 τῷ
3726 3632 3867 3705 ὑπὲρ
3905 3633 4010 3686 τοῦ

2414 3728 2668 3795 νυγέντος
2720 3729 3050 3797 κεντηθῆναι
3097 3727 3490 3797 κατηξιωμένῳ
3536 3727 3736 3795 Λόγου.
3791 3726 4009 3796 Λόγχη,

2413 3821 2584 3892 θύραν
2614 3821 2712 3890 μὲν
2734 3821 2833 3891 τῆς
2862 3821 2970 3874 ἀπὸ
3000 3821 3095 3874 τοῦ
3128 3819 3382 3890 σώματος
3414 3821 3599 3885 ἐξόδου
3635 3822 3701 3891 τῇ
3733 3818 4013 3889 θεομιμή-

2410 3932 2487 3985 τῳ
2511 3913 2904 3984 τεκταινομένη
2960 3914 3149 3983 ψυχῇ·
3203 3912 3303 3982 τὴν
3356 3910 3531 3981 θύραν
3578 3912 3634 3963 δὲ
3680 3910 3851 3981 ταύτῃ
3903 3911 4010 3964 τοῦ

2414 4005 2743 4079 παραδείσου
2773 4006 3141 4073 διανοίγουςα,
3173 4008 3269 4058 καὶ
3309 4005 3407 4077 τὴν
3434 4004 3693 4073 φλογίνην
3724 4004 4013 4073 ῥομφαίαν

2411 4101 2761 4171 ἐκκρούσασα
2780 4118 2793 4131 ’
2828 4102 2921 4154 καὶ
2950 4102 3039 4156 διά
3064 4102 3175 4153 τῶν
3222 4100 3537 4171 Χερουϐεὶμ
3566 4098 3863 4161 ἀκωλύτως
3887 4099 4014 4149 εἱσι

2410 4196 2641 4262 άγουσα,
2675 4196 2770 4248 καὶ
2812 4194 2889 4264 τῷ
2904 4195 3000 4247 ἐπὶ
3030 4194 3139 4247 τῶν
3174 4193 3487 4264 Χερουϐεὶμ
3524 4192 3665 4262 μετὰ
3688 4192 4012 4262 παρρησίας

2418 4289 2702 4357 ἀφράστου
2726 4288 2820 4341 καὶ
2848 4288 3225 4355 ἀγαλλιάσεως
3254 4288 3630 4356 προσάγουσα.

2482 4468 2790 4538 Τοιγαροῦν
2829 4467 3227 4538 προσαγορεύω
3269 4484 3352 4530 σε,
3397 4468 3495 4534 τὴν
3539 4467 3627 4520 διά
3671 4467 3770 4537 τῆς
3799 4466 4012 4538 λόγχης

722 4563 847 4614 licet
887 4562 1074 4614 lancea
1122 4559 1416 4629 stipatam,
1459 4573 1524 4613 ae
1570 4574 1695 4612 cum
1741 4558 1914 4628 gloria
1954 4572 2016 4611 ac
2055 4557 2303 4611 claritate

2416 4559 2912 4630 δορυφορουμένην,
2964 4558 3060 4612 καὶ
3096 4559 3235 4629 μετά
3280 4558 3437 4625 δόξης
3468 4557 3546 4627 τῷ
3576 4556 3794 4628 Χριστῷ
3824 4575 4009 4627 προσ-

717 4654 945 4708 Christo
979 4653 1239 4707 oblatam.
1274 4653 1385 4707 Ave
1407 4693 1421 4715 ,
1462 4650 1625 4707 Verbi
1654 4650 2106 4722 eloquentissime
2136 4650 2304 4705 disci-

720 4744 868 4812 pule,
895 4743 1125 4812 ejusque
1146 4757 1375 4811 operum
1407 4742 1649 4796 imitator
1676 4741 2089 4806 strenuissime;
2119 4739 2301 4794 Evan-

716 4836 957 4905 geliique
992 4834 1401 4888 ferventissime
1436 4833 1854 4903 adimpletione,
1893 4847 1958 4887 ac
1992 4832 2305 4902 peragendo

717 4928 863 4998 quod
898 4928 953 4982 in
984 4927 1259 4981 mandatis
1287 4929 1359 4981 sit
1390 4926 1799 4995 prohatissime.
1834 4924 1994 4981 Salve
2027 4925 2124 4988 sis,
2153 4924 2302 4995 quod

716 5037 840 5074 eum
897 5020 1161 5089 magistro
1221 5019 1361 5072 mori
1420 5018 1770 5088 percupiisti;
1825 5031 1928 5073 nec
1972 5016 2297 5087 percupiisti

717 5114 916 5178 solum,
961 5112 1055 5166 sed
1102 5119 1161 5166 et
1199 5110 1613 5180 condiscipulos
1656 5123 1851 5180 magna
1900 5108 1968 5163 ad
2013 5109 2117 5164 hoc
2167 5123 2302 5164 voce

715 5207 1038 5260 cohortatus
1070 5220 1132 5261 es
1167 5213 1223 5259 et
1271 5204 1539 5274 impulisti
1566 5206 1652 5258 "2
1697 5218 1801 5258 nec
1845 5202 1901 5257 id
1943 5202 2129 5258 verbis
2159 5202 2302 5258 dun-

716 5303 892 5358 taxat,
928 5296 1023 5350 sed
1060 5296 1245 5350 multis
1283 5310 1385 5364 pro
1428 5296 1522 5349 illo
1560 5295 1884 5367 perfunctus
1924 5295 2207 5351 laboribus
2236 5310 2300 5350 ac

716 5390 999 5459 periculis,
1036 5404 1145 5458 quo
1173 5390 1431 5446 alacritas
1455 5390 1625 5445 animi
1656 5390 1908 5456 vocabat,
1940 5390 2295 5460 postmodum

715 5482 895 5552 reipsa
920 5481 1176 5536 eﬂ'ecisti.

785 5575 947 5629 Salve
992 5573 1092 5639 sis,
1146 5572 1291 5643 quod
1336 5583 1391 5627 et
1438 5574 1902 5628 resurrectionem
1929 5587 2041 5642 prae
2082 5573 2297 5627 caneris

712 5670 987 5725 curiosius
1012 5668 1280 5737 inquiris;
1310 5682 1417 5721 non
1454 5668 1569 5737 ipse
1599 5667 1696 5720 tibi
1722 5666 1916 5736 magis,
1956 5681 2119 5737 quam
2160 5682 2295 5721 con-

781 5853 824 5885 ’°
850 5855 992 5909 Psal.
1031 5870 1197 5921 Χινιι,
1228 5855 1278 5906 7.

1359 5857 1396 5883 δ’
1434 5856 1570 5907 (jcn.
1601 5870 1674 5916 ιιι,
1705 5854 1809 5919 2i;
1848 5852 1987 5908 [’sal.
2026 5869 2202 5919 [\MX,
2237 5854 2322 5908 98.

2403 4653 2818 4722 αναφερομένην
2862 4652 3063 4721 ψυχήν.
3119 4652 3313 4721 Χαῖρε,
3346 4652 3440 4703 τοῦ
3488 4652 3665 4719 Λόγου
3698 4650 4008 4720 λογιώτατε

2407 4743 2645 4815 μαθητὰ,
2675 4746 2767 4799 καὶ
2804 4745 2915 4798 τῶν
2957 4745 3136 4813 ἔργων
3201 4743 3369 4797 αὑτοῦ
3430 4744 3854 4815 πρακτικώτατε
3910 4764 4011 4815 μι-

2407 4839 2583 4907 μητά·
2617 4840 2713 4891 καὶ
2744 4838 2842 4891 τοῦ
2867 4838 3204 4906 Εὑαγγελίου
3245 4836 3550 4909 θερμότατε
3587 4838 3870 4907 πληρωτά,
3902 4840 4011 4893 καὶ

2403 4932 2503 4999 τῆς
2530 4931 2753 5001 ἐντολῆς
2775 4929 3121 5002 δοκιμώτατε
3148 4929 3435 4983 τελειωτά.
3473 4931 3668 5000 Χαῖρε,
3698 4931 3781 4983 ὅτι
3798 4930 3994 4984 ἐπεθύ-

2410 5036 2590 5089 μησας
2615 5018 2694 5091 τῷ
2729 5020 3040 5090 διδασκάλῳ
3073 5021 3472 5075 συναποθανεῖν
3500 5038 3514 5052 ·
3543 5023 3637 5074 καὶ
3674 5022 3775 5075 οὐκ
3799 5022 4011 5076 ἐπεθύο

2410 5130 2592 5185 μησας
2624 5114 2808 5185 μόνον,
2834 5113 2974 5167 ἀλλά
3026 5115 3122 5169 καὶ
3161 5115 3289 5177 τοὺς
3324 5114 3578 5185 μαθητάς
3601 5115 3680 5177 είς
3697 5113 3859 5168 τοῦτο
3896 5132 4009 5184 με-

2401 5206 2737 5277 γαλοφὼνως
2792 5208 3139 5279 προέτρεψας
3202 5208 3299 5261 καὶ
3350 5209 3759 5279 παρώτρυνας·
3795 5208 3885 5262 καί
3936 5211 4009 5264 οὑ

2400 5299 2581 5370 λόγοις
2615 5301 2801 5372 μόνον,
2852 5300 2990 5355 ἀλλά
3042 5300 3181 5371 μετά
3216 5299 3447 5365 πολλοὺς
3476 5301 3618 5371 ὑπὲρ
3664 5301 3873 5356 ἐκείνου
3903 5302 4009 5357 πό-

2400 5412 2524 5459 νους
2550 5397 2646 5448 καὶ
2666 5393 2968 5463 κινδύνους,
3002 5395 3230 5465 ὔστερον
3253 5396 3347 5449 καὶ
3381 5396 3495 5459 τοῖς
3527 5394 3711 5467 ἔργοις
3765 5396 4007 5451 ἐκτετέ-

2400 5487 2566 5551 λεκας
2595 5489 2695 5559 τὴν
2722 5490 3052 5560 προθυμίαν.

2471 5581 2663 5650 Χαῖρε,
2708 5581 2790 5633 ὅτι
2823 5584 2917 5635 καὶ
2954 5581 3053 5654 τὴν
3077 5582 3379 5637 ἀνάστασιν
3437 5581 3581 5654 ὑπὲρ
3638 5583 3765 5647 τοὺς
3794 5579 4008 5646 ἄλλους

2402 5672 2880 5742 πολυπραγμονεῖς
2909 5692 2922 5705 ·
2952 5676 3013 5729 οὑ
3060 5676 3263 5740 μᾶλλον
3301 5676 3503 5747 ἐαυτῷ,
3540 5677 3574 5747 ἢ
3602 5678 3718 5740 τοῖς
3773 5691 3975 5748 συμμα

2399 5854 2626 5909 ς¹.1‹).ιιι.
2659 5872 2731 5917 xl,
2775 5856 2860 5908 16.
