4192 6424
190 358 275 421 145

902 360 1181 419 ORATIO
1221 362 1467 422 νΙΙΙ.--
1504 364 1579 423 ΙΝ
1627 365 1935 424 LAUDEM
1976 369 2033 424 ὃ.
2074 368 2325 427 .IACOBI
2373 371 2689 431 ALI‘llel.

3315 371 3415 438 146

188 470 392 538 θηταῖς·
429 467 549 520 οὐδὲ
586 468 796 531 τούτοις
850 469 1049 537 μᾶλλον
1074 512 1087 532 ,
1120 471 1151 540 ἦ
1187 473 1352 526 add»;
1397 472 1625 537 ἔθνεσιν,
1680 476 1740 527 τὸ

1853 476 2164 543 discipulis;
2204 497 2269 534 ac
2301 496 2402 535 nec
2443 482 2529 537 his
2573 482 2765 551 magis,
2811 497 2975 551 quam
3012 482 3269 553 gentibus
3298 486 3417 539 uni.

192 559 315 626 μέγα
355 574 515 609 τουτο
538 559 834 626 μυστήριον
870 561 934 628 τῇ
967 559 1469 633 πολυπραγμοσύνῃ
1488 561 1741 631 βεϐαιού-

190 665 331 716 μενος
363 666 376 679 ·
410 652 501 700 καὶ
539 648 639 716 τὴν
666 650 918 702 ὑπόνοιαν
953 653 1051 721 τῆς
1077 655 1375 718 φαντασίας
1425 653 1740 723 διορθούμε-

188 755 283 800 νος,
308 741 400 790 καὶ¹
456 739 562 790 τῶν
603 740 869 793 Ἰουδαίων
895 741 993 811 τὴν
1021 743 1300 798 ἀπείθειαν
1338 745 1738 816 ὲπιρραπίζων,

191 832 271 882 καὶ
304 832 401 900 τὴν
439 831 548 884 τῶν
584 833 875 900 αίρετικῶν
925 834 1240 889 ἐπικόπτων
1290 836 1738 907 φρενοόλάϐειαν,

190 924 271 977 καὶ
302 925 435 977 πᾶσι
477 925 577 995 τὴν
614 925 784 996 όρθὴν
821 927 915 981 κα)⁸
955 926 1260 999 ἀμώμητον
1288 929 1473 983 πίστιν
1499 929 1740 1002 ἀναμφί-

190 1016 359 1069 λεκτον
388 1017 678 1072 ὁδοποιῶν.

248 1111 435 1180 Χαῖρε,
470 1112 553 1165 ὅτι
578 1112 919 1183 μεγαλοφυΐα
938 1113 1140 1185 ψυχῆς,
1164 1115 1258 1168 καὶ
1276 1115 1562 1187 περιουσίᾳ
1580 1118 1741 1170 πνεύ-

191 1221 340 1272 ματος
368 1204 675 1275 δυνάμεως,
701 1210 813 1271 τοῖς
853 1206 1047 1275 μέλασι
1074 1207 1174 1278 μὲν
1197 1208 1259 1260 τὸ
1299 1210 1479 1280 σῶμα,
1512 1210 1743 1279 μελανοο

189 1296 346 1364 τέροις
361 1297 419 1349 δὲ
442 1296 606 1365 ζόφου
626 1299 725 1368 τὴν
735 1298 914 1369 ψυχὴν
935 1299 1736 1372 προσεγγίσαικατετόλμησας·

190 1390 268 1441 καὶ
285 1390 511 1453 τούτοις,
538 1390 601 1443 τὸ
632 1390 788 1461 σῶμα
821 1392 916 1460 μὲν
939 1392 1041 1446 οὐκ
1072 1390 1368 1457 ὲλεύκανας
1396 1409 1411 1423 ο
1445 1392 1586 1448 διατί
1609 1394 1740 1464 γάρ;

188 1482 324 1549 ἡλίου
380 1482 443 1535 δὲ
492 1483 817 1552 λευκοτέραν
862 1484 897 1553 ἢ
947 1486 1407 1557 φωτοειδεστέραν
1459 1489 1742 1558 ἀπέφηνας

186 1571 272 1633 τὴν
293 1568 492 1637 ψυχήν·
528 1565 595 1640 ἧς
624 1570 784 1638 δῆλον
810 1572 891 1624 ὅτι
938 1572 1109 1642 μόνης
1138 1574 1293 1643 χρεία
1314 1574 1391 1645 τῷ
1408 1576 1639 1647 Σωτῆρι.
1666 1578 1741 1630 Οὐ

188 1655 281 1723 γὰρ
300 1656 563 1723 σωμάτων
588 1656 917 1726 εὐπρεπείας
949 1658 1188 1728 (φθαρτά
1213 1658 1367 1730 γὰρ),
1393 1661 1529 1716 ἀλλά
1555 1663 1743 1732 ψυχῶν

188 1748 511 1815 ὡραιότητπ
540 1748 849 1817 (ἄφθαρτος
887 1751 992 1820 γὰρ
1016 1751 1056 1816 ),
1091 1753 1119 1803 ό
1160 1752 1453 1823 φιλόψυχος
1509 1755 1739 1823 νυμφίος

1842 569 2040 627 versis,
2086 573 2305 624 curiosa
2350 572 2604 643 indagine
2641 588 2896 643 magnum
2940 575 3045 629 hoc
3093 575 3413 645 mysterium

1845 661 2069 719 astruis.
2098 662 2414 730 speetrique
2438 664 2809 732 suspicionem
2838 679 2901 717 ac
2933 663 3109 718 inanis
3133 665 3232 717 visi
3263 681 3414 719 amo-

1844 750 2003 814 liris;
2047 752 2475 823 Judaaorumque
2522 754 2963 810 incredulitatem
3018 757 3303 820 convellis,
3353 774 3416 811 ac

1844 841 2226 898 haereticorum
2260 843 2594 899 dementiam
2623 846 2937 911 exscindis;
2970 848 3295 917 cunctisque
3316 849 3414 901 de-

1843 948 1993 987 mum
2053 944 2254 989 rectam
2306 949 2371 990 ac
2422 934 2753 1005 inculpatam
2818 935 2979 990 fidem
3032 938 3180 991 omni
3246 937 3415 992 dubio

1842 1025 2059 1081 eximis.

1917 1116 2077 1172 Salve
2103 1117 2201 1181 sis,
2245 1117 2393 1188 quod
2429 1119 2718 1191 magniﬁca
2744 1122 2910 1177 animi
2944 1122 3127 1176 indole
3164 1137 3229 1177 ac
3256 1121 3419 1190 spiri-

1845 1216 1935 1261 tus
1960 1206 2303 1263 fortitudinis
2322 1210 2681 1276 abundantia,
2711 1212 2899 1282 nigros
2934 1228 3188 1282 corpore,
3224 1214 3419 1267 animi-

1845 1314 1952 1367 que
1985 1300 2219 1369 caligine
2259 1299 2534 1371 nigriores
2566 1304 2832 1359 accedere
2878 1319 3046 1359 ausus
3090 1312 3193 1358 est.
3239 1305 3418 1371 Atque

1846 1390 1931 1446 his
1952 1392 2176 1461 quidem
2206 1406 2409 1461 corpus
2429 1394 2668 1448 candore
2691 1411 2801 1450 non
2837 1396 3059 1451 mutasti
3095 1395 3247 1465 (quid
3272 1396 3419 1449 enim

1846 1484 2194 1550 intererat?),
2226 1484 2411 1540 atsole
2430 1485 2804 1541 candidiorem
2834 1488 3266 1556 lucidioremque
3298 1485 3419 1541 ani-

1846 1592 1986 1630 mam
2038 1576 2360 1640 reddidisti;
2395 1593 2501 1646 qua
2536 1578 2800 1632 nimirum
2853 1594 2960 1632 una
3000 1578 3248 1632 Salvator
3282 1592 3421 1645 opus

1846 1669 2029 1722 habet.
2078 1669 2195 1721 Non
2235 1668 2381 1721 enim
2433 1668 2681 1736 Sponsus
2716 1668 2806 1722 ille
2857 1668 3163 1721 animorum
3205 1682 3417 1729 amans,

1845 1776 2137 1829 corporum
2170 1760 2384 1829 deperit
2412 1768 2754 1814 venustatem
2780 1760 3001 1829 (quippe
3028 1775 3150 1813 cum
3182 1759 3270 1812 illa
3298 1774 3421 1812 cor-

187 1842 295 1911 ὲρᾷ.
340 1836 441 1893 Ὧν
488 1842 670 1906 αὐτὸς,
713 1836 759 1895 ὧ
812 1844 1145 1912 νυμφοστόλε
1186 1846 1280 1899 καὶ
1348 1848 1599 1917 ἀρμοστά
1646 1849 1740 1902 τοῦ

1853 1853 2088 1921 ruptioui
2138 1852 2375 1906 obnoxia
2425 1853 2579 1919 sint),
2630 1854 2724 1906 sed
2759 1854 3066 1906 animorum
3120 1852 3416 1913 decorem,

188 1934 362 1999 Λόγου,
410 1936 481 2004 τῇ
546 1935 790 2005 μαχαίρᾳ
834 1936 928 1988 τοῦ
983 1938 1297 2007 Πνεύματος
1344 1940 1441 2011 τὴν
1507 1941 1742 2012 ψυχικὴν

187 2026 442 2095 ἀμορφίαν
482 2029 576 2081 καὶ
612 2028 871 2097 μελανίαν
923 2031 1222 2097 ἀποξύσας,
1270 2035 1389 2097 ταῖς
1447 2035 1629 2088 ἀκτῖσι
1685 2036 1742 2089 δὲ

192 2119 269 2183 τῆς
295 2119 515 2187 χάριτος
553 2122 927 2190 περιαυγάσας
967 2140 983 2156 ⁸
1034 2124 1127 2178 καὶ
1149 2119 1238 2177 οἷα
1265 2125 1562 2198 δευσοποιῷ
1596 2128 1741 2199 βαφῇ

192 2210 241 2277 τῇ
274 2208 454 2261 πίστει
480 2210 715 2279 Χριστοῦ
755 2214 851 2264 καὶ
883 2214 949 2283 τῇ
982 2213 1173 2285 ἀγάπῃ
1226 2216 1608 2285 καταχρώσας,
1651 2221 1745 2272 καὶ

191 2295 369 2362 coepto;
410 2298 841 2364 καταλευκάνας,
878 2301 1209 2371 εὐπρέπειάν
1237 2320 1358 2356 τινα
1388 2306 1615 2370 τούτοις,
1652 2310 1746 2362 καὶ

186 2388 259 2440 διὰ
296 2388 403 2441 τῶν
445 2391 659 2459 ἀρετῶν
695 2396 961 2463 μυστικὴν
998 2395 1384 2465 ἐνεμόρφωσας
1436 2399 1701 2470 καλλονήν
1728 2419 1740 2432 ·

187 2482 267 2535 καὶ
313 2483 572 2537 τοσοῦτον
618 2487 800 2551 αὐτοῖς
836 2488 935 2558 τὴν
980 2491 1175 2561 νοεράν
1218 2491 1528 2560 εὐμορφίαν
1563 2494 1742 2561 ἐφιλο-

193 2577 381 2644 ειμήσω
411 2580 536 2636 ταῖς
559 2578 645 2631 διὰ
669 2580 763 2632 τοῦ
797 2581 1113 2650 Πνεύματος
1148 2585 1505 2653 ἐπιμελείαις,
1545 2587 1619 2651 ὡς
1653 2589 1746 2641 καὶ

186 2668 254 2727 εἰς
289 2668 617 2739 Ἐκκλησίας
644 2672 927 2742 ἀμώμους,
958 2673 1120 2742 ἁγίας
1140 2675 1233 2729 καὶ
1258 2676 1552 2747 ἀγαπητὰς
1578 2696 1749 2734 κατα-

186 2762 355 2827 στῆναι
376 2761 630 2831 Χριστῷ-

242 2939 408 3010 Χατρέ
443 2958 563 3009 μοι,
590 2943 680 2995 καὶ
711 2942 929 3013 σκίρτα,
975 2944 1067 2997 καὶ
1093 2945 1309 3015 χόρευε,
1332 2949 1747 3019 τρισμακαριώ-

184 3047 294 3084 τατε
319 3034 515 3103 Θωμᾶ,
539 3035 650 3087 τῶν
682 3036 855 3103 ἁγίων
887 3037 945 3089 τὸ
974 3037 1422 3109 ἐγκαλλώπισμα,
1471 3040 1579 3093 τῶν
1608 3042 1745 3094 ἀπο-

1844 1944 2047 2013 quippe
2087 1943 2180 2012 qui
2214 1944 2282 1999 ab
2321 1944 2412 1997 illa
2440 1944 2712 1998 immunes
2740 1958 2803 1997 ac
2841 1942 3000 1997 liberi
3038 1942 3166 1996 sint.
3212 1942 3417 1996 Horum

1850 2049 1928 2096 tu.
1958 2035 2120 2091 Verbi
2155 2052 2358 2106 auspex
2396 2051 2459 2090 ac
2491 2036 2766 2106 pronubcl
2824 2036 2903 2089 sic
2946 2036 3143 2089 animis
3188 2049 3416 2088 concre-

1851 2140 1956 2183 tam
1996 2129 2398 2183 deformitatem
2447 2144 2512 2182 ac
2557 2129 2896 2197 nigredincm
2950 2126 3131 2195 gladio
3182 2128 3420 2196 Spiritus

1847 2223 2139 2285 abradens,
2180 2222 2476 2292 gratiaque
2536 2221 2702 2274 radiis
2746 2221 3105 2283 collustrans,
3163 2235 3225 2272 ac
3274 2220 3423 2273 velut

1849 2312 2127 2367 indelebili
2153 2312 2391 2365 tinctura
2414 2310 2618 2364 Christi
2654 2309 2759 2364 ﬁde
2791 2327 2853 2364 ac
2878 2310 3174 2364 dilectione
3197 2310 3303 2364 alte
3330 2310 3424 2363 im-

1848 2408 2042 2467 buens,
2065 2414 2357 2474 menteque
2389 2405 2652 2460 dealbans
2682 2422 2744 2459 ac
2771 2407 3068 2459 candorem
3095 2405 3419 2464 concilians,

1847 2501 2139 2570 quamdam
2190 2499 2271 2552 eis
2309 2506 2673 2560 venustatem,
2715 2513 2779 2551 ac
2836 2499 3119 2568 mysticam
3159 2497 3421 2551 virtutum

1848 2594 1999 2647 cultu
2067 2592 2459 2646 consistentem
2530 2589 2999 2657 pulchritudinem
3072 2588 3422 2643 informasti:

1852 2687 2176 2749 tantumque
2208 2680 2290 2734 eis
2321 2678 2490 2733 animi
2539 2678 2793 2732 decorem
2841 2694 2905 2732 ac
2938 2678 3150 2739 ﬂorem,
3185 2678 3425 2747 Spiritus

1850 2769 2001 2824 curis
2021 2768 2314 2831 accurasti,
2340 2776 2401 2821 ut
2429 2776 2483 2822 ct
2504 2767 2763 2823 Ecclesiae
2785 2767 3169 2831 immaculatze,
3197 2776 3422 2827 sanetae,

1848 2861 2183 2930 Christoque
2213 2859 2553 2914 charissima:
2585 2857 2975 2912 conflarentur.

1918 2953 2079 3008 Salve
2102 2953 2198 3016 sis,
2230 2953 2443 3007 exsulta
2467 2958 2523 3005 et
2548 2951 2749 3005 choros
2767 2950 2976 3013 ducito,
2999 2960 3082 3004 ter
3112 2949 3427 3003 beatissime

1853 3045 2084 3108 Thema,
2111 3054 2425 3100 sanctorum
2456 3044 2651 3113 gloria,
2685 3044 3061 3113 apostolorum
3091 3042 3427 3096 suavissian

187 3126 373 3178 στόλων
424 3128 493 3180 τὸ
545 3128 881 3198 γλύκασμα,
931 3131 990 3183 τὸ
1028 3130 1285 3201 ὡράῖσμα
1339 3132 1448 3186 τῶν
1481 3133 1750 3202 οὐρανίων

1853 3137 2085 3201 delicire,
2118 3137 2424 3191 caelestium
2458 3135 2723 3190 mentium
2748 3134 3072 3203 praeclarum
3104 3137 3294 3194 decus,
3325 3133 3428 3186 Ec-

184 3214 322 3279 υόων,
355 3217 419 3270 τὸ
460 3217 566 3286 τῆς
606 3219 929 3289 Ἐκκλησίας
958 3220 1319 3292 περιπόθητον
1347 3221 1619 3292 ἄκουσμα,
1646 3241 1746 3276 πε-

182 3309 428 3377 ρίπυστον
453 3311 702 3381 λάλημα.
733 3313 923 3381 Χαῖρε,
948 3313 1041 3366 τοῦ
1090 3314 1297 3383 Κυρίου
1329 3314 1645 3384 [Ινεύματος
1687 3316 1749 3369 τὸ

182 3402 589 3469 παναγέστατον
637 3406 924 3473 σκήνωμα,
990 3406 1084 3459 τοῦ
1136 3407 1374 3478 Χριστοῦ
1440 3409 1617 3477 Ἰησοῦ
1690 3411 1751 3463 τὸ

183 3492 441 3563 φύτευμα,
482 3496 584 3549 καὶ
613 3498 710 3566 τῆς
734 3496 1007 3565 βασιλείας
1035 3497 1275 3568 διάδημα
1304 3517 1317 3529 ·
1349 3500 1443 3553 τοῦ
1477 3501 1614 3555 Θεοῦ
1654 3504 1751 3556 καὶ

182 3587 379 3656 nam;
408 3589 473 3641 τὸ
501 3588 870 3658 εύλογημὲνον
891 3592 985 3642 καὶ
1020 3591 1240 3661 σπέρμα
1263 3593 1355 3645 καὶ
1403 3593 1613 3659 τέκνον,
1656 3597 1752 3649 καὶ

180 3679 295 3748 ὅλης
322 3681 672 3750 κληρονόμον
698 3681 796 3749 τῆς
851 3682 1204 3753 ἀγαθότητοςο
1248 3678 1317 3756 ἧς
1359 3686 1453 3738 καὶ
1508 3688 1680 3756 ἡμᾶς,
1709 3682 1753 3741 ὦ

180 3775 267 3840 τῆς
298 3773 638 3844 ἀξιαρχικῆς
676 3774 903 3842 Τριάδος
936 3775 1437 3846 ἁγιοπρεπέστατον
1483 3780 1752 3850 ἁγιαστή-

182 3883 318 3934 ριον,
373 3868 650 3937 μετόχους
679 3869 1257 3939 κατασκευασάμενος,
1327 3873 1420 3925 καὶ
1465 3877 1755 3938 κοινωνοὺς

180 3961 531 4030 παραλαϐὼν,
574 3964 672 4016 σὺν
709 3963 792 4015 σοὶ
827 3962 1070 4029 δοξάζειν
1104 3964 1199 4017 καὶ
1226 3965 1395 4018 αίνεῖν
1418 3967 1757 4031 καταξίωσον

178 4056 260 4106 τὶν
292 4056 518 4125 Πατέρα
544 4056 644 4108 καὶ
696 4055 786 4108 τὸν
806 4056 933 4108 Υίὸν
962 4057 1056 4108 καὶ
1105 4056 1168 4110 τὸ
1208 4057 1364 4125 ἆγιον
1396 4057 1638 4127 Πνεῦμα,
1662 4059 1759 4113 νῦν

181 4143 265 4195 καὶ
288 4144 397 4209 ἀεὶ,
424 4145 526 4197 καὶ
558 4144 642 4207 είς
669 4144 795 4206 τοὺς
822 4144 1025 4209 αἰῶνας
1044 4144 1154 4198 τῶν
1183 4146 1413 4200 αἰώνων.
1455 4147 1647 4217 Ἀμήν.

796 4278 1015 4331 ΛΟΓΟΣ
1054 4278 1136 4332 H'.

182 4394 272 4458 Εἰς
296 4392 405 4446 τὸν
430 4391 625 4462 ἄτιον
646 4391 741 4445 καὶ
758 4394 1155 4461 πανεύερημον
1184 4394 1533 4449 ἀπόστολον
1558 4395 1757 4451 Ἰάκω-

527 4464 645 4515 ϐον
668 4464 776 4514 τὸν
802 4462 908 4515 τοῦ
946 4464 1223 4533 Ἁλφαίου
1263 4467 1395 4535 (24).

241 4577 377 4641 Χθὲς
408 4577 512 4631 καὶ
546 4576 747 4647 πρώην
780 4579 809 4630 ό
843 4577 1262 4649 μακαριώτατος
1294 4580 1403 4633 τῶν
1443 4582 1755 4636 ἀποστόλων

180 4668 386 4737 Θωμᾶς,
437 4669 561 4723 τῶν
597 4667 764 4722 αὐτοῦ
797 4668 1135 4740 παθημάτων
1176 4671 1269 4723 καὶ
1314 4670 1412 4740 τῆς
1445 4672 1759 4737 ἀναλύσεως

241 4823 347 4895 (34)
373 4824 481 4880 Diu
515 4832 613 4879 est
634 4840 702 4879 ex
718 4839 827 4895 quo
854 4824 988 4878 mihi
1021 4825 1194 4890 visus,
1224 4825 1597 4881 dulcissimam
1627 4827 1762 4880 mihi

184 4894 281 4948 rem
307 4911 369 4949 ac
406 4911 627 4950 nomen
680 4894 1188 4965 serioivindicasse,
1242 4895 1506 4950 Iacobum
1552 4898 1760 4965 Alphrei

184 4968 478 5031 apostolum
517 4964 701 5034 primi
727 4963 941 5035 ordinis
992 4980 1277 5035 unumque
1326 4982 1359 5021 e
1419 4963 1713 5021 duodecim
1744 5010 1758 5030 ,

184 5045 443 5105 expuncto
478 5051 553 5090 ex
582 5050 784 5089 eorum
816 5034 943 5089 albo
969 5075 983 5097 ,
1010 5104 1013 5105 ν
1037 5035 1131 5104 qui
1171 5034 1316 5090 unus
1343 5052 1374 5089 e
1408 5036 1760 5105 septuaginta

185 5104 385 5159 duobus
414 5116 474 5160 et
509 5106 640 5175 fere
668 5105 723 5157 in
753 5106 836 5159 eis
859 5146 874 5167 .
907 5104 1281 5175 antistitisque
1338 5121 1566 5161 munere
1606 5104 1760 5175 prin-

187 5191 299 5244 rcps
326 5175 574 5230 Iacobus
596 5174 829 5243 .Iosephi
855 5175 1001 5228 lilius
1031 5175 1112 5241 (ut
1151 5174 1311 5229 vecat
1360 5176 1580 5230 Nicetas
1608 5174 1764 5230 more

188 5248 436 5315 majorum
470 5287 485 5307 ,
520 5260 714 5313 exque
741 5254 993 5315 veterum
1024 5245 1304 5299 communi
1345 5246 1642 5312 sententia)
1672 5246 1765 5315 qui

187 5324 233 5367 et
278 5318 589 5383 θεάδελφος
678 5316 761 5383 (ut
823 5314 989 5368 iidem
1058 5323 1302 5376 vocant,
1360 5316 1482 5369 aliis
1546 5314 1770 5383 ἁδελῲό-

190 5384 314 5451 θεος)
348 5388 571 5455 primus
597 5399 798 5439 eorum
831 5384 1027 5455 quiab
1050 5386 1316 5455 apostolis
1344 5386 1583 5440 ordinati
1615 5395 1768 5450 sunt,

191 5469 284 5507 non
312 5454 402 5523 qui
427 5472 458 5509 a
488 5455 754 5513 Christo.
781 5463 843 5509 ut
871 5454 1006 5508 scite
1030 5454 1221 5510 Anast.
1250 5455 1512 5510 Biblioth.
1540 5457 1594 5510 in
1622 5457 1768 5510 notis

192 5525 247 5577 ad
272 5526 398 5580 Acta
432 5543 532 5580 vni
570 5525 800 5596 synodi,
839 5534 952 5579 act.
990 5526 1038 5589 l,
1068 5535 1444 5596 consentanee
1477 5525 1767 5588 Anacleto,

194 5595 359 5677 quinm
388 5598 515 5677 ejus
555 5595 923 5676 ordinatione
964 5595 1234 5677 traditam
1266 5597 1494 5677 reliquis
1542 5595 1771 5677 formam

195 5664 546 5734 ordinationis
578 5664 837 5734 episcopi
872 5703 887 5725 ,
920 5675 981 5717 ut
1015 5666 1235 5719 nonnisi
1273 5681 1303 5719 a
1336 5664 1519 5720 tribus
1553 5666 1643 5719 ﬁat
1676 5682 1770 5717 or-

197 5733 519 5804 dinantibus,
545 5733 750 5797 Petro,
782 5734 986 5789 Iacobo
1015 5746 1072 5790 et
1092 5735 1325 5797 Joanne,
1369 5737 1538 5789 tradit
1572 5754 1583 5788 :
1614 5734 1775 5804 quid-

201 5806 313 5873 quid
336 5807 402 5863 ad
441 5822 580 5864 cum
635 5814 873 5862 ventose
902 5804 1091 5863 Lorin.
1118 5806 1173 5861 in
1204 5806 1327 5861 Act.
1359 5807 1733 5877 apostolorum
1763 5844 1777 5873 ,

1855 3228 2035 3283 clesia:
2083 3224 2549 3280 desideratissima
2622 3224 2854 3287 auditio,
2894 3224 3037 3278 clara
3086 3223 3429 3292 celebrisque

1856 3320 2101 3374 narratio
2126 3333 2190 3373 ac
2219 3333 2424 3373 sermo.
2475 3317 2633 3372 Salve
2676 3317 2771 3381 sis,
2804 3316 3019 3370 Domini
3055 3315 3295 3384 Spiritus
3326 3330 3429 3384 pu-

1859 3409 2136 3463 rissimum
2182 3407 2621 3470 tabernaculum,
2663 3406 2867 3461 Christi
2902 3406 3031 3461 Jesu
3062 3404 3327 3475 plantatio
3367 3418 3432 3459 ac

1858 3502 2014 3571 regni
2046 3502 2296 3557 diadema
2326 3519 2338 3554 :
2372 3500 2467 3555 Dei
2492 3515 2556 3555 ac
2586 3500 2763 3554 Patris
2796 3499 3147 3554 benedictum
3187 3508 3301 3550 tum
3341 3514 3428 3549 se-

1860 3610 2009 3660 men,
2047 3602 2160 3648 tum
2190 3593 2334 3648 ﬁlius
2373 3608 2437 3647 ac
2462 3595 2662 3662 proles,
2705 3592 2995 3660 omnisque
3034 3591 3299 3644 bonitatis
3328 3590 3429 3643 hae-

1862 3701 1951 3740 res
1993 3705 2004 3739 :
2057 3686 2215 3755 cujus
2270 3700 2372 3739 nos
2418 3700 2675 3753 quoque,
2721 3698 2754 3737 ο
2806 3684 3079 3753 primaeva:
3130 3681 3433 3736 sanctitatis

1862 3778 2147 3833 Trinitatis
2170 3777 2600 3846 locupletissimo
2613 3791 2661 3829 ιιι
2694 3776 3066 3830 sanctuarium
3087 3775 3101 3828 l
3141 3774 3433 3843 participes

1864 3870 2070 3926 faciens
2092 3886 2157 3925 ac
2183 3878 2466 3925 consortes
2493 3884 2799 3935 assumens,
2846 3868 3069 3938 dignare
3100 3876 3274 3921 tecum
3316 3867 3432 3936 glo-

1865 3964 2078 4018 rilicare
2110 3972 2275 4032 atque
2308 3961 2553 4026 laudare,
2586 3962 2800 4016 Patrem
2836 3968 2892 4013 et
2938 3958 3134 4012 Filiqu
3169 3967 3225 4011 ct
3261 3956 3433 4026 Spiri-

1866 4066 1983 4110 tum
2006 4065 2280 4120 sanctum,
2322 4069 2473 4110 nunc
2498 4062 2555 4109 et
2585 4068 2825 4123 semper,
2860 4059 2916 4106 et
2949 4051 3003 4106 in
3028 4050 3225 4107 szecula
3267 4064 3433 4104 saecu-

1865 4146 2068 4201 lorum.
2098 4144 2293 4200 Amen.

2442 4282 2698 4338 ORATIO
2737 4283 2869 4337 VIII.

1938 4398 2199 4453 Luudatio
2229 4399 2397 4451 sancti
2431 4414 2491 4450 ac
2525 4396 2921 4519 cclcb;'altissirni
2958 4393 3138 4449 Jacobi
3168 4392 3373 4463 ΑίρΙιιεὶ

2535 4482 2661 4519 avos
2688 4484 2716 4519 ο
2743 4484 2776 4519 ι.

2535 4482 2776 4535 αροδιοιι.

1931 4580 2061 4634 Heri
2093 4579 2403 4648 nudiusque
2430 4578 2631 4633 tertius
2669 4577 3045 4647 apostolorum
3093 4574 3443 4630 beatissimus

1868 4673 2128 4737 Tlmrnas,
2168 4687 2391 4727 suarum
2426 4669 2741 4740 passionum
2782 4684 2847 4724 ac
2890 4668 3236 4739 nnigrationis
3258 4667 3443 4721 oblata

1872 4828 2078 4882 (ἔπεσθε
2108 4842 2211 4879 non
2240 4840 2436 4880 moror.
2463 4824 2620 4878 Esset
2648 4831 2831 4877 actum
2865 4837 3064 4893 agere,
3113 4820 3271 4893 plura
3312 4835 3435 4893 conj

1872 4898 2017 4951 ferre
2056 4896 2123 4949 ad
2154 4911 2218 4950 ea
2245 4910 2369 4964 quae
2401 4894 2533 4947 mihi
2564 4894 2834 4964 producta
2879 4890 3031 4964 sunt
3053 4890 3125 4964 in
3157 4890 3441 4964 Ilippolyti

1873 4965 2127 5035 Synopsi,
2156 4981 2214 5018 n.
2237 4960 2291 5029 θ,
2345 4980 2468 5034 quae
2512 4960 2646 5017 mihi
2675 4973 2793 5035 rata
2822 4963 2970 5024 volo,
3004 4960 3442 5035 debuissentque

1869 5032 2052 5091 :einul'i
2082 5036 2321 5099 elevare,
2340 5032 2740 5089 a'utcontrariis
2772 5032 3066 5086 momentis
3083 5040 3446 5097 veterumque

1871 5104 2292 5160 auctoritatibus
2315 5104 2649 5168 convellere,
2677 5118 2875 5171 meque
2906 5102 3123 5155 illorum
3158 5100 3445 5153 sententia’

1867 5177 2154 5231 veritatem
2191 5174 2456 5228 historica
2486 5188 2614 5227 vere
2648 5172 2755 5227 fide
2799 5172 3001 5226 docere
3024 5213 3038 5235 ,
3104 5185 3216 5223 non
3266 5184 3445 5223 meam

1870 5246 2185 5316 παρρησίαν
2232 5244 2507 5316 cavillari,
2561 5251 2618 5297 et
2669 5243 2817 5316 quod
2875 5241 3241 5316 imprudenter
3287 5241 3444 5316 nimis

1869 5310 2080 5370 dictum
2137 5313 2330 5368 audire
2380 5328 2488 5365 non
2542 5310 2734 5380 potui,
2774 5311 2920 5381 quod
2952 5310 3216 5380 praecipui
3256 5310 3440 5381 nostri

1868 5386 2165 5447 antistites,
2199 5382 2345 5453 quod
2368 5378 2631 5453 Ecclesiae
2654 5378 3028 5444 totaa,Grzeea,
3060 5378 3445 5453 Syria/Ethio-

1915 5457 2019 5519 ica,
2053 5449 2279 5523 antiqua
2308 5452 2606 5506 traditione
2627 5460 2872 5523 accepta,
2898 5465 2963 5505 ac
2996 5464 3159 5517 quam
3211 5449 3443 5523 maxime

1915 5473 2019 5519 lca,
2053 5473 2279 5523 altthua
2309 5473 2606 5506 trauruonc
2627 5473 2872 5520 accepta,
2898 5473 2963 5505 ac
2996 5473 3159 5517 quam
3213 5473 3442 5501 "rauim:

1875 5473 2173 5594 Evangelio
2208 5532 2601 5594 consentanea,
2638 5521 2927 5594 dixissent,
2978 5534 3042 5573 ac
3075 5533 3223 5572 nunc
3252 5519 3442 5594 _etiain

1875 5588 2240 5649 celebrarent.
2278 5591 2666 5660 Iinprudcnter
2711 5591 2921 5644 dictam
2982 5588 3445 5660 vocem,_l_atam-

1878 5681 1988 5733 que
2033 5674 2239 5718 temere
2299 5656 2636 5733 censuram,
2686 5660 2978 5733 exagitavi,
3015 5674 3119 5727 qua
3172 5656 3274 5733 sibi
3324 5670 3435 5724 par-

1881 5726 2115 5787 cendum
2176 5733 2261 5784 vir
2321 5730 2759 5784 modestissimus
2796 5726 3102 5805 Voluisse“
3170 5726 3213 5779 si
3276 5742 3304 5778 ιι
3339 5738 3448 5805 ,ιηο

1883 5805 2094 5875 prolata
2173 5811 2454 5857 momenta
2508 5816 2573 5855 ac
2633 5809 3037 5863 monumenta,
3087 5799 3207 5868 ipsa
3262 5799 3449 5850 animo
