4192 6424
211 384 290 451 149

910 376 1192 438 ORATIO
1229 374 1396 439 VIII.
1428 399 1498 412 -
1537 372 1620 435 ΙΝ
1662 369 1974 433 ῘιΛΗΒΕΜ
2015 370 2074 432 S.
2113 370 2368 432 JACOBI
2411 369 2709 431 ALPII/EI

3337 373 3439 437 150

208 501 294 560 τοῖς
313 495 472 565 ίεροῖς
498 491 1008 562 ἀνακηρυττόμενος
1031 480 1590 558 Εὑαγγελίοις.οὗτος
1613 485 1760 554 ἡμᾶς

1876 497 1917 534 .n
1953 482 2124 535 sacris
2144 482 2456 551 Evangeliis
2483 483 2717 538 celebris
2741 482 2996 538 banetur.
3031 483 3132 539 llic
3160 499 3354 553 nempe
3369 487 3444 541 ad

208 588 282 640 νῦν
302 588 385 640 ἐπὶ
434 586 535 655 τὴν
568 583 734 637 αὐτοῦ
762 584 986 653 μνήμην
1037 583 1300 650 ξεναγῶν,
1339 582 1435 634 καὶ
1467 578 1596 641 τοὺς
1655 594 1751 628 συ-

206 681 335 751 χνοὺς
367 678 510 747 ὑπὲρ
548 679 644 728 τοῦ
674 675 999 729 διδασκάλου
1031 676 1248 737 πόνους,
1277 674 1371 727 καὶ
1413 672 1537 733 τοὺς
1574 670 1750 737 ἱεροὺς

209 769 408 836 ἀγῶνας,
435 767 529 820 καὶ
577 766 668 818 τὸν
708 767 848 833 ὑπὲρ
902 763 997 817 τοῦ
1055 761 1472 833 ὲσταυρωμένου
1511 758 1752 830 προϐαλ-

209 861 398 928 λόμενος
422 857 674 929 σταυρὸν,
710 856 1105 926 λαμπροτάτην
1137 854 1337 924 ψυχαῖς
1377 851 1614 920 εὐωχίαν
1659 849 1756 902 καὶ

211 949 647 1017 πολυτελεστάτην
679 951 969 1017 συγκροτεῖ
1003 963 1016 977 ·
1072 945 1166 998 καὶ
1209 945 1269 997 οὐ
1313 945 1440 1006 τοὺς
1480 942 1630 995 κάτω
1663 942 1757 1009 μό-

209 1060 280 1095 νον
325 1032 643 1110 ἀνθρώπους
694 1040 831 1111 πρὸς
877 1040 978 1107 τὴν
1031 1039 1152 1091 κατ’
1186 1035 1351 1090 αὑτὸν
1402 1033 1757 1104 χαρμοσύνην

212 1133 436 1199 συγκιλεί
469 1171 487 1195 ,
549 1130 729 1199 πολλῷ
774 1131 831 1182 δὲ
865 1130 1065 1199 μᾶλλον
1095 1130 1193 1191 τὰς
1224 1129 1352 1190 ὅλας
1392 1125 1756 1195 χοροστασίας

209 1226 296 1276 τῶν
345 1225 510 1291 ἀγίων
544 1239 559 1253 ο
614 1225 710 1275 καὶ
739 1223 800 1274 οὐ
842 1222 1048 1274 τούτων
1098 1223 1282 1290 μόνον,
1345 1219 1483 1272 ἀλλὰ
1525 1219 1621 1271 καὶ
1651 1217 1749 1280 τὰς

213 1317 586 1385 ὑπερκοσμίους
615 1316 940 1386 ταξιαρχίας
972 1315 1154 1377 πάσας
1180 1314 1290 1366 τῶν
1318 1311 1482 1380 ίερῶν
1511 1313 1605 1364 καὶ⁸
1638 1327 1758 1363 νοε-

214 1407 304 1475 ρών
329 1408 458 1457 νὸων
495 1419 508 1432 '
554 1405 650 1458 καὶ
684 1404 790 1474 μὴν
808 1406 901 1458 καὶ
931 1404 1094 1457 αὑτὸν
1117 1403 1211 1456 τὸν
1231 1403 1340 1456 τῶν
1365 1402 1503 1456 ὅλων
1546 1402 1756 1454 Δεσπό-

211 1513 292 1565 την
343 1496 726 1564 ὑπερκοσμίως
799 1494 1196 1548 ὲπευδοκοῦντα
1249 1497 1365 1555 τοῖς
1413 1493 1761 1562 τελουμένοις

214 1585 567 1651 συνεπάγεται.
595 1582 778 1646 Οὕτως
829 1583 980 1636 οὐδὲν
1005 1586 1102 1652 τῆς
1131 1581 1498 1652 ἀποστολικῆς
1551 1580 1756 1633 τελειόο

191 1693 346 1745 ’τητος
368 1695 426 1729 πε
438 1678 722 1745 ριξρανέστε
732 1693 848 1745 ρον,
877 1676 973 1729 καὶ
989 1676 1136 1728 οὐδὲν
1154 1675 1328 1738 οὕτως
1347 1674 1628 1744 εὐφραίνει
1662 1691 1763 1726 κα-

212 1766 286 1820 λὸν
309 1769 426 1829 τοὺς
452 1767 718 1835 οὐρανοὺς
733 1765 869 1836 ὁμοῦ
899 1766 994 1820 καὶ
1025 1765 1125 1836 τὴν
1146 1766 1272 1834 γῆν,
1301 1765 1378 1828 ὼς
1407 1765 1525 1828 ἑνὸς
1539 1765 1648 1818 τῶν
1673 1764 1768 1817 δὼ-

211 1858 319 1914 δεκα
341 1861 430 1914 τοῦ
459 1863 598 1915 Θεοῦ
625 1859 833 1915 τέκνων
869 1859 1031 1930 ἱερῶν
1059 1858 1428 1928 ἐκτελουμὲνη
1460 1858 1673 1929 μνήμη.

278 2123 424 2176 Ἀλλᾶ
453 2123 969 2192 καρποφορήσωμεν
995 2123 1090 2175 καὶ
1120 2123 1281 2192 ἡμεῖς
1306 2121 1385 2191 τῷ
1413 2120 1632 2191 μεγάλῳ
1663 2119 1760 2171 τοῦ

210 2214 361 2283 Λόγου
387 2216 625 2285 μαθητῇ,
652 2217 837 2284 μεῖζον
859 2208 932 2267 ὧν
958 2213 1154 2283 ἔχομεν
1182 2214 1423 2272 πάντων,
1452 2213 1544 2264 τὸν
1580 2210 1758 2278 λόγον·

211 2311 289 2363 καὶ
323 2310 394 2378 μὴ
435 2309 694 2361 τοσοῦτον
753 2309 1216 2377 ἀχαριστήσωμεν
1266 2305 1299 2376 ἦ
1358 2305 1759 2375 ἀγνωμονήσω-

213 2420 313 2471 μεν,
361 2401 501 2453 ὥστε
543 2399 762 2452 καὶτῶν
786 2397 1012 2468 ἀψύχων
1039 2397 1221 2450 αὐτῶν
1268 2396 1364 2450 καὶ
1397 2395 1508 2448 τῶν
1549 2395 1762 2463 ἀλόγων

210 2495 397 2563 χείρους
429 2488 572 2546 εἶναι
607 2492 803 2544 δοκεῖν.
843 2490 995 2543 Ἐπεὶ
1011 2490 1102 2544 καὶ
1132 2489 1235 2558 γῆν
1259 2489 1642 2558 ἀρουμένην,ἣ
1667 2489 1764 2540 καὶ

211 2565 705 2652 περισκαπτομένην
730 2583 823 2636 καὶ
863 2582 1176 2651 γεωργικῆς
1201 2582 1418 2650 ἀπάσης
1459 2581 1763 2650 τυγχάνου-

212 2677 640 2744 σανὲπιμελείας,
665 2674 1099 2736 πολλαπλασίους
1129 2673 1437 2726 ἀποδιδόναι
1467 2673 1544 2742 τῷ
1585 2689 1766 2742 γεωρα

210 2767 279 2833 τῷ
303 2768 420 2830 τοὺς
437 2767 691 2838 καρπούς
721 2782 734 2794 ·
761 2767 856 2820 καὶ
877 2763 1033 2831 ξύλον
1057 2766 1116 2818 δὲ
1150 2765 1510 2835 φυτοκομίας,
1543 2765 1636 2817 καὶ
1665 2765 1766 2834 τῆς

212 2859 541 2930 καθηκούσης
583 2859 846 2927 ὲπιτυχὸν
895 2858 1237 2927 φιλοπονίας,
1295 2852 1439 2910 οἶδεν
1505 2856 1583 2927 τῷ
1632 2859 1765 2928 παρ’

210 2953 380 3004 ἑαυτοῦ
413 2953 508 3004 τὸν
537 2951 978 3021 ἀνακαθαίροντα
1031 2949 1342 3014 δεξιοῦσθαι
1394 2949 1598 3018 καρπῴ
1624 2963 1638 2977 ·
1667 2948 1762 3002 καί

207 3062 295 3097 που
318 3045 408 3098 καὶ
459 3047 572 3097 τῶν
624 3043 836 3110 ἀλόγων
869 3044 1099 3102 ἕκαστα.
1151 3045 1249 3095 οὐκ
1299 3043 1424 3112 είκῆ
1470 3043 1570 3111 τῆς
1615 3042 1766 3111 παρὰ

207 3138 683 3208 τῶνκτησαμένων
722 3136 755 3207 ῆ
793 3136 1150 3205 θρεψαμένων
1181 3137 1460 3190 ἀπέλαυσε
1511 3136 1764 3204 κομιδῆς·

206 3223 327 3279 οἶδεν
385 3229 442 3280 δὲ
490 3229 588 3280 καὶ
642 3227 784 3280 αὐτά
826 3227 919 3279 τὸν
972 3227 1273 3296 εὐεργέτην
1304 3225 1598 3296 εὐκαίρως,
1631 3225 1773 3278 κατὰ

208 3319 290 3387 τὴν
315 3320 494 3371 αὐτῶν
521 3319 778 3388 δύναμιν,
815 3318 1143 3387 ἀμείϐεσθαι
1173 3335 1186 3346 ·
1221 3318 1400 3388 πολλῷ
1435 3319 1606 3386 δήπου
1639 3318 1776 3386 μᾶλ-

207 3408 281 3459 λον
345 3412 652 3479 προσήκειν
704 3409 946 3480 ἠγοῦμαι
990 3411 1103 3472 τοῖς
1153 3409 1546 3479 τετιμημένοις
1609 3409 1777 3478 λόγῳ,

205 3502 299 3566 τοῖς
320 3504 499 3557 αὐτῶν
519 3504 867 3564 διδασκάλοις
900 3503 994 3556 τὸν
1027 3504 1126 3571 τῆς
1173 3502 1597 3574 εὐγνωμοσύνης
1637 3520 1774 3572 καρ-

206 3597 292 3648 πὺν
312 3595 695 3665 ἀφοσιοῦσθαι.
755 3597 899 3649 Hist
954 3595 1074 3664 μὲν,
1140 3595 1375 3663 μάλιστα
1425 3595 1480 3647 δὲ
1535 3599 1649 3656 τοῖς
1684 3595 1776 3646 τοῦ

203 3688 357 3754 Λόγου
392 3689 494 3759 μὲν
512 3689 810 3758 μαθηταῖς,
839 3686 994 3757 ἡμῶν
1019 3686 1073 3739 δὲ
1097 3686 1432 3751 παιδευταῖς,
1461 3688 1560 3757 τὴν
1594 3688 1778 3758 κρείτ-

204 3796 268 3830 τω
297 3781 388 3832 καὶ
422 3783 505 3843 εἰς
531 3781 626 3833 ἀεὶ
651 3780 919 3848 μένουσαν
939 3778 1226 3830 παίδευσιν
1256 3794 1268 3807 ·
1322 3781 1435 3840 τοῖς
1460 3781 1527 3848 τῇ
1557 3778 1779 3849 παιδείᾳ.

202 3871 281 3922 τοῦ
315 3872 520 3941 Κυρίου
550 3871 653 3924 καὶ
675 3869 910 3923 θεοτελεῖ
940 3869 1127 3940 διδαχῇ
1151 3871 1220 3922 τὰ
1252 3863 1371 3922 ὦτα
1400 3869 1496 3938 μὲν
1524 3871 1658 3940 ἡμῖν
1679 3870 1776 3936 τῆς

206 3962 415 4031 καρδίας
462 3963 796 4028 διανοίξασι,
819 3960 943 4023 τοὺς
963 3959 1279 4028 ὀφθαλμοὺς
1309 3961 1366 4012 δὲ
1400 3960 1781 4027 καταφωτίσα-

205 4070 293 4116 σιν,
321 4057 393 4118 ὡς
425 4054 676 4108 ἀκοῦσαι
745 4054 839 4106 καὶ
860 4053 1064 4121 γνῶναι
1095 4055 1193 4122 τῆς
1228 4051 1510 4112 εὐσεϐείας
1543 4051 1604 4104 τὸ
1641 4051 1782 4120 μέγα

205 4150 487 4218 μυστήριον
507 4165 522 4177 ο
580 4145 789 4200 καὶτὸν
812 4146 1001 4198 σκότον
1025 4146 1122 4214 μὲν
1153 4145 1408 4207 ἀσεϐείας
1432 4145 1527 4196 καὶ
1555 4144 1781 4213 ματαιό-

201 4256 343 4308 τητος
387 4239 713 4302 ἀπολιπεῖν,
761 4237 841 4307 τῷ
869 4236 1110 4308 ἀληθινῷ
1161 4237 1220 4290 δὲ
1280 4239 1378 4307 τῆς
1428 4234 1780 4305 δικαιοσύνης

204 4335 328 4399 φωτὶ
361 4333 774 4404 προσδραμεῖν.

1793 1822 1841 1882 Β

1861 573 2036 641 ipsius
2077 587 2178 626 nos
2219 572 2382 627 hodie
2418 575 2741 628 memoriam
2783 573 3032 644 hospites
3079 589 3436 644 congregans,

1863 664 2200 733 crebrosque
2233 663 2287 717 in
2314 665 2557 735 magistri
2595 666 2826 736 gratiam
2877 675 3163 736 susceptos
3200 667 3440 730 labores,

1862 772 2128 826 sacraque
2187 756 2450 812 desudata
2508 758 2831 821 certamina,
2892 773 2956 812 ac
3011 773 3234 812 crucem
3293 759 3444 811 illius

1865 863 2030 902 causa
2075 848 2293 904 fortiter
2324 848 2630 910 toleratam,
2661 849 2754 919 qui
2786 849 2902 918 ipse
2935 849 3088 902 cruci
3118 848 3311 903 aﬂixus
3335 857 3442 911 est,

1865 956 2169 1010 apponens,
2199 940 2704 1012 splendidissimum
2731 941 3209 1010 lautissimumque
3242 941 3444 995 animis

1866 1032 2180 1086 convivium
2213 1032 2460 1087 instruit.
2494 1033 2606 1088 Nec
2638 1034 2897 1088 mortales
2929 1033 3196 1088 duntaxat
3238 1032 3294 1086 in
3329 1042 3443 1087 ter-

1868 1125 1942 1179 ris
1980 1126 2310 1180 constitutos
2342 1127 2409 1181 ad
2459 1141 2618 1180 suum
2656 1126 2790 1180 illud
2836 1126 3035 1180 festum
3072 1125 3446 1197 gaudiumque

1869 1216 2085 1279 invitat,
2116 1218 2250 1286 quin
2285 1217 2445 1287 longe
2475 1218 2658 1287 potius
2687 1226 2830 1272 totos
2859 1227 3176 1272 sanctorum
3207 1218 3444 1272 choros:

1869 1325 1972 1364 nec
2004 1325 2134 1364 vero
2167 1311 2385 1364 illorum
2421 1320 2656 1373 tantum,
2693 1324 2885 1364 verum
2925 1309 3092 1363 etiam
3130 1318 3444 1364 sanctarum

1867 1401 2292 1471 iutelligentium
2325 1403 2589 1456 mentium
2625 1401 2832 1457 mundo
2873 1402 3190 1471 superiores
3218 1409 3449 1456 cunctos

1869 1494 2097 1548 ordines
2141 1509 2206 1548 ac
2254 1495 2594 1564 principatus
2626 1512 2640 1547 :
2683 1496 2814 1563 quin
2853 1495 3030 1564 ipsum
3062 1509 3283 1564 quoque
3319 1494 3450 1548 uni-

1870 1601 2153 1640 versurum
2210 1585 2501 1640 Dominum
2537 1585 2762 1639 adducit
2798 1600 2861 1638 ac
2901 1586 3067 1654 cogit,
3107 1585 3195 1638 cui
3248 1583 3449 1640 eximie

1869 1678 2115 1746 placeant
2170 1693 2235 1732 ea
2299 1694 2424 1748 qua:
2501 1686 2860 1748 peraguntur.
2933 1678 3026 1733 Sic
3103 1677 3242 1733 nihil
3312 1694 3448 1748 apo-

1871 1770 2063 1824 stolica
2099 1770 2439 1839 perfectione
2484 1771 2775 1836 illustrius,
2813 1771 3138 1840 nullumque
3184 1769 3325 1825 adeo
3353 1771 3450 1826 bo-

1873 1874 2024 1921 num,
2071 1859 2271 1914 cmlum
2317 1859 2524 1930 pariter
2553 1869 2869 1930 terramque
2913 1859 3116 1929 gaudio
3155 1857 3342 1923 afﬁcit,
3385 1873 3450 1914 ac

1873 1948 2036 2000 unius
2061 1963 2092 2001 e
2125 1947 2416 2002 duodecim
2457 1963 2741 2004 sacrorum
2773 1948 2869 2004 Dei
2899 1949 3136 2004 filiorum
3167 1948 3326 2005 festis
3353 1948 3451 2003 ho-

1868 2039 2098 2094 noribus
2126 2041 2389 2095 memoria
2420 2041 2772 2096 venerabilis.

1945 2130 2144 2186 Verum
2193 2148 2293 2187 nos
2335 2148 2574 2202 quoque,
2626 2148 2822 2203 magno
2867 2134 3143 2187 sermonis
3173 2132 3450 2200 Verbique

1870 2220 2166 2291 discipulo,
2208 2222 2262 2276 id
2288 2221 2435 2292 quod
2468 2223 2522 2276 in
2553 2237 2719 2277 censu
2755 2225 2928 2291 majus
2969 2223 3230 2277 omnibus
3278 2222 3451 2277 babe-

1873 2329 1997 2366 mus
2027 2313 2322 2381 (sermonis
2353 2313 2563 2369 scilicet
2592 2313 2854 2384 fruetum)
2886 2313 3263 2384 dependamus
3298 2330 3313 2378 ;
3349 2329 3453 2368 nec

1875 2405 1929 2459 in
1973 2414 2183 2460 tantum
2229 2405 2428 2476 ingrati
2459 2406 2809 2476 improbique
2850 2422 2980 2463 esse
3023 2408 3280 2472 velimus,
3308 2415 3369 2460 ut
3397 2413 3454 2462 et

1876 2496 2009 2564 ipsis
2035 2496 2214 2550 anima
2240 2507 2296 2551 et
2333 2512 2500 2551 sensu
2532 2505 2589 2550 et
2619 2511 2875 2552 sermone
2913 2513 2976 2552 ac
3008 2497 3220 2552 ratione
3255 2513 3453 2552 caren-

1874 2587 2023 2642 tibus
2049 2587 2354 2643 deteriores
2391 2594 2514 2644 eSse
2553 2589 2861 2644 videamur.
2894 2590 3030 2645 Nam
3061 2600 3118 2646 et
3163 2602 3307 2645 terra
3335 2606 3456 2645 ara-

1877 2687 1964 2730 tro
2013 2678 2313 2743 conscissa,
2359 2679 2476 2733 sive
2508 2680 2673 2734 etiam
2708 2680 3090 2744 circumfossa,
3123 2698 3457 2752 omnemque

1873 2771 2105 2824 culturae
2129 2771 2265 2825 artis
2293 2786 2481 2825 curam
2513 2783 2832 2843 consecuta,
2865 2788 2933 2828 ex
2976 2773 3160 2828 indole
3190 2775 3358 2829 habet
3397 2781 3461 2828 ut-

1877 2858 2169 2928 multiplici
2199 2859 2383 2914 fructu
2411 2875 2645 2916 messem
2674 2862 2875 2918 colono
2907 2862 3200 2933 frugesque
3222 2865 3416 2919 reddat
3440 2881 3454 2916 :

1877 2950 2108 3006 arbores
2132 2951 2260 3005 item
2283 2951 2532 3022 diligenti
2551 2954 2775 3008 consita:
2796 2969 2984 3018 manu,
3017 2969 3081 3008 ac
3109 2954 3458 3009 convcnienti

1879 3047 2124 3101 educata:
2152 3045 2461 3115 adultaeque
2489 3047 2780 3111 industria,
2809 3064 2935 3102 eum
2961 3049 3121 3119 cujus
3151 3049 3462 3103 emundan-

1879 3147 1968 3191 tur
1997 3154 2188 3208 opera.
2218 3140 2418 3208 pomis,
2456 3141 2712 3200 nucibus,
2745 3140 3140 3209 fructuumque
3175 3142 3325 3194 omni
3367 3157 3461 3196 co-

1879 3229 1964 3297 pia
2008 3244 2254 3283 recreare
2307 3238 2527 3282 norunt.
2582 3231 2650 3283 At
2706 3244 2807 3284 nec
2852 3230 3012 3284 bruta
3063 3230 3454 3299 propemodum

1877 3322 2011 3384 ulla,
2060 3321 2266 3375 frustra
2321 3322 2580 3389 nulloque
2632 3336 2860 3374 munere
2896 3329 2988 3374 aut
3015 3321 3326 3384 commodo,
3362 3338 3461 3376 co-

1878 3427 2022 3473 rum,
2055 3412 2150 3480 qui
2194 3411 2402 3466 domini
2441 3419 2571 3464 sunt
2613 3421 2709 3465 aut
2759 3411 3088 3473 cducarunt,
3139 3413 3292 3467 curis
3341 3429 3461 3482 per-

1877 3503 2138 3558 fruuntur
2166 3521 2181 3552 2
2215 3503 2348 3573 quin
2377 3513 2434 3557 et
2472 3504 2588 3573 ipsa
2637 3513 2975 3572 opportune,
3012 3513 3216 3573 quanta
3265 3518 3460 3559 eorum

1880 3597 2110 3651 facultas
2131 3606 2236 3661 est,
2280 3596 2330 3651 ei
2380 3596 2475 3665 qui
2529 3595 2856 3650 beneficium
2914 3594 3268 3664 impenderit,
3313 3595 3464 3651 vices

1882 3687 2116 3743 reddere
2167 3697 2486 3741 sueverunt.
2543 3687 2728 3756 Longe
2777 3687 2944 3757 igitur
2992 3685 3195 3755 potiori
3250 3686 3463 3740 ratione

1880 3795 2061 3849 opera:
2093 3781 2329 3849 pretium
2359 3781 2522 3842 duco,
2557 3790 2614 3834 ut
2647 3782 2742 3849 qui
2769 3781 3040 3836 sermonis
3069 3781 3120 3834 vi
3150 3796 3215 3835 ac
3244 3782 3456 3836 ratione

1882 3871 2060 3925 ornati
2081 3887 2294 3936 sumus,
2322 3873 2677 3940 gratitudinis
2704 3875 2940 3927 fructum
2967 3873 3241 3944 magistris
3261 3873 3463 3928 nostris

1879 3965 2224 4018 evsolvamus
2257 3982 2270 4018 :
2304 3975 2466 4034 atque
2499 3965 2785 4021 id'cunctis
2803 3966 3050 4034 quidem,
3077 3968 3309 4022 maxime
3331 3983 3464 4022 vero

1880 4056 2156 4110 sermonis
2190 4055 2516 4124 discipulis;
2550 4057 2686 4110 viris
2723 4058 2956 4120 scilicet,
2990 4059 3084 4127 qui
3126 4059 3338 4128 potiore
3358 4057 3459 4113 do-

1879 4148 2077 4207 carina,
2108 4162 2172 4200 ac
2197 4163 2319 4216 qua:
2347 4148 2400 4200 in
2428 4158 2754 4216 perpetumn
2788 4149 3074 4212 consistat,
3112 4164 3213 4202 nos
3235 4149 3461 4204 erudie-

1883 4247 2065 4288 runt:
2117 4237 2211 4305 qui
2263 4251 2462 4305 nempe
2514 4236 2730 4290 Domini
2791 4237 3105 4306 disciplina,
3160 4237 3461 4306 divinaque

1883 4327 2135 4380 dactrina
2172 4326 2355 4380 cordis
2386 4341 2548 4380 aures
2574 4326 2734 4379 nobis
2755 4335 3114 4391 aperuerunt,
3148 4327 3460 4396 mentisque

202 4428 392 4488 oculos,
424 4441 545 4496 quo
569 4423 769 4478 audire
790 4436 853 4476 ac
881 4421 1021 4476 scire
1050 4435 1308 4491 magnum
1329 4419 1550 4489 pietatis
1577 4419 1896 4490 mysterium
1933 4421 2146 4485 liceret,
2216 4421 2642 4487 collustrarunt;
2703 4430 2760 4474 et
2821 4429 2880 4472 ut
2935 4419 3235 4490 impietatis
3277 4436 3340 4475 ac
3373 4436 3464 4474 va-

202 4516 373 4573 nitatis
422 4517 648 4573 relictis
692 4515 956 4579 tenebris,
995 4512 1064 4567 ad
1101 4527 1286 4566 veram
1324 4511 1552 4582 justitia)
1598 4511 1776 4565 lucem
1809 4526 2246 4566 accurrercnms.
3003 4572 3009 4582 ι

269 4611 596 4679 Ἀποδῶμεν
647 4606 940 4676 τοιγαροῦν
985 4604 1309 4672 καταχρέως
1356 4600 1451 4654 τοῦ
1494 4601 1654 4669 λόγου
1681 4603 1780 4672 τὴν

1963 4604 2277 4658 Reddamus
2307 4617 2408 4671 pro
2451 4618 2681 4657 munere
2713 4602 2886 4656 sacris
2931 4600 3205 4656 sermonis
3232 4601 3467 4654 aratori-

199 4702 402 4774 ὀφειλὴν
429 4708 550 4768 τοῖς
586 4705 760 4772 ἱεροῖς
789 4702 1012 4769 ἀρόταις
1060 4696 1156 4750 τοῦ
1183 4697 1379 4762 Λόγου,
1404 4693 1500 4746 καὶ
1527 4695 1626 4762 τῆς
1653 4694 1787 4762 ἡμε-

201 4798 346 4866 τέρας
375 4797 623 4866 καρδίας
665 4794 952 4862 γεωργοῖς,
987 4791 1084 4844 καὶ
1112 4791 1224 4850 τοῖς
1254 4785 1525 4855 σωτηρίας
1574 4785 1786 4854 ἱερουρ-

201 4892 319 4955 γοίς.
395 4888 732 4954 ’Δποδῶμεν
806 4884 920 4944 τοῖς
972 4882 1020 4934 τ’
1071 4880 1255 4942 ἄλλοις
1296 4880 1450 4941 πᾶσι,
1506 4877 1599 4928 καὶ
1666 4877 1780 4945 μετ’

204 4983 361 5034 αὐτῶν
384 4983 483 5034 καὶ
514 4979 601 5050 τῷ
634 4980 878 5048 σήμερον
907 4976 984 5036 εἰς
1037 4972 1246 5026 αῖνεσιν
1301 4971 1397 5022 καὶ
1452 4969 1608 5032 δόξαν
1646 4985 1782 5037 μνη-

207 5075 544 5141 μονευομένῳ
577 5087 594 5101 ’
657 5070 754 5121 καὶ
781 5065 1249 5136 καρποφορῶμεν,
1289 5062 1340 5114 oi
1376 5061 1498 5130 μὲν,
1547 5059 1639 5112 τὸν
1680 5059 1778 5125 τῆς

207 5167 338 5236 ἱερᾶς
361 5167 636 5224 αίνέσεως
669 5161 765 5213 καὶ
789 5155 1095 5225 δοξολογίας
1111 5155 1347 5223 φθόγγον
1369 5151 1782 5220 ἀνακρούοντες·

206 5261 245 5310 οἱ
267 5261 342 5323 δὲ,
375 5258 710 5330 προθέσεως
750 5251 1066 5319 τελειότητα
1094 5247 1190 5300 καὶ
1241 5246 1465 5298 ἀὲνναον
1494 5241 1637 5294 κατὰ
1658 5240 1786 5292 νοῦν

210 5351 567 5420 προσάγοντες
591 5343 930 5415 προσευχήν⁸
953 5343 1002 5394 ot
1037 5341 1134 5407 μὲν
1169 5337 1350 5390 πίστιν
1374 5335 1658 5390 ἀνόθευτον
1683 5332 1778 5384 καὶ

209 5442 476 5512 εἰλικρινῆ,
501 5443 552 5492 οἱ
570 5441 658 5501 δὲ,
701 5435 864 5486 πόθον
890 5433 1153 5500 διάπυρον
1183 5430 1278 5481 καὶ
1299 5425 1599 5496 θεοπρεπῆ·
1625 5425 1717 5476 καὶ
1739 5422 1790 5474 οἱ

215 5535 296 5601 μὲν
315 5535 500 5597 αἰσίως
515 5533 618 5586 καὶ
648 5518 844 5592 δεξιῶς
871 5525 960 5577 τὸν
990 5523 1162 5593 μέγαν
1177 5519 1499 5572 Ἀπόστολον
1532 5514 1674 5569 κατά
1694 5514 1794 5584 τὴν

211 5625 322 5694 παρ’
352 5623 520 5677 αὑτοῦ
555 5616 988 5691 χορηγουμὲνην
1012 5611 1106 5665 τοῦ
1133 5611 1307 5676 Λόγου
1338 5608 1496 5677 χάριν
1520 5604 1799 5658 ἐπαινοῦν-

214 5731 317 5778 τες,
346 5718 392 5768 οἱ
448 5716 532 5777 δὲ,
576 5707 826 5767 συνετῶς
859 5705 955 5759 καὶ
1018 5701 1223 5763 πιστῶς
1256 5700 1318 5752 τὸ
1351 5698 1626 5766 ἐγκώμιον
1669 5714 1798 5749 κατ-

219 5809 511 5872 ακούοντες,
567 5804 651 5865 ὡς
692 5801 762 5853 ἂν
799 5795 936 5865 αὑτᾷ
986 5794 1362 5860 πᾶσιτρόποις
1388 5786 1799 5842 ἐπικοινωνοῦν-

1887 4695 2012 4756 bus,
2045 4694 2318 4748 sermonis
2355 4693 2641 4761 debitum,
2680 4695 2966 4760 nostrique
2997 4691 3182 4745 cordis
3228 4691 3462 4756 colonis,

1885 4789 2188 4856 salutisque
2237 4788 2546 4842 cultoribus
2591 4801 2655 4842 ac
2702 4789 2878 4843 sacris
2910 4787 3203 4842 ministris.
3249 4787 3466 4840 Redda-

1885 4893 2027 4940 mus,
2048 4891 2170 4932 cum
2195 4877 2426 4946 reliquis
2441 4878 2722 4940 omnibus,
2748 4889 2862 4933 tum
2887 4879 3094 4946 pariter
3109 4878 3277 4931 etiam
3311 4879 3461 4942 huic,

1882 4970 2040 5038 cujus
2073 4968 2236 5023 hodie
2271 4969 2477 5023 celebri
2509 4972 2659 5024 cultu
2702 4987 2765 5024 ac
2799 4971 2959 5023 laude
3007 4973 3326 5024 memoriam
3351 4971 3464 5038 agi-

1892 5075 2054 5114 mus:
2099 5057 2449 5127 fructumqne
2488 5060 2804 5124 all'eramus,
2852 5059 2925 5113 ita
2972 5060 3235 5113 nimirum
3270 5069 3331 5113 ut
3368 5059 3460 5112 alii

1890 5160 2057 5200 sacra:
2103 5143 2435 5198 laudationis
2471 5159 2533 5198 ac
2577 5145 2779 5199 cantici
2823 5161 3018 5200 sonmn
3051 5149 3208 5215 quasi
3255 5146 3465 5215 plectro

1890 5237 2098 5299 edant;
2150 5235 2242 5288 alii
2294 5250 2440 5298 vero,
2491 5236 2661 5290 animi
2724 5237 3117 5305 perfectionem
3167 5239 3463 5308 jugemque

1891 5339 2072 5383 mente
2101 5328 2407 5383 orationem
2447 5329 2714 5394 offerant;
2755 5332 2846 5384 alii
2885 5348 3072 5386 veram
3101 5348 3166 5386 ac
3189 5333 3462 5387 sinceram

1889 5420 2075 5485 fidem,
2096 5419 2187 5472 alii
2219 5432 2512 5472 accensum
2543 5420 2901 5488 divinumque
2936 5423 3141 5475 amoris
3167 5422 3460 5476 ardorem:

1885 5522 2050 5580 atque
2080 5510 2172 5563 alii
2206 5508 2430 5578 quidem
2457 5509 2633 5563 fausto
2666 5525 2730 5564 ac
2755 5512 2990 5566 solerter
3023 5528 3122 5581 pro
3149 5514 3271 5582 ejus
3296 5527 3462 5582 quam

1886 5601 2004 5669 ipse
2050 5613 2232 5653 sermo
2263 5599 2648 5654 subministrat
2681 5603 2868 5670 gratiae
2913 5604 3143 5666 ratione,
3200 5616 3459 5673 magnum

1887 5690 2208 5760 Apostolum
2246 5689 2499 5753 laudent;
2535 5689 2625 5743 alii
2670 5702 2876 5757 autem,
2917 5693 3217 5762 prudenter
3244 5694 3462 5764 fideque

1887 5785 2257 5840 laudationem
2311 5783 2655 5854 peraudiant.
2710 5797 2762 5840 ut
2818 5787 2990 5841 modis
3034 5789 3289 5844 omnibus
3337 5792 3456 5844 eius
