4192 6424
720 375 816 446 151

1914 380 2210 443 NICE'LE
2252 384 2779 445 PM’IILAGONIS

3889 387 3995 448 15:?

717 487 1026 558 gaudentes
1064 485 1424 551 commercio,
1456 488 1791 556 perfectiore
1827 504 1895 543 ex
1924 489 2017 545 illo
2040 498 2302 560 praestan-

2407 509 2516 553 τες,
2549 492 2890 565 τελειοτέρας
2918 493 3017 560 τῆς
3043 495 3264 565 χάριτος
3292 493 3352 560 ἐξ
3383 494 3549 548 αὐτοῦ
3578 494 3670 548 καὶ
3701 494 3991 564 ἀμείνονος

719 578 956 645 tiorique
1008 576 1179 647 gratia
1242 576 1641 646 impartiamur.
1709 578 1847 635 Hinc
1893 596 2026 637 vero
2076 580 2297 635 ordien-

715 670 869 725 dum.

789 763 887 816 Vir
914 760 1003 815 hic
1031 763 1456 830 sacratissimus,
1484 762 1953 833 sanctissinueque
1987 762 2079 815 Dei
2111 762 2297 831 gratiae

716 854 1041 909 verissimus
1090 856 1293 921 Filius;
1348 871 1649 926 generosus
1691 866 1854 926 atque
1904 854 2106 909 nobilis
2155 870 2297 909 verae

714 944 848 998 vitis
890 946 1133 1015 palmes;
1167 948 1390 1017 pinguis
1425 948 1538 1012 ille,
1585 949 1754 1019 Opimi
1789 949 2002 1003 fructus
2027 949 2297 1018 longeque

715 1039 925 1107 copiosi
981 1040 1175 1105 ferax;
1235 1056 1399 1109 quem
1461 1041 1703 1096 ccelestis
1752 1041 1975 1111 quidem
2033 1042 2295 1112 agricola,

717 1131 880 1185 Pater
904 1141 1119 1202 purget,
1155 1148 1219 1186 ac
1250 1133 1344 1201 qui
1393 1132 1448 1186 in
1492 1134 1631 1188 Filio
1674 1133 1953 1188 radicatus
1983 1135 2105 1189 laete
2147 1134 2296 1189 fron-

717 1222 865 1289 deat,
895 1224 1243 1293 fructumque
1275 1225 1449 1290 ferat;
1485 1227 1691 1297 quique
1720 1226 1940 1281 demum
1966 1227 2124 1281 uberi
2150 1228 2297 1298 jugi-

717 1333 826 1386 que
870 1318 1135 1371 Paracleti
1178 1318 1389 1388 irriguo
1418 1320 1759 1388 pinguescat,
1809 1334 1904 1373 seu
1950 1320 2117 1374 vitam
2161 1321 2297 1375 hau-

717 1409 823 1464 riat
854 1407 921 1461 “.
976 1408 1162 1462 Palma
1215 1408 1471 1462 frondosa
1520 1418 1686 1478 atque
1736 1409 2025 1474 sublimis,
2071 1427 2102 1466 e
2150 1420 2295 1467 terra

718 1501 954 1569 primum
1000 1516 1177 1569 exque
1234 1501 1438 1555 intimis
1486 1511 1626 1565 orta,
1673 1510 1728 1555 at
1775 1518 1896 1571 quae
1944 1504 2294 1573 postmodum

719 1592 935 1645 sublato
964 1592 1018 1645 in
1046 1593 1246 1647 emtum
1272 1594 1475 1662 stipite.
1504 1594 1568 1647 ad
1593 1596 1763 1649 Deum
1800 1610 1992 1664 usque,
2027 1596 2294 1651 virtutum

719 1685 1142 1739 ascensionihus
1192 1700 1408 1739 summo
1465 1687 1670 1741 vertice
1720 1687 1955 1742 exaltata
2007 1688 2079 1743 sit
2119 1706 2132 1742 :
2173 1705 2297 1758 qua:

720 1775 961 1844 denique
1002 1777 1081 1829 sic
1113 1777 1418 1845 jucundqu
1471 1786 1731 1847 tantaque
1773 1779 2078 1847 placentem
2127 1781 2297 1850 pieta-

2410 582 2798 655 μετάσχοιμεν.
2850 584 3107 655 Ἀρκτέον
3139 585 3195 638 δὲ
3223 585 3496 639 ἐντεῦθεν.

2478 756 2647 826 Οὗτος
2699 765 2726 815 ὁ
2775 763 3067 833 ἱερώτατος
3122 763 3284 832 ἀνὴρ,
3351 763 3448 815 καὶ
3498 762 3597 830 τῆς
3642 761 3803 829 ἀγίας
3850 757 3989 810 Θεοῦ

2405 856 2628 927 χάριτος
2646 855 3014 926 γνησιώτατος
3053 856 3168 918 υἱός
3192 870 3207 886 ·
3236 854 3296 907 τὸ
3316 853 3538 921 εὐγενὲς
3566 854 3753 923 κλῆμα
3779 853 3871 904 καὶ
3907 853 3962 904 τί

2410 966 2532 1017 μιον
2558 949 2655 1017 τῆς
2685 947 2937 1017 ἀμπέλου
2979 949 3077 1017 τῆς
3106 946 3387 1017 ἀληθινῆς,
3426 945 3487 998 τὸ
3520 947 3665 1009 πῖον,
3701 944 3760 997 τδ
3789 943 3992 1013 εὔκαρ-

2410 1056 2511 1092 πον
2533 1041 2626 1093 καὶ
2671 1040 3043 1109 κατάκαρπονο
3073 1039 3133 1092 τὸ
3162 1038 3266 1092 ὐπὸ
3290 1038 3383 1091 τοῦ
3412 1038 3663 1107 οὐρανίου
3692 1037 3789 1107 μὲν
3810 1051 3994 1104 γεωρ-

2408 1129 2508 1199 γοῦ
2537 1131 2951 1202 καθαιρόμενον,
2973 1130 3066 1184 τοῦ
3097 1130 3310 1200 Πατρός
3342 1146 3358 1160 ο
3394 1128 3760 1201 ἑρῤιζωμένον
3788 1128 3844 1181 δὲ
3891 1126 3992 1179 καὶ

2409 1222 2609 1292 εὐθαλῆ
2654 1224 2748 1276 καὶ
2778 1222 3163 1293 καρποφοροῦν
3209 1224 3268 1274 έν
3319 1221 3398 1292 τῷ
3425 1220 3539 1290 Υίῷ
3570 1238 3586 1254 ο
3638 1220 3852 1289 δαψιλεί
3924 1218 3988 1272 δὲ

2408 1316 2505 1369 καὶ
2532 1314 2744 1385 ἀεννάῳ
2769 1313 2863 1367 τοῦ
2897 1314 3254 1385 Παρακλήτου
3282 1313 3651 1383 πιαινόμενον,
3679 1314 3798 1383 ἦτοι
3819 1310 3996 1376 ζωού-

2412 1424 2595 1478 μενον,
2629 1406 2817 1477 ἀρδείᾳ
2846 1423 2860 1438 ·
2890 1407 2920 1459 ό
2941 1408 3114 1475 φοῖνιξ
3142 1409 3170 1461 ό
3218 1406 3452 1476 εὐκομος
3480 1405 3577 1459 καὶ
3602 1405 3864 1475 ὐψίκομος
3894 1418 3913 1435 ο
3962 1403 3993 1454 ό

2408 1499 2651 1552 κάτωθεν
2684 1498 2793 1551 ἀπὸ
2823 1498 2932 1567 γῆς
2968 1498 3187 1568 πρῶτον
3233 1499 3425 1567 ὲκφὺς,
3484 1498 3577 1550 καὶ
3615 1497 3677 1549 τὸ
3734 1496 3991 1565 στέλεχος

2406 1592 2489 1654 είς
2515 1592 2743 1660 οὐρανὸν
2783 1590 3008 1661 ὕστερον
3053 1592 3301 1655 ἀναδοὺς,
3348 1590 3631 1659 καὶμέχρι
3683 1585 3819 1642 Θεοῦ
3865 1589 3994 1649 ταῖς

2409 1685 2709 1739 ἀναϐάσεσι
2737 1684 2848 1739 τῶν
2875 1684 3087 1756 ἀρετῶν
3139 1684 3395 1754 ὐψωθείς.
3450 1684 3561 1736 Καὶ
3588 1682 3734 1736 οὕτω
3764 1682 4003 1752 θυμήρη³

2408 1780 2503 1831 καὶ
2534 1778 2705 1841 οὕτως
2736 1779 2954 1848 ἥδιστον
2980 1776 3128 1847 αὐτῷ
3153 1779 3252 1848 τῆς
3291 1775 3572 1837 εὐσεϐείας
3601 1773 3992 1838 πεπλεονακὼς

722 1870 793 1923 tis
825 1868 1117 1923 dulcedine
1155 1870 1515 1939 multiplicem
1539 1872 1589 1925 ei
1620 1873 1860 1927 fructum
1900 1874 2212 1943 protulerit,
2245 1883 2303 1928 ut

2410 1871 2641 1940 καρπὸν,
2666 1871 2743 1933 ὡς
2766 1873 2829 1942 τῇ
2862 1870 3175 1941 ὑψηλοτάτη
3200 1869 3310 1923 τῶν
3330 1867 3643 1922 ἀποστόλων
3669 1869 3763 1921 καὶ
3794 1884 3994 1935 τιμιωο

720 1961 881 2032 longc
928 1962 1235 2017 celsissimo
1269 1965 1854 2036 venerabilissimoque
1887 1967 2146 2022 duodeno
2172 1983 2303 2038 apo-

720 2055 986 2109 3tolorum
1021 2055 1192 2109 choro
1217 2056 1497 2111 acccnseri
1524 2058 1811 2111 meruerit.

809 2146 910 2201 Hic
968 2146 1135 2217 igitur
1193 2163 1424 2216 magnus
1484 2164 1547 2203 ac
1608 2150 1968 2204 admirandus
2025 2151 2300 2216 Iacobus;

720 2238 1027 2308 disciplinae
1070 2239 1162 2294 ille
1196 2242 1342 2307 (vine
1372 2241 1604 2307 scilicet)
1646 2243 1816 2297 Filius
1856 2245 1986 2313 (hoc
2008 2245 2156 2298 enim
2193 2244 2299 2299 sibi

719 2330 836 2383 vult
864 2329 1070 2399 Alphaei
1108 2332 1402 2399 appellatio
1426 2332 1570 2402 (24")
1606 2348 1729 2387 cum
1754 2336 1871 2404 lege
1905 2336 2059 2405 prius
2102 2338 2300 2393 litterae

720 2420 1023 2481 institutus.
1056 2420 1223 2491 inque
1256 2423 1471 2477 umbris
1502 2434 1666 2494 atque
1697 2424 1905 2496 figuris,
1947 2437 2007 2482 ut
2037 2445 2135 2498 par
2159 2440 2299 2497 erat,

717 2529 870 2578 eum,
904 2514 998 2583 qui
1042 2528 1174 2569 vere
1222 2514 1467 2571 Israelita
1513 2517 1733 2573 futurus
1780 2529 1947 2585 esset,
1992 2523 2302 2591 praedoctus

720 2609 916 2665 fuisset
945 2625 1009 2664 ac
1034 2610 1189 2680 quasi
1223 2611 1538 2666 rudimento
1561 2612 1827 2676 imbutus,
1860 2622 1921 2667 ut
1954 2614 2301 2671 solummodo

720 2702 961 2771 Spiritus
994 2703 1121 2757 vitae
1167 2703 1536 2773 legislatorem
1576 2704 1739 2765 vidit.
1771 2706 1863 2760 ubi
1895 2715 2107 2760 tantum
2136 2709 2302 2763 caele-

718 2803 858 2849 stem
883 2796 1225 2849 vocationem
1257 2810 1322 2849 ac
1345 2796 1585 2850 cmlestis
1617 2797 1853 2866 Magistri
1878 2812 2067 2852 vocem
2109 2799 2302 2854 audire

719 2884 1044 2955 promeruit,
1089 2894 1271 2939 mente
1302 2885 1517 2956 lidequc
1563 2886 1863 2941 enitentem
1906 2887 1959 2941 in
1995 2903 2061 2940 eo
2102 2889 2303 2943 verita-

719 2984 829 3031 tem
867 2976 1293 3046 intelligibiliter
1320 2977 1692 3045 persentiscit,
1724 2988 1786 3032 ut
1821 2980 1915 3047 qui
1956 2989 2109 3033 recto
2135 2978 2299 3033 corde

719 3079 784 3120 ac
806 3064 960 3118 verbi
980 3064 1272 3119 studiosus
1298 3073 1444 3118 esset
1468 3082 1482 3117 :
1512 3074 1573 3118 ut
1602 3075 1861 3134 tanquam
1890 3066 2004 3136 ipse
2034 3066 2191 3120 bona:
2216 3067 2301 3120 in-

719 3156 881 3219 dolis,
912 3157 1091 3226 ipsum
1123 3166 1314 3211 natura
1339 3156 1550 3212 Bonum
1574 3157 1907 3227 intelligens.
1934 3174 1999 3213 ac
2020 3159 2200 3213 simile
2229 3158 2303 3213 si-

2411 1965 2547 2036 τάτῃ
2574 1963 3019 2037 συναριθμεῖσθαι
3052 1964 3310 2018 δωδεκάδι

2525 2138 2649 2207 ὗτος
2683 2144 2869 2196 τοίνυν
2901 2144 2930 2195 ὁ
2987 2142 3164 2212 μέγας
3205 2140 3463 2202 Ἰάκωϐος
3508 2137 3606 2192 καὶ
3636 2136 3951 2205 θαυμαστός
3974 2150 3992 2166 ο

2408 2234 2437 2287 ό
2470 2233 2568 2303 τῆς
2612 2233 2924 2303 μαθήσεως,
2976 2234 3095 2303 ἦτοι
3142 2231 3308 2300 ζωῆς,
3362 2232 3481 2292 υίὸς
3538 2229 3718 2298 (τοῦτο
3754 2228 3861 2298 γάρ
3888 2227 3998 2298 τὴν

2407 2324 2503 2378 τοῦ
2547 2325 2802 2393 Ἁλφαίου
2825 2325 3018 2393 δηλοῦν
3056 2323 3479 2394 προσηγορίαν),
3520 2321 3710 2391 ἐπειδὴ
3757 2321 3850 2373 τὸν
3896 2321 3992 2374 νό-

2413 2434 2512 2488 μον
2551 2417 2647 2470 τοῦ
2687 2417 3017 2487 γράμματος
3046 2415 3467 2487 προκατηχήθη,
3508 2415 3600 2466 καὶ¹
3637 2414 3758 2476 ταῖς
3807 2414 4001 2474 σκιαῖς

2408 2511 2503 2564 καὶ
2532 2512 2643 2572 τοῖς
2669 2509 2880 2573 τύποις,
2910 2509 2987 2571 ὡς
3023 2509 3169 2571 εἰκὸς
3194 2502 3264 2579 ἦν
3282 2506 3375 2560 τὸν
3401 2504 3617 2576 ἀληθῶς
3649 2503 4003 2574 Ἰσραηλίτην

2407 2601 2689 2671 ἐσόμενον,
2762 2602 3295 2672 προεπαιδαγωγήθη
3362 2600 3456 2653 καὶ
3519 2597 4000 2670 προκατηρτίσθη·

2410 2693 2487 2756 ὡς
2535 2694 2702 2763 μόνον
2751 2690 2858 2747 εἶδε
2913 2694 3007 2747 τὸν
3056 2693 3355 2764 νομοθέτην
3401 2691 3499 2746 τοῦ
3535 2691 3853 2760 Πνεύματος
3890 2690 4005 2760 τῆς

2410 2785 2578 2854 ζωῆς,
2599 2787 2674 2848 ὡς
2699 2787 2859 2854 μόνον
2872 2786 2970 2853 τῆς
2988 2785 3242 2857 οὐρανίου
3264 2785 3366 2854 κλή
3376 2801 3532 2848 σεως,
3556 2785 3648 2838 καὶ
3661 2785 3764 2853 τῆς
3781 2780 3876 2835 τοῦ
3901 2783 4010 2835 οὐ-

2411 2878 2596 2948 ρανίου
2634 2877 2955 2932 διδασκάλου
2980 2875 3289 2944 κατηξιώθη
3320 2876 3526 2944 φωνῆς,
3557 2874 3871 2928 αἰσθάνεται
3891 2872 4009 2942 μὲν

2405 2970 2608 3039 νοερῶς
2636 2971 2731 3024 καὶ
2784 2970 2987 3033 πιστῶς
3017 2972 3114 3038 τῆς
3159 2968 3367 3036 νοητῶς
3415 2969 3472 3020 ὲν
3514 2967 3663 3035 αὐτῷ
3693 2965 4009 3034 νοουμένης

2409 3062 2691 3132 ἀληθείας.
2727 3062 2823 3116 ἆτε
2845 3062 3072 3132 καρδίας
3106 3061 3321 3123 εὐθείας
3345 3061 3440 3113 καὶ
3468 3059 3834 3130 ἀληθευτικῆς
3860 3058 3943 3111 ὢν
3984 3076 4004 3090 ’

2410 3155 2505 3207 καὶ
2534 3155 2610 3217 ὡς
2637 3154 2840 3221 ἀγαθὸς
2870 3153 2945 3206 ὢν
2969 3153 3069 3221 τὴν
3096 3152 3297 3222 ψυχὴν,
3346 3152 3407 3205 τδ
3450 3152 3611 3221 φύσει
3664 3168 4014 3217 κατανενοη-

720 3251 836 3306 mili
861 3251 1060 3306 eximia
1082 3252 1319 3321 quadam
1357 3251 1571 3306 ratione
1602 3267 1925 3323 agnoscens,
1946 3254 2147 3308 mentis
2175 3269 2300 3309 eum

2408 3247 2520 3310 κὼς
2546 3247 2772 3314 ἀγαθὸν,
2796 3247 2891 3301 καὶ
2933 3246 3011 3317 τῷ
3038 3246 3209 3316 ὁμοίῳ
3240 3244 3301 3297 τὺ
3324 3244 3513 3315 ὅμοιον
3565 3245 3859 3316 ὑπερφυῶς
3888 3247 4010 3299 ἑπ-

720 3340 916 3395 aﬂ‘ectu
943 3340 1329 3410 apprehendit,
1355 3356 1421 3396 ac
1449 3341 1683 3396 indivise
1708 3343 1782 3395 illi
1819 3342 2159 3397 eohzerescit.

789 3516 858 3569 At
892 3530 1000 3569 non
1059 3514 1255 3584 spiritu
1292 3515 1517 3585 quidem
1542 3526 1836 3585 menteque
1863 3520 2080 3573 vocanti
2120 3520 2304 3577 adhae-

721 3608 813 3667 sit,
840 3623 1073 3677 corpore
1098 3623 1230 3663 vero
1253 3608 1321 3661 ah
1347 3623 1415 3662 eo
1436 3609 1647 3677 seiungi
1671 3610 1957 3671 sustinuit,
1981 3628 2083 3667 nec
2103 3615 2299 3683 partim

724 3699 929 3753 mundo
961 3708 1124 3769 atque
1161 3700 1348 3753 δείξουιὶ
1382 3700 1675 3754 desideriis
1707 3702 1991 3772 [urbisque
2017 3704 2301 3774 impende-

724 3790 903 3854 hatur,
930 3791 1241 3860 partimque
1268 3791 1449 3860 ipsum
1482 3792 1824 3861 sequendum
1862 3795 2103 3861 putavit;
2134 3812 2298 3865 quem

721 3884 881 3951 plane
912 3898 1022 3936 nou
1062 3884 1281 3947 lateret,
1323 3882 1439 3937 ﬁeri
1480 3898 1589 3936 non
1626 3899 1784 3952 posse
1832 3893 1890 3937 ut
1920 3886 2044 3954 quis
2085 3886 2302 3941 duobus

718 3974 960 4028 dominis
987 3989 1181 4028 serius
1206 3975 1459 4028 addictus
1480 3974 1549 4028 sit
1572 3976 1617 4005 ⁵⁸
1646 3992 1656 4027 :
1695 3975 1827 4044 quin
1856 3991 1922 4029 ne
1952 3977 2044 4030 uni
2076 3979 2298 4044 quidem

717 4066 1009 4136 eidemque
1030 4067 1460 4137 obsequebatur,
1492 4066 1564 4120 ita
1583 4082 1712 4121 vero
1742 4076 1802 4121 ut
1830 4069 1882 4121 in
1910 4085 1998 4124 res
2019 4087 2145 4126 suas
2169 4073 2300 4128 satis

722 4160 997 4228 putaverit
1042 4176 1148 4214 una
1187 4159 1401 4213 honesti
1439 4162 1686 4231 rectique
1728 4170 1883 4229 parte
1914 4160 2168 4230 defungi;
2206 4172 2300 4216 aut

720 4251 934 4305 scilicet
975 4266 1254 4316 sermone,
1296 4251 1572 4319 praeclara:
1625 4251 1859 4306 actionis
1895 4267 1998 4321 0pc
2051 4263 2297 4317 carente,

718 4353 815 4395 aut
848 4342 1085 4405 actione,
1133 4357 1298 4410 quam
1344 4343 1619 4395 sermonis
1668 4342 1758 4396 lux
1807 4358 1871 4396 ac
1915 4343 2295 4398 doctrinarum

720 4430 985 4485 deﬁceret
1018 4447 1029 4483 :
1069 4430 1164 4484 sed
1201 4430 1450 4500 utrisque
1502 4431 1740 4501 ingenue
1786 4431 2107 4495 admodum,
2140 4442 2195 4486 et
2239 4442 2299 4486 ut

721 4522 983 4591 magistro
1012 4537 1314 4592 congruum
1360 4532 1497 4587 erat,
1527 4524 1712 4577 animo
1746 4524 1995 4584 aﬂectus.
2034 4536 2147 4579 tum
2186 4525 2295 4594 spi-

721 4613 831 4667 ritu
867 4622 1015 4668 totus
1062 4614 1285 4682 penitus
1319 4614 1398 4667 illi
1442 4624 1730 4668 consertus
1762 4631 1825 4669 ac
1868 4616 2124 4670 counitus
2155 4627 2295 4682 erat,

720 4711 836 4757 tum
868 4720 1100 4774 corpore
1132 4705 1395 4759 indivisas
1416 4722 1538 4760 cum
1568 4708 1660 4760 illo
1687 4722 1870 4760 moras
1894 4707 2179 4774 trahebat;
2211 4724 2319 4762 sa-r

720 4796 1053 4866 pientiazque
1080 4807 1135 4849 et
1164 4796 1472 4864 prudentia:
1522 4808 1686 4866 atque
1727 4797 1917 4866 gratia:
1952 4799 2301 4854 sermonibus

720 4904 907 4943 aurem
958 4889 1129 4957 probe
1178 4889 1573 4957 iutelligenlem
1624 4889 1914 4955 adhibens,
1974 4891 2095 4961 ejus
2140 4891 2297 4945 chori

718 4982 1032 5050 principum
1083 4995 1147 5034 ea
1181 4988 1335 5049 parte
1377 4980 1511 5032 nulli
1554 4979 1831 5034 secundus
1877 4987 2017 5043 erat,
2064 4980 2301 5050 ﬁdeique

719 5070 984 5139 operibus
1023 5084 1087 5124 ac
1120 5069 1429 5123 dilectionis
1483 5070 1597 5137 pari
1632 5069 1739 5122 illis
1777 5067 1939 5122 modo
1984 5068 2068 5121 vir
2115 5070 2291 5123 admi-

719 5162 927 5216 randus
960 5162 1256 5230 perfectus,
1282 5161 1373 5229 qui
1412 5161 1566 5214 lieret
1599 5169 1657 5213 ut
1703 5161 1754 5213 in
1803 5174 2117 5227 supremam
2151 5160 2296 5214 anti-

719 5251 1152 5321 quissimamque
1207 5252 1579 5320 apostolorum
1621 5252 1849 5309 classem
1887 5251 2135 5322 coeptari
2187 5268 2295 5307 non

721 5341 1067 5395 mereretur?

795 5433 1087 5501 Postquam
1122 5432 1266 5486 enim
1330 5432 1570 5501 legitima
1632 5433 1708 5487 illi
1768 5434 2118 5489 contubernii
2174 5451 2300 5490 cum

717 5520 940 5577 Christo
975 5521 1331 5591 indivisaque
1372 5521 1683 5576 sedulitatis
1713 5524 1852 5577 ratio
1877 5523 2114 5578 ineunda
2146 5534 2267 5579 erat
2290 5567 2303 5591 ,

793 5680 835 5710 θ’
876 5680 1033 5735 Joau.
1067 5694 1153 5747 xv,
1189 5682 1237 5735 l.
1311 5679 1356 5712 ⁵⁵
1394 5680 1583 5734 Matth.
1643 5696 1692 5735 vt
1723 5720 1738 5747 ,
1784 5678 1874 5735 25.

2413 3338 2692 3406 εγνωκὼς,
2725 3339 3153 3409 καταδράττεται
3182 3336 3375 3390 τούτου
3409 3336 3645 3390 διαθέσει
3672 3324 3870 3409 φυχῆς,
3895 3340 4015 3395 καὶ

2407 3430 2758 3499 ἀδιατμήτως
2790 3429 3215 3499 πφσκολλὶται.

2492 3522 2633 3577 Ἀλλ’
2670 3523 2730 3575 οὐ
2761 3522 3033 3590 πνεύματι
3075 3521 3174 3589 μὲν
3200 3522 3296 3575 καὶ
3324 3522 3406 3576 νοῒ
3432 3521 3509 3591 τῷ
3536 3519 3832 3590 κεκληκότι
3864 3537 4017 3573 συν-

2406 3614 2626 3685 εφύετο,
2707 3612 2787 3683 τῷ
2840 3612 3054 3683 σώματι
3089 3613 3147 3665 δὲ
3196 3612 3491 3683 διῃρῆσθαι
3538 3614 3732 3665 τούτου
3766 3613 4016 3665 κατεδέ-

2405 3724 2531 3778 χετο
2550 3724 2564 3739 ⁸
2596 3706 2707 3759 οὐδ’
2724 3707 2781 3758 ὲν
2806 3706 2961 3775 μέρει
2984 3706 3080 3774 μὲν
3108 3703 3185 3774 τῷ
3215 3705 3407 3774 κόσμῳ
3428 3706 3524 3759 καὶ
3554 3708 3674 3767 ταῖς
3698 3707 4019 3772 κοσμικαῖς

2406 3797 2723 3868 ἐπιθυμίαις
2778 3798 2873 3851 καὶ
2919 3796 3150 3866 τύρϐαις
3192 3797 3561 3867 ἀπησχόλητο,
3596 3799 3655 3850 ὲν
3712 3796 3869 3867 μέρει
3936 3797 4017 3850 δὲ

2402 3892 2577 3962 τούτῳ
2609 3889 2842 3943 ἔπεσθαι
2880 3887 3015 3958 ᾧετο
3052 3888 3183 3947 δεῖν,
3230 3887 3351 3940 δυσὶ
3379 3888 3591 3957 κυρίοις
3630 3886 4021 3941 δεδουλῶσθαι

2404 3983 2718 4037 ἀνένδεκτον
2764 3980 2922 4042 εἰδὼς
2960 3978 3018 4031 ὃν
3042 3996 3054 4009 ο
3096 3978 3206 4031 οὐδ’
3229 3978 3310 4031 ἑνὶ
3338 3978 3437 4047 μὲν
3473 3979 3565 4031 καὶ
3595 3978 3669 4048 τῷ
3700 3978 3851 4047 αὐτῷ
3892 3996 4025 4032 κα-

2400 4074 2664 4145 ταπειθὴς
2687 4070 2776 4144 ἦν,
2797 4072 2917 4126 καθ’
2936 4072 3031 4124 ἕνα
3047 4071 3103 4123 δὲ
3128 4071 3333 4141 τρόπον
3359 4071 3641 4141 αὐταρκες
3666 4070 4024 4138 εὐαρεστεῖν

2404 4169 2609 4238 ἠγεῖτο,
2632 4167 2665 4236 ἢ
2686 4166 2829 4235 λόγῳ
2853 4163 3107 4232 πράξεως
3137 4162 3459 4233 ἀμοιροῦντι
3502 4162 3703 4227 δεξιᾶς,
3732 4162 3765 4231 ἢ
3791 4162 4024 4231 πράξει

2404 4260 2499 4312 τοῦ
2547 4257 2657 4311 τῶν
2712 4256 2884 4323 λόγων
2918 4254 3221 4324 λειπομένη
3248 4252 3423 4321 φωτός
3454 4268 3469 4284 ·
3522 4251 3646 4304 κατ’
3713 4250 3881 4318 ἄμφω
3938 4252 4029 4307 δὲ

2401 4349 2522 4402 λίαν
2540 4346 2776 4415 εὐφυῶς,
2797 4347 2891 4399 καὶ
2912 4348 3051 4415 πρὸς
3078 4345 3168 4399 τὸν
3199 4344 3524 4397 διδάσκαλον
3551 4342 3832 4411 ἁρμοδίως
3862 4342 4025 4396 δια-

2402 4440 2679 4510 κείμενος,
2710 4436 2808 4490 καὶ
2834 4436 3107 4506 πνεύματι
3145 4435 3265 4497 ὅλος
3293 4432 3360 4487 δι’
3381 4432 3504 4485 ὅλου
3548 4432 3901 4502 συνήρμοστό
3935 4451 4032 4487 τε

2403 4530 2498 4584 καὶ
2528 4530 2821 4598 συνήνωτο,
2883 4528 2977 4579 καὶ
3028 4525 3241 4595 σώματι
3278 4525 3704 4577 ἀναπόσπαστον
3744 4522 3844 4592 τὴν
3871 4528 4035 4590 μετ’

2404 4622 2571 4677 αὐτοῦ
2595 4620 2863 4691 πεποίηκε
2886 4619 3193 4690 διατριϐήν
3226 4618 3321 4670 καὶ
3344 4616 3526 4682 λόγοις
3552 4617 3652 4686 μὲν
3667 4616 3859 4683 σοφίας
3896 4620 4036 4671 καὶ

2407 4715 2677 4777 συνέσεως
2714 4714 2809 4766 καὶ
2851 4714 3072 4783 χάριτος
3096 4709 3383 4763 εὐσύνετον
3412 4709 3503 4771 οῦς
3529 4708 4033 4779 παρατιθέμενος,

2405 4810 2619 4871 οὐδενὸς
2645 4807 2786 4862 κατά
2810 4808 2979 4862 ταῦτα
3005 4806 3111 4859 τῶν
3139 4803 3453 4873 κορυφαίων
3483 4802 3813 4857 ἀπελείπετο
3844 4819 3861 4833 ο
3899 4807 4046 4860 καὶ

2407 4902 2593 4973 ἔργοις
2643 4900 2697 4954 δὲ
2734 4901 2973 4962 πίστεως
2995 4898 3092 4952 καὶ
3130 4898 3467 4966 ἀγαπήσεως
3518 4896 3721 4965 ὁμοίως
3756 4894 4046 4963 ἐκείνοις

2407 4996 2436 5047 ὁ
2482 4993 2788 5062 θαυμάσιος
2843 4990 3306 5059 κατηρτισμένος,
3337 4988 3455 5051 πῶς
3500 4988 3601 5041 οὐκ
3624 4987 3850 5056 ἔμελλεν
3895 4990 4048 5060 τῆς

2402 5085 2662 5137 ἀνωτάτω
2704 5082 2796 5136 καὶ
2842 5082 3223 5154 πρεσϐυτάτης
3269 5081 3380 5136 τῶν
3431 5080 3746 5135 ἀποστόλων
3784 5079 4055 5149 τάξειυς

2404 5172 2776 5243 κατηξιῶσθαι
2804 5190 2818 5237 ;

2498 5434 2716 5501 Ἐπειδὴ
2772 5433 2879 5503 γὰρ
2937 5432 3167 5501 νόμιμον
3216 5430 3326 5485 ἔδει
3376 5430 3550 5500 τούτῳ
3589 5428 3852 5495 γενέσθαι
3898 5431 4066 5503 τὴν

2418 5527 2555 5595 μετὰ
2576 5526 2669 5579 τοῦ
2698 5525 2935 5597 Χριστοῦ
2977 5524 3263 5596 διατριϐήν
3289 5540 3304 5556 ·
3359 5523 3524 5595 νόμος
3562 5522 3618 5578 δὲ
3664 5521 3955 5593 μαθητάς
3974 5543 4064 5595 ς,

791 5819 926 5877 (34')
950 5822 1204 5881 AlplueUS
1233 5822 1386 5891 quasi
1427 5823 1619 5877 doctor.
1667 5820 1792 5884 diu,
1822 5822 1974 5877 vcrb.
2011 5804 2148 5891 ιΊδἫ
2188 5821 2363 5876 didicit
2394 5805 2507 5887 r158
