4192 6424
221 392 299 453 153
908 397 1188 459 ORATIO
1224 401 1389 462 VIII.
1426 400 1593 462 —IN
1634 401 1945 465 LAUDEM
1979 406 2037 466 S.
2082 406 2342 468 JACOBI
2383 406 2706 470 ALPILEI.

3339 407 3440 471 154

218 499 540 568 ἀπαρνεῖσθαι
588 501 690 569 μὲν
740 504 921 557 πᾶσαν
962 508 1062 575 τήν
1106 511 1496 579 παρεπομένην
1545 511 1776 573 ἔξωθεν,

1870 515 2103 583 liscipuli
2132 532 2262 570 vero
2310 518 2396 570 lex
2437 514 2779 579 habebatur,‘
2800 527 3019 567 omnem
3043 528 3161 581 qua:
3197 516 3441 571 exterius

220 584 497 660 πέριουσίαν
527 612 539 624 ο
595 596 963 665 ἀπαρνεῖσθαι
1010 597 1067 650 δὲ
1103 602 1197 651 καὶ
1230 602 1410 654 πᾶσαν
1460 603 1560 671 τὴν
1610 605 1751 657 κατὰ

219 683 363 751 σάρκα
390 683 653 751 φιλότητα
701 686 796 739 τοῦ
837 689 1136 756 συγγενοῦς
1172 707 1186 721 '
1227 692 1363 762 πρὸς
1389 693 1469 756 δέ,
1514 695 1606 747 καὶ
1653 695 1747 748 τοῦ

221 775 384 827 οἰκείου
408 774 712 845 θελήματος
747 780 1219 851 ἀπηλλοτριῶσθαι
1262 784 1361 853 τῆς
1409 786 1607 855 ψυχῆς.
1642 786 1753 840 Md.

218 865 392 934 λιςγὰρ
424 865 491 919 ἂν
511 867 655 920 οὕτω
695 869 953 923 δύνασθαι
985 876 1201 943 συχνοῖς
1243 875 1325 927 ὅτι
1361 876 1598 946 μάλιστα
1655 878 1752 931 πό-

221 973 323 1020 νοις,
350 957 437 1009 καὶ
461 960 660 1029 γνησία
682 964 747 1030 τῇ
783 963 892 1015 τῶν
910 963 1079 1017 θείων
1112 964 1313 1037 μελέτῃ
1340 968 1433 1019 καί⁵
1468 968 1754 1039 φιλοπονία

216 1042 277 1116 τῷ
320 1049 501 1118 ἀγαθῴ
533 1050 628 1102 τοῦ
674 1051 811 1105 Θεοῦ
866 1053 1136 1124 θελήματι
1187 1058 1470 1126 σχολάσαι,
1536 1062 1631 1112 καὶ
1697 1062 1755 1111 ἐν

216 1139 335 1207 αὐτῷ
355 1140 780 1210 κατορθωθῆναι,
806 1146 901 1197 καὶ
936 1146 1013 1215 τῷ
1039 1148 1465 1219 ἐπιθυμουμένῳ
1500 1153 1599 1221 τῆς
1640 1151 1751 1203 τῶν

214 1227 421 1296 οὐρανῶν
451 1227 729 1297 βασιλείας
758 1231 826 1284 δι’
856 1233 1022 1286 αὐτοῦ
1064 1236 1430 1306 προσορμίσαι
1482 1242 1755 1306 καταντή-

217 1333 339 1388 ματι.
396 1320 615 1392 Ἐπειδὴ
654 1317 749 1375 οῦν
773 1323 963 1377 τοῦτον
996 1320 1134 1379 εἶναι
1167 1328 1258 1378 τὸν
1278 1327 1442 1394 νόμον
1467 1327 1560 1379 τοῦ
1590 1327 1753 1381 πνεύο

218 1427 356 1479 ματος
388 1412 413 1464 ὁ
462 1411 607 1476 θεῖος
648 1413 904 1478 Ἰάκωϐος
948 1416 1083 1488 πρὸς
1118 1417 1286 1487 αὐτῆς
1340 1420 1615 1489 ἐπακήκοε
1661 1419 1760 1487 τῆς

214 1500 455 1569 ἀληθείας,
483 1504 583 1555 ούκ
615 1505 955 1576 ἀπεκναίσθη
984 1508 1082 1575 τὴν
1107 1509 1276 1579 ἀκοήν
1302 1525 1315 1539 ·
1352 1510 1450 1562 οὐκ
1485 1509 1757 1580 ἐϐαρύνθη

213 1593 293 1656 τὴν
314 1592 530 1662 καρδίαν
551 1610 567 1624 ·
610 1594 673 1647 οὐ
699 1595 833 1663 πρὸς
860 1597 919 1648 τὸ
946 1595 1079 1665 ὕψος
1106 1598 1369 1666 ἰλιγγίασε
1396 1598 1496 1665 τῆς
1519 1599 1757 1668 ἐντολῆς·

212 1682 404 1752 ίμφύτῳ
428 1684 488 1736 δὲ
522 1683 672 1754 πόθῳ
715 1686 852 1757 πρὸς
889 1690 985 1741 τον
1011 1689 1391 1758 ἐντελλόμενον
1413 1688 1483 1741 τὰ
1522 1692 1760 1760 σωτήρια

213 1771 590 1840 ἀναπτερωθεὶς
613 1772 893 1837 ἐξίσταται
930 1775 1031 1845 μέν
1054 1776 1213 1838 εὐθὺς
1249 1776 1447 1837 παντὸς
1480 1778 1762 1846 κτήματος

213 1863 291 1915 ἀἱ
336 1838 630 1933 χρήματος.
686 1865 788 1917 ὅσα
817 1838 995 1937 τούτῳ
1070 1866 1281 1937 προσῆν
1311 1882 1325 1896 ’
1381 1838 1659 1931 ἐξίσταται
1705 1838 1761 1918 δέ
1795 1838 1834 1892 Β

213 1956 413 2018 οἰκείων,
468 1957 693 2023 γονέων.
744 1957 1011 2026 ἀδελφῶν,
1074 1958 1373 2027 συγγενῶν,
1430 1960 1620 2027 φίλων,
1666 1959 1763 2011 καὶ

212 2048 395 2101 πάντων
422 2050 538 2101 ὅσοι
558 2049 732 2119 τούτῳ
767 2052 909 2103 κατὰ
940 2052 1099 2121 σῶμα
1127 2054 1494 2121 προσήκοντες
1519 2070 1531 2083 ο
1561 2053 1765 2105 καλ.τὲ⁹

212 2137 300 2199 λος,
327 2138 419 2207 τὴν
450 2139 587 2192 ἰδίαν
631 2141 1023 2211 ἀπηρνημένος
1051 2138 1248 2211 ψυχὴν,
1286 2141 1379 2194 καὶ
1425 2142 1624 2204 παντὸς
1662 2159 1764 2211 χα-

213 2228 445 2297 μαιζήλου
506 2230 601 2282 καὶ
661 2230 853 2292 πεξίου
917 2231 1224 2301 θελήματος
1286 2232 1765 2301 ἀλλοτριούμενος,

214 2320 350 2387 μόνον
381 2319 605 2372 ἀνέπνει
654 2321 747 2377 τὸν
798 2320 1028 2386 Ἰησοῦν,
1086 2322 1245 2391 μόνον
1272 2322 1367 2391 ἔζη
1408 2321 1499 2373 τὸν
1539 2321 1765 2390 Ἰησοῦν.

215 2412 335 2483 Πρὸς
358 2412 592 2482 Χριστὸν
644 2414 803 2482 μόνον
832 2413 1154 2484 ἁπῃώρητο,
1210 2413 1346 2482 πρὸς
1385 2413 1616 2483 Χριστὸν
1666 2414 1762 2465 ἀν-

216 2503 423 2557 ετείνετο
444 2506 537 2558 τὸν
564 2505 707 2560 νοῦν.
737 2506 896 2567 Ὄλος
936 2506 1282 2575 ἐπέστραπτο
1320 2505 1455 2574 πρὸς
1502 2506 1770 2574 Χριστόν·

208 2594 349 2647 αὐτοῦ
377 2595 496 2658 ὅλος
523 2591 613 2668 ἦν,
637 2597 732 2649 καὶ
763 2598 860 2666 οὔχ
889 2596 1102 2649 ἐαυτοῦ.
1133 2596 1303 2648 Αὐτὸν
1332 2591 1444 2665 εἶχε
1466 2597 1617 2659 Θεὸν,
1664 2596 1775 2653 Κύ-

213 2703 328 2752 Ριονν
355 2687 700 2750 διδάσκαλον,
752 2687 994 2756 βασιλέα,
1035 2687 1289 2756 ποιμένα,
1315 2687 1557 2757 Πατέρα,
1582 2685 1768 2754 Σωτῆ-

212 2795 269 2846 ρα
310 2778 399 2831 καὶ
448 2779 828 2848 καθηγεμόνα.
884 2779 1058 2832 Αὑτὸν
1095 2780 1195 2851 τῆς
1246 2779 1454 2841 οἰκείας
1505 2780 1771 2832 ἐπίστευε

206 2870 361 2939 ψυχῆς
392 2867 537 2924 εἶναι
575 2871 693 2939 σῶς
726 2871 821 2925 καὶ
843 2870 1009 2942 ζωήν,
1042 2870 1315 2941 ἀγιασμδν
1342 2871 1437 2925 καὶ
1463 2871 1779 2943 ἀπολύτρωι

1863 622 2048 661 comes
2065 607 2215 659 venit
2236 607 2508 676 abnegare
2535 607 2809 660 bonorum
2830 604 3041 674 copiam
3065 621 3079 669 ;
3110 619 3440 675 omnemque

1863 712 2055 751 eorum
2073 699 2166 766 qui
2180 698 2461 767 sanguinis
2476 695 2881 752 necessitudine
2892 696 3173 764 conjuncti
3188 705 3334 758 sunt,
3353 697 3440 750 ah-

1868 803 2066 857 negare
2092 787 2419 853 amicitiam;
2451 788 2516 843 ad
2550 788 2667 842 haec
2694 802 2827 841 vero
2858 787 3029 855 ipsam
3063 787 3228 841 etiam
3265 786 3434 840 animi

1868 878 2144 949 propriam
2176 879 2431 933 abdicare
2473 879 2831 933 voluntatem.
2866 878 2958 933 Sic
2983 879 3128 931 enim
3156 879 3243 934 vix
3272 894 3437 947 quam

1868 971 2104 1025 maxime
2148 970 2361 1025 crebris
2401 970 2703 1033 laboribus,
2735 983 2973 1038 veraque
3007 983 3187 1021 rerum
3230 969 3442 1022 divina-

1867 1074 1990 1112 rum
2019 1058 2374 1112 meditatione
2398 1072 2463 1111 ac
2487 1057 2693 1120 studio,
2723 1058 2817 1110 Dei
2846 1072 3005 1125 posse
3029 1070 3221 1109 vacare
3249 1056 3443 1109 volun-

1868 1151 1986 1215 tati,
2027 1151 2190 1219 inque
2231 1166 2295 1204 ea
2343 1150 2488 1204 felici
2527 1150 2677 1203 exitu
2728 1151 2958 1215 enitere,
3001 1165 3066 1203 ac
3123 1147 3440 1202 desiderato

1866 1252 2100 1291 occursu
2151 1237 2416 1291 caelorum
2466 1252 2694 1305 regnum
2736 1236 3009 1289 obtinere.
3067 1236 3218 1289 llanc
3260 1238 3445 1304 itaque

1869 1328 2109 1399 Spiritus
2156 1327 2330 1396 legem
2380 1327 2602 1381 divinus
2657 1327 2898 1382 Iacobus
2927 1343 2993 1381 ex
3041 1326 3154 1395 ipsa
3210 1334 3445 1380 veritate

1870 1437 1993 1476 cum
2028 1420 2295 1483 audisset,
2330 1435 2437 1474 non
2473 1421 2663 1474 auditu
2696 1420 2961 1485 offensus,
2996 1434 3103 1472 non
3140 1419 3303 1472 corde
3326 1434 3445 1486 gni-

1869 1522 2030 1568 vatus
2058 1521 2163 1576 est,
2202 1528 2310 1565 non
2351 1513 2592 1567 mandati
2624 1513 2964 1565 sublimitate
3000 1510 3187 1565 animo
3227 1510 3302 1563 illi
3333 1510 3415 1562 ba:

1871 1614 2026 1659 rente
2077 1605 2397 1673 perculsus;
2455 1605 2587 1673 quin
2640 1604 2828 1657 innato
2873 1601 3151 1656 desiderio
3203 1600 3256 1654 in
3318 1616 3445 1653 eum

1873 1696 2195 1767 praevolans,
2223 1697 2315 1765 qui
2350 1713 2414 1751 ea
2458 1712 2581 1767 quze
2618 1695 2812 1750 salutis
2838 1701 3041 1758 essent,
3076 1691 3445 1762 praecipiebat,

1867 1805 1894 1841 a
1928 1791 2141 1843 cunctis
2169 1791 2352 1844 statim
2395 1806 2517 1857 qua:
2548 1790 2602 1843 in
2633 1804 2800 1843 censu
2849 1802 2912 1840 ac
2945 1794 3229 1840 numerato
3268 1794 3445 1847 erant,

1864 1881 2147 1937 abscedit:
2180 1898 2210 1935 a
2238 1882 2587 1942 necessariis,
2631 1879 2971 1949 parentibus,
3029 1878 3309 1940 fratribus,
3352 1892 3447 1927 eo-

1866 1971 2064 2042 gnatis,
2096 1972 2290 2027 amicis
2343 1976 2663 2041 cunctisque
2695 1972 2802 2025 illis
2839 1970 2932 2040 qui
2976 1986 3042 2023 ex
3083 1985 3281 2039 genere
3313 1984 3448 2036 quo-

1865 2062 1950 2116 vis
1983 2064 2145 2117 modo
2176 2064 2328 2118 illum
2373 2064 2787 2133 contingebant,
2826 2078 2944 2115 sese
2990 2062 3237 2131 abjungit
3275 2078 3286 2112 :
3332 2060 3448 2127 ipsa

1864 2164 2144 2224 postremo
2171 2157 2351 2209 anima
2386 2157 2673 2225 abnegata,
2706 2156 2968 2223 omnique
2997 2154 3190 2207 humili
3222 2168 3284 2206 ac
3320 2168 3447 2207 ver-

1863 2254 2026 2313 gente
2057 2244 2312 2299 abdicata
2346 2246 2651 2309 voluntate,
2689 2245 2912 2300 unicum
2959 2244 3146 2298 Iesum
3179 2243 3447 2313 spirabat,

1865 2337 2053 2392 Iesum
2082 2337 2304 2391 unicum
2330 2336 2545 2391 vivebat
2570 2354 2584 2402 ;
2618 2336 2673 2390 in
2708 2351 2874 2389 unum
2902 2335 3185 2390 Christum
3218 2350 3450 2403 suspen-

1867 2444 1983 2493 sus,
2009 2440 2190 2484 mente
2216 2428 2269 2483 in
2296 2428 2578 2484 Christum
2608 2428 2873 2491 intentus,
2907 2436 3055 2481 totus
3082 2428 3137 2480 in
3167 2424 3449 2479 Christum

1868 2536 2173 2575 conversus
2215 2530 2336 2575 erat
2369 2538 2382 2573 :
2415 2521 2565 2574 illius
2611 2530 2792 2582 totus,
2828 2534 2939 2572 non
2985 2518 3070 2573 sui
3117 2518 3231 2586 ipse
3285 2526 3451 2571 erat:

1868 2611 2052 2681 ipsum
2096 2612 2268 2665 Deum
2298 2611 2611 2674 Dominum,
2658 2610 3001 2680 magistrum,
3036 2624 3239 2678 regem,
3274 2614 3453 2675 pasto-

1871 2720 2008 2768 rem,
2045 2703 2286 2765 l‘atrem,
2314 2703 2654 2757 Salvatorem
2676 2718 2738 2757 ac
2764 2711 3159 2772 pneceptorem
3189 2698 3452 2753 habebat.

1872 2796 1996 2851 Sua:
2031 2811 2161 2849 eum
2193 2794 2454 2849 credebat
2482 2794 2678 2848 animae
2706 2792 2885 2847 lucem
2922 2807 2986 2846 ac
3026 2792 3217 2851 vitam,
3250 2788 3454 2844 sancti-

1874 2887 2184 2941 licationem
2217 2900 2284 2939 ac
2314 2884 2776 2954 redemptionem,
2806 2883 3038 2937 salutem
3082 2897 3146 2935 ac
3180 2880 3454 2951 iustifica-

207 2977 291 3024 σιν,
328 2964 603 3032 σωτηρίαν
640 2964 735 3017 καὶ
759 2964 1062 3018 δικαίωσιν.
1110 2964 1283 3017 Αὑτὸν
1332 2959 1477 3033 εἶχεν
1531 2964 1776 3029 ἐξουσίαν

1877 2980 2104 3033 tionem.
2146 2978 2328 3047 Ipsum
2354 2986 2683 3047 potestatem
2709 2984 2765 3030 et
2792 2982 2962 3044 caput
2988 2974 3264 3037 habebat;
3310 2972 3454 3028 unde

208 3053 284 3103 καὶ
312 3053 554 3122 κεφαλήν
587 3071 602 3084 ·
632 3053 757 3106 ὅθεν
786 3054 883 3107 καὶ
912 3056 959 3107 οῖ
998 3055 1269 3125 ὀφθαλμοὶ
1319 3056 1485 3109 αὑτοῦ
1518 3056 1780 3126 διηνεκῶς

1874 3068 2039 3121 etiam
2081 3068 2137 3121 in
2176 3082 2243 3121 eo
2283 3067 2491 3135 jugiter
2528 3065 2701 3135 ipsius
2734 3065 2881 3119 oculi
2927 3073 3086 3118 erant
3112 3065 3156 3096 ⁵⁸
3191 3081 3205 3118 :
3256 3063 3454 3117 mentis

202 3143 250 3193 ἐν
292 3144 451 3214 αὐτῷ.
516 3145 740 3215 Νοερῶς
792 3146 900 3217 γὰρ
958 3146 1121 3201 αὐτὸν
1161 3148 1253 3200 καί
1313 3148 1669 3212 ἀδιαλείπτως
1700 3151 1776 3202 ἐν-

1886 3161 2030 3215 enim
2066 3160 2353 3230 pratscntia
2400 3158 2800 3221 indesinenter,
2847 3166 2906 3211 ut
2953 3158 3006 3211 in
3051 3158 3296 3225 speculo,
3327 3171 3454 3210 cum

201 3235 500 3304 ωπτρίζετο.
524 3237 699 3290 Τοῦτο
720 3238 825 3309 γὰρ
846 3234 1001 3309 οἶμαι
1051 3241 1145 3293 καὶ
1201 3240 1292 3293 τὸν
1341 3241 1771 3313 Ἐκκλησιαστὴν

199 3332 539 3402 παραδηλοῦν,
607 3333 714 3386 τοῦ
772 3336 990 3403 σοροῦ,
1026 3336 1293 3403 λέγοντα,
1342 3337 1486 3403 τοὺς
1551 3338 1767 3406 ὀφθαλ-

195 3425 324 3491 μοὺς
369 3421 525 3479 εἶναι
591 3427 662 3478 ὲν
717 3426 792 3494 τῇ
854 3428 1041 3482 αὑτοῦ
1073 3426 1343 3497 κεφαλῇ,
1386 3429 1495 3482 τὸν
1537 3428 1771 3499 ἄφρονα

196 3513 252 3568 id
288 3518 651 3586 πορεύεσθαι
711 3519 781 3570 ἐν
828 3521 1052 3572 σκότει.

252 3607 454 3663 Ὠσπερ
484 3605 582 3660 οὖν
611 3608 718 3661 τῶν
749 3610 1018 3678 σωμάτων
1048 3610 1117 3663 τὰ
1172 3610 1595 3679 διαφανέστατα,
1661 3611 1757 3664 ὅλα

199 3695 253 3747 δι’
277 3698 395 3750 ὅλου
450 3697 558 3766 τῆς
601 3698 831 3767 ἡλιακῆς
884 3699 1121 3763 ἀκτῖνος,
1163 3699 1301 3752 αὐτά
1330 3716 1388 3750 τε
1418 3699 1558 3751 κατὰ
1608 3698 1769 3767 βάθος

195 3786 551 3855 πληρούμενα,
574 3787 670 3840 καὶ
695 3790 806 3847 τοῖς
836 3786 1062 3855 πλησίον
1118 3787 1581 3857 μεταδιδοῦσι’τοῦ
1602 3805 1765 3855 φωτι-

196 3876 335 3945 σμοῦ,
363 3878 512 3931 οὕτω
540 3880 629 3934 4a.!
648 3879 828 3941 αὐτὸς,
848 3872 891 3931 ὦ
919 3879 1143 3942 θεόπται
1171 3881 1289 3941 ταῖς
1317 3880 1497 3932 ἀκτῖσι
1527 3879 1621 3932 τοῦ
1644 3896 1769 3949 νοη-

193 3968 270 4019 τοῦ
287 3969 381 4037 τῆς
399 3969 753 4041 δικαιοσύνης
785 3969 964 4023 Ἠλίου
990 3970 1402 4041 προσεσχηκὼς,
1435 3971 1650 4039 καὶτῆς
1682 3972 1773 4024 αύ-

192 4059 269 4111 τοῦ
290 4062 510 4131 χάριτος
556 4061 678 4123 ὅλος
730 4062 799 4113 δι’
831 4062 952 4115 ὅλου
998 4062 1281 4130 πλησθεὶς.
1311 4062 1405 4115 καὶ
1433 4063 1767 4134 διειδεστὰτῃ

191 4148 375 4223 διανοίᾳ
445 4152 599 4206 κατᾶ
670 4152 832 4221 βάθος
862 4192 878 4219 ,
940 4155 1060 4207 ὅλον
1112 4155 1173 4207 τὸ
1219 4154 1506 4224 θεαρχικὸν
1565 4156 1770 4224 φέγγος

193 4244 501 4309 σημειωθείης
521 4284 538 4307 ,
574 4244 669 4297 καὶ
694 4244 1017 4315 αὐτόχρημα
1034 4245 1148 4313 φῶς
1185 4246 1331 4298 κατὰ
1359 4245 1578 4315 μέθεξιν
1603 4248 1767 4317 ὑπερ-

192 4334 286 4397 φυᾶ
312 4333 582 4401 γεγονὼς,
640 4336 808 4387 πᾶσιν
838 4334 1015 4387 ἔθνεσι
1053 4334 1431 4405 ἐχρημάτισας
1462 4336 1763 4405 φωτισμός.

243 4422 429 4477 Τοίνυν
455 4423 755 4495 μακαρίζω
793 4442 888 4477 σου
918 4425 979 4478 τὸ
1027 4426 1208 4494 σῶμα,
1231 4425 1293 4478 τὸ
1320 4425 1464 4495 ἱερὸν
1492 4426 1756 4497 σκήνωμα

1879 3253 2265 3309 contuebatur.
2319 3252 2490 3321 quue
2536 3252 2713 3320 ipsum
2772 3250 3019 3305 arbitror
3068 3249 3455 3304 Ecclesiastem

1876 3345 2128 3405 iuuuere,
2154 3357 2279 3396 cum
2318 3342 2396 3395 ait
2428 3358 2441 3393 :
2468 3339 2730 3411 Sapientis
2757 3339 2893 3393 oculi
2920 3341 2972 3393 in
3000 3340 3174 3409 capite
3206 3340 3341 3407 ejus,
3371 3340 3456 3392 in-

1873 3435 2069 3504 sipiens
2094 3443 2269 3486 autem
2300 3430 2537 3485 ambulat
2559 3432 2612 3483 in
2642 3430 2865 3483 tenebris
2902 3430 2970 3483 ⁵⁷.

1945 3606 2416 3674 Quemadmodum
2466 3605 2631 3676 igitur
2676 3620 2906 3676 corpora
2951 3605 3111 3676 longe
3159 3604 3455 3673 pellucida,

1876 3709 1987 3753 tota
2032 3713 2259 3768 prorsus
2298 3699 2517 3768 altoque
2544 3698 2693 3761 sinu,
2727 3696 2893 3751 solari
2925 3697 3079 3749 radio
3106 3697 3288 3765 plena,
3319 3696 3457 3751 lucis

1873 3790 2116 3859 fulgores
2147 3790 2310 3845 etiam
2357 3790 2553 3844 vicinis
2600 3788 2972 3859 impartiunt:
3018 3788 3097 3842 sic
3148 3796 3205 3840 tu
3238 3802 3457 3857 quoque

1875 3886 1892 3949 (
1922 3881 2015 3936 Dei
2059 3880 2173 3950 ipse
2208 3880 2384 3935 oculis
2414 3881 2727 3950 inspector)
2760 3879 3267 3949 spiritalisjustitiae
3316 3879 3457 3933 Solis

1876 3974 2045 4028 radiis
2074 3989 2199 4027 cum
2233 3972 2578 4035 adluesisses,
2606 3973 2835 4042 ejusque
2860 3980 3006 4025 totus
3031 3972 3202 4040 gratia
3236 3986 3457 4040 prorsus

1875 4064 2177 4126 confertus,
2224 4061 2715 4131 limpidissimaque
2758 4069 2939 4114 mente
2973 4067 3084 4115 toto
3124 4060 3232 4114 alte
3267 4059 3457 4113 divino

1872 4155 2081 4223 fulgore
2130 4154 2410 4216 imbutus,
2458 4153 2658 4221 luxque
2708 4152 2884 4221 reipsa
2913 4191 2928 4217 ,
2978 4150 3175 4204 eximia
3222 4151 3455 4219 quadam

1873 4244 2295 4313 participatione
2325 4244 2557 4298 cfl'cctus
2587 4258 2770 4308 esses,
2801 4243 3013 4297 cunctis
3047 4242 3304 4312 gentibus
3337 4241 3430 4295 illu

1876 4335 2102 4389 Ininatio
2136 4334 2337 4388 audisti
2362 4374 2374 4387 .

1948 4425 2173 4479 Beatum
2234 4426 2417 4494 itaque
2473 4424 2709 4495 praedico
2763 4439 2978 4479 sacrum
3025 4439 3228 4492 corpus
3276 4432 3452 4487 tuum,

187 4514 349 4584 δόξης
374 4518 474 4571 τοῦ
526 4517 669 4570 Θεοῦ
699 4518 793 4570 καὶ
826 4516 1077 4585 Πατρός,
1109 4517 1203 4569 καί⁵
1226 4517 1578 4583 ἁγιότευκτον
1604 4518 1761 4584 ἁγια⁹

1870 4516 1962 4571 Dei
1990 4532 2053 4571 ac
2079 4515 2254 4569 Patris
2276 4516 2458 4586 gloriw
2493 4516 2904 4571 tabernaculum
2930 4534 2944 4583 ;
2991 4515 3113 4570 Filii
3171 4530 3452 4570 sacrosan-

187 4608 384 4677 ςτήριον
413 4609 534 4677 (25)
570 4608 670 4661 τοῦ
716 4607 870 4673 Υίοῦ,
920 4610 1014 4661 καὶ
1049 4607 1147 4660 τοῦ
1182 4607 1502 4677 Ιινεύματος
1532 4610 1766 4678 ὄργανον

186 4701 537 4768 παναρμόνιον
597 4699 897 4761 καθεστώς.
956 4698 1148 4768 Ὕμνῶ
1204 4698 1303 4769 τὴν
1359 4698 1573 4769 ψυχὴν,
1628 4700 1685 4752 ἐν

183 4790 449 4859 εὐδόκησεν
476 4791 509 4843 δ
542 4791 759 4861 Πατὴρ,
798 4791 867 4860 ήν
914 4790 1167 4861 ᾑρέτισεν
1216 4792 1245 4844 ὀ
1299 4792 1607 4861 Μονογενής
1633 4834 1647 4858 ,
1683 4792 1769 4862 ἐφ’

183 4873 281 4949 ᾖτὺ
317 4874 548 4952 Πνεῦμα
602 4883 667 4935 τὸ
721 4884 875 4950 ᾶγιον
931 4882 1262 4953 θαυμαστῶς
1311 4884 1757 4941 ἐπανεπαύσατο.

182 4968 377 5034 Δοξάξω
428 4974 528 5026 τὸν
563 4971 909 5039 πολύφωτον,
945 4971 1037 5025 τὸν
1102 4972 1423 5043 πνθέωρον
1477 4974 1622 5043 (‘26),
1667 4975 1762 5027 τὸν

186 5059 410 5130 οὐράνιον
429 5062 589 5117 νοῦν·
616 5063 708 5115 τὸν
727 5062 828 5133 τῆς
842 5062 1272 5133 ύπεραγνὼστου
1302 5065 1395 5118 καὶ
1416 5063 1762 5135 ύπερφανοῦς

246 5238 285 5269 ⁸⁸
320 5238 501 5296 lCor.
549 5255 622 5305 II,
671 5239 759 5296 ιο.
834 5242 881 5274 "
923 5242 1103 5297 Eccle.
1154 5258 1190 5298 ιι
1220 5242 1326 5307 ,H.
1403 5243 1450 5275 ⁸⁸
1485 5244 1684 5313 Ephes.
1714 5260 1751 5308 I,
1782 5246 1861 5299 l7.

242 5420 343 5488 (αλδ)
368 5420 804 5489 Ἀτιότευκτον
825 5421 1235 5488 ἀγιαστήριον.
1263 5421 1427 5487 Quasi
1462 5422 1752 5478 sanctitate

191 5499 483 5546 concretum
540 5506 615 5545 ac
653 5490 1000 5553 fabricatum,
1056 5500 1347 5560 totumque
1384 5502 1661 5556 sanctum,
1698 5509 1764 5547 ac

191 5561 310 5628 quod
335 5562 1083 5621 reddebam,sacromuclum
1116 5561 1516 5625 sanctuarium,’
1569 5564 1762 5617 eadem

192 5632 499 5695 forma'est,
554 5630 901 5692 νεότευκτος,
952 5632 1171 5683 recentis
1230 5631 1461 5697 fabrica,
1520 5641 1576 5685 et
1612 5633 1766 5688 simi-

191 5702 263 5753 lia.
314 5702 401 5755 Sic
465 5699 709 5761 τευκτός
774 5699 1009 5771 Ilesych.
1069 5710 1126 5754 ct
1189 5700 1354 5755 Suid.
1415 5718 1759 5757 κατασκευα-

206 5772 356 5908 digii)
386 5842 499 5897 Τὸν
530 5839 924 5908 πολύφωτον,
965 5840 1069 5895 τόν
1092 5842 1458 5909 πανθέωρον.
1500 5843 1654 5898 Nota:
1677 5842 1762 5898 hs:

1873 4615 2023 4661 ctum
2060 4607 2432 4661 sanctuarium
2457 4608 2524 4672 ⁸⁸,
2551 4607 2788 4677 Spiritus
2831 4607 3004 4661 sancti
3036 4622 3298 4677 organum
3326 4621 3452 4660 con.

1874 4697 2271 4752 ciunissimum.
2316 4698 2503 4752 Laudo
2532 4697 2768 4751 animam
2802 4712 2865 4752 ac
2891 4712 3050 4763 cano,
3080 4698 3134 4750 in
3168 4711 3276 4765 qua
3309 4695 3452 4749 Patri

1875 4787 2226 4855 complacuit,
2249 4802 2412 4857 quam
2434 4788 2598 4857 elegit
2619 4787 2975 4857 Unigenitus;
3004 4787 3059 4840 in
3082 4802 3188 4855 qua
3215 4785 3455 4855 Spiritus

1877 4886 2102 4932 sanctus
2175 4879 2503 4933 mirabiliter
2563 4879 2853 4948 requievit.
2923 4879 3160 4933 Mentem
3230 4877 3455 4935 celebro

1881 4972 2112 5042 fulgoris
2138 4972 2294 5041 copia
2328 4972 2571 5041 undique
2598 4971 2857 5037 lucidam,
2891 4972 3073 5026 omnia
3102 4979 3455 5025 continentem

1875 5074 2041 5135 atque
2103 5066 2379 5121 caelestem
2414 5083 2427 5120 :
2468 5065 2709 5121 animum
2768 5079 2935 5135 supra
3004 5078 3168 5134 quam
3232 5063 3456 5154 ignotae,

1866 5438 2033 5477 voces
2060 5422 2505 5491 compositionis,
2544 5430 2602 5475 et
2633 5419 2854 5491 quidem
2878 5418 2945 5491 de
2968 5426 3185 5491 mente,
3209 5432 3306 5491 seu
3327 5419 3451 5491 ani-

1873 5509 1982 5555 mo,
2010 5488 2368 5546 dieuefAlias
2414 5492 2474 5545 τὸ
2510 5488 2828 5559 πολύξρωτον
2880 5490 2949 5543 de
2997 5488 3353 5559 candelabro,
3393 5489 3447 5545 in

1869 5579 1979 5632 quo
2010 5562 2121 5616 siut
2150 5563 2335 5616 multa:
2369 5562 2627 5616 lucerna).
2666 5558 2765 5632 Sic
2791 5560 2974 5632 itaque
3007 5574 3162 5632 mens
3196 5558 3451 5626 πολύφω-

1867 5629 1980 5695 τος,
2040 5632 2198 5702 quasi
2236 5633 2481 5702 undique
2537 5632 2699 5702 lucis
2730 5630 3042 5702 fulgoribus
3072 5629 3302 5702 micans.
3333 5638 3446 5702 tota

1869 5697 2073 5763 lucida,
2120 5702 2361 5773 hincque
2392 5697 2537 5755 adeo
2569 5697 2908 5773 πανθέωρος,
2960 5697 3445 5773 persp‘icacissima

1863 5780 2174 5897 {uinctaque
2201 5767 2537 5843 intelligens,
2565 5787 2690 5829 cum
2720 5767 2903 5826 omnia
2960 5767 3381 5824 manifestcntur
3410 5783 3443 5821 α

1892 5857 2007 5897 uec.

1892 5857 2007 5897 υω.
