4192 6424
197 418 273 487 157
897 414 1179 475 ORATIO
1218 415 1382 477 VIII.
1412 441 1480 451 -
1512 415 1592 475 IN
1632 416 1944 478 LAUDEM
1982 421 2039 478 S.
2078 417 2333 479 JACOBI
2372 414 2688 477 ALPIIZEI.

3338 414 3441 478 158

259 528 404 581 Ἀλλὰ
425 526 537 599 γὰρ
565 527 759 581 ἔλαθεν
785 528 815 581 6
842 527 1023 595 λόγος,
1052 527 1433 614 ὥσπερῇππος
1465 530 1744 594 ὠκύτατος

1922 532 2217 586 Enimvero
2267 532 2395 601 equi
2454 532 2625 585 instar
2675 528 3048 599 pernicissimi
3105 529 3426 599 imprudens

199 624 268 675 ιδν
296 620 569 687 ἀναϐάτην
597 618 964 689 ωνηρπακώς
995 635 1011 649 ⁸
1042 620 1136 673 καὶ
1189 620 1297 690 πρὸ
1346 622 1456 674 τῶν
1521 622 1747 690 ἀγώνων

194 715 525 783 ὑπαγορεύων
560 713 688 774 τοὺς
744 711 1063 780 στεφάνους.
1103 710 1266 764 Ἀλλά
1320 710 1396 780 μὴ
1433 713 1752 783 θαυμάσητε

193 808 271 875 τῆς
290 804 606 874 ταχύτητος.
623 803 837 871 Τρόπον
866 803 974 871 γὰρ
993 802 1285 873 ἀστραπῆς
1302 803 1533 868 ἐξάπινα
1547 804 1644 875 τὴν
1671 807 1752 858 oi—

194 898 440 965 ιουμένην
470 896 943 966 πριαυγαζοὺσης
964 896 1114 965 ὅλην,
1133 896 1381 968 καὶπρὸς
1408 899 1609 968 ἑαυτὴν
1630 897 1754 952 θᾶτ-

194 1007 267 1041 -ιον
287 989 742 1056 ἀναωμπτοὺσης
760 988 937 1055 λόγου,
960 986 1135 1051 οὕτως
1149 989 1183 1058 ἡ
1215 989 1546 1059 ἀποστολικὴ
1573 990 1754 1061 χάρις,

196 1082 381 1151 ἀθρόως
401 1082 502 1144 τὰς
526 1081 637 1133 τῶν
665 1081 836 1133 ἐθνῶν
878 1080 1107 1150 καρδίας
1162 1082 1609 1152 περιλάμποντα,
1658 1086 1755 1137 καὶ

196 1176 415 1244 ἀχρόνως
445 1174 546 1242 τὴν
570 1173 740 1242 αὑτῆς
760 1173 995 1243 δύναμιν
1024 1176 1494 1243 ἀπαστράπτουσα
1511 1213 1527 1236 ,
1555 1177 1756 1246 τρόπον

196 1265 298 1317 τινὰ
338 1265 534 1333 ἑαυτῆς
585 1283 645 1319 τε
683 1265 790 1330 ἔξω
823 1264 1070 1332 γίνεται,
1118 1268 1213 1320 καὶ
1241 1270 1322 1330 εἰς
1374 1267 1572 1338 ἑαυτὴν
1602 1265 1758 1331 αὖθις

198 1354 497 1409 ἀνακόπτει.
551 1355 751 1418 Καθὼς
780 1356 874 1410 οῦν
903 1352 1016 1419 οἶός
1044 1358 1104 1409 τέ
1128 1358 1268 1421 ἔστι,
1301 1360 1396 1411 καὶ
1419 1359 1448 1409 6
1479 1360 1605 1429 περὶ
1647 1359 1757 1412 τῶν

200 1446 337 1498 θείων
366 1446 543 1513 λόγος,
586 1448 655 1517 τῇ
688 1447 801 1500 τῶν
848 1448 1204 1517 ὑμνουμένων
1231 1450 1325 1502 ὑπ’
1370 1449 1537 1503 αὑτοῦ
1575 1467 1753 1521 πραγ-

201 1537 362 1607 μάτων
390 1538 771 1606 ἐξομοιοῦσθαι
798 1538 1112 1610 γοργότητι,
1141 1541 1260 1610 ἦτοι
1298 1540 1536 1611 θειότητι
1564 1543 1758 1612 πειρᾶ-

198 1646 271 1681 ται
304 1645 316 1658 ·
342 1631 432 1682 καὶ
473 1628 664 1699 ὥσπερ
693 1631 749 1682 αἱ
795 1631 906 1683 ὁδοὶ
931 1631 1031 1700 τῆς
1058 1630 1156 1684 τοῦ
1185 1632 1322 1685 Θεοῦ
1346 1632 1541 1702 σοφίας
1566 1633 1625 1685 ὲν
1655 1632 1757 1686 θα-

196 1723 369 1791 λάσσῃ,
417 1722 515 1775 καὶ
560 1722 616 1776 αί
642 1721 819 1790 τρίόοι
850 1721 1021 1791 αὑτῆς
1072 1723 1130 1775 ὲν
1156 1722 1309 1776 ὕδασι
1337 1723 1428 1779 διὰ
1452 1723 1515 1776 τὸ
1547 1724 1756 1777 ἀκατά-

196 1813 372 1877 ληπτον
408 1810 679 1881 ῦμνηνται
720 1812 959 1878 πολλοῖς,
1001 1815 1097 1866 καὶ
1131 1813 1197 1867 τὰ
1226 1816 1346 1885 ἴχνη
1384 1815 1485 1867 οὑκ
1505 1814 1759 1883 ἐπιγινὼ-

197 1919 393 1954 σκονται
420 1917 434 1931 ·
496 1900 641 1954 οὕτω
691 1903 786 1956 καὶ
833 1903 943 1956 τῶν
998 1904 1100 1974 τῆς
1152 1905 1346 1973 σοφίας
1378 1906 1607 1971 τέκνων,
1641 1908 1752 1960 τῶν

194 1995 473 2047 πανολϐίων
495 2033 512 2057 ,
543 1996 709 2063 λέγω,
763 1995 1001 2067 Χριστοῦ
1062 1998 1341 2068 μαθητῶν,
1391 1999 1755 2073 δυσθεώρητοι

197 2086 281 2154 μὲν
311 2089 362 2139 αἱ
408 2085 543 2150 ὁδοὶ,
600 2088 998 2155 ἀνεπίγνωστοι
1052 2087 1110 2143 δὲ
1158 2090 1295 2161 πρὸς
1349 2092 1640 2162 ἀκρίϐειαν
1698 2093 1756 2145 at

195 2178 398 2247 πράξεις
431 2192 448 2207 ⁶
495 2179 593 2231 καὶ
624 2180 803 2232 πάντα
839 2178 986 2243 νοῦν,
1017 2180 1113 2234 καὶ
1137 2181 1316 2235 πάντα
1353 2184 1512 2250 λόγον
1546 2182 1756 2254 ἀνθρώ-

192 2285 322 2320 πινον
341 2272 395 2322 αι
427 2270 635 2323 τούτων
658 2269 1117 2340 ὑπερεκϐαίνουσι
1149 2273 1567 2341 μεγαλουργίαι.

252 2359 406 2413 Ὅθεν
430 2361 530 2413 καὶ
553 2362 686 2431 ήμίν
712 2364 741 2414 6
763 2361 918 2428 λόγος
944 2361 1024 2430 τῷ
1035 2362 1133 2432 τῆς
1154 2361 1463 2425 ὑποθέσεως
1482 2364 1755 2434 ἀνεφίκτῳ

192 2450 627 2520 συστελλόμενος,
697 2452 917 2521 μακρὰν
987 2453 1202 2524 χαίρειν
1260 2459 1328 2526 τῇ
1400 2456 1756 2528 μακρηγορίᾳ

192 2540 350 2609 φησίν.
378 2542 604 2611 Ἀμμων-
632 2542 763 2612 γὰρ,
788 2542 863 2607 ὡς
901 2543 967 2596 τὰ
989 2544 1158 2611 Mm
1182 2563 1369 2616 φησιν,
1399 2548 1754 2608 θαλασσῶν,

190 2632 223 2696 ἡ
247 2633 412 2687 ὑετοῦ
441 2635 772 2702 σταγόνας,
803 2635 841 2701 ἢ
870 2635 1096 2704 ἡμέρας
1131 2636 1371 2702 αίώνος,
1413 2638 1510 2703 τίς
1557 2639 1755 2706 ἐξαρι-

189 2725 424 2791 θμήσει;
462 2727 737 2780 ’Δὸυσσον
767 2727 823 2780 δὲ
859 2727 1178 2797 θαυμάτων,
1211 2728 1307 2781 καὶ
1341 2729 1433 2782 τοῦ
1463 2730 1755 2783 θεοπτικωο

189 2813 330 2867 τᾶτου
365 2817 559 2884 σοφίαν
597 2816 877 2881 Ἰακώϐου,
896 2818 1246 2883 διδασκαλίας
1268 2836 1325 2872 τε
1355 2820 1632 2890 οὐρανίας,
1656 2822 1754 2874 καὶ

189 2904 440 2973 θεολογίας
498 2907 723 2976 βυθοὺς,
778 2908 861 2970 τίς
895 2908 1229 2977 ἔξιχνιάσει;
1273 2909 1358 2971 τίς
1403 2908 1513 2962 τῶν
1563 2911 1753 2979 δαιμό-

187 3014 276 3048 νων
300 2998 394 3068 τὴν
423 2999 749 3068 καθαίρεσιν
797 3000 888 3052 καὶ
927 3001 1219 3063 ἀποδίωξιν
1242 3041 1257 3065 ,
1327 3000 1437 3053 τῶν
1470 3002 1751 3072 ἀνθρωπίο

186 3105 275 3139 νων
295 3089 481 3141 παθῶν
510 3090 607 3143 καὶ
630 3091 799 3143 νόσων
826 3091 925 3161 τὴν
955 3090 1096 3144 ἴασιν
1143 3094 1236 3145 καὶ
1257 3093 1570 3159 ἀφαίρεσιν,
1644 3093 1753 3147 τῶν

1863 623 2043 678 oratio
2075 624 2235 692 longe
2256 638 2526 677 sessorem
2551 621 2848 690 corripuit;
2868 637 2932 677 ac
2953 631 3081 677 ante
3110 624 3440 690 certamina,

1866 728 2098 769 coronas
2134 714 2407 768 edisserit.
2453 714 2530 768 Ne
2562 728 2661 767 vos
2703 723 2883 767 tamen
2925 714 3225 768 celeritatis
3260 716 3441 769 admi-

1868 806 2008 858 ratio
2053 813 2255 859 teneat.
2300 804 2554 874 Fulguris
2590 805 2737 859 enim
2773 804 2827 857 in
2871 820 3103 870 morem,
3150 814 3323 859 totum
3360 821 3445 858 rc-

1864 904 2027 963 pcnle
2081 895 2271 949 orbem
2325 895 2833 965 circumfulgentis,
2876 906 3037 963 atque
3091 882 3443 964 iniseipsum

1864 986 2014 1041 dicto
2056 986 2222 1041 citius
2266 986 2634 1049 recurrentis;
2668 986 2746 1039 sic
2772 985 3063 1053 apostolica
3094 987 3280 1054 gratixe
3311 1001 3444 1054 gen-

1868 1079 2001 1133 tium
2028 1086 2256 1146 repente
2288 1076 2746 1129 circumlustrans
2778 1086 3023 1144 pectora,
3053 1086 3443 1144 momentoque

1864 1169 1973 1223 vim
2014 1184 2167 1223 suam
2196 1168 2553 1236 eﬂ‘ulgurans,
2588 1174 2700 1218 tum
2739 1177 2890 1219 extra
2942 1182 2999 1220 se
3039 1166 3445 1235 quodammodo

1865 1259 1997 1322 exit,
2052 1266 2165 1311 tum
2218 1272 2409 1311 rursus
2450 1257 2503 1309 in
2552 1257 2787 1325 scipsam
2824 1258 3064 1312 subsilit.
3090 1256 3282 1322 Quoad
3313 1272 3445 1326 ergo

1864 1366 1963 1419 per
1988 1349 2302 1403 facultatem
2334 1347 2460 1401 licet
2492 1356 2548 1401 ct
2573 1348 2689 1416 ipsa
2719 1348 2787 1402 de
2822 1348 3023 1403 divinis
3045 1348 3293 1402 instituta
3322 1362 3447 1402 ora-

1866 1444 1961 1505 tio,
1989 1455 2173 1495 rerum
2199 1454 2337 1508 quas
2365 1437 2557 1492 laudat
2591 1438 2966 1492 incitationem
2997 1454 3062 1493 ac
3096 1440 3443 1493 vivacitatem

1865 1534 1884 1605 (
1908 1532 2254 1587 divinitatem
2285 1532 2499 1585 scilicet
2528 1531 2545 1601 )
2571 1532 2815 1585 aemulari
2838 1531 3147 1585 contendit.
3189 1535 3267 1585 Ac
3296 1532 3444 1585 sicut

1872 1625 2075 1681 divina:
2116 1624 2396 1694 sapientia:
2445 1626 2545 1679 viae
2594 1623 2653 1678 in
2694 1624 2855 1687 mari,
2884 1626 3113 1693 ejusque
3147 1625 3354 1678 semine
3388 1624 3443 1677 in

1866 1719 2044 1788 aquis,
2086 1735 2152 1774 eo
2191 1718 2338 1788 quod
2385 1720 2548 1788 vulgo
2589 1716 2979 1787 comprehendi
3038 1732 3148 1770 non
3193 1717 3443 1786 possint,

1868 1812 2161 1866 laudantur
2183 1852 2197 1874 ,
2226 1822 2282 1866 et
2308 1812 2535 1880 vestigia
2571 1827 2677 1865 non
2712 1820 3120 1879 cognoscuntur
3148 1827 3160 1861 :
3192 1809 3271 1863 sic
3302 1824 3445 1878 quo—

1862 1921 1969 1974 que
2030 1904 2271 1958 filiorum
2317 1902 2599 1972 sapientiae
2657 1904 2675 1972 (
2732 1903 3175 1955 beatissimorum
3234 1901 3447 1955 scilicet

1863 1996 2068 2051 Christi
2103 1995 2522 2063 discipulorum)
2552 1994 2650 2047 vite
2678 1993 2954 2048 intellectu
2986 1992 3254 2056 dilliciles,
3294 1993 3446 2061 igno-

1866 2098 2040 2156 taeque
2067 2086 2086 2156 (
2118 2101 2281 2155 quam
2328 2093 2387 2137 ut
2417 2094 2608 2138 exacte
2651 2084 2773 2153 quis
2807 2083 3076 2152 percipiat
3109 2086 3124 2148 )
3164 2084 3438 2136 actiones:

1864 2176 2085 2230 illorum
2116 2175 2351 2243 denique
2374 2175 2658 2244 magnitica
2688 2189 2875 2241 Opera,
2898 2188 3116 2226 omnem
3151 2175 3444 2226 humanam

1860 2266 2166 2320 orationem
2201 2265 2474 2318 excedunt
2508 2279 2573 2318 ac
2603 2264 2874 2316 rationem
2908 2265 2952 2295 ⁶¹

1931 2355 2296 2421 Quamobrem
2316 2356 2481 2408 etiam
2502 2354 2681 2419 nobis,
2702 2370 2810 2422 pra:
2826 2356 3134 2421 argumenti
3153 2354 3444 2424 dignitate,

1862 2464 2025 2518 quam
2053 2463 2216 2503 nemo
2242 2447 2401 2501 facile
2429 2447 2645 2515 assequi
2671 2447 2864 2515 possit,
2892 2447 3004 2515 ipsa
3032 2462 3091 2500 sc
3114 2447 3447 2500 contrahens

1862 2539 2081 2603 oratio,
2138 2539 2365 2607 prolixa:
2434 2538 2751 2605 loquacitati
2810 2538 3030 2607 longum
3093 2538 3213 2591 vale
3284 2537 3440 2590 dicit.

1860 2630 2095 2683 Arenam
2120 2626 2269 2680 enim
2301 2628 2320 2696 (
2355 2627 2509 2679 aiunt
2541 2625 2725 2679 divina
2750 2626 2971 2680 oracula
3004 2628 3019 2694 )
3046 2627 3277 2678 marium
3305 2665 3319 2687 ,
3350 2634 3443 2677 aut

1861 2721 2052 2790 pluvia:
2079 2728 2277 2790 guttas,
2318 2718 2399 2771 vel
2445 2719 2552 2770 dies
2579 2717 2777 2780 swculi,
2826 2719 2941 2787 quis
2991 2718 3317 2770 enumerabit
3349 2718 3393 2747 ⁸³
3422 2718 3447 2769 .’

1862 2811 2131 2881 Abyssum
2167 2826 2297 2864 vero
2324 2809 2736 2871 miraculorum,
2769 2808 3193 2875 divinorumque
3216 2805 3445 2860 scientia

1860 2898 2317 2970 perspicacissimi
2345 2896 2529 2951 Jacobi
2568 2896 2911 2964 sapientiam,
2950 2896 3301 2964 caelestiaque
3343 2895 3447 2948 do-

1865 2992 2020 3045 trinze
2072 3006 2137 3045 ac
2184 2988 2495 3057 Thcologize
2543 2988 2834 3056 profunda,
2888 2986 3012 3055 quis
3063 2986 3447 3056 investigabit?

1862 3083 2297 3153 proﬂigationcm
2329 3082 2637 3135 da'monum
2664 3091 2719 3135 et
2741 3080 3119 3149 cxpulsioncm
3142 3097 3156 3145 ;
3184 3082 3446 3133 humana-

186 3178 371 3247 νεκρῶν
410 3181 516 3251 τὴν
570 3182 889 3245 ἀνάστασιν,
918 3182 1026 3235 τῶν
1055 3183 1245 3251 χωλῶν
1278 3185 1377 3251 τὴν
1422 3184 1753 3253 ἀνὰρῤωσιν,

1860 3192 1977 3230 rum
2043 3174 2357 3244 passionum
2434 3173 2865 3241 morborumque
2948 3172 3293 3225 curationem
3378 3186 3444 3225 ac

184 3270 273 3322 τῶν
300 3273 522 3341 τυφλῶν
570 3274 671 3342 τὴν
706 3273 1021 3342 ἀνάϐλεψιν,
1076 3274 1171 3328 καὶ
1216 3276 1400 3344 πάσης
1441 3276 1744 3344 πηρώσεως

184 3358 409 3428 σώματος
438 3363 622 3429 τὰςςὲν
647 3362 868 3431 ὀνόματι
884 3363 1056 3432 Ἰησοῦ
1082 3364 1377 3433 θεραπείας
1398 3366 1746 3435 ἀναγράψαις

184 3450 259 3515 Τίς
290 3453 385 3515 τὰς
425 3453 651 3525 μακρὰς
677 3455 1004 3524 ὁδοιπορίας,
1029 3454 1130 3518 τὰς
1176 3456 1583 3520 ἀκαταστασίας
1620 3456 1752 3529 (29),

178 3542 284 3605 τοὺς
312 3544 625 3607 κινδύνους,
656 3546 753 3606 τὰς
788 3544 1167 3613 πολυτρόπους
1211 3548 1611 3610 ἐπαναστάσεις
1657 3551 1753 3601 καὶ

180 3634 455 3704 ἐπαγωγὰς
506 3636 625 3688 τῶν
700 3636 1082 3705 Ἐλληνιστῶν;
1151 3639 1251 3690 ὅσα
1322 3641 1381 3691 ὲν
1443 3639 1751 3708 Ἐλευθερο-

178 3729 311 3782 πόλει
345 3730 503 3796 παρὰ
533 3729 645 3782 τῶν
672 3732 771 3793 τῆς
801 3728 1053 3791 ἀσεόείας
1082 3729 1309 3799 ἀνέσχεν
1355 3730 1713 3783 ὑπασπιστῶν
1738 3744 1749 3757 ·

180 3821 261 3872 ὅσα
287 3822 342 3874 έν
366 3823 520 3891 Γάζῃ
550 3822 649 3873 καὶ
676 3822 859 3892 Τύρῳ,
888 3823 980 3875 καὶ
1006 3825 1124 3885 ταῖς
1155 3822 1438 3893 ἐχομέναις
1468 3823 1575 3875 τῶν
1599 3824 1755 3877 ἀλλο-

180 3913 341 3979 φύλων
394 3912 823 3982 κωμοπόλεσιν,
859 3915 917 3966 ὲν
964 3910 1054 3977 αἶς
1114 3915 1143 3966 6
1200 3913 1754 3984 τρισμακαριὼτατος

177 4002 547 4070 εὐηγγελίζετο
572 4002 667 4054 τὸν
716 4004 949 4070 Χριστόν
979 4020 994 4066 ;
1020 4003 1118 4066 Τίς
1177 4003 1247 4056 τὰ
1295 4003 1477 4074 πλήθη
1532 4005 1643 4057 τῶν
1678 4006 1747 4058 δι’

179 4093 323 4145 αὑτοῦ
371 4093 614 4162 Χριστῷ
646 4094 1101 4163 προσαγομένων,
1128 4094 1222 4146 καὶ
1247 4093 1401 4147 ὕδατι
1436 4096 1531 4148 καὶ
1587 4096 1756 4149 Ilvati-

181 4199 290 4250 ματι
319 4184 748 4253 καθαιρομένων
803 4185 896 4236 καὶ
941 4184 1328 4254 φωτιζομένων
1359 4203 1373 4217 ·
1408 4188 1500 4239 καὶ
1528 4188 1616 4238 διὰ
1643 4188 1752 4240 τῶν

179 4275 252 4326 ὑπ’
274 4276 438 4329 αὑτοῦ
498 4276 698 4343 ἱερέων
742 4277 1160 4343 καθισταμένων
1214 4277 1308 4329 καὶ
1337 4277 1641 4348 ἀρχιερέων
1669 4281 1749 4342 είς

178 4366 456 4434 ἐκκλησίας
530 4365 617 4433 τῷ
682 4365 999 4435 ’Υπεραγίῳ
1072 4366 1589 4436 καταρτιζομένων;
1655 4369 1753 4431 Τίς

177 4454 346 4518 ταῦτα,
396 4458 495 4509 καὶ
556 4457 633 4509 τὰ
668 4455 877 4518 τούτοις
930 4456 1175 4525 ἑπόμενα
1211 4458 1310 4526 τῆς
1341 4456 1751 4527 ἀληθογνωσίας

1865 3267 2230 3329 amotioncm;
2265 3274 2608 3318 mortuorum
2641 3264 3085 3324 suscitationem,
3120 3260 3446 3315 claudorum

1868 3357 2111 3410 firmatas
2136 3356 2311 3419 bases,
2363 3356 2540 3408 visum
2589 3356 2747 3408 crocis
2803 3354 3100 3417 redditum,
3163 3354 3445 3420 depulsam

1862 3463 2081 3501 omnem
2115 3447 2243 3501 Jesu
2277 3446 2496 3500 nomine
2528 3460 2821 3515 corporum
2866 3445 3065 3507 labent,
3107 3444 3230 3513 quis
3277 3444 3442 3512 possit

1864 3538 2247 3592 conscribere?
2301 3537 2437 3603 Quis
2485 3538 2644 3605 longa
2695 3536 2919 3599 itinera,
2972 3536 3196 3589 incertis
3224 3536 3445 3588 sedibus

1864 3630 2467 3699 locisquejactationcs,
2498 3627 2761 3698 pericula,
2780 3626 3092 3681 Griecorum
3119 3626 3446 3694 multiplices

1866 3721 2107 3774 insultus
2148 3730 2204 3773 et
2251 3719 2656 3790 grassationcs?
2708 3728 2911 3786 quanta
2966 3717 3049 3769 vir
3096 3716 3445 3770 beatissimus

1863 3813 2276 3881 Eleutheropoli
2309 3812 2377 3865 ab
2411 3811 2706 3879 impietatis
2735 3809 3117 3862 defensoribus
3143 3808 3403 3861 sustinuit
3429 3825 3443 3871 ;

1867 3914 2071 3973 quanta
2121 3902 2280 3957 Gazae
2332 3911 2388 3955 et
2444 3902 2594 3972 Tyri,
2655 3901 2961 3969 vicinisque
3016 3900 3445 3969 alienigenarum

1870 3995 2104 4049 urbibus
2133 4003 2297 4064 atque
2324 3994 2559 4063 oppidis,
2585 3994 2676 4048 ubi
2705 3994 2751 4047 is
2780 3993 3060 4047 Christum
3100 3992 3445 4061 praedicavit?

1862 4086 1998 4154 Quis
2052 4102 2245 4140 eorum
2299 4085 2709 4139 multitudinem
2762 4084 2856 4152 qui
2912 4100 3009 4153 per
3062 4100 3186 4137 cum
3226 4082 3445 4137 ChriSto

1860 4178 2215 4239 accedebant,
2239 4188 2403 4247 atque
2429 4193 2568 4245 aqua
2599 4187 2655 4229 ct
2690 4176 2895 4243 Spiritu
2918 4176 3362 4228 emundahantur
3382 4191 3443 4227 ac
3496 4194 3509 4201 ·

1863 4268 2359 4331 illuminabantur;
2396 4268 2603 4336 quique
2646 4266 2865 4319 demum
2912 4282 3007 4334 per
3045 4265 3359 4319 sacerdotes
3388 4273 3443 4317 ct

1861 4359 2149 4428 episcopos
2197 4358 2266 4411 ab
2305 4358 2397 4410 illo
2440 4357 2773 4411 constitutos
2804 4356 2858 4409 in
2897 4356 3163 4417 Ecclesia,
3206 4355 3317 4408 Deo
3348 4354 3442 4423 qui

1862 4462 2078 4501 onmem
2117 4445 2333 4498 excedit
2384 4446 2749 4507 sanctitatem,
2808 4444 3267 4513 pcrlicicbantur?
3309 4443 3443 4508 Quis

178 4546 275 4615 ἢτοι
306 4546 638 4608 θεοσεϐείας
684 4546 906 4614 ῥήματα
938 4545 1032 4598 καὶ
1069 4546 1372 4616 πράγματα
1402 4547 1741 4618 διασαφῆσαι

1860 4540 1969 4593 bzec
2018 4549 2181 4607 atque
2233 4538 2319 4591 his
2366 4537 2652 4606 sequentia
2712 4551 2853 4589 vero:
2912 4536 3190 4603 scicntiac(
3235 4534 3288 4585 id
3334 4542 3439 4595 est,

178 4636 338 4705 λόγοςς
367 4640 507 4692 Οὐδὲ
537 4639 676 4709 μιᾶς
707 4636 917 4707 ἡμέρας
950 4637 1316 4707 ἀποστολικὴν
1349 4637 1627 4706 θεολογίαν
1654 4640 1748 4691 καὶ

177 4730 348 4798 πρᾶξιν
396 4729 640 4797 θεοτελῆ
716 4726 919 4780 δύναιτ’
973 4729 1042 4781 ἂν
1093 4729 1249 4795 λόγος
1324 4730 1405 4791 είς
1458 4731 1746 4800 ἀκρίϐειαν

176 4820 396 4882 ὕιειπείν,
432 4822 512 4893 μὴ
575 4821 666 4872 ὅτι
718 4835 782 4886 γε
838 4820 1016 4872 πάντα
1061 4819 1301 4887 καθεξῆς
1354 4819 1614 4890 ὑμνῆσαι,
1647 4822 1749 4877 ὅσα

180 4918 384 4983 μακροῖς
419 4914 620 4966 ἐτεσιν
648 4914 707 4964 ὲν
732 4909 810 4981 τῷ
838 4911 1187 4982 Παρακλήτῳ
1219 4913 1644 4981 κατειργάσατο.

229 5161 284 5191 ⁸¹³
324 5163 466 5221 Psal.
506 5164 677 5226 uvn',
703 5162 797 5217 20.
869 5163 915 5196 ⁸³
944 5159 1116 5219 Eccli.
1162 5178 1202 5231 ι,
1240 5166 1298 5221 2.

230 5340 327 5411 (29)
364 5342 480 5407 Τὰς
509 5342 1002 5412 ἀκαταστασίας.
1042 5342 1197 5395 Alius
1222 5356 1352 5396 usus
1375 5340 1541 5412 hujus
1566 5340 1738 5412 vocis,

178 5407 318 5479 Paulo
342 5413 359 5466 Ι
388 5414 523 5467 Cor.
573 5427 698 5471 Stv,
718 5411 787 5463 33
808 5428 821 5463 :
840 5412 915 5463 Οὑ
958 5412 1066 5479 γάρ
1095 5413 1242 5464 ἐστιν
1278 5407 1683 5479 ἀκαταστασίας
1710 5412 1739 5463 6

177 5476 300 5543 θεὸς,
332 5483 448 5535 ἀλλ’
476 5485 743 5551 εἰρήνης.
772 5481 925 5551 Vulg.
952 5476 1069 5535 Non
1098 5490 1173 5534 est
1212 5481 1548 5535 dissensionis
1576 5478 1738 5551 Deus,

177 5551 247 5600 sed
268 5554 417 5619 pacis.
476 5550 711 5607 Erasm.
750 5550 1067 5617 confusionis
1124 5560 1329 5613 auctor,
1378 5550 1736 5611 turbationis.

182 5623 449 5681 perturbati
512 5620 767 5675 ordinis.
849 5620 893 5674 ll
960 5621 1087 5674 Cor.
1142 5636 1237 5681 xu,
1280 5621 1371 5679 20.
1421 5621 1736 5671 ἀκαταστα-

182 5686 298 5748 σίαι,
340 5692 642 5746 seditiones
667 5729 683 5749 .
730 5689 877 5757 quod
928 5690 1096 5743 etiam
1132 5689 1347 5744 Erasm.
1387 5688 1588 5742 reddit.
1640 5689 1739 5743 Ilic

181 5761 336 5829 magis.
364 5766 518 5829 vagis
542 5760 786 5815 sedibus
809 5760 1155 5829 jactationcs,
1186 5776 1310 5814 cum
1345 5767 1565 5827 propter
1598 5760 1740 5826 pcri—

182 5827 278 5883 Kuh
311 5846 417 5888 uno
436 5827 904 5890 lococonsist’ere
956 5828 1159 5886 Christi
1212 5829 1493 5899 discipulis
1516 5846 1626 5883 non
1670 5830 1735 5883 li-

1855 4632 2114 4702 pietatis)
2146 4632 2307 4684 verba
2343 4629 2592 4697 factaque
2618 4644 2799 4682 sermo
2822 4637 2987 4696 queat
3006 4625 3338 4695 explanare?
3363 4626 3440 4679 Nc

1854 4720 1941 4774 vel
1995 4719 2159 4773 unius
2207 4718 2317 4772 dici
2362 4719 2715 4787 apostolicam
2756 4715 3199 4785 praedicationem
3232 4716 3439 4784 Deique

1856 4827 2085 4867 munere
2126 4812 2423 4881 perfectam
2451 4811 2723 4864 actionem
2758 4818 3015 4863 accurate
3059 4809 3229 4877 possit
3252 4810 3434 4862 oratio

1853 4920 2132 4966 enarrare,
2183 4902 2387 4955 nedum
2432 4914 2627 4956 cuncta
2677 4902 2892 4963 ordine,
2955 4901 3113 4972 longa
3162 4917 3433 4955 annorum

1854 4997 2000 5053 serie
2034 4996 2109 5051 illi
2143 4996 2197 5050 in
2227 4996 2508 5051 Paracleto
2537 5004 2709 5066 gesta,
2742 4995 2990 5051 laudare.

1845 5350 2015 5414 ceret,
2073 5340 2167 5395 sed
2215 5352 2638 5414 necessccsset
2692 5358 2757 5395 ex
2813 5340 2918 5414 alia
2950 5340 3193 5414 inialiam
3234 5344 3428 5414 fugere

1842 5412 2144 5483 civitatem,
2170 5426 2292 5483 quae
2305 5411 2433 5483 ipsa
2458 5412 2582 5483 fuga
2610 5423 2666 5465 et
2687 5413 2914 5481 jactatio
2939 5414 2991 5466 in
3017 5411 3431 5483 Evangelii‘rem

1844 5482 2135 5534 maximam
2164 5481 2416 5541 cedebat.
2447 5481 2578 5535 dum
2622 5499 2717 5550 per
2762 5499 2883 5535 cam
2920 5483 3123 5550 ubique
3174 5481 3431 5538 Christus

1841 5550 2291 5605 annuntiabattlr.
2349 5551 2441 5605 Sic
2501 5553 2877 5614 ἀκατάστατος
2904 5591 2919 5612 ,
2954 5563 3092 5606 certo
3110 5556 3163 5606 in
3201 5554 3310 5605 loco
3341 5571 3433 5607 seu

1844 5629 1987 5673 statu
2014 5637 2115 5673 non
2146 5622 2454 5691 consistens.
2511 5621 2955 5691 Eleutheropolis
2986 5624 3050 5675 ad
3087 5624 3431 5677 Paltestinatn

1846 5699 2079 5761 spectat,
2111 5690 2350 5761 aliaeque
2396 5692 2562 5745 urbes
2599 5692 2688 5745 hic
2737 5702 3073 5755 memorata},
3125 5702 3247 5760 post
3292 5709 3433 5761 quas

1844 5760 2079 5832 Jacobus
2110 5760 2162 5811 in
2191 5759 2480 5832 (Egyptum
2522 5761 2820 5829 profectus,
2842 5761 2896 5816 in
2928 5762 3050 5832 ejus
3077 5759 3213 5818 urbe
3246 5759 3432 5818 Ostra-

1846 5831 1967 5885 cina
1999 5829 2260 5900 martyrio
2289 5829 2512 5887 functus
2527 5842 2629 5887 cst.
