  <div class='ocr_page' id='page_1' title='image "/cluster/home/n/w/nwhite01/storage/ocr_20150623/105/nnc1.0046980105/087.png"; bbox 0 0 4192 6424; ppageno 0'>
   <div class='ocr_carea' id='block_1_1' title="bbox 743 399 846 466">
    <p class='ocr_par' dir='ltr' id='par_1_1' title="bbox 743 399 846 466">
     <span class='ocr_line' id='line_1_1' title="bbox 743 399 846 466; baseline 0 -1"><span class='ocrx_word' id='word_1_1' title='bbox 743 399 846 466; x_wconf 79' lang='lat'><strong>15.9</strong></span> 
     </span>
    </p>
   </div>
   <div class='ocr_carea' id='block_1_2' title="bbox 733 602 2325 677">
    <p class='ocr_par' dir='ltr' id='par_1_2' title="bbox 733 602 2325 677">
     <span class='ocr_line' id='line_1_2' title="bbox 733 602 2325 677; baseline 0.002 -23"><span class='ocrx_word' id='word_1_2' title='bbox 733 602 833 663; x_wconf 83' lang='lat' dir='ltr'><strong>vit,</strong></span> <span class='ocrx_word' id='word_1_3' title='bbox 874 603 1138 667; x_wconf 81' lang='lat' dir='ltr'><strong>dimissis,</strong></span> <span class='ocrx_word' id='word_1_4' title='bbox 1175 613 1320 658; x_wconf 90' lang='lat' dir='ltr'><strong>tuam</strong></span> <span class='ocrx_word' id='word_1_5' title='bbox 1353 605 1501 660; x_wconf 85' lang='lat' dir='ltr'><strong>illam</strong></span> <span class='ocrx_word' id='word_1_6' title='bbox 1533 607 1552 677; x_wconf 92' lang='lat'>(</span> <span class='ocrx_word' id='word_1_7' title='bbox 1588 617 1670 661; x_wconf 90' lang='lat' dir='ltr'><strong>ter</strong></span> <span class='ocrx_word' id='word_1_8' title='bbox 1708 607 2024 661; x_wconf 87' lang='lat' dir='ltr'><strong>beatissime</strong></span> <span class='ocrx_word' id='word_1_9' title='bbox 2061 607 2325 672; x_wconf 83' lang='lat' dir='ltr'><strong>)crueeln</strong></span> 
     </span>
    </p>
   </div>
   <div class='ocr_carea' id='block_1_3' title="bbox 734 692 2331 768">
    <p class='ocr_par' dir='ltr' id='par_1_3' title="bbox 734 692 2331 768">
     <span class='ocr_line' id='line_1_3' title="bbox 734 692 2331 768; baseline 0.003 -22"><span class='ocrx_word' id='word_1_10' title='bbox 734 692 980 748; x_wconf 81' lang='lat' dir='ltr'><strong>celebro.</strong></span> <span class='ocrx_word' id='word_1_11' title='bbox 1017 694 1166 748; x_wconf 83' lang='lat' dir='ltr'><strong>Hanc</strong></span> <span class='ocrx_word' id='word_1_12' title='bbox 1208 696 1357 750; x_wconf 90' lang='lat' dir='ltr'><strong>enim</strong></span> <span class='ocrx_word' id='word_1_13' title='bbox 1388 697 1816 768; x_wconf 79' lang='lat' dir='ltr'><strong>pulcherrimam</strong></span> <span class='ocrx_word' id='word_1_14' title='bbox 1857 699 2016 767; x_wconf 79' lang='lat' dir='ltr'><strong>longe</strong></span> <span class='ocrx_word' id='word_1_15' title='bbox 2049 697 2331 766; x_wconf 84' lang='lat' dir='ltr'><strong>productis</strong></span> 
     </span>
    </p>
   </div>
   <div class='ocr_carea' id='block_1_4' title="bbox 735 783 2330 858">
    <p class='ocr_par' dir='ltr' id='par_1_4' title="bbox 735 783 2330 858">
     <span class='ocr_line' id='line_1_4' title="bbox 735 783 2330 858; baseline 0.004 -21"><span class='ocrx_word' id='word_1_16' title='bbox 735 783 1020 838; x_wconf 81' lang='lat' dir='ltr'><strong>laboribus</strong></span> <span class='ocrx_word' id='word_1_17' title='bbox 1069 787 1179 841; x_wconf 90' lang='lat' dir='ltr'><strong>tuis</strong></span> <span class='ocrx_word' id='word_1_18' title='bbox 1229 805 1294 843; x_wconf 87' lang='lat' dir='ltr'><strong>ac</strong></span> <span class='ocrx_word' id='word_1_19' title='bbox 1325 789 1746 854; x_wconf 73' lang='lat' dir='ltr'><strong>certaminibus,</strong></span> <span class='ocrx_word' id='word_1_20' title='bbox 1783 790 2105 845; x_wconf 88' lang='lat' dir='ltr'><strong>coronidem</strong></span> <span class='ocrx_word' id='word_1_21' title='bbox 2149 789 2330 858; x_wconf 87' lang='lat' dir='ltr'><strong>impo-</strong></span> 
     </span>
    </p>
   </div>
   <div class='ocr_carea' id='block_1_5' title="bbox 737 877 2332 950">
    <p class='ocr_par' dir='ltr' id='par_1_5' title="bbox 737 877 2332 950">
     <span class='ocr_line' id='line_1_5' title="bbox 737 877 2332 950; baseline 0.004 -21"><span class='ocrx_word' id='word_1_22' title='bbox 737 879 921 930; x_wconf 89' lang='lat' dir='ltr'><strong>suisti.</strong></span> <span class='ocrx_word' id='word_1_23' title='bbox 959 877 1190 933; x_wconf 79' lang='lat' dir='ltr'><strong>Crucem</strong></span> <span class='ocrx_word' id='word_1_24' title='bbox 1222 883 1468 945; x_wconf 76' lang='lat' dir='ltr'><strong>cetebro,</strong></span> <span class='ocrx_word' id='word_1_25' title='bbox 1505 883 1559 935; x_wconf 93' lang='lat' dir='ltr'><strong>in</strong></span> <span class='ocrx_word' id='word_1_26' title='bbox 1600 897 1708 950; x_wconf 87' lang='lat' dir='ltr'><strong>qua</strong></span> <span class='ocrx_word' id='word_1_27' title='bbox 1755 882 2092 937; x_wconf 84' lang='lat' dir='ltr'><strong>venerandis</strong></span> <span class='ocrx_word' id='word_1_28' title='bbox 2129 883 2332 936; x_wconf 86' lang='lat' dir='ltr'><strong>sacris-</strong></span> 
     </span>
    </p>
   </div>
   <div class='ocr_carea' id='block_1_6' title="bbox 735 969 2327 1037">
    <p class='ocr_par' dir='ltr' id='par_1_6' title="bbox 735 969 2327 1037">
     <span class='ocr_line' id='line_1_6' title="bbox 735 969 2327 1037; baseline 0.006 -17"><span class='ocrx_word' id='word_1_29' title='bbox 735 983 840 1036; x_wconf 93' lang='lat' dir='ltr'><strong>que</strong></span> <span class='ocrx_word' id='word_1_30' title='bbox 890 969 1148 1024; x_wconf 88' lang='lat' dir='ltr'><strong>manibus</strong></span> <span class='ocrx_word' id='word_1_31' title='bbox 1192 972 1454 1037; x_wconf 74' lang='lat' dir='ltr'><strong>extensis,</strong></span> <span class='ocrx_word' id='word_1_32' title='bbox 1506 973 1678 1027; x_wconf 89' lang='lat' dir='ltr'><strong>Deum</strong></span> <span class='ocrx_word' id='word_1_33' title='bbox 1728 984 1883 1029; x_wconf 89' lang='lat' dir='ltr'><strong>tuum</strong></span> <span class='ocrx_word' id='word_1_34' title='bbox 1925 989 1989 1029; x_wconf 87' lang='lat' dir='ltr'><strong>ac</strong></span> <span class='ocrx_word' id='word_1_35' title='bbox 2033 975 2327 1029; x_wconf 88' lang='lat' dir='ltr'><strong>Dominum</strong></span> 
     </span>
    </p>
   </div>
   <div class='ocr_carea' id='block_1_7' title="bbox 733 1060 2332 1134">
    <p class='ocr_par' dir='ltr' id='par_1_7' title="bbox 733 1060 2332 1134">
     <span class='ocr_line' id='line_1_7' title="bbox 733 1060 2332 1134; baseline 0.006 -22"><span class='ocrx_word' id='word_1_36' title='bbox 733 1060 1072 1116; x_wconf 70' lang='lat' dir='ltr'><strong>etaritieasti.</strong></span> <span class='ocrx_word' id='word_1_37' title='bbox 1110 1062 1343 1117; x_wconf 86' lang='lat' dir='ltr'><strong>Crucem</strong></span> <span class='ocrx_word' id='word_1_38' title='bbox 1376 1066 1600 1119; x_wconf 91' lang='lat' dir='ltr'><strong>celebro</strong></span> <span class='ocrx_word' id='word_1_39' title='bbox 1628 1081 1693 1120; x_wconf 89' lang='lat' dir='ltr'><strong>ac</strong></span> <span class='ocrx_word' id='word_1_40' title='bbox 1723 1066 1910 1129; x_wconf 86' lang='lat' dir='ltr'><strong>laudo,</strong></span> <span class='ocrx_word' id='word_1_41' title='bbox 1941 1066 2086 1134; x_wconf 91' lang='lat' dir='ltr'><strong>quod</strong></span> <span class='ocrx_word' id='word_1_42' title='bbox 2132 1066 2254 1129; x_wconf 90' lang='lat' dir='ltr'><strong>tibi,</strong></span> <span class='ocrx_word' id='word_1_43' title='bbox 2300 1082 2332 1122; x_wconf 87' lang='lat' dir='ltr'><strong>e</strong></span> 
     </span>
    </p>
   </div>
   <div class='ocr_carea' id='block_1_8' title="bbox 745 1152 2331 1218">
    <p class='ocr_par' dir='ltr' id='par_1_8' title="bbox 745 1152 2331 1218">
     <span class='ocr_line' id='line_1_8' title="bbox 745 1152 2331 1218; baseline 0.004 -13"><span class='ocrx_word' id='word_1_44' title='bbox 745 1163 890 1205; x_wconf 88' lang='lat' dir='ltr'><strong>terra</strong></span> <span class='ocrx_word' id='word_1_45' title='bbox 945 1152 1000 1205; x_wconf 91' lang='lat' dir='ltr'><strong>in</strong></span> <span class='ocrx_word' id='word_1_46' title='bbox 1032 1154 1230 1207; x_wconf 74' lang='lat' dir='ltr'><strong>cmlum</strong></span> <span class='ocrx_word' id='word_1_47' title='bbox 1271 1166 1418 1209; x_wconf 84' lang='lat' dir='ltr'><strong>recta</strong></span> <span class='ocrx_word' id='word_1_48' title='bbox 1453 1157 1854 1218; x_wconf 89' lang='lat' dir='ltr'><strong>transmittens,</strong></span> <span class='ocrx_word' id='word_1_49' title='bbox 1893 1157 2037 1210; x_wconf 88' lang='lat' dir='ltr'><strong>scala</strong></span> <span class='ocrx_word' id='word_1_50' title='bbox 2087 1156 2190 1208; x_wconf 74' lang='lat' dir='ltr'><strong>lixa</strong></span> <span class='ocrx_word' id='word_1_51' title='bbox 2227 1157 2331 1211; x_wconf 87' lang='lat' dir='ltr'><strong>sit:</strong></span> 
     </span>
    </p>
   </div>
   <div class='ocr_carea' id='block_1_9' title="bbox 737 1246 2328 1318">
    <p class='ocr_par' dir='ltr' id='par_1_9' title="bbox 737 1246 2328 1318">
     <span class='ocr_line' id='line_1_9' title="bbox 737 1246 2328 1318; baseline 0.004 -22"><span class='ocrx_word' id='word_1_52' title='bbox 737 1260 961 1298; x_wconf 85' lang='lat' dir='ltr'><strong>erucem</strong></span> <span class='ocrx_word' id='word_1_53' title='bbox 994 1246 1281 1310; x_wconf 88' lang='lat' dir='ltr'><strong>nimirum,</strong></span> <span class='ocrx_word' id='word_1_54' title='bbox 1324 1265 1447 1317; x_wconf 71' lang='lat' dir='ltr'><strong>qum</strong></span> <span class='ocrx_word' id='word_1_55' title='bbox 1473 1250 1632 1318; x_wconf 79' lang='lat' dir='ltr'><strong>igneo</strong></span> <span class='ocrx_word' id='word_1_56' title='bbox 1665 1251 1781 1318; x_wconf 91' lang='lat' dir='ltr'><strong>ipso</strong></span> <span class='ocrx_word' id='word_1_57' title='bbox 1817 1266 1983 1303; x_wconf 89' lang='lat' dir='ltr'><strong>cttrru</strong></span> <span class='ocrx_word' id='word_1_58' title='bbox 2018 1250 2328 1318; x_wconf 88' lang='lat' dir='ltr'><strong>pernicius,</strong></span> 
     </span>
    </p>
   </div>
   <div class='ocr_carea' id='block_1_10' title="bbox 735 1333 2328 1408">
    <p class='ocr_par' dir='ltr' id='par_1_10' title="bbox 735 1333 2328 1408">
     <span class='ocr_line' id='line_1_10' title="bbox 735 1333 2328 1408; baseline 0.006 -25"><span class='ocrx_word' id='word_1_59' title='bbox 735 1333 1110 1400; x_wconf 85' lang='lat' dir='ltr'><strong>tiammeisque</strong></span> <span class='ocrx_word' id='word_1_60' title='bbox 1151 1334 1346 1388; x_wconf 82' lang='lat' dir='ltr'><strong>faculis</strong></span> <span class='ocrx_word' id='word_1_61' title='bbox 1393 1337 1639 1390; x_wconf 83' lang='lat' dir='ltr'><strong>velocius</strong></span> <span class='ocrx_word' id='word_1_62' title='bbox 1673 1337 2031 1406; x_wconf 88' lang='lat' dir='ltr'><strong>diviniusque</strong></span> <span class='ocrx_word' id='word_1_63' title='bbox 2063 1338 2328 1408; x_wconf 76' lang='lat' dir='ltr'><strong>majorem</strong></span> 
     </span>
    </p>
   </div>
   <div class='ocr_carea' id='block_1_11' title="bbox 734 1425 2330 1501">
    <p class='ocr_par' dir='ltr' id='par_1_11' title="bbox 734 1425 2330 1501">
     <span class='ocr_line' id='line_1_11' title="bbox 734 1425 2330 1501; baseline 0.004 -23"><span class='ocrx_word' id='word_1_64' title='bbox 734 1425 791 1478; x_wconf 91' lang='lat' dir='ltr'><strong>in</strong></span> <span class='ocrx_word' id='word_1_65' title='bbox 831 1426 1050 1480; x_wconf 87' lang='lat' dir='ltr'><strong>nmdum</strong></span> <span class='ocrx_word' id='word_1_66' title='bbox 1084 1443 1114 1480; x_wconf 90' lang='lat' dir='ltr'><strong>e</strong></span> <span class='ocrx_word' id='word_1_67' title='bbox 1158 1438 1300 1481; x_wconf 87' lang='lat' dir='ltr'><strong>terra</strong></span> <span class='ocrx_word' id='word_1_68' title='bbox 1343 1429 1562 1486; x_wconf 78' lang='lat' dir='ltr'><strong>extulit.</strong></span> <span class='ocrx_word' id='word_1_69' title='bbox 1607 1430 1895 1499; x_wconf 82' lang='lat' dir='ltr'><strong>levemque</strong></span> <span class='ocrx_word' id='word_1_70' title='bbox 1923 1431 2107 1485; x_wconf 85' lang='lat' dir='ltr'><strong>volatu</strong></span> <span class='ocrx_word' id='word_1_71' title='bbox 2138 1447 2330 1501; x_wconf 88' lang='lat' dir='ltr'><strong>super-</strong></span> 
     </span>
    </p>
   </div>
   <div class='ocr_carea' id='block_1_12' title="bbox 733 1519 1826 1591">
    <p class='ocr_par' dir='ltr' id='par_1_12' title="bbox 733 1519 1826 1591">
     <span class='ocr_line' id='line_1_12' title="bbox 733 1519 1826 1591; baseline 0.004 -21"><span class='ocrx_word' id='word_1_72' title='bbox 733 1520 941 1571; x_wconf 71' lang='lat' dir='ltr'><strong>cuelesti</strong></span> <span class='ocrx_word' id='word_1_73' title='bbox 969 1520 1104 1588; x_wconf 78' lang='lat' dir='ltr'><strong>regi,</strong></span> <span class='ocrx_word' id='word_1_74' title='bbox 1130 1519 1375 1574; x_wconf 87' lang='lat' dir='ltr'><strong>admovit</strong></span> <span class='ocrx_word' id='word_1_75' title='bbox 1400 1532 1562 1590; x_wconf 87' lang='lat' dir='ltr'><strong>atque</strong></span> <span class='ocrx_word' id='word_1_76' title='bbox 1594 1522 1826 1591; x_wconf 85' lang='lat' dir='ltr'><strong>aptavit.</strong></span> 
     </span>
    </p>
   </div>
   <div class='ocr_carea' id='block_1_13' title="bbox 807 1611 2324 1684">
    <p class='ocr_par' dir='ltr' id='par_1_13' title="bbox 807 1611 2324 1684">
     <span class='ocr_line' id='line_1_13' title="bbox 807 1611 2324 1684; baseline 0.006 -23"><span class='ocrx_word' id='word_1_77' title='bbox 807 1611 1019 1664; x_wconf 76' lang='lat' dir='ltr'><strong>Etenim</strong></span> <span class='ocrx_word' id='word_1_78' title='bbox 1043 1611 1335 1682; x_wconf 77' lang='lat' dir='ltr'><strong>A-Igyptum</strong></span> <span class='ocrx_word' id='word_1_79' title='bbox 1355 1630 1478 1667; x_wconf 87' lang='lat' dir='ltr'><strong>cum</strong></span> <span class='ocrx_word' id='word_1_80' title='bbox 1500 1614 1864 1682; x_wconf 88' lang='lat' dir='ltr'><strong>perrupisset,</strong></span> <span class='ocrx_word' id='word_1_81' title='bbox 1881 1612 2248 1684; x_wconf 88' lang='lat' dir='ltr'><strong>habitansque</strong></span> <span class='ocrx_word' id='word_1_82' title='bbox 2270 1616 2324 1670; x_wconf 95' lang='lat' dir='ltr'><strong>in</strong></span> 
     </span>
    </p>
   </div>
   <div class='ocr_carea' id='block_1_14' title="bbox 735 1702 2330 1776">
    <p class='ocr_par' dir='ltr' id='par_1_14' title="bbox 735 1702 2330 1776">
     <span class='ocr_line' id='line_1_14' title="bbox 735 1702 2330 1776; baseline 0.004 -20"><span class='ocrx_word' id='word_1_83' title='bbox 735 1702 804 1756; x_wconf 82' lang='lat' dir='ltr'><strong>ta!</strong></span> <span class='ocrx_word' id='word_1_84' title='bbox 827 1705 1106 1757; x_wconf 84' lang='lat' dir='ltr'><strong>eruaculis</strong></span> <span class='ocrx_word' id='word_1_85' title='bbox 1124 1705 1302 1758; x_wconf 79' lang='lat' dir='ltr'><strong>Cedar</strong></span> <span class='ocrx_word' id='word_1_86' title='bbox 1324 1706 1388 1768; x_wconf 72' lang='lat'><strong>°‘,</strong></span> <span class='ocrx_word' id='word_1_87' title='bbox 1422 1705 1584 1773; x_wconf 79' lang='lat' dir='ltr'><strong>longo</strong></span> <span class='ocrx_word' id='word_1_88' title='bbox 1605 1713 1851 1774; x_wconf 90' lang='lat' dir='ltr'><strong>tempore</strong></span> <span class='ocrx_word' id='word_1_89' title='bbox 1879 1707 2022 1775; x_wconf 89' lang='lat' dir='ltr'><strong>apud</strong></span> <span class='ocrx_word' id='word_1_90' title='bbox 2044 1705 2330 1776; x_wconf 64' lang='lat' dir='ltr'><strong>xligyptios</strong></span> 
     </span>
    </p>
   </div>
   <div class='ocr_carea' id='block_1_15' title="bbox 729 1796 2325 1867">
    <p class='ocr_par' dir='ltr' id='par_1_15' title="bbox 729 1796 2325 1867">
     <span class='ocr_line' id='line_1_15' title="bbox 729 1796 2325 1867; baseline 0.004 -21"><span class='ocrx_word' id='word_1_91' title='bbox 729 1810 897 1847; x_wconf 88' lang='lat' dir='ltr'><strong>verus</strong></span> <span class='ocrx_word' id='word_1_92' title='bbox 942 1796 1054 1862; x_wconf 87' lang='lat' dir='ltr'><strong>ipse</strong></span> <span class='ocrx_word' id='word_1_93' title='bbox 1103 1797 1364 1858; x_wconf 88' lang='lat' dir='ltr'><strong>Israelita,</strong></span> <span class='ocrx_word' id='word_1_94' title='bbox 1398 1807 1452 1850; x_wconf 90' lang='lat' dir='ltr'><strong>et</strong></span> <span class='ocrx_word' id='word_1_95' title='bbox 1478 1797 1620 1865; x_wconf 88' lang='lat' dir='ltr'><strong>apud</strong></span> <span class='ocrx_word' id='word_1_96' title='bbox 1651 1808 1870 1867; x_wconf 83' lang='lat' dir='ltr'><strong>gentem</strong></span> <span class='ocrx_word' id='word_1_97' title='bbox 1911 1798 2153 1852; x_wconf 85' lang='lat' dir='ltr'><strong>tenebris</strong></span> <span class='ocrx_word' id='word_1_98' title='bbox 2177 1797 2325 1852; x_wconf 86' lang='lat' dir='ltr'><strong>obsi-</strong></span> 
     </span>
    </p>
   </div>
   <div class='ocr_carea' id='block_1_16' title="bbox 733 1886 2324 1961">
    <p class='ocr_par' dir='ltr' id='par_1_16' title="bbox 733 1886 2324 1961">
     <span class='ocr_line' id='line_1_16' title="bbox 733 1886 2324 1961; baseline 0.006 -25"><span class='ocrx_word' id='word_1_99' title='bbox 733 1894 839 1937; x_wconf 90' lang='lat' dir='ltr'><strong>tam</strong></span> <span class='ocrx_word' id='word_1_100' title='bbox 872 1886 985 1955; x_wconf 88' lang='lat' dir='ltr'><strong>ipse</strong></span> <span class='ocrx_word' id='word_1_101' title='bbox 1013 1887 1373 1952; x_wconf 88' lang='lat' dir='ltr'><strong>illumiualus,</strong></span> <span class='ocrx_word' id='word_1_102' title='bbox 1409 1890 1583 1942; x_wconf 89' lang='lat' dir='ltr'><strong>incola</strong></span> <span class='ocrx_word' id='word_1_103' title='bbox 1607 1890 1801 1944; x_wconf 88' lang='lat' dir='ltr'><strong>luisset</strong></span> <span class='ocrx_word' id='word_1_104' title='bbox 1822 1931 1836 1954; x_wconf 93' lang='lat'><strong>,</strong></span> <span class='ocrx_word' id='word_1_105' title='bbox 1862 1906 2166 1961; x_wconf 86' lang='lat' dir='ltr'><strong>omnesque</strong></span> <span class='ocrx_word' id='word_1_106' title='bbox 2185 1907 2324 1960; x_wconf 90' lang='lat' dir='ltr'><strong>quos</strong></span> 
     </span>
    </p>
   </div>
   <div class='ocr_carea' id='block_1_17' title="bbox 732 1980 2322 2051">
    <p class='ocr_par' dir='ltr' id='par_1_17' title="bbox 732 1980 2322 2051">
     <span class='ocr_line' id='line_1_17' title="bbox 732 1980 2322 2051; baseline 0.004 -20"><span class='ocrx_word' id='word_1_107' title='bbox 732 1980 876 2032; x_wconf 86' lang='lat' dir='ltr'><strong>inter</strong></span> <span class='ocrx_word' id='word_1_108' title='bbox 935 1980 1055 2034; x_wconf 87' lang='lat' dir='ltr'><strong>illos</strong></span> <span class='ocrx_word' id='word_1_109' title='bbox 1104 1981 1300 2051; x_wconf 80' lang='lat' dir='ltr'><strong>dignos</strong></span> <span class='ocrx_word' id='word_1_110' title='bbox 1352 1982 1658 2048; x_wconf 85' lang='lat' dir='ltr'><strong>invenerat,</strong></span> <span class='ocrx_word' id='word_1_111' title='bbox 1711 1984 1853 2038; x_wconf 86' lang='lat' dir='ltr'><strong>lilios</strong></span> <span class='ocrx_word' id='word_1_112' title='bbox 1904 1985 2044 2038; x_wconf 87' lang='lat' dir='ltr'><strong>lucis</strong></span> <span class='ocrx_word' id='word_1_113' title='bbox 2099 2000 2162 2040; x_wconf 90' lang='lat' dir='ltr'><strong>ac</strong></span> <span class='ocrx_word' id='word_1_114' title='bbox 2211 1985 2322 2039; x_wconf 86' lang='lat' dir='ltr'><strong>diei</strong></span> 
     </span>
    </p>
   </div>
   <div class='ocr_carea' id='block_1_18' title="bbox 730 2071 2324 2144">
    <p class='ocr_par' dir='ltr' id='par_1_18' title="bbox 730 2071 2324 2144">
     <span class='ocr_line' id='line_1_18' title="bbox 730 2071 2324 2144; baseline 0.008 -24"><span class='ocrx_word' id='word_1_115' title='bbox 730 2071 968 2135; x_wconf 87' lang='lat' dir='ltr'><strong>tecisset,</strong></span> <span class='ocrx_word' id='word_1_116' title='bbox 1013 2073 1091 2126; x_wconf 87' lang='lat' dir='ltr'><strong>sic.</strong></span> <span class='ocrx_word' id='word_1_117' title='bbox 1140 2074 1356 2127; x_wconf 90' lang='lat' dir='ltr'><strong>tandem</strong></span> <span class='ocrx_word' id='word_1_118' title='bbox 1411 2091 1512 2144; x_wconf 88' lang='lat' dir='ltr'><strong>pro</strong></span> <span class='ocrx_word' id='word_1_119' title='bbox 1557 2075 1818 2129; x_wconf 91' lang='lat' dir='ltr'><strong>omnibus</strong></span> <span class='ocrx_word' id='word_1_120' title='bbox 1869 2093 2089 2131; x_wconf 89' lang='lat' dir='ltr'><strong>erucem</strong></span> <span class='ocrx_word' id='word_1_121' title='bbox 2132 2095 2324 2132; x_wconf 88' lang='lat' dir='ltr'><strong>ascen-</strong></span> 
     </span>
    </p>
   </div>
   <div class='ocr_carea' id='block_1_19' title="bbox 729 2161 2324 2237">
    <p class='ocr_par' dir='ltr' id='par_1_19' title="bbox 729 2161 2324 2237">
     <span class='ocr_line' id='line_1_19' title="bbox 729 2161 2324 2237; baseline 0.007 -25"><span class='ocrx_word' id='word_1_122' title='bbox 729 2161 810 2212; x_wconf 91' lang='lat' dir='ltr'><strong>dit</strong></span> <span class='ocrx_word' id='word_1_123' title='bbox 834 2164 922 2224; x_wconf 59' lang='grc' dir='ltr'><strong>δν,</strong></span> <span class='ocrx_word' id='word_1_124' title='bbox 951 2163 1004 2216; x_wconf 93' lang='lat' dir='ltr'><strong>in</strong></span> <span class='ocrx_word' id='word_1_125' title='bbox 1056 2180 1162 2217; x_wconf 88' lang='lat' dir='ltr'><strong>una</strong></span> <span class='ocrx_word' id='word_1_126' title='bbox 1197 2165 1418 2233; x_wconf 89' lang='lat' dir='ltr'><strong>quidem</strong></span> <span class='ocrx_word' id='word_1_127' title='bbox 1447 2164 1662 2236; x_wconf 63' lang='lat' dir='ltr'><strong>Egypti</strong></span> <span class='ocrx_word' id='word_1_128' title='bbox 1701 2167 1920 2221; x_wconf 90' lang='lat' dir='ltr'><strong>urbium</strong></span> <span class='ocrx_word' id='word_1_129' title='bbox 1944 2172 1960 2237; x_wconf 87' lang='lat'><strong>(</strong></span> <span class='ocrx_word' id='word_1_130' title='bbox 1983 2169 2324 2224; x_wconf 86' lang='lat' dir='ltr'><strong>Ostracinam</strong></span> 
     </span>
    </p>
   </div>
   <div class='ocr_carea' id='block_1_20' title="bbox 732 2257 2315 2331">
    <p class='ocr_par' dir='ltr' id='par_1_20' title="bbox 732 2257 2315 2331">
     <span class='ocr_line' id='line_1_20' title="bbox 732 2257 2315 2331; baseline 0.009 -28"><span class='ocrx_word' id='word_1_131' title='bbox 732 2257 970 2320; x_wconf 76' lang='lat' dir='ltr'><strong>vocant)</strong></span> <span class='ocrx_word' id='word_1_132' title='bbox 1022 2272 1196 2325; x_wconf 76' lang='lat' dir='ltr'><strong>agnus</strong></span> <span class='ocrx_word' id='word_1_133' title='bbox 1230 2259 1566 2324; x_wconf 88' lang='lat' dir='ltr'><strong>innuolatus,</strong></span> <span class='ocrx_word' id='word_1_134' title='bbox 1625 2261 1720 2328; x_wconf 91' lang='lat' dir='ltr'><strong>qui</strong></span> <span class='ocrx_word' id='word_1_135' title='bbox 1775 2271 1956 2316; x_wconf 81' lang='lat' dir='ltr'><strong>tamen</strong></span> <span class='ocrx_word' id='word_1_136' title='bbox 2013 2264 2315 2331; x_wconf 81' lang='lat' dir='ltr'><strong>provinciis</strong></span> 
     </span>
    </p>
   </div>
   <div class='ocr_carea' id='block_1_21' title="bbox 729 2349 2324 2426">
    <p class='ocr_par' dir='ltr' id='par_1_21' title="bbox 729 2349 2324 2426">
     <span class='ocr_line' id='line_1_21' title="bbox 729 2349 2324 2426; baseline 0.009 -30"><span class='ocrx_word' id='word_1_137' title='bbox 729 2357 894 2414; x_wconf 86' lang='lat' dir='ltr'><strong>atque</strong></span> <span class='ocrx_word' id='word_1_138' title='bbox 930 2349 1163 2403; x_wconf 87' lang='lat' dir='ltr'><strong>urbibus</strong></span> <span class='ocrx_word' id='word_1_139' title='bbox 1192 2353 1546 2419; x_wconf 85' lang='lat' dir='ltr'><strong>passionibus</strong></span> <span class='ocrx_word' id='word_1_140' title='bbox 1583 2355 1699 2407; x_wconf 90' lang='lat' dir='ltr'><strong>suis</strong></span> <span class='ocrx_word' id='word_1_141' title='bbox 1736 2355 2018 2408; x_wconf 86' lang='lat' dir='ltr'><strong>Christum</strong></span> <span class='ocrx_word' id='word_1_142' title='bbox 2056 2358 2324 2426; x_wconf 88' lang='lat' dir='ltr'><strong>propitie-</strong></span> 
     </span>
    </p>
   </div>
   <div class='ocr_carea' id='block_1_22' title="bbox 728 2439 2322 2515">
    <p class='ocr_par' dir='ltr' id='par_1_22' title="bbox 728 2439 2322 2515">
     <span class='ocr_line' id='line_1_22' title="bbox 728 2439 2322 2515; baseline 0.009 -26"><span class='ocrx_word' id='word_1_143' title='bbox 728 2449 833 2490; x_wconf 92' lang='lat' dir='ltr'><strong>tur.</strong></span> <span class='ocrx_word' id='word_1_144' title='bbox 871 2439 982 2493; x_wconf 72' lang='lat' dir='ltr'><strong>Nec</strong></span> <span class='ocrx_word' id='word_1_145' title='bbox 1004 2451 1261 2510; x_wconf 89' lang='lat' dir='ltr'><strong>tanquam</strong></span> <span class='ocrx_word' id='word_1_146' title='bbox 1282 2460 1448 2512; x_wconf 79' lang='lat' dir='ltr'><strong>grave</strong></span> <span class='ocrx_word' id='word_1_147' title='bbox 1470 2445 1678 2514; x_wconf 89' lang='lat' dir='ltr'><strong>aliquid</strong></span> <span class='ocrx_word' id='word_1_148' title='bbox 1713 2457 2016 2515; x_wconf 85' lang='lat' dir='ltr'><strong>pateretur,</strong></span> <span class='ocrx_word' id='word_1_149' title='bbox 2047 2459 2144 2502; x_wconf 87' lang='lat' dir='ltr'><strong>aut</strong></span> <span class='ocrx_word' id='word_1_150' title='bbox 2171 2452 2322 2505; x_wconf 88' lang='lat' dir='ltr'><strong>velut</strong></span> 
     </span>
    </p>
   </div>
   <div class='ocr_carea' id='block_1_23' title="bbox 729 2527 2320 2610">
    <p class='ocr_par' dir='ltr' id='par_1_23' title="bbox 729 2527 2320 2610">
     <span class='ocr_line' id='line_1_23' title="bbox 729 2527 2320 2610; baseline 0.01 -31"><span class='ocrx_word' id='word_1_151' title='bbox 729 2527 897 2580; x_wconf 89' lang='lat' dir='ltr'><strong>animi</strong></span> <span class='ocrx_word' id='word_1_152' title='bbox 934 2528 1125 2584; x_wconf 89' lang='lat' dir='ltr'><strong>dolore</strong></span> <span class='ocrx_word' id='word_1_153' title='bbox 1160 2534 1601 2597; x_wconf 74' lang='lat' dir='ltr'><strong>excruciaretur,</strong></span> <span class='ocrx_word' id='word_1_154' title='bbox 1637 2537 1744 2589; x_wconf 90' lang='lat' dir='ltr'><strong>illis</strong></span> <span class='ocrx_word' id='word_1_155' title='bbox 1775 2538 2192 2607; x_wconf 76' lang='lat' dir='ltr'><strong>indignabatur,</strong></span> <span class='ocrx_word' id='word_1_156' title='bbox 2223 2542 2320 2610; x_wconf 89' lang='lat' dir='ltr'><strong>qui</strong></span> 
     </span>
    </p>
   </div>
   <div class='ocr_carea' id='block_1_24' title="bbox 729 2619 2319 2698">
    <p class='ocr_par' dir='ltr' id='par_1_24' title="bbox 729 2619 2319 2698">
     <span class='ocr_line' id='line_1_24' title="bbox 729 2619 2319 2698; baseline 0.011 -29"><span class='ocrx_word' id='word_1_157' title='bbox 729 2619 807 2670; x_wconf 79' lang='lat' dir='ltr'><strong>illi</strong></span> <span class='ocrx_word' id='word_1_158' title='bbox 839 2620 1024 2674; x_wconf 91' lang='lat' dir='ltr'><strong>crucis</strong></span> <span class='ocrx_word' id='word_1_159' title='bbox 1053 2631 1308 2676; x_wconf 84' lang='lat' dir='ltr'><strong>auctores</strong></span> <span class='ocrx_word' id='word_1_160' title='bbox 1341 2635 1532 2690; x_wconf 89' lang='lat' dir='ltr'><strong>erant;</strong></span> <span class='ocrx_word' id='word_1_161' title='bbox 1567 2627 1659 2680; x_wconf 90' lang='lat' dir='ltr'><strong>sed</strong></span> <span class='ocrx_word' id='word_1_162' title='bbox 1695 2637 1753 2680; x_wconf 92' lang='lat' dir='ltr'><strong>ut</strong></span> <span class='ocrx_word' id='word_1_163' title='bbox 1788 2629 1960 2698; x_wconf 81' lang='lat' dir='ltr'><strong>magis</strong></span> <span class='ocrx_word' id='word_1_164' title='bbox 1987 2630 2319 2687; x_wconf 87' lang='lat' dir='ltr'><strong>beneticium</strong></span> 
     </span>
    </p>
   </div>
   <div class='ocr_carea' id='block_1_25' title="bbox 728 2711 2324 2794">
    <p class='ocr_par' dir='ltr' id='par_1_25' title="bbox 728 2711 2324 2794">
     <span class='ocr_line' id='line_1_25' title="bbox 728 2711 2324 2794; baseline 0.011 -31"><span class='ocrx_word' id='word_1_165' title='bbox 728 2725 789 2764; x_wconf 81' lang='lat' dir='ltr'><strong>ex</strong></span> <span class='ocrx_word' id='word_1_166' title='bbox 821 2711 931 2766; x_wconf 86' lang='lat' dir='ltr'><strong>illis</strong></span> <span class='ocrx_word' id='word_1_167' title='bbox 991 2726 1366 2780; x_wconf 84' lang='lat' dir='ltr'><strong>consecutus,</strong></span> <span class='ocrx_word' id='word_1_168' title='bbox 1433 2717 1506 2771; x_wconf 89' lang='lat' dir='ltr'><strong>ita</strong></span> <span class='ocrx_word' id='word_1_169' title='bbox 1564 2720 1952 2790; x_wconf 86' lang='lat' dir='ltr'><strong>alloquebatur</strong></span> <span class='ocrx_word' id='word_1_170' title='bbox 2014 2723 2324 2794; x_wconf 88' lang='lat' dir='ltr'><strong>blandeque</strong></span> 
     </span>
    </p>
   </div>
   <div class='ocr_carea' id='block_1_26' title="bbox 731 2805 2327 2885">
    <p class='ocr_par' dir='ltr' id='par_1_26' title="bbox 731 2805 2327 2885">
     <span class='ocr_line' id='line_1_26' title="bbox 731 2805 2327 2885; baseline 0.009 -29"><span class='ocrx_word' id='word_1_171' title='bbox 731 2805 1038 2871; x_wconf 87' lang='lat' dir='ltr'><strong>arridebat,</strong></span> <span class='ocrx_word' id='word_1_172' title='bbox 1086 2823 1284 2877; x_wconf 81' lang='lat' dir='ltr'><strong>rogans</strong></span> <span class='ocrx_word' id='word_1_173' title='bbox 1301 2810 1463 2864; x_wconf 85' lang='lat' dir='ltr'><strong>saluti</strong></span> <span class='ocrx_word' id='word_1_174' title='bbox 1504 2813 1842 2882; x_wconf 87' lang='lat' dir='ltr'><strong>prospicere.</strong></span> <span class='ocrx_word' id='word_1_175' title='bbox 1891 2815 2226 2885; x_wconf 86' lang='lat' dir='ltr'><strong>hortansque</strong></span> <span class='ocrx_word' id='word_1_176' title='bbox 2258 2818 2327 2871; x_wconf 89' lang='lat' dir='ltr'><strong>ab</strong></span> 
     </span>
    </p>
   </div>
   <div class='ocr_carea' id='block_1_27' title="bbox 730 2895 2327 2984">
    <p class='ocr_par' dir='ltr' id='par_1_27' title="bbox 730 2895 2327 2984">
     <span class='ocr_line' id='line_1_27' title="bbox 730 2895 2327 2984; baseline 0.009 -37"><span class='ocrx_word' id='word_1_177' title='bbox 730 2895 983 2965; x_wconf 69' lang='lat' dir='ltr'><strong>Aigyptio</strong></span> <span class='ocrx_word' id='word_1_178' title='bbox 1045 2913 1236 2953; x_wconf 88' lang='lat' dir='ltr'><strong>errore</strong></span> <span class='ocrx_word' id='word_1_179' title='bbox 1286 2916 1608 2984; x_wconf 73' lang='lat' dir='ltr'><strong>cmergere,</strong></span> <span class='ocrx_word' id='word_1_180' title='bbox 1659 2914 1823 2974; x_wconf 88' lang='lat' dir='ltr'><strong>atque</strong></span> <span class='ocrx_word' id='word_1_181' title='bbox 1883 2907 2009 2961; x_wconf 71' lang='grc' dir='ltr'><strong>εωιί</strong></span> <span class='ocrx_word' id='word_1_182' title='bbox 2056 2915 2327 2977; x_wconf 56' lang='lat' dir='ltr'><strong>terraque</strong></span> 
     </span>
    </p>
   </div>
   <div class='ocr_carea' id='block_1_28' title="bbox 730 2987 1632 3062">
    <p class='ocr_par' dir='ltr' id='par_1_28' title="bbox 730 2987 1632 3062">
     <span class='ocr_line' id='line_1_28' title="bbox 730 2987 1632 3062; baseline 0.011 -23"><span class='ocrx_word' id='word_1_183' title='bbox 730 2987 1021 3042; x_wconf 82' lang='lat' dir='ltr'><strong>hominum</strong></span> <span class='ocrx_word' id='word_1_184' title='bbox 1055 3005 1284 3046; x_wconf 90' lang='lat' dir='ltr'><strong>monens</strong></span> <span class='ocrx_word' id='word_1_185' title='bbox 1312 3009 1632 3062; x_wconf 81' lang='lat' dir='ltr'><strong>agnoscere.</strong></span> 
     </span>
    </p>
   </div>
   <div class='ocr_carea' id='block_1_29' title="bbox 1949 399 2814 462">
    <p class='ocr_par' dir='ltr' id='par_1_29' title="bbox 1949 399 2814 462">
     <span class='ocr_line' id='line_1_29' title="bbox 1949 399 2814 462; baseline -0.002 0"><span class='ocrx_word' id='word_1_186' title='bbox 1949 401 2246 462; x_wconf 59' lang='lat' dir='ltr'><strong>NICETIE</strong></span> <span class='ocrx_word' id='word_1_187' title='bbox 2280 399 2814 461; x_wconf 82' lang='lat' dir='ltr'><strong>PAPHLAGONIS</strong></span> 
     </span>
    </p>
   </div>
   <div class='ocr_carea' id='block_1_30' title="bbox 803 511 2406 584">
    <p class='ocr_par' dir='ltr' id='par_1_30' title="bbox 803 511 2406 584">
     <span class='ocr_line' id='line_1_30' title="bbox 803 511 2406 584; baseline 0.003 -16"><span class='ocrx_word' id='word_1_188' title='bbox 803 511 1122 568; x_wconf 81' lang='lat' dir='ltr'><strong>Verum-his</strong></span> <span class='ocrx_word' id='word_1_189' title='bbox 1163 512 1411 583; x_wconf 79' lang='lat' dir='ltr'><strong>quidem,</strong></span> <span class='ocrx_word' id='word_1_190' title='bbox 1432 514 1484 569; x_wconf 91' lang='lat' dir='ltr'><strong>ei</strong></span> <span class='ocrx_word' id='word_1_191' title='bbox 1509 514 1602 584; x_wconf 91' lang='lat' dir='ltr'><strong>qui</strong></span> <span class='ocrx_word' id='word_1_192' title='bbox 1629 523 1824 570; x_wconf 84' lang='lat' dir='ltr'><strong>cuncta</strong></span> <span class='ocrx_word' id='word_1_193' title='bbox 1846 524 2112 584; x_wconf 87' lang='lat' dir='ltr'><strong>operatur</strong></span> <span class='ocrx_word' id='word_1_194' title='bbox 2133 530 2197 569; x_wconf 90' lang='lat' dir='ltr'><strong>ac</strong></span> <span class='ocrx_word' id='word_1_195' title='bbox 2228 529 2329 568; x_wconf 80' lang='lat' dir='ltr'><strong>no-</strong></span> <span class='ocrx_word' id='word_1_196' title='bbox 2359 517 2406 573; x_wconf 75' lang='grc' dir='ltr'><strong>Α</strong></span> 
     </span>
    </p>
   </div>
   <div class='ocr_carea' id='block_1_31' title="bbox 3923 408 4034 466">
    <p class='ocr_par' dir='ltr' id='par_1_31' title="bbox 3923 408 4034 466">
     <span class='ocr_line' id='line_1_31' title="bbox 3923 408 4034 466; baseline 0 0"><span class='ocrx_word' id='word_1_197' title='bbox 3923 408 4034 466; x_wconf 76' lang='grc' dir='ltr'>ιω</span> 
     </span>
    </p>
   </div>
   <div class='ocr_carea' id='block_1_32' title="bbox 2516 508 4029 582">
    <p class='ocr_par' dir='ltr' id='par_1_32' title="bbox 2516 508 4029 582">
     <span class='ocr_line' id='line_1_32' title="bbox 2516 508 4029 582; baseline -0.001 -17"><span class='ocrx_word' id='word_1_198' title='bbox 2516 513 2677 566; x_wconf 83' lang='grc' dir='ltr'>Ἀλλὰ</span> <span class='ocrx_word' id='word_1_199' title='bbox 2705 512 2874 566; x_wconf 78' lang='grc' dir='ltr'>ταῦτα</span> <span class='ocrx_word' id='word_1_200' title='bbox 2909 510 3008 581; x_wconf 82' lang='grc' dir='ltr'>μὲν</span> <span class='ocrx_word' id='word_1_201' title='bbox 3035 510 3113 581; x_wconf 81' lang='grc' dir='ltr'>τῷ</span> <span class='ocrx_word' id='word_1_202' title='bbox 3136 512 3206 564; x_wconf 79' lang='grc' dir='ltr'>τὰ</span> <span class='ocrx_word' id='word_1_203' title='bbox 3230 509 3410 565; x_wconf 79' lang='grc' dir='ltr'>πάντα</span> <span class='ocrx_word' id='word_1_204' title='bbox 3438 508 3900 582; x_wconf 62' lang='grc' dir='ltr'>κατεργαζομένη)</span> <span class='ocrx_word' id='word_1_205' title='bbox 3928 530 4029 566; x_wconf 80' lang='grc' dir='ltr'><strong>και</strong></span> 
     </span>
    </p>
   </div>
   <div class='ocr_carea' id='block_1_33' title="bbox 2429 601 4029 676">
    <p class='ocr_par' dir='ltr' id='par_1_33' title="bbox 2429 601 4029 676">
     <span class='ocr_line' id='line_1_33' title="bbox 2429 601 4029 676; baseline 0.001 -21"><span class='ocrx_word' id='word_1_206' title='bbox 2429 604 2593 656; x_wconf 84' lang='grc' dir='ltr'><strong>εἰδότι</strong></span> <span class='ocrx_word' id='word_1_207' title='bbox 2620 604 2837 673; x_wconf 76' lang='grc' dir='ltr'>παρεὶς,</span> <span class='ocrx_word' id='word_1_208' title='bbox 2863 603 3018 671; x_wconf 83' lang='grc' dir='ltr'>ὑμνῶ</span> <span class='ocrx_word' id='word_1_209' title='bbox 3036 620 3154 664; x_wconf 87' lang='grc' dir='ltr'>σου,</span> <span class='ocrx_word' id='word_1_210' title='bbox 3180 602 3608 673; x_wconf 81' lang='grc' dir='ltr'>θεομακάριστε,</span> <span class='ocrx_word' id='word_1_211' title='bbox 3641 601 3738 655; x_wconf 78' lang='grc' dir='ltr'><strong>τὸν</strong></span> <span class='ocrx_word' id='word_1_212' title='bbox 3761 603 4029 676; x_wconf 78' lang='grc' dir='ltr'>σταυρόν.</span> 
     </span>
    </p>
   </div>
   <div class='ocr_carea' id='block_1_34' title="bbox 2435 691 4032 763">
    <p class='ocr_par' dir='ltr' id='par_1_34' title="bbox 2435 691 4032 763">
     <span class='ocr_line' id='line_1_34' title="bbox 2435 691 4032 763; baseline 0.001 -18"><span class='ocrx_word' id='word_1_213' title='bbox 2435 692 2640 746; x_wconf 81' lang='grc' dir='ltr'>Τοῦτον</span> <span class='ocrx_word' id='word_1_214' title='bbox 2665 694 2776 762; x_wconf 78' lang='grc' dir='ltr'>γὰρ</span> <span class='ocrx_word' id='word_1_215' title='bbox 2799 692 3098 760; x_wconf 74' lang='grc' dir='ltr'>καλλίστην</span> <span class='ocrx_word' id='word_1_216' title='bbox 3145 691 3426 762; x_wconf 77' lang='grc' dir='ltr'><strong>ἐπέθηκας</strong></span> <span class='ocrx_word' id='word_1_217' title='bbox 3481 693 3598 758; x_wconf 82' lang='grc' dir='ltr'>τοῖς</span> <span class='ocrx_word' id='word_1_218' title='bbox 3649 695 3881 763; x_wconf 79' lang='grc' dir='ltr'><strong>μακροῖς</strong></span> <span class='ocrx_word' id='word_1_219' title='bbox 3927 710 4032 746; x_wconf 86' lang='grc' dir='ltr'><strong>σου</strong></span> 
     </span>
    </p>
   </div>
   <div class='ocr_carea' id='block_1_35' title="bbox 2432 785 4034 856">
    <p class='ocr_par' dir='ltr' id='par_1_35' title="bbox 2432 785 4034 856">
     <span class='ocr_line' id='line_1_35' title="bbox 2432 785 4034 856; baseline 0 -20"><span class='ocrx_word' id='word_1_220' title='bbox 2432 785 2638 848; x_wconf 81' lang='grc' dir='ltr'><strong>πόνοις,</strong></span> <span class='ocrx_word' id='word_1_221' title='bbox 2669 787 2764 837; x_wconf 77' lang='grc' dir='ltr'><strong>καὶ</strong></span> <span class='ocrx_word' id='word_1_222' title='bbox 2786 785 3135 855; x_wconf 86' lang='grc' dir='ltr'>ἀγωνίσμασι</span> <span class='ocrx_word' id='word_1_223' title='bbox 3186 785 3286 856; x_wconf 80' lang='grc' dir='ltr'><strong>τὴν</strong></span> <span class='ocrx_word' id='word_1_224' title='bbox 3329 785 3619 854; x_wconf 77' lang='grc' dir='ltr'><strong>κορωνίδα.</strong></span> <span class='ocrx_word' id='word_1_225' title='bbox 3689 785 3878 854; x_wconf 85' lang='grc' dir='ltr'>Ὑμνῶ</span> <span class='ocrx_word' id='word_1_226' title='bbox 3930 789 4034 839; x_wconf 66' lang='grc' dir='ltr'><strong>τον</strong></span> 
     </span>
    </p>
   </div>
   <div class='ocr_carea' id='block_1_36' title="bbox 2434 871 4032 948">
    <p class='ocr_par' dir='ltr' id='par_1_36' title="bbox 2434 871 4032 948">
     <span class='ocr_line' id='line_1_36' title="bbox 2434 871 4032 948; baseline -0.001 -17"><span class='ocrx_word' id='word_1_227' title='bbox 2434 879 2688 948; x_wconf 79' lang='grc' dir='ltr'>σταυρὸν,</span> <span class='ocrx_word' id='word_1_228' title='bbox 2718 871 2763 945; x_wconf 79' lang='grc' dir='ltr'>ᾧ</span> <span class='ocrx_word' id='word_1_229' title='bbox 2791 878 2891 941; x_wconf 74' lang='grc' dir='ltr'>τὰς</span> <span class='ocrx_word' id='word_1_230' title='bbox 2911 878 3098 946; x_wconf 83' lang='grc' dir='ltr'><strong>τιμίας</strong></span> <span class='ocrx_word' id='word_1_231' title='bbox 3121 879 3312 948; x_wconf 84' lang='grc' dir='ltr'>χεῖρας</span> <span class='ocrx_word' id='word_1_232' title='bbox 3347 879 3442 931; x_wconf 75' lang='grc' dir='ltr'><strong>καὶ</strong></span> <span class='ocrx_word' id='word_1_233' title='bbox 3474 878 3626 947; x_wconf 77' lang='grc' dir='ltr'>ἱερὰς</span> <span class='ocrx_word' id='word_1_234' title='bbox 3678 877 4032 939; x_wconf 66' lang='grc' dir='ltr'>ἰκτετακὼς,</span> 
     </span>
    </p>
   </div>
   <div class='ocr_carea' id='block_1_37' title="bbox 2429 973 4030 1043">
    <p class='ocr_par' dir='ltr' id='par_1_37' title="bbox 2429 973 4030 1043">
     <span class='ocr_line' id='line_1_37' title="bbox 2429 973 4030 1043; baseline -0.003 -16"><span class='ocrx_word' id='word_1_235' title='bbox 2429 974 2522 1028; x_wconf 79' lang='grc' dir='ltr'><strong>τὸν</strong></span> <span class='ocrx_word' id='word_1_236' title='bbox 2541 974 2675 1028; x_wconf 82' lang='grc' dir='ltr'>Θεόν</span> <span class='ocrx_word' id='word_1_237' title='bbox 2701 991 2792 1028; x_wconf 85' lang='grc' dir='ltr'><strong>σου</strong></span> <span class='ocrx_word' id='word_1_238' title='bbox 2811 975 2907 1026; x_wconf 76' lang='grc' dir='ltr'><strong>καὶ</strong></span> <span class='ocrx_word' id='word_1_239' title='bbox 2922 973 3128 1043; x_wconf 83' lang='grc' dir='ltr'><strong>Κύριον</strong></span> <span class='ocrx_word' id='word_1_240' title='bbox 3145 973 3421 1036; x_wconf 80' lang='grc' dir='ltr'>ὲδὸξασας.</span> <span class='ocrx_word' id='word_1_241' title='bbox 3440 973 3625 1043; x_wconf 78' lang='grc' dir='ltr'>’Υμνῶ</span> <span class='ocrx_word' id='word_1_242' title='bbox 3643 973 3738 1027; x_wconf 74' lang='grc' dir='ltr'><strong>τὸν</strong></span> <span class='ocrx_word' id='word_1_243' title='bbox 3766 989 3900 1028; x_wconf 86' lang='grc' dir='ltr'>σταυ</span> <span class='ocrx_word' id='word_1_244' title='bbox 3912 974 4030 1042; x_wconf 78' lang='grc' dir='ltr'>ρὺν,</span> 
     </span>
    </p>
   </div>
   <div class='ocr_carea' id='block_1_38' title="bbox 2431 1066 4034 1138">
    <p class='ocr_par' dir='ltr' id='par_1_38' title="bbox 2431 1066 4034 1138">
     <span class='ocr_line' id='line_1_38' title="bbox 2431 1066 4034 1138; baseline -0.001 -17"><span class='ocrx_word' id='word_1_245' title='bbox 2431 1070 2516 1121; x_wconf 85' lang='grc' dir='ltr'><strong>ὅτι</strong></span> <span class='ocrx_word' id='word_1_246' title='bbox 2547 1086 2631 1122; x_wconf 88' lang='grc' dir='ltr'><strong>σοι</strong></span> <span class='ocrx_word' id='word_1_247' title='bbox 2670 1067 2874 1138; x_wconf 81' lang='grc' dir='ltr'>κλίμαξ</span> <span class='ocrx_word' id='word_1_248' title='bbox 2901 1067 3011 1121; x_wconf 84' lang='grc' dir='ltr'><strong>ἀπὸ</strong></span> <span class='ocrx_word' id='word_1_249' title='bbox 3035 1068 3141 1136; x_wconf 82' lang='grc' dir='ltr'>γῆς</span> <span class='ocrx_word' id='word_1_250' title='bbox 3164 1067 3345 1137; x_wconf 73' lang='grc' dir='ltr'>ἐπάγη</span> <span class='ocrx_word' id='word_1_251' title='bbox 3378 1067 3517 1138; x_wconf 68' lang='grc' dir='ltr'>πρὸς</span> <span class='ocrx_word' id='word_1_252' title='bbox 3537 1068 3772 1138; x_wconf 80' lang='grc' dir='ltr'>οὐρανὸν</span> <span class='ocrx_word' id='word_1_253' title='bbox 3797 1066 4034 1120; x_wconf 81' lang='grc' dir='ltr'>εὐθυεό-</span> 
     </span>
    </p>
   </div>
   <div class='ocr_carea' id='block_1_39' title="bbox 2433 1161 4031 1232">
    <p class='ocr_par' dir='ltr' id='par_1_39' title="bbox 2433 1161 4031 1232">
     <span class='ocr_line' id='line_1_39' title="bbox 2433 1161 4031 1232; baseline -0.003 -17"><span class='ocrx_word' id='word_1_254' title='bbox 2433 1163 2542 1226; x_wconf 89' lang='grc' dir='ltr'>λως</span> <span class='ocrx_word' id='word_1_255' title='bbox 2598 1163 3003 1232; x_wconf 84' lang='grc' dir='ltr'>ἁναπέμπουσα</span> <span class='ocrx_word' id='word_1_256' title='bbox 3031 1179 3045 1192; x_wconf 87' lang='grc'><strong>·</strong></span> <span class='ocrx_word' id='word_1_257' title='bbox 3089 1162 3148 1224; x_wconf 86' lang='grc' dir='ltr'>ὃς</span> <span class='ocrx_word' id='word_1_258' title='bbox 3190 1163 3285 1214; x_wconf 73' lang='grc' dir='ltr'><strong>καὶ</strong></span> <span class='ocrx_word' id='word_1_259' title='bbox 3311 1163 3559 1231; x_wconf 71' lang='grc' dir='ltr'>ἅρματος</span> <span class='ocrx_word' id='word_1_260' title='bbox 3595 1161 3766 1230; x_wconf 76' lang='grc' dir='ltr'>πυρὸς</span> <span class='ocrx_word' id='word_1_261' title='bbox 3803 1161 4031 1223; x_wconf 82' lang='grc' dir='ltr'>θᾶττον,</span> 
     </span>
    </p>
   </div>
   <div class='ocr_carea' id='block_1_40' title="bbox 2393 1253 4028 1325">
    <p class='ocr_par' dir='ltr' id='par_1_40' title="bbox 2393 1253 4028 1325">
     <span class='ocr_line' id='line_1_40' title="bbox 2393 1253 4028 1325; baseline 0.001 -21"><span class='ocrx_word' id='word_1_262' title='bbox 2393 1298 2399 1304; x_wconf 88' lang='grc'><strong>.</strong></span> <span class='ocrx_word' id='word_1_263' title='bbox 2431 1255 2526 1308; x_wconf 75' lang='grc' dir='ltr'><strong>καὶ</strong></span> <span class='ocrx_word' id='word_1_264' title='bbox 2555 1254 2838 1325; x_wconf 84' lang='grc' dir='ltr'>φλογερῶν</span> <span class='ocrx_word' id='word_1_265' title='bbox 2873 1254 3177 1325; x_wconf 75' lang='grc' dir='ltr'><strong>ὀχημάτων</strong></span> <span class='ocrx_word' id='word_1_266' title='bbox 3227 1253 3488 1324; x_wconf 81' lang='grc' dir='ltr'>ὀξύτερον</span> <span class='ocrx_word' id='word_1_267' title='bbox 3537 1255 3631 1308; x_wconf 74' lang='grc' dir='ltr'><strong>καὶ</strong></span> <span class='ocrx_word' id='word_1_268' title='bbox 3670 1253 4028 1323; x_wconf 79' lang='grc' dir='ltr'>ὲνθεώτερον,</span> 
     </span>
    </p>
   </div>
   <div class='ocr_carea' id='block_1_41' title="bbox 2435 1343 4031 1416">
    <p class='ocr_par' dir='ltr' id='par_1_41' title="bbox 2435 1343 4031 1416">
     <span class='ocr_line' id='line_1_41' title="bbox 2435 1343 4031 1416; baseline -0.003 -17"><span class='ocrx_word' id='word_1_269' title='bbox 2435 1347 2640 1416; x_wconf 81' lang='grc' dir='ltr'>σφόδρα</span> <span class='ocrx_word' id='word_1_270' title='bbox 2669 1347 2767 1416; x_wconf 77' lang='grc' dir='ltr'><strong>μὲν</strong></span> <span class='ocrx_word' id='word_1_271' title='bbox 2793 1346 2965 1416; x_wconf 76' lang='grc' dir='ltr'>ἐπῆρε</span> <span class='ocrx_word' id='word_1_272' title='bbox 3004 1348 3105 1416; x_wconf 77' lang='grc' dir='ltr'>τῆς</span> <span class='ocrx_word' id='word_1_273' title='bbox 3130 1346 3256 1414; x_wconf 84' lang='grc' dir='ltr'>γῆς,</span> <span class='ocrx_word' id='word_1_274' title='bbox 3283 1344 3586 1414; x_wconf 84' lang='grc' dir='ltr'>ὑπηνέμιον</span> <span class='ocrx_word' id='word_1_275' title='bbox 3609 1344 3668 1398; x_wconf 80' lang='grc' dir='ltr'><strong>δέ</strong></span> <span class='ocrx_word' id='word_1_276' title='bbox 3699 1361 3759 1398; x_wconf 83' lang='grc' dir='ltr'><strong>σε</strong></span> <span class='ocrx_word' id='word_1_277' title='bbox 3782 1343 4031 1412; x_wconf 80' lang='grc' dir='ltr'>φερόμε-</span> 
     </span>
    </p>
   </div>
   <div class='ocr_carea' id='block_1_42' title="bbox 2431 1434 4031 1508">
    <p class='ocr_par' dir='ltr' id='par_1_42' title="bbox 2431 1434 4031 1508">
     <span class='ocr_line' id='line_1_42' title="bbox 2431 1434 4031 1508; baseline -0.004 -16"><span class='ocrx_word' id='word_1_278' title='bbox 2431 1457 2520 1492; x_wconf 92' lang='grc' dir='ltr'><strong>νον</strong></span> <span class='ocrx_word' id='word_1_279' title='bbox 2551 1437 2631 1504; x_wconf 81' lang='grc' dir='ltr'>τῷ</span> <span class='ocrx_word' id='word_1_280' title='bbox 2663 1437 3074 1508; x_wconf 85' lang='grc' dir='ltr'>’Υπερουρανίῳ</span> <span class='ocrx_word' id='word_1_281' title='bbox 3113 1435 3492 1506; x_wconf 81' lang='grc' dir='ltr'>προσεπέλασε</span> <span class='ocrx_word' id='word_1_282' title='bbox 3539 1434 3636 1488; x_wconf 76' lang='grc' dir='ltr'>καὶ</span> <span class='ocrx_word' id='word_1_283' title='bbox 3700 1435 4031 1505; x_wconf 80' lang='grc' dir='ltr'>προσήρμο-</span> 
     </span>
    </p>
   </div>
   <div class='ocr_carea' id='block_1_43' title="bbox 2432 1547 2542 1584">
    <p class='ocr_par' dir='ltr' id='par_1_43' title="bbox 2432 1547 2542 1584">
     <span class='ocr_line' id='line_1_43' title="bbox 2432 1547 2542 1584; baseline 0 0"><span class='ocrx_word' id='word_1_284' title='bbox 2432 1547 2542 1584; x_wconf 88' lang='grc' dir='ltr'>σεν.</span> 
     </span>
    </p>
   </div>
   <div class='ocr_carea' id='block_1_44' title="bbox 2503 1616 4018 1693">
    <p class='ocr_par' dir='ltr' id='par_1_44' title="bbox 2503 1616 4018 1693">
     <span class='ocr_line' id='line_1_44' title="bbox 2503 1616 4018 1693; baseline -0.005 -16"><span class='ocrx_word' id='word_1_285' title='bbox 2503 1624 2612 1677; x_wconf 78' lang='grc' dir='ltr'>Καὶ</span> <span class='ocrx_word' id='word_1_286' title='bbox 2641 1621 2751 1693; x_wconf 81' lang='grc' dir='ltr'>γὰρ</span> <span class='ocrx_word' id='word_1_287' title='bbox 2777 1622 2880 1690; x_wconf 82' lang='grc' dir='ltr'>τὴν</span> <span class='ocrx_word' id='word_1_288' title='bbox 2926 1621 3202 1686; x_wconf 78' lang='grc' dir='ltr'>Αἴγυπτον</span> <span class='ocrx_word' id='word_1_289' title='bbox 3238 1616 3432 1678; x_wconf 87' lang='grc' dir='ltr'>ὲπιὼν,</span> <span class='ocrx_word' id='word_1_290' title='bbox 3464 1617 3651 1671; x_wconf 78' lang='grc' dir='ltr'>καὶτὰ</span> <span class='ocrx_word' id='word_1_291' title='bbox 3669 1616 4018 1686; x_wconf 79' lang='grc' dir='ltr'><strong>σκηνώματα</strong></span> 
     </span>
    </p>
   </div>
   <div class='ocr_carea' id='block_1_45' title="bbox 2431 1704 4026 1781">
    <p class='ocr_par' dir='ltr' id='par_1_45' title="bbox 2431 1704 4026 1781">
     <span class='ocr_line' id='line_1_45' title="bbox 2431 1704 4026 1781; baseline -0.006 -16"><span class='ocrx_word' id='word_1_292' title='bbox 2431 1709 2864 1781; x_wconf 84' lang='grc' dir='ltr'>κατασκηνὼσας</span> <span class='ocrx_word' id='word_1_293' title='bbox 2909 1709 3122 1778; x_wconf 77' lang='grc' dir='ltr'>Κηδάρ,</span> <span class='ocrx_word' id='word_1_294' title='bbox 3157 1707 3250 1760; x_wconf 74' lang='lat' dir='ltr'><strong>xui.</strong></span> <span class='ocrx_word' id='word_1_295' title='bbox 3282 1706 3374 1759; x_wconf 71' lang='grc' dir='ltr'>ἐπὶ</span> <span class='ocrx_word' id='word_1_296' title='bbox 3402 1705 3538 1758; x_wconf 82' lang='grc' dir='ltr'>πολὺ</span> <span class='ocrx_word' id='word_1_297' title='bbox 3590 1707 3746 1772; x_wconf 83' lang='grc' dir='ltr'><strong>παρά</strong></span> <span class='ocrx_word' id='word_1_298' title='bbox 3775 1704 3889 1766; x_wconf 81' lang='grc' dir='ltr'>τοῖς</span> <span class='ocrx_word' id='word_1_299' title='bbox 3924 1705 4026 1755; x_wconf 81' lang='grc' dir='ltr'><strong>Δί-</strong></span> 
     </span>
    </p>
   </div>
   <div class='ocr_carea' id='block_1_46' title="bbox 2428 1795 4031 1871">
    <p class='ocr_par' dir='ltr' id='par_1_46' title="bbox 2428 1795 4031 1871">
     <span class='ocr_line' id='line_1_46' title="bbox 2428 1795 4031 1871; baseline -0.008 -13"><span class='ocrx_word' id='word_1_300' title='bbox 2428 1804 2679 1871; x_wconf 88' lang='grc' dir='ltr'>γυπτίοις</span> <span class='ocrx_word' id='word_1_301' title='bbox 2724 1805 2752 1856; x_wconf 87' lang='grc' dir='ltr'>ὁ</span> <span class='ocrx_word' id='word_1_302' title='bbox 2806 1800 3058 1871; x_wconf 78' lang='grc' dir='ltr'>ἀληθινὸς</span> <span class='ocrx_word' id='word_1_303' title='bbox 3122 1797 3464 1868; x_wconf 84' lang='grc' dir='ltr'>Ἰσραηλίτης</span> <span class='ocrx_word' id='word_1_304' title='bbox 3495 1836 3509 1860; x_wconf 94' lang='grc'><strong>,</strong></span> <span class='ocrx_word' id='word_1_305' title='bbox 3565 1797 3661 1848; x_wconf 78' lang='grc' dir='ltr'>καὶ</span> <span class='ocrx_word' id='word_1_306' title='bbox 3697 1795 3850 1865; x_wconf 84' lang='grc' dir='ltr'><strong>παρά</strong></span> <span class='ocrx_word' id='word_1_307' title='bbox 3906 1797 4031 1857; x_wconf 83' lang='grc' dir='ltr'>τοῖς</span> 
     </span>
    </p>
   </div>
   <div class='ocr_carea' id='block_1_47' title="bbox 2429 1887 4032 1965">
    <p class='ocr_par' dir='ltr' id='par_1_47' title="bbox 2429 1887 4032 1965">
     <span class='ocr_line' id='line_1_47' title="bbox 2429 1887 4032 1965; baseline -0.009 -14"><span class='ocrx_word' id='word_1_308' title='bbox 2429 1896 2834 1965; x_wconf 78' lang='grc' dir='ltr'>ἐσκοτισμένοις</span> <span class='ocrx_word' id='word_1_309' title='bbox 2887 1896 2916 1948; x_wconf 89' lang='grc' dir='ltr'>ὁ</span> <span class='ocrx_word' id='word_1_310' title='bbox 2981 1890 3396 1960; x_wconf 77' lang='grc' dir='ltr'>πεφωτισμένος</span> <span class='ocrx_word' id='word_1_311' title='bbox 3470 1887 3825 1959; x_wconf 84' lang='grc' dir='ltr'>παρῳκηκώς</span> <span class='ocrx_word' id='word_1_312' title='bbox 3856 1903 3870 1916; x_wconf 78' lang='grc' dir='ltr'><strong>ο</strong></span> <span class='ocrx_word' id='word_1_313' title='bbox 3926 1887 4032 1938; x_wconf 71' lang='grc' dir='ltr'><strong>καὶ</strong></span> 
     </span>
    </p>
   </div>
   <div class='ocr_carea' id='block_1_48' title="bbox 2430 1981 4029 2055">
    <p class='ocr_par' dir='ltr' id='par_1_48' title="bbox 2430 1981 4029 2055">
     <span class='ocr_line' id='line_1_48' title="bbox 2430 1981 4029 2055; baseline -0.008 -11"><span class='ocrx_word' id='word_1_314' title='bbox 2430 1992 2591 2052; x_wconf 78' lang='grc' dir='ltr'>ὅσους</span> <span class='ocrx_word' id='word_1_315' title='bbox 2633 1988 2822 2053; x_wconf 78' lang='grc' dir='ltr'><strong>ἀξίους</strong></span> <span class='ocrx_word' id='word_1_316' title='bbox 2851 1989 2910 2039; x_wconf 83' lang='grc' dir='ltr'>ὲν</span> <span class='ocrx_word' id='word_1_317' title='bbox 2948 1988 3132 2049; x_wconf 81' lang='grc' dir='ltr'>αὐτοῖς</span> <span class='ocrx_word' id='word_1_318' title='bbox 3162 1981 3341 2055; x_wconf 72' lang='grc' dir='ltr'>εὗρεν,</span> <span class='ocrx_word' id='word_1_319' title='bbox 3368 1985 3517 2046; x_wconf 74' lang='grc' dir='ltr'>υἱοὺς</span> <span class='ocrx_word' id='word_1_320' title='bbox 3549 1982 3727 2051; x_wconf 69' lang='grc' dir='ltr'>φωτὸς</span> <span class='ocrx_word' id='word_1_321' title='bbox 3764 1981 3862 2033; x_wconf 79' lang='lat' dir='ltr'><strong>xui.</strong></span> <span class='ocrx_word' id='word_1_322' title='bbox 3882 1982 4029 2050; x_wconf 77' lang='grc' dir='ltr'><strong>ἡμέ-</strong></span> 
     </span>
    </p>
   </div>
   <div class='ocr_carea' id='block_1_49' title="bbox 2433 2071 4032 2153">
    <p class='ocr_par' dir='ltr' id='par_1_49' title="bbox 2433 2071 4032 2153">
     <span class='ocr_line' id='line_1_49' title="bbox 2433 2071 4032 2153; baseline -0.008 -18"><span class='ocrx_word' id='word_1_323' title='bbox 2433 2101 2531 2153; x_wconf 79' lang='grc' dir='ltr'><strong>ρας</strong></span> <span class='ocrx_word' id='word_1_324' title='bbox 2578 2079 2978 2151; x_wconf 78' lang='grc' dir='ltr'>ἐργασάμενος,</span> <span class='ocrx_word' id='word_1_325' title='bbox 3033 2077 3208 2140; x_wconf 72' lang='grc' dir='ltr'>οὕτως</span> <span class='ocrx_word' id='word_1_326' title='bbox 3240 2076 3381 2144; x_wconf 79' lang='grc' dir='ltr'>ὑπὲρ</span> <span class='ocrx_word' id='word_1_327' title='bbox 3414 2075 3634 2128; x_wconf 84' lang='grc' dir='ltr'>πάντων</span> <span class='ocrx_word' id='word_1_328' title='bbox 3658 2071 3892 2141; x_wconf 77' lang='grc' dir='ltr'>ἀνῆλθεν</span> <span class='ocrx_word' id='word_1_329' title='bbox 3926 2071 4032 2124; x_wconf 76' lang='grc' dir='ltr'>ἐπὶ</span> 
     </span>
    </p>
   </div>
   <div class='ocr_carea' id='block_1_50' title="bbox 2431 2165 4032 2242">
    <p class='ocr_par' dir='ltr' id='par_1_50' title="bbox 2431 2165 4032 2242">
     <span class='ocr_line' id='line_1_50' title="bbox 2431 2165 4032 2242; baseline -0.007 -16"><span class='ocrx_word' id='word_1_330' title='bbox 2431 2173 2670 2242; x_wconf 82' lang='grc' dir='ltr'>σταυροῦ</span> <span class='ocrx_word' id='word_1_331' title='bbox 2694 2188 2706 2199; x_wconf 92' lang='grc'><strong>·</strong></span> <span class='ocrx_word' id='word_1_332' title='bbox 2774 2173 2834 2223; x_wconf 69' lang='grc' dir='ltr'>ἐν</span> <span class='ocrx_word' id='word_1_333' title='bbox 2891 2171 2991 2240; x_wconf 74' lang='grc' dir='ltr'>μιᾷ</span> <span class='ocrx_word' id='word_1_334' title='bbox 3031 2169 3129 2237; x_wconf 84' lang='grc' dir='ltr'>μὲν</span> <span class='ocrx_word' id='word_1_335' title='bbox 3169 2167 3279 2220; x_wconf 93' lang='grc' dir='ltr'><strong>τῶν</strong></span> <span class='ocrx_word' id='word_1_336' title='bbox 3331 2167 3450 2220; x_wconf 82' lang='grc' dir='ltr'>κατ’</span> <span class='ocrx_word' id='word_1_337' title='bbox 3490 2165 3767 2233; x_wconf 75' lang='grc' dir='ltr'>Αἴγυπτον</span> <span class='ocrx_word' id='word_1_338' title='bbox 3809 2165 4032 2216; x_wconf 79' lang='grc' dir='ltr'>πόλεων</span> 
     </span>
    </p>
   </div>
   <div class='ocr_carea' id='block_1_51' title="bbox 2431 2257 4028 2337">
    <p class='ocr_par' dir='ltr' id='par_1_51' title="bbox 2431 2257 4028 2337">
     <span class='ocr_line' id='line_1_51' title="bbox 2431 2257 4028 2337; baseline -0.006 -19"><span class='ocrx_word' id='word_1_339' title='bbox 2431 2264 2795 2337; x_wconf 82' lang='grc' dir='ltr'>(Ὀστρακίνῃ</span> <span class='ocrx_word' id='word_1_340' title='bbox 2823 2261 3156 2331; x_wconf 80' lang='grc' dir='ltr'>καλουμένῃ)</span> <span class='ocrx_word' id='word_1_341' title='bbox 3220 2260 3298 2322; x_wconf 85' lang='grc' dir='ltr'>ὡς</span> <span class='ocrx_word' id='word_1_342' title='bbox 3353 2258 3525 2327; x_wconf 82' lang='grc' dir='ltr'>ἀμνὸς</span> <span class='ocrx_word' id='word_1_343' title='bbox 3573 2257 3982 2325; x_wconf 79' lang='grc' dir='ltr'><strong>καταθυόμενος</strong></span> <span class='ocrx_word' id='word_1_344' title='bbox 4009 2271 4028 2286; x_wconf 76' lang='grc'><strong>⁸</strong></span> 
     </span>
    </p>
   </div>
   <div class='ocr_carea' id='block_1_52' title="bbox 2428 2348 4031 2426">
    <p class='ocr_par' dir='ltr' id='par_1_52' title="bbox 2428 2348 4031 2426">
     <span class='ocr_line' id='line_1_52' title="bbox 2428 2348 4031 2426; baseline -0.008 -14"><span class='ocrx_word' id='word_1_345' title='bbox 2428 2359 2630 2420; x_wconf 81' lang='grc' dir='ltr'>πάσαις</span> <span class='ocrx_word' id='word_1_346' title='bbox 2674 2355 2732 2408; x_wconf 85' lang='grc' dir='ltr'><strong>δὲ</strong></span> <span class='ocrx_word' id='word_1_347' title='bbox 2771 2354 2979 2426; x_wconf 84' lang='grc' dir='ltr'>χώραις</span> <span class='ocrx_word' id='word_1_348' title='bbox 3014 2353 3108 2406; x_wconf 82' lang='grc' dir='ltr'><strong>καὶ</strong></span> <span class='ocrx_word' id='word_1_349' title='bbox 3151 2351 3375 2404; x_wconf 76' lang='grc' dir='ltr'>πόλεσιν</span> <span class='ocrx_word' id='word_1_350' title='bbox 3423 2352 3536 2413; x_wconf 81' lang='grc' dir='ltr'>τοῖς</span> <span class='ocrx_word' id='word_1_351' title='bbox 3581 2349 3808 2411; x_wconf 76' lang='grc' dir='ltr'>οἰκείοις</span> <span class='ocrx_word' id='word_1_352' title='bbox 3839 2348 4031 2415; x_wconf 71' lang='grc' dir='ltr'>παθήο</span> 
     </span>
    </p>
   </div>
   <div class='ocr_carea' id='block_1_53' title="bbox 2429 2437 4027 2518">
    <p class='ocr_par' dir='ltr' id='par_1_53' title="bbox 2429 2437 4027 2518">
     <span class='ocr_line' id='line_1_53' title="bbox 2429 2437 4027 2518; baseline -0.007 -20"><span class='ocrx_word' id='word_1_353' title='bbox 2429 2465 2592 2518; x_wconf 83' lang='grc' dir='ltr'>μασιν</span> <span class='ocrx_word' id='word_1_354' title='bbox 2620 2445 3068 2513; x_wconf 76' lang='grc' dir='ltr'>εὑῖλατευόμενος</span> <span class='ocrx_word' id='word_1_355' title='bbox 3137 2441 3232 2494; x_wconf 84' lang='grc' dir='ltr'><strong>τὸν</strong></span> <span class='ocrx_word' id='word_1_356' title='bbox 3259 2439 3517 2510; x_wconf 87' lang='grc' dir='ltr'>Χριστόν·</span> <span class='ocrx_word' id='word_1_357' title='bbox 3560 2440 3654 2491; x_wconf 79' lang='grc' dir='ltr'>καὶ</span> <span class='ocrx_word' id='word_1_358' title='bbox 3681 2440 3779 2507; x_wconf 76' lang='grc' dir='ltr'>οὐχ</span> <span class='ocrx_word' id='word_1_359' title='bbox 3811 2437 3887 2500; x_wconf 84' lang='grc' dir='ltr'>ὡς</span> <span class='ocrx_word' id='word_1_360' title='bbox 3911 2438 4027 2488; x_wconf 81' lang='grc' dir='ltr'>δει-</span> 
     </span>
    </p>
   </div>
   <div class='ocr_carea' id='block_1_54' title="bbox 2431 2529 4027 2606">
    <p class='ocr_par' dir='ltr' id='par_1_54' title="bbox 2431 2529 4027 2606">
     <span class='ocr_line' id='line_1_54' title="bbox 2431 2529 4027 2606; baseline -0.01 -12"><span class='ocrx_word' id='word_1_361' title='bbox 2431 2542 2522 2594; x_wconf 89' lang='grc' dir='ltr'><strong>νόν</strong></span> <span class='ocrx_word' id='word_1_362' title='bbox 2576 2557 2630 2591; x_wconf 90' lang='grc' dir='ltr'><strong>τι</strong></span> <span class='ocrx_word' id='word_1_363' title='bbox 2685 2538 2933 2606; x_wconf 80' lang='grc' dir='ltr'>πάσχων,</span> <span class='ocrx_word' id='word_1_364' title='bbox 2964 2536 3077 2589; x_wconf 81' lang='grc' dir='ltr'>οὐδ’</span> <span class='ocrx_word' id='word_1_365' title='bbox 3124 2535 3202 2596; x_wconf 87' lang='grc' dir='ltr'><strong>ῶς</strong></span> <span class='ocrx_word' id='word_1_366' title='bbox 3257 2532 3632 2600; x_wconf 81' lang='grc' dir='ltr'>ἀλγυνόμενος</span> <span class='ocrx_word' id='word_1_367' title='bbox 3671 2530 3772 2599; x_wconf 81' lang='grc' dir='ltr'>τὴν</span> <span class='ocrx_word' id='word_1_368' title='bbox 3815 2529 4027 2598; x_wconf 79' lang='grc' dir='ltr'>ψυχὴν,</span> 
     </span>
    </p>
   </div>
   <div class='ocr_carea' id='block_1_55' title="bbox 2430 2620 4029 2701">
    <p class='ocr_par' dir='ltr' id='par_1_55' title="bbox 2430 2620 4029 2701">
     <span class='ocr_line' id='line_1_55' title="bbox 2430 2620 4029 2701; baseline -0.009 -15"><span class='ocrx_word' id='word_1_369' title='bbox 2430 2632 2783 2701; x_wconf 79' lang='grc' dir='ltr'>ἐδυσχέραινε</span> <span class='ocrx_word' id='word_1_370' title='bbox 2834 2631 2948 2691; x_wconf 86' lang='grc' dir='ltr'>τοῖς</span> <span class='ocrx_word' id='word_1_371' title='bbox 3007 2627 3372 2694; x_wconf 84' lang='grc' dir='ltr'>σταυρωταῖς⁶</span> <span class='ocrx_word' id='word_1_372' title='bbox 3422 2623 3540 2678; x_wconf 81' lang='grc' dir='ltr'>ἀλλ’</span> <span class='ocrx_word' id='word_1_373' title='bbox 3569 2623 3646 2686; x_wconf 84' lang='grc' dir='ltr'>ὡς</span> <span class='ocrx_word' id='word_1_374' title='bbox 3699 2620 4029 2690; x_wconf 75' lang='grc' dir='ltr'>εὐεργετού-</span> 
     </span>
    </p>
   </div>
   <div class='ocr_carea' id='block_1_56' title="bbox 2435 2713 4028 2798">
    <p class='ocr_par' dir='ltr' id='par_1_56' title="bbox 2435 2713 4028 2798">
     <span class='ocr_line' id='line_1_56' title="bbox 2435 2713 4028 2798; baseline -0.01 -19"><span class='ocrx_word' id='word_1_375' title='bbox 2435 2743 2598 2798; x_wconf 84' lang='grc' dir='ltr'>μενος</span> <span class='ocrx_word' id='word_1_376' title='bbox 2635 2723 2838 2794; x_wconf 80' lang='grc' dir='ltr'>μᾶλλον</span> <span class='ocrx_word' id='word_1_377' title='bbox 2883 2721 3073 2784; x_wconf 79' lang='grc' dir='ltr'>αὐτοῖς</span> <span class='ocrx_word' id='word_1_378' title='bbox 3109 2716 3458 2789; x_wconf 85' lang='grc' dir='ltr'>προσελάλει,</span> <span class='ocrx_word' id='word_1_379' title='bbox 3497 2715 3594 2768; x_wconf 78' lang='grc' dir='ltr'>καὶ</span> <span class='ocrx_word' id='word_1_380' title='bbox 3636 2713 4028 2784; x_wconf 81' lang='grc' dir='ltr'>προσεμειδία,</span> 
     </span>
    </p>
   </div>
   <div class='ocr_carea' id='block_1_57' title="bbox 2433 2803 4030 2885">
    <p class='ocr_par' dir='ltr' id='par_1_57' title="bbox 2433 2803 4030 2885">
     <span class='ocr_line' id='line_1_57' title="bbox 2433 2803 4030 2885; baseline -0.009 -17"><span class='ocrx_word' id='word_1_381' title='bbox 2433 2817 2677 2885; x_wconf 86' lang='grc' dir='ltr'>σωθῆναι</span> <span class='ocrx_word' id='word_1_382' title='bbox 2718 2810 3074 2883; x_wconf 85' lang='grc' dir='ltr'>παρακαλῶν·</span> <span class='ocrx_word' id='word_1_383' title='bbox 3111 2808 3207 2862; x_wconf 80' lang='grc' dir='ltr'>καὶ</span> <span class='ocrx_word' id='word_1_384' title='bbox 3245 2805 3545 2862; x_wconf 80' lang='grc' dir='ltr'>ἀνανεῦσαι</span> <span class='ocrx_word' id='word_1_385' title='bbox 3579 2804 3684 2875; x_wconf 82' lang='grc' dir='ltr'>μὲν</span> <span class='ocrx_word' id='word_1_386' title='bbox 3719 2803 3820 2872; x_wconf 84' lang='grc' dir='ltr'>τῆς</span> <span class='ocrx_word' id='word_1_387' title='bbox 3852 2803 4030 2870; x_wconf 79' lang='grc' dir='ltr'>Αιγυ-</span> 
     </span>
    </p>
   </div>
   <div class='ocr_carea' id='block_1_58' title="bbox 2433 2894 4032 2976">
    <p class='ocr_par' dir='ltr' id='par_1_58' title="bbox 2433 2894 4032 2976">
     <span class='ocr_line' id='line_1_58' title="bbox 2433 2894 4032 2976; baseline -0.011 -14"><span class='ocrx_word' id='word_1_388' title='bbox 2433 2910 2675 2976; x_wconf 75' lang='grc' dir='ltr'>πτιακῆς</span> <span class='ocrx_word' id='word_1_389' title='bbox 2705 2907 2925 2974; x_wconf 76' lang='grc' dir='ltr'>ἀπάτης</span> <span class='ocrx_word' id='word_1_390' title='bbox 2964 2904 3058 2957; x_wconf 76' lang='grc' dir='ltr'>καὶ</span> <span class='ocrx_word' id='word_1_391' title='bbox 3098 2900 3524 2968; x_wconf 85' lang='grc' dir='ltr'>δεισιδαιμονίας</span> <span class='ocrx_word' id='word_1_392' title='bbox 3575 2895 3883 2966; x_wconf 61' lang='grc' dir='ltr'>παραινῶν</span> <span class='ocrx_word' id='word_1_393' title='bbox 3930 2894 4032 2946; x_wconf 77' lang='grc' dir='ltr'><strong>τὸν</strong></span> 
     </span>
    </p>
   </div>
   <div class='ocr_carea' id='block_1_59' title="bbox 2432 2985 4031 3069">
    <p class='ocr_par' dir='ltr' id='par_1_59' title="bbox 2432 2985 4031 3069">
     <span class='ocr_line' id='line_1_59' title="bbox 2432 2985 4031 3069; baseline -0.009 -16"><span class='ocrx_word' id='word_1_394' title='bbox 2432 3001 2528 3053; x_wconf 81' lang='grc' dir='ltr'><strong>τοῦ</strong></span> <span class='ocrx_word' id='word_1_395' title='bbox 2579 2997 2810 3069; x_wconf 74' lang='grc' dir='ltr'>οὐρανοῦ</span> <span class='ocrx_word' id='word_1_396' title='bbox 2856 2996 2912 3048; x_wconf 84' lang='grc' dir='ltr'><strong>δὲ</strong></span> <span class='ocrx_word' id='word_1_397' title='bbox 2958 2996 3052 3048; x_wconf 76' lang='grc' dir='ltr'><strong>καὶ</strong></span> <span class='ocrx_word' id='word_1_398' title='bbox 3096 2993 3194 3062; x_wconf 77' lang='grc' dir='ltr'><strong>τῆς</strong></span> <span class='ocrx_word' id='word_1_399' title='bbox 3244 2991 3352 3062; x_wconf 82' lang='grc' dir='ltr'>γῆς</span> <span class='ocrx_word' id='word_1_400' title='bbox 3399 2990 3682 3060; x_wconf 82' lang='grc' dir='ltr'>Δεσπότην</span> <span class='ocrx_word' id='word_1_401' title='bbox 3722 2985 4031 3054; x_wconf 70' lang='grc' dir='ltr'>ἐπιγνῶναι</span> 
     </span>
    </p>
   </div>
   <div class='ocr_carea' id='block_1_60' title="bbox 2433 3090 2786 3158">
    <p class='ocr_par' dir='ltr' id='par_1_60' title="bbox 2433 3090 2786 3158">
     <span class='ocr_line' id='line_1_60' title="bbox 2433 3090 2786 3158; baseline -0.011 -12"><span class='ocrx_word' id='word_1_402' title='bbox 2433 3090 2786 3158; x_wconf 82' lang='grc' dir='ltr'>παρεγγυῶν.</span> 
     </span>
    </p>
   </div>
   <div class='ocr_carea' id='block_1_61' title="bbox 795 3169 2327 3277">
    <p class='ocr_par' dir='ltr' id='par_1_61' title="bbox 795 3184 2324 3258">
     <span class='ocr_line' id='line_1_61' title="bbox 795 3184 2324 3258; baseline 0.005 -21"><span class='ocrx_word' id='word_1_403' title='bbox 795 3184 1081 3255; x_wconf 86' lang='lat' dir='ltr'><strong>Tanquam</strong></span> <span class='ocrx_word' id='word_1_404' title='bbox 1130 3186 1296 3256; x_wconf 79' lang='lat' dir='ltr'><strong>igitur</strong></span> <span class='ocrx_word' id='word_1_405' title='bbox 1336 3188 1544 3257; x_wconf 77' lang='lat' dir='ltr'><strong>accepti</strong></span> <span class='ocrx_word' id='word_1_406' title='bbox 1586 3188 1833 3240; x_wconf 75' lang='lat' dir='ltr'><strong>numeris</strong></span> <span class='ocrx_word' id='word_1_407' title='bbox 1862 3197 2092 3258; x_wconf 82' lang='lat' dir='ltr'><strong>gratiam</strong></span> <span class='ocrx_word' id='word_1_408' title='bbox 2128 3205 2324 3258; x_wconf 84' lang='lat' dir='ltr'><strong>repen-</strong></span> 
     </span>
    </p>
   </div>
   <div class='ocr_carea' id='block_1_62' title="bbox 2432 3169 4031 3277">
    <p class='ocr_par' dir='ltr' id='par_1_62' title="bbox 2497 3169 4031 3250">
     <span class='ocr_line' id='line_1_62' title="bbox 2497 3169 4031 3250; baseline -0.009 -17"><span class='ocrx_word' id='word_1_409' title='bbox 2497 3181 2672 3250; x_wconf 72' lang='grc' dir='ltr'>Χάριν</span> <span class='ocrx_word' id='word_1_410' title='bbox 2724 3174 2818 3232; x_wconf 79' lang='grc' dir='ltr'><strong>οὖν</strong></span> <span class='ocrx_word' id='word_1_411' title='bbox 2848 3176 3039 3244; x_wconf 84' lang='grc' dir='ltr'>ῶσπερ</span> <span class='ocrx_word' id='word_1_412' title='bbox 3084 3174 3269 3236; x_wconf 76' lang='grc' dir='ltr'>αὐτοῖς</span> <span class='ocrx_word' id='word_1_413' title='bbox 3313 3173 3414 3240; x_wconf 82' lang='grc' dir='ltr'>τῆς</span> <span class='ocrx_word' id='word_1_414' title='bbox 3446 3171 3768 3239; x_wconf 84' lang='grc' dir='ltr'>εὐεργεσιας</span> <span class='ocrx_word' id='word_1_415' title='bbox 3798 3169 4031 3222; x_wconf 65' lang='grc' dir='ltr'>ἀποτινρ</span> 
     </span>
    </p>
   </div>
   <div class='ocr_carea' id='block_1_63' title="bbox 729 3275 2317 3348">
    <p class='ocr_par' dir='ltr' id='par_1_63' title="bbox 729 3275 2317 3348">
     <span class='ocr_line' id='line_1_63' title="bbox 729 3275 2317 3348; baseline 0.004 -20"><span class='ocrx_word' id='word_1_416' title='bbox 729 3275 885 3340; x_wconf 87' lang='lat' dir='ltr'><strong>deus,</strong></span> <span class='ocrx_word' id='word_1_417' title='bbox 917 3276 1063 3344; x_wconf 91' lang='lat' dir='ltr'><strong>quod</strong></span> <span class='ocrx_word' id='word_1_418' title='bbox 1095 3278 1195 3330; x_wconf 89' lang='lat' dir='ltr'><strong>hac</strong></span> <span class='ocrx_word' id='word_1_419' title='bbox 1227 3294 1448 3346; x_wconf 89' lang='lat' dir='ltr'><strong>quoque</strong></span> <span class='ocrx_word' id='word_1_420' title='bbox 1484 3289 1635 3347; x_wconf 88' lang='lat' dir='ltr'><strong>parte</strong></span> <span class='ocrx_word' id='word_1_421' title='bbox 1657 3279 1860 3332; x_wconf 80' lang='lat' dir='ltr'><strong>Christi</strong></span> <span class='ocrx_word' id='word_1_422' title='bbox 1889 3281 2062 3348; x_wconf 88' lang='lat' dir='ltr'><strong>palam</strong></span> <span class='ocrx_word' id='word_1_423' title='bbox 2084 3281 2317 3334; x_wconf 89' lang='lat' dir='ltr'><strong>similem</strong></span> 
     </span>
    </p>
   </div>
   <div class='ocr_carea' id='block_1_64' title="bbox 731 3370 2323 3442">
    <p class='ocr_par' dir='ltr' id='par_1_64' title="bbox 731 3370 2323 3442">
     <span class='ocr_line' id='line_1_64' title="bbox 731 3370 2323 3442; baseline 0.004 -21"><span class='ocrx_word' id='word_1_424' title='bbox 731 3384 852 3421; x_wconf 84' lang='lat' dir='ltr'><strong>cum</strong></span> <span class='ocrx_word' id='word_1_425' title='bbox 901 3370 1250 3431; x_wconf 81' lang='lat' dir='ltr'><strong>cll&#39;ecissent;</strong></span> <span class='ocrx_word' id='word_1_426' title='bbox 1301 3371 1446 3437; x_wconf 89' lang='lat' dir='ltr'><strong>quod</strong></span> <span class='ocrx_word' id='word_1_427' title='bbox 1511 3373 1652 3424; x_wconf 87' lang='lat' dir='ltr'><strong>viam</strong></span> <span class='ocrx_word' id='word_1_428' title='bbox 1700 3373 1936 3432; x_wconf 78' lang='lat' dir='ltr'><strong>lat-item.</strong></span> <span class='ocrx_word' id='word_1_429' title='bbox 1985 3373 2323 3442; x_wconf 84' lang='lat' dir='ltr'><strong>brevemque</strong></span> 
     </span>
    </p>
   </div>
   <div class='ocr_carea' id='block_1_65' title="bbox 732 3460 2319 3524">
    <p class='ocr_par' dir='ltr' id='par_1_65' title="bbox 732 3460 2319 3524">
     <span class='ocr_line' id='line_1_65' title="bbox 732 3460 2319 3524; baseline 0.005 -15"><span class='ocrx_word' id='word_1_430' title='bbox 732 3475 828 3524; x_wconf 81' lang='lat' dir='ltr'><strong>per</strong></span> <span class='ocrx_word' id='word_1_431' title='bbox 857 3475 1077 3512; x_wconf 86' lang='lat' dir='ltr'><strong>crucem</strong></span> <span class='ocrx_word' id='word_1_432' title='bbox 1104 3460 1358 3512; x_wconf 89' lang='lat' dir='ltr'><strong>semitam</strong></span> <span class='ocrx_word' id='word_1_433' title='bbox 1380 3476 1442 3513; x_wconf 85' lang='lat' dir='ltr'><strong>ac</strong></span> <span class='ocrx_word' id='word_1_434' title='bbox 1462 3462 1812 3514; x_wconf 86' lang='lat' dir='ltr'><strong>commodum</strong></span> <span class='ocrx_word' id='word_1_435' title='bbox 1840 3461 1892 3514; x_wconf 91' lang='lat' dir='ltr'><strong>in</strong></span> <span class='ocrx_word' id='word_1_436' title='bbox 1923 3463 2122 3517; x_wconf 66' lang='lat' dir='ltr'><strong>malum</strong></span> <span class='ocrx_word' id='word_1_437' title='bbox 2144 3464 2248 3517; x_wconf 91' lang='lat' dir='ltr'><strong>iter</strong></span> <span class='ocrx_word' id='word_1_438' title='bbox 2270 3464 2319 3520; x_wconf 93' lang='lat' dir='ltr'><strong>ci</strong></span> 
     </span>
    </p>
   </div>
   <div class='ocr_carea' id='block_1_66' title="bbox 733 3552 2321 3614">
    <p class='ocr_par' dir='ltr' id='par_1_66' title="bbox 733 3552 2321 3614">
     <span class='ocr_line' id='line_1_66' title="bbox 733 3552 2321 3614; baseline 0.006 -12"><span class='ocrx_word' id='word_1_439' title='bbox 733 3552 1073 3614; x_wconf 86' lang='lat' dir='ltr'><strong>muniebant,</strong></span> <span class='ocrx_word' id='word_1_440' title='bbox 1098 3555 1241 3606; x_wconf 81' lang='lat' dir='ltr'><strong>votis</strong></span> <span class='ocrx_word' id='word_1_441' title='bbox 1267 3552 1593 3606; x_wconf 82' lang='lat' dir='ltr'><strong>obsecrabat</strong></span> <span class='ocrx_word' id='word_1_442' title='bbox 1611 3569 1673 3606; x_wconf 89' lang='lat' dir='ltr'><strong>ac</strong></span> <span class='ocrx_word' id='word_1_443' title='bbox 1696 3555 2021 3608; x_wconf 87' lang='lat' dir='ltr'><strong>hortabatur</strong></span> <span class='ocrx_word' id='word_1_444' title='bbox 2046 3567 2105 3611; x_wconf 90' lang='lat' dir='ltr'><strong>ut</strong></span> <span class='ocrx_word' id='word_1_445' title='bbox 2127 3573 2321 3611; x_wconf 89' lang='lat' dir='ltr'><strong>omnes</strong></span> 
     </span>
    </p>
   </div>
   <div class='ocr_carea' id='block_1_67' title="bbox 732 3644 2322 3710">
    <p class='ocr_par' dir='ltr' id='par_1_67' title="bbox 732 3644 2322 3710">
     <span class='ocr_line' id='line_1_67' title="bbox 732 3644 2322 3710; baseline 0.003 -12"><span class='ocrx_word' id='word_1_446' title='bbox 732 3645 1008 3698; x_wconf 69' lang='lat' dir='ltr'><strong>Christum</strong></span> <span class='ocrx_word' id='word_1_447' title='bbox 1045 3657 1441 3710; x_wconf 72' lang='lat' dir='ltr'><strong>cognoscerent</strong></span> <span class='ocrx_word' id='word_1_448' title='bbox 1468 3665 1478 3697; x_wconf 89' lang='lat'><strong>:</strong></span> <span class='ocrx_word' id='word_1_449' title='bbox 1513 3644 1694 3698; x_wconf 83' lang='lat' dir='ltr'><strong>Jesum</strong></span> <span class='ocrx_word' id='word_1_450' title='bbox 1725 3648 1938 3710; x_wconf 79' lang='lat' dir='ltr'><strong>scirent,</strong></span> <span class='ocrx_word' id='word_1_451' title='bbox 1967 3665 2146 3701; x_wconf 82' lang='lat' dir='ltr'><strong>verum</strong></span> <span class='ocrx_word' id='word_1_452' title='bbox 2187 3651 2322 3703; x_wconf 83' lang='lat' dir='ltr'><strong>illud</strong></span> 
     </span>
    </p>
   </div>
   <div class='ocr_carea' id='block_1_68' title="bbox 734 3735 2323 3806">
    <p class='ocr_par' dir='ltr' id='par_1_68' title="bbox 734 3735 2323 3806">
     <span class='ocr_line' id='line_1_68' title="bbox 734 3735 2323 3806; baseline 0.004 -19"><span class='ocrx_word' id='word_1_453' title='bbox 734 3735 967 3796; x_wconf 81' lang='lat' dir='ltr'><strong>Lumen,</strong></span> <span class='ocrx_word' id='word_1_454' title='bbox 1055 3737 1243 3795; x_wconf 75' lang='lat' dir='ltr'><strong>dulce.</strong></span> <span class='ocrx_word' id='word_1_455' title='bbox 1306 3737 1548 3795; x_wconf 76' lang='lat' dir='ltr'><strong>(reatum.</strong></span> <span class='ocrx_word' id='word_1_456' title='bbox 1607 3749 1868 3802; x_wconf 80' lang='lat' dir='ltr'><strong>sintclnm,</strong></span> <span class='ocrx_word' id='word_1_457' title='bbox 1930 3740 2323 3806; x_wconf 79' lang='lat' dir='ltr'><strong>intmueratutn,</strong></span> 
     </span>
    </p>
   </div>
   <div class='ocr_carea' id='block_1_69' title="bbox 733 3826 2322 3896">
    <p class='ocr_par' dir='ltr' id='par_1_69' title="bbox 733 3826 2322 3896">
     <span class='ocr_line' id='line_1_69' title="bbox 733 3826 2322 3896; baseline 0.006 -20"><span class='ocrx_word' id='word_1_458' title='bbox 733 3826 1099 3896; x_wconf 80' lang='lat' dir='ltr'><strong>intcniporale.</strong></span> <span class='ocrx_word' id='word_1_459' title='bbox 1136 3828 1268 3880; x_wconf 85' lang='lat' dir='ltr'><strong>nube</strong></span> <span class='ocrx_word' id='word_1_460' title='bbox 1309 3844 1413 3881; x_wconf 89' lang='lat' dir='ltr'><strong>non</strong></span> <span class='ocrx_word' id='word_1_461' title='bbox 1461 3829 1709 3891; x_wconf 75' lang='lat' dir='ltr'><strong>obsitum,</strong></span> <span class='ocrx_word' id='word_1_462' title='bbox 1748 3839 1896 3881; x_wconf 87' lang='lat' dir='ltr'><strong>nocte</strong></span> <span class='ocrx_word' id='word_1_463' title='bbox 1946 3847 2051 3882; x_wconf 90' lang='lat' dir='ltr'><strong>non</strong></span> <span class='ocrx_word' id='word_1_464' title='bbox 2096 3834 2322 3885; x_wconf 82' lang='lat' dir='ltr'><strong>interce-</strong></span> 
     </span>
    </p>
   </div>
   <div class='ocr_carea' id='block_1_70' title="bbox 733 3920 2320 3992">
    <p class='ocr_par' dir='ltr' id='par_1_70' title="bbox 733 3920 2320 3992">
     <span class='ocr_line' id='line_1_70' title="bbox 733 3920 2320 3992; baseline 0.005 -24"><span class='ocrx_word' id='word_1_465' title='bbox 733 3929 902 3985; x_wconf 80' lang='lat' dir='ltr'><strong>ptam,</strong></span> <span class='ocrx_word' id='word_1_466' title='bbox 919 3936 1135 3988; x_wconf 83' lang='lat' dir='ltr'><strong>corpore</strong></span> <span class='ocrx_word' id='word_1_467' title='bbox 1149 3937 1248 3971; x_wconf 89' lang='lat' dir='ltr'><strong>non</strong></span> <span class='ocrx_word' id='word_1_468' title='bbox 1268 3921 1566 3985; x_wconf 82' lang='lat' dir='ltr'><strong>obductum,</strong></span> <span class='ocrx_word' id='word_1_469' title='bbox 1583 3920 1690 3972; x_wconf 89' lang='lat' dir='ltr'><strong>loco</strong></span> <span class='ocrx_word' id='word_1_470' title='bbox 1707 3938 1808 3972; x_wconf 89' lang='lat' dir='ltr'><strong>non</strong></span> <span class='ocrx_word' id='word_1_471' title='bbox 1831 3923 2320 3992; x_wconf 82' lang='lat' dir='ltr'><strong>circumscriptum;</strong></span> 
     </span>
    </p>
   </div>
   <div class='ocr_carea' id='block_1_71' title="bbox 734 4013 2320 4083">
    <p class='ocr_par' dir='ltr' id='par_1_71' title="bbox 734 4013 2320 4083">
     <span class='ocr_line' id='line_1_71' title="bbox 734 4013 2320 4083; baseline 0.004 -22"><span class='ocrx_word' id='word_1_472' title='bbox 734 4013 869 4079; x_wconf 86' lang='lat' dir='ltr'><strong>quod</strong></span> <span class='ocrx_word' id='word_1_473' title='bbox 910 4029 1068 4064; x_wconf 85' lang='lat' dir='ltr'><strong>unum</strong></span> <span class='ocrx_word' id='word_1_474' title='bbox 1103 4016 1287 4065; x_wconf 73' lang='lat' dir='ltr'><strong>merito</strong></span> <span class='ocrx_word' id='word_1_475' title='bbox 1320 4014 1521 4065; x_wconf 87' lang='lat' dir='ltr'><strong>ambire</strong></span> <span class='ocrx_word' id='word_1_476' title='bbox 1542 4029 1605 4065; x_wconf 82' lang='lat' dir='ltr'><strong>ac</strong></span> <span class='ocrx_word' id='word_1_477' title='bbox 1633 4024 1883 4081; x_wconf 71' lang='lat' dir='ltr'><strong>exoptare</strong></span> <span class='ocrx_word' id='word_1_478' title='bbox 1910 4017 2320 4083; x_wconf 75' lang='lat' dir='ltr'><strong>opermprclium</strong></span> 
     </span>
    </p>
   </div>
   <div class='ocr_carea' id='block_1_72' title="bbox 734 4103 2324 4174">
    <p class='ocr_par' dir='ltr' id='par_1_72' title="bbox 734 4103 2324 4174">
     <span class='ocr_line' id='line_1_72' title="bbox 734 4103 2324 4174; baseline 0.004 -20"><span class='ocrx_word' id='word_1_479' title='bbox 734 4121 757 4154; x_wconf 87' lang='lat' dir='ltr'><strong>s</strong></span> <span class='ocrx_word' id='word_1_480' title='bbox 784 4113 799 4154; x_wconf 91' lang='lat' dir='ltr'><strong>t</strong></span> <span class='ocrx_word' id='word_1_481' title='bbox 822 4121 838 4166; x_wconf 88' lang='lat'><em>;</em></span> <span class='ocrx_word' id='word_1_482' title='bbox 865 4120 1130 4173; x_wconf 81' lang='lat' dir='ltr'><strong>unumque</strong></span> <span class='ocrx_word' id='word_1_483' title='bbox 1153 4105 1362 4156; x_wconf 86' lang='lat' dir='ltr'><strong>credere</strong></span> <span class='ocrx_word' id='word_1_484' title='bbox 1387 4121 1448 4157; x_wconf 89' lang='lat' dir='ltr'><strong>ac</strong></span> <span class='ocrx_word' id='word_1_485' title='bbox 1464 4104 1719 4174; x_wconf 78' lang='lat' dir='ltr'><strong>diligere;</strong></span> <span class='ocrx_word' id='word_1_486' title='bbox 1744 4103 1941 4156; x_wconf 86' lang='lat' dir='ltr'><strong>Lumen</strong></span> <span class='ocrx_word' id='word_1_487' title='bbox 1963 4104 2157 4156; x_wconf 72' lang='lat' dir='ltr'><strong>scilicet</strong></span> <span class='ocrx_word' id='word_1_488' title='bbox 2187 4123 2324 4159; x_wconf 88' lang='lat' dir='ltr'><strong>sem-</strong></span> 
     </span>
    </p>
   </div>
   <div class='ocr_carea' id='block_1_73' title="bbox 735 4195 2319 4264">
    <p class='ocr_par' dir='ltr' id='par_1_73' title="bbox 735 4195 2319 4264">
     <span class='ocr_line' id='line_1_73' title="bbox 735 4195 2319 4264; baseline 0.003 -20"><span class='ocrx_word' id='word_1_489' title='bbox 735 4212 845 4257; x_wconf 78' lang='lat' dir='ltr'><strong>per.</strong></span> <span class='ocrx_word' id='word_1_490' title='bbox 871 4204 1136 4263; x_wconf 85' lang='lat' dir='ltr'><strong>totumque</strong></span> <span class='ocrx_word' id='word_1_491' title='bbox 1156 4195 1330 4247; x_wconf 89' lang='lat' dir='ltr'><strong>lucens</strong></span> <span class='ocrx_word' id='word_1_492' title='bbox 1354 4212 1372 4259; x_wconf 92' lang='lat'><em>;</em></span> <span class='ocrx_word' id='word_1_493' title='bbox 1403 4197 1540 4264; x_wconf 88' lang='lat' dir='ltr'><strong>quod</strong></span> <span class='ocrx_word' id='word_1_494' title='bbox 1569 4211 1812 4247; x_wconf 87' lang='lat' dir='ltr'><strong>occasum</strong></span> <span class='ocrx_word' id='word_1_495' title='bbox 1839 4196 2060 4258; x_wconf 85' lang='lat' dir='ltr'><strong>nesciat,</strong></span> <span class='ocrx_word' id='word_1_496' title='bbox 2085 4213 2177 4249; x_wconf 83' lang='lat' dir='ltr'><strong>nec</strong></span> <span class='ocrx_word' id='word_1_497' title='bbox 2206 4197 2319 4250; x_wconf 87' lang='lat' dir='ltr'><strong>ulla</strong></span> 
     </span>
    </p>
   </div>
   <div class='ocr_carea' id='block_1_74' title="bbox 735 4284 2322 4359">
    <p class='ocr_par' dir='ltr' id='par_1_74' title="bbox 735 4284 2322 4359">
     <span class='ocr_line' id='line_1_74' title="bbox 735 4284 2322 4359; baseline 0.004 -24"><span class='ocrx_word' id='word_1_498' title='bbox 735 4287 996 4353; x_wconf 68' lang='lat' dir='ltr'><strong>exstingui</strong></span> <span class='ocrx_word' id='word_1_499' title='bbox 1024 4287 1226 4355; x_wconf 88' lang='lat' dir='ltr'><strong>injuria</strong></span> <span class='ocrx_word' id='word_1_500' title='bbox 1260 4288 1440 4355; x_wconf 79' lang='lat' dir='ltr'><strong>possit.</strong></span> <span class='ocrx_word' id='word_1_501' title='bbox 1471 4284 1667 4337; x_wconf 84' lang='lat' dir='ltr'><strong>Lumen</strong></span> <span class='ocrx_word' id='word_1_502' title='bbox 1695 4286 1836 4338; x_wconf 82' lang='lat' dir='ltr'><strong>istud</strong></span> <span class='ocrx_word' id='word_1_503' title='bbox 1862 4285 2029 4338; x_wconf 87' lang='lat' dir='ltr'><strong>Deum</strong></span> <span class='ocrx_word' id='word_1_504' title='bbox 2060 4288 2322 4359; x_wconf 87' lang='lat' dir='ltr'><strong>intellige-</strong></span> 
     </span>
    </p>
   </div>
   <div class='ocr_carea' id='block_1_75' title="bbox 736 4377 2320 4447">
    <p class='ocr_par' dir='ltr' id='par_1_75' title="bbox 736 4377 2320 4447">
     <span class='ocr_line' id='line_1_75' title="bbox 736 4377 2320 4447; baseline 0.005 -21"><span class='ocrx_word' id='word_1_505' title='bbox 736 4387 869 4440; x_wconf 73' lang='lat' dir='ltr'><strong>ri&#39;nl,</strong></span> <span class='ocrx_word' id='word_1_506' title='bbox 918 4377 1060 4428; x_wconf 86' lang='lat' dir='ltr'><strong>illius</strong></span> <span class='ocrx_word' id='word_1_507' title='bbox 1103 4378 1494 4430; x_wconf 79' lang='lat' dir='ltr'><strong>inardescerent</strong></span> <span class='ocrx_word' id='word_1_508' title='bbox 1549 4378 1861 4447; x_wconf 83' lang='lat' dir='ltr'><strong>cupiditate,</strong></span> <span class='ocrx_word' id='word_1_509' title='bbox 1913 4379 2089 4447; x_wconf 87' lang='lat' dir='ltr'><strong>ipsum</strong></span> <span class='ocrx_word' id='word_1_510' title='bbox 2139 4380 2320 4434; x_wconf 87' lang='lat' dir='ltr'><strong>divina</strong></span> 
     </span>
    </p>
   </div>
   <div class='ocr_carea' id='block_1_76' title="bbox 738 4471 2323 4541">
    <p class='ocr_par' dir='ltr' id='par_1_76' title="bbox 738 4471 2323 4541">
     <span class='ocr_line' id='line_1_76' title="bbox 738 4471 2323 4541; baseline 0.002 -20"><span class='ocrx_word' id='word_1_511' title='bbox 738 4473 877 4521; x_wconf 59' lang='lat' dir='ltr'><strong>amni</strong></span> <span class='ocrx_word' id='word_1_512' title='bbox 928 4472 1166 4530; x_wconf 76' lang='lat' dir='ltr'><strong>actione,</strong></span> <span class='ocrx_word' id='word_1_513' title='bbox 1209 4473 1454 4540; x_wconf 88' lang='lat' dir='ltr'><strong>omnique</strong></span> <span class='ocrx_word' id='word_1_514' title='bbox 1500 4471 1825 4523; x_wconf 74' lang='lat' dir='ltr'><strong>lucidissima</strong></span> <span class='ocrx_word' id='word_1_515' title='bbox 1879 4471 2323 4541; x_wconf 84' lang='lat' dir='ltr'><strong>contemplatione</strong></span> 
     </span>
    </p>
   </div>
   <div class='ocr_carea' id='block_1_77' title="bbox 2428 3261 4035 3339">
    <p class='ocr_par' dir='ltr' id='par_1_77' title="bbox 2428 3261 4035 3339">
     <span class='ocr_line' id='line_1_77' title="bbox 2428 3261 4035 3339; baseline -0.01 -12"><span class='ocrx_word' id='word_1_516' title='bbox 2428 3275 2548 3337; x_wconf 71' lang='grc' dir='ltr'><strong>νῦς,</strong></span> <span class='ocrx_word' id='word_1_517' title='bbox 2600 3273 2684 3326; x_wconf 77' lang='grc' dir='ltr'>ὅτι</span> <span class='ocrx_word' id='word_1_518' title='bbox 2745 3270 2994 3339; x_wconf 82' lang='grc' dir='ltr'>καθαρῶς</span> <span class='ocrx_word' id='word_1_519' title='bbox 3044 3266 3205 3320; x_wconf 75' lang='grc' dir='ltr'>αὑτὸν</span> <span class='ocrx_word' id='word_1_520' title='bbox 3249 3265 3352 3318; x_wconf 76' lang='grc' dir='ltr'><strong>κάν</strong></span> <span class='ocrx_word' id='word_1_521' title='bbox 3383 3263 3562 3333; x_wconf 81' lang='grc' dir='ltr'>τούτῳ</span> <span class='ocrx_word' id='word_1_522' title='bbox 3616 3261 3864 3332; x_wconf 73' lang='grc' dir='ltr'>μιμητὴν</span> <span class='ocrx_word' id='word_1_523' title='bbox 3922 3261 4035 3315; x_wconf 78' lang='grc' dir='ltr'><strong>ἁπ-</strong></span> 
     </span>
    </p>
   </div>
   <div class='ocr_carea' id='block_1_78' title="bbox 2434 3353 4032 3428">
    <p class='ocr_par' dir='ltr' id='par_1_78' title="bbox 2434 3353 4032 3428">
     <span class='ocr_line' id='line_1_78' title="bbox 2434 3353 4032 3428; baseline -0.008 -10"><span class='ocrx_word' id='word_1_524' title='bbox 2434 3367 2751 3418; x_wconf 82' lang='grc' dir='ltr'>εδείκνυσαν</span> <span class='ocrx_word' id='word_1_525' title='bbox 2788 3361 2881 3414; x_wconf 78' lang='grc' dir='ltr'><strong>τοῦ</strong></span> <span class='ocrx_word' id='word_1_526' title='bbox 2918 3357 3179 3428; x_wconf 77' lang='grc' dir='ltr'>Χριστοῦ,</span> <span class='ocrx_word' id='word_1_527' title='bbox 3206 3358 3289 3410; x_wconf 81' lang='grc' dir='ltr'>ὅτι</span> <span class='ocrx_word' id='word_1_528' title='bbox 3326 3357 3534 3427; x_wconf 77' lang='grc' dir='ltr'>ῥᾴστην</span> <span class='ocrx_word' id='word_1_529' title='bbox 3587 3354 3738 3423; x_wconf 80' lang='grc' dir='ltr'>αὑτῷ</span> <span class='ocrx_word' id='word_1_530' title='bbox 3769 3353 3863 3405; x_wconf 72' lang='grc' dir='ltr'>καὶ</span> <span class='ocrx_word' id='word_1_531' title='bbox 3912 3353 4032 3406; x_wconf 77' lang='grc' dir='ltr'>ἐπί·</span> 
     </span>
    </p>
   </div>
   <div class='ocr_carea' id='block_1_79' title="bbox 2433 3445 4035 3525">
    <p class='ocr_par' dir='ltr' id='par_1_79' title="bbox 2433 3445 4035 3525">
     <span class='ocr_line' id='line_1_79' title="bbox 2433 3445 4035 3525; baseline -0.007 -15"><span class='ocrx_word' id='word_1_532' title='bbox 2433 3475 2598 3521; x_wconf 67' lang='grc' dir='ltr'>τομον</span> <span class='ocrx_word' id='word_1_533' title='bbox 2631 3451 2789 3525; x_wconf 77' lang='grc' dir='ltr'>οἷμον</span> <span class='ocrx_word' id='word_1_534' title='bbox 2843 3453 2934 3506; x_wconf 72' lang='grc' dir='ltr'><strong>διὰ</strong></span> <span class='ocrx_word' id='word_1_535' title='bbox 2974 3450 3070 3503; x_wconf 77' lang='grc' dir='ltr'><strong>τοῦ</strong></span> <span class='ocrx_word' id='word_1_536' title='bbox 3124 3449 3362 3519; x_wconf 80' lang='grc' dir='ltr'>σταυροῦ</span> <span class='ocrx_word' id='word_1_537' title='bbox 3391 3489 3406 3513; x_wconf 93' lang='grc'><strong>,</strong></span> <span class='ocrx_word' id='word_1_538' title='bbox 3448 3448 3544 3500; x_wconf 74' lang='grc' dir='ltr'>καὶ</span> <span class='ocrx_word' id='word_1_539' title='bbox 3591 3446 3779 3516; x_wconf 77' lang='grc' dir='ltr'>τρίϐον</span> <span class='ocrx_word' id='word_1_540' title='bbox 3807 3445 4035 3498; x_wconf 76' lang='grc' dir='ltr'>εὔθετον</span> 
     </span>
    </p>
   </div>
   <div class='ocr_carea' id='block_1_80' title="bbox 2434 3537 4028 3613">
    <p class='ocr_par' dir='ltr' id='par_1_80' title="bbox 2434 3537 4028 3613">
     <span class='ocr_line' id='line_1_80' title="bbox 2434 3537 4028 3613; baseline -0.009 -12"><span class='ocrx_word' id='word_1_541' title='bbox 2434 3549 2730 3601; x_wconf 79' lang='grc' dir='ltr'>ὡδοποίουν</span> <span class='ocrx_word' id='word_1_542' title='bbox 2773 3545 2909 3613; x_wconf 77' lang='grc' dir='ltr'>πρὸς</span> <span class='ocrx_word' id='word_1_543' title='bbox 2957 3542 3210 3613; x_wconf 77' lang='grc' dir='ltr'>οὐρανὸν,</span> <span class='ocrx_word' id='word_1_544' title='bbox 3244 3539 3547 3609; x_wconf 78' lang='grc' dir='ltr'>παρεκάλει</span> <span class='ocrx_word' id='word_1_545' title='bbox 3588 3537 3860 3590; x_wconf 85' lang='grc' dir='ltr'>νουθετῶν</span> <span class='ocrx_word' id='word_1_546' title='bbox 3891 3537 4028 3588; x_wconf 70' lang='grc' dir='ltr'>πᾶν·</span> 
     </span>
    </p>
   </div>
   <div class='ocr_carea' id='block_1_81' title="bbox 2431 3627 4031 3708">
    <p class='ocr_par' dir='ltr' id='par_1_81' title="bbox 2431 3627 4031 3708">
     <span class='ocr_line' id='line_1_81' title="bbox 2431 3627 4031 3708; baseline -0.011 -12"><span class='ocrx_word' id='word_1_547' title='bbox 2431 3661 2528 3704; x_wconf 69' lang='grc' dir='ltr'>τις</span> <span class='ocrx_word' id='word_1_548' title='bbox 2571 3641 2769 3693; x_wconf 75' lang='grc' dir='ltr'>εἰδέναι</span> <span class='ocrx_word' id='word_1_549' title='bbox 2796 3637 3052 3708; x_wconf 81' lang='grc' dir='ltr'>Χριστόν.</span> <span class='ocrx_word' id='word_1_550' title='bbox 3079 3633 3316 3689; x_wconf 80' lang='grc' dir='ltr'>Εὶδέναι</span> <span class='ocrx_word' id='word_1_551' title='bbox 3356 3633 3464 3684; x_wconf 78' lang='grc' dir='ltr'>τὸν</span> <span class='ocrx_word' id='word_1_552' title='bbox 3499 3631 3758 3698; x_wconf 83' lang='grc' dir='ltr'><strong>Ἰησοῦν,</strong></span> <span class='ocrx_word' id='word_1_553' title='bbox 3797 3627 3866 3681; x_wconf 85' lang='grc' dir='ltr'>τὸ</span> <span class='ocrx_word' id='word_1_554' title='bbox 3893 3627 4031 3696; x_wconf 68' lang='grc' dir='ltr'>φῶς</span> 
     </span>
    </p>
   </div>
   <div class='ocr_carea' id='block_1_82' title="bbox 2434 3720 4034 3799">
    <p class='ocr_par' dir='ltr' id='par_1_82' title="bbox 2434 3720 4034 3799">
     <span class='ocr_line' id='line_1_82' title="bbox 2434 3720 4034 3799; baseline -0.01 -12"><span class='ocrx_word' id='word_1_555' title='bbox 2434 3734 2499 3787; x_wconf 82' lang='grc' dir='ltr'>τὸ</span> <span class='ocrx_word' id='word_1_556' title='bbox 2529 3731 2842 3799; x_wconf 67' lang='grc' dir='ltr'>ἀληθινὸν,</span> <span class='ocrx_word' id='word_1_557' title='bbox 2879 3729 2946 3782; x_wconf 90' lang='grc' dir='ltr'>τὸ</span> <span class='ocrx_word' id='word_1_558' title='bbox 2983 3727 3123 3798; x_wconf 77' lang='grc' dir='ltr'><strong>ἡδὺ,</strong></span> <span class='ocrx_word' id='word_1_559' title='bbox 3170 3725 3239 3779; x_wconf 87' lang='grc' dir='ltr'>τὸ</span> <span class='ocrx_word' id='word_1_560' title='bbox 3273 3725 3594 3794; x_wconf 78' lang='grc' dir='ltr'>μακάριον,</span> <span class='ocrx_word' id='word_1_561' title='bbox 3623 3722 3692 3775; x_wconf 87' lang='grc' dir='ltr'>τὸ</span> <span class='ocrx_word' id='word_1_562' title='bbox 3731 3720 3927 3790; x_wconf 78' lang='grc' dir='ltr'>ἅγιον,</span> <span class='ocrx_word' id='word_1_563' title='bbox 3961 3721 4034 3773; x_wconf 88' lang='grc' dir='ltr'>τὸ</span> 
     </span>
    </p>
   </div>
   <div class='ocr_carea' id='block_1_83' title="bbox 2437 3815 4032 3896">
    <p class='ocr_par' dir='ltr' id='par_1_83' title="bbox 2437 3815 4032 3896">
     <span class='ocr_line' id='line_1_83' title="bbox 2437 3815 4032 3896; baseline -0.011 -15"><span class='ocrx_word' id='word_1_564' title='bbox 2437 3828 2764 3896; x_wconf 72' lang='grc' dir='ltr'>ἄχραντον,</span> <span class='ocrx_word' id='word_1_565' title='bbox 2789 3824 2855 3876; x_wconf 85' lang='grc' dir='ltr'>τὸ</span> <span class='ocrx_word' id='word_1_566' title='bbox 2886 3823 3175 3891; x_wconf 70' lang='grc' dir='ltr'>ἄχρονον,</span> <span class='ocrx_word' id='word_1_567' title='bbox 3196 3821 3264 3872; x_wconf 88' lang='grc' dir='ltr'>τὸ</span> <span class='ocrx_word' id='word_1_568' title='bbox 3286 3821 3452 3888; x_wconf 63' lang='grc' dir='ltr'>νέφει</span> <span class='ocrx_word' id='word_1_569' title='bbox 3471 3816 3558 3885; x_wconf 79' lang='grc' dir='ltr'><strong>μὴ</strong></span> <span class='ocrx_word' id='word_1_570' title='bbox 3592 3815 4032 3884; x_wconf 80' lang='grc' dir='ltr'>κρατούμενον,</span> 
     </span>
    </p>
   </div>
   <div class='ocr_carea' id='block_1_84' title="bbox 2435 3907 4039 3985">
    <p class='ocr_par' dir='ltr' id='par_1_84' title="bbox 2435 3907 4039 3985">
     <span class='ocr_line' id='line_1_84' title="bbox 2435 3907 4039 3985; baseline -0.01 -13"><span class='ocrx_word' id='word_1_571' title='bbox 2435 3920 2503 3973; x_wconf 81' lang='grc' dir='ltr'>τὸ</span> <span class='ocrx_word' id='word_1_572' title='bbox 2544 3917 2719 3971; x_wconf 77' lang='grc' dir='ltr'>νυκτί</span> <span class='ocrx_word' id='word_1_573' title='bbox 2749 3915 2835 3985; x_wconf 84' lang='grc' dir='ltr'><strong>μὴ</strong></span> <span class='ocrx_word' id='word_1_574' title='bbox 2872 3913 3371 3980; x_wconf 81' lang='grc' dir='ltr'>διακοπτόμενον,</span> <span class='ocrx_word' id='word_1_575' title='bbox 3403 3911 3469 3963; x_wconf 87' lang='grc' dir='ltr'>τὸ</span> <span class='ocrx_word' id='word_1_576' title='bbox 3507 3907 3737 3976; x_wconf 84' lang='grc' dir='ltr'>σώματι</span> <span class='ocrx_word' id='word_1_577' title='bbox 3774 3907 3861 3975; x_wconf 75' lang='grc' dir='ltr'><strong>μὴ</strong></span> <span class='ocrx_word' id='word_1_578' title='bbox 3897 3907 4039 3958; x_wconf 76' lang='grc' dir='ltr'><strong>ἐπι-</strong></span> 
     </span>
    </p>
   </div>
   <div class='ocr_carea' id='block_1_85' title="bbox 2435 4001 4036 4076">
    <p class='ocr_par' dir='ltr' id='par_1_85' title="bbox 2435 4001 4036 4076">
     <span class='ocr_line' id='line_1_85' title="bbox 2435 4001 4036 4076; baseline -0.007 -14"><span class='ocrx_word' id='word_1_579' title='bbox 2435 4007 2913 4076; x_wconf 82' lang='grc' dir='ltr'>προσθούμενον,</span> <span class='ocrx_word' id='word_1_580' title='bbox 2961 4007 3028 4058; x_wconf 83' lang='grc' dir='ltr'>τὸ</span> <span class='ocrx_word' id='word_1_581' title='bbox 3054 4006 3216 4069; x_wconf 81' lang='grc' dir='ltr'>τόπῳ</span> <span class='ocrx_word' id='word_1_582' title='bbox 3249 4003 3336 4071; x_wconf 82' lang='grc' dir='ltr'><strong>μὴ</strong></span> <span class='ocrx_word' id='word_1_583' title='bbox 3390 4002 3915 4070; x_wconf 73' lang='grc' dir='ltr'>περιειργόμενον,</span> <span class='ocrx_word' id='word_1_584' title='bbox 3966 4001 4036 4050; x_wconf 84' lang='grc' dir='ltr'>τὸ</span> 
     </span>
    </p>
   </div>
   <div class='ocr_carea' id='block_1_86' title="bbox 2427 4091 4040 4170">
    <p class='ocr_par' dir='ltr' id='par_1_86' title="bbox 2427 4091 4040 4170">
     <span class='ocr_line' id='line_1_86' title="bbox 2427 4091 4040 4170; baseline -0.008 -16"><span class='ocrx_word' id='word_1_585' title='bbox 2427 4103 2622 4170; x_wconf 82' lang='grc' dir='ltr'>μόνον</span> <span class='ocrx_word' id='word_1_586' title='bbox 2659 4099 2833 4162; x_wconf 80' lang='grc' dir='ltr'>ἄξιον</span> <span class='ocrx_word' id='word_1_587' title='bbox 2872 4098 2981 4151; x_wconf 87' lang='grc' dir='ltr'><strong>τοῦ</strong></span> <span class='ocrx_word' id='word_1_588' title='bbox 3033 4096 3364 4163; x_wconf 76' lang='grc' dir='ltr'>ζηλοῦσθαι</span> <span class='ocrx_word' id='word_1_589' title='bbox 3416 4093 3517 4146; x_wconf 74' lang='grc' dir='ltr'>καὶ</span> <span class='ocrx_word' id='word_1_590' title='bbox 3579 4091 3918 4145; x_wconf 75' lang='grc' dir='ltr'>ποθεῖσθαι·</span> <span class='ocrx_word' id='word_1_591' title='bbox 3965 4091 4040 4143; x_wconf 77' lang='grc' dir='ltr'>τὸ</span> 
     </span>
    </p>
   </div>
   <div class='ocr_carea' id='block_1_87' title="bbox 2432 4182 4039 4262">
    <p class='ocr_par' dir='ltr' id='par_1_87' title="bbox 2432 4182 4039 4262">
     <span class='ocr_line' id='line_1_87' title="bbox 2432 4182 4039 4262; baseline -0.006 -17"><span class='ocrx_word' id='word_1_592' title='bbox 2432 4195 2625 4262; x_wconf 79' lang='grc' dir='ltr'>μόνον</span> <span class='ocrx_word' id='word_1_593' title='bbox 2663 4191 2840 4254; x_wconf 76' lang='grc' dir='ltr'>ἀξιον</span> <span class='ocrx_word' id='word_1_594' title='bbox 2879 4188 2982 4242; x_wconf 87' lang='grc' dir='ltr'><strong>τοῦ</strong></span> <span class='ocrx_word' id='word_1_595' title='bbox 3011 4189 3405 4241; x_wconf 80' lang='grc' dir='ltr'>πιστεύεσθαι</span> <span class='ocrx_word' id='word_1_596' title='bbox 3433 4186 3531 4238; x_wconf 74' lang='grc' dir='ltr'>καὶ</span> <span class='ocrx_word' id='word_1_597' title='bbox 3558 4182 3931 4253; x_wconf 75' lang='grc' dir='ltr'>ἀγαπᾶσθαιο</span> <span class='ocrx_word' id='word_1_598' title='bbox 3964 4184 4039 4235; x_wconf 86' lang='grc' dir='ltr'>τὸ</span> 
     </span>
    </p>
   </div>
   <div class='ocr_carea' id='block_1_88' title="bbox 2435 4276 4038 4352">
    <p class='ocr_par' dir='ltr' id='par_1_88' title="bbox 2435 4276 4038 4352">
     <span class='ocr_line' id='line_1_88' title="bbox 2435 4276 4038 4352; baseline -0.006 -14"><span class='ocrx_word' id='word_1_599' title='bbox 2435 4286 2734 4352; x_wconf 59' lang='grc' dir='ltr'>ἀείφωτον</span> <span class='ocrx_word' id='word_1_600' title='bbox 2775 4283 2873 4336; x_wconf 76' lang='grc' dir='ltr'>καὶ</span> <span class='ocrx_word' id='word_1_601' title='bbox 2920 4280 3250 4348; x_wconf 64' lang='grc' dir='ltr'>πάμρωτον</span> <span class='ocrx_word' id='word_1_602' title='bbox 3310 4280 3423 4348; x_wconf 73' lang='grc'><strong>(50)</strong></span> <span class='ocrx_word' id='word_1_603' title='bbox 3451 4295 3465 4309; x_wconf 87' lang='grc'><strong>·</strong></span> <span class='ocrx_word' id='word_1_604' title='bbox 3506 4277 3575 4329; x_wconf 83' lang='grc' dir='ltr'>τὸ</span> <span class='ocrx_word' id='word_1_605' title='bbox 3628 4277 3858 4331; x_wconf 75' lang='grc' dir='ltr'>ἄδυτον</span> <span class='ocrx_word' id='word_1_606' title='bbox 3927 4276 4038 4328; x_wconf 70' lang='grc' dir='ltr'>καὶ</span> 
     </span>
    </p>
   </div>
   <div class='ocr_carea' id='block_1_89' title="bbox 2433 4368 4037 4444">
    <p class='ocr_par' dir='ltr' id='par_1_89' title="bbox 2433 4368 4037 4444">
     <span class='ocr_line' id='line_1_89' title="bbox 2433 4368 4037 4444; baseline -0.007 -14"><span class='ocrx_word' id='word_1_607' title='bbox 2433 4378 2738 4430; x_wconf 73' lang='grc' dir='ltr'>ἄσϐεστον</span> <span class='ocrx_word' id='word_1_608' title='bbox 2765 4372 2910 4444; x_wconf 74' lang='grc' dir='ltr'>φῶς.</span> <span class='ocrx_word' id='word_1_609' title='bbox 2967 4372 3150 4427; x_wconf 86' lang='grc' dir='ltr'>Τοῦτο</span> <span class='ocrx_word' id='word_1_610' title='bbox 3201 4371 3353 4424; x_wconf 85' lang='grc' dir='ltr'>Θεὸν</span> <span class='ocrx_word' id='word_1_611' title='bbox 3400 4369 3646 4432; x_wconf 81' lang='grc' dir='ltr'>ειδέναι,</span> <span class='ocrx_word' id='word_1_612' title='bbox 3681 4369 3858 4423; x_wconf 87' lang='grc' dir='ltr'>τοῦτο</span> <span class='ocrx_word' id='word_1_613' title='bbox 3894 4368 4037 4436; x_wconf 68' lang='grc' dir='ltr'><strong>ἐφί-</strong></span> 
     </span>
    </p>
   </div>
   <div class='ocr_carea' id='block_1_90' title="bbox 2434 4460 4043 4530">
    <p class='ocr_par' dir='ltr' id='par_1_90' title="bbox 2434 4460 4043 4530">
     <span class='ocr_line' id='line_1_90' title="bbox 2434 4460 4043 4530; baseline -0.005 -9"><span class='ocrx_word' id='word_1_614' title='bbox 2434 4471 2629 4530; x_wconf 85' lang='grc' dir='ltr'>εσθαι,</span> <span class='ocrx_word' id='word_1_615' title='bbox 2661 4466 2839 4520; x_wconf 89' lang='grc' dir='ltr'>τοῦτο</span> <span class='ocrx_word' id='word_1_616' title='bbox 2879 4463 3076 4530; x_wconf 76' lang='grc' dir='ltr'>ζητεῖν</span> <span class='ocrx_word' id='word_1_617' title='bbox 3101 4460 3200 4514; x_wconf 79' lang='grc' dir='ltr'><strong>διὰ</strong></span> <span class='ocrx_word' id='word_1_618' title='bbox 3222 4461 3430 4528; x_wconf 78' lang='grc' dir='ltr'>πάσης</span> <span class='ocrx_word' id='word_1_619' title='bbox 3459 4460 3734 4528; x_wconf 79' lang='grc' dir='ltr'>πράξεως</span> <span class='ocrx_word' id='word_1_620' title='bbox 3756 4460 3870 4529; x_wconf 76' lang='grc'><strong>(51)</strong></span> <span class='ocrx_word' id='word_1_621' title='bbox 3903 4462 4043 4513; x_wconf 85' lang='grc' dir='ltr'>θεο-</span> 
     </span>
    </p>
   </div>
   <div class='ocr_carea' id='block_1_91' title="bbox 737 4551 2327 4632">
    <p class='ocr_par' dir='ltr' id='par_1_91' title="bbox 737 4562 2327 4632">
     <span class='ocr_line' id='line_1_91' title="bbox 737 4562 2327 4632; baseline 0.001 -16"><span class='ocrx_word' id='word_1_622' title='bbox 737 4565 1095 4630; x_wconf 65' lang='lat' dir='ltr'><strong>exquirerent,</strong></span> <span class='ocrx_word' id='word_1_623' title='bbox 1143 4574 1198 4615; x_wconf 87' lang='lat' dir='ltr'><strong>ut</strong></span> <span class='ocrx_word' id='word_1_624' title='bbox 1241 4564 1376 4632; x_wconf 89' lang='lat' dir='ltr'><strong>quod</strong></span> <span class='ocrx_word' id='word_1_625' title='bbox 1418 4579 1536 4616; x_wconf 79' lang='lat' dir='ltr'><strong>cere</strong></span> <span class='ocrx_word' id='word_1_626' title='bbox 1556 4564 1640 4626; x_wconf 86' lang='lat' dir='ltr'><strong>sit,</strong></span> <span class='ocrx_word' id='word_1_627' title='bbox 1689 4572 1736 4614; x_wconf 90' lang='lat' dir='ltr'><strong>et</strong></span> <span class='ocrx_word' id='word_1_628' title='bbox 1767 4562 1830 4615; x_wconf 86' lang='lat' dir='ltr'><strong>ab</strong></span> <span class='ocrx_word' id='word_1_629' title='bbox 1865 4578 1924 4615; x_wconf 90' lang='lat' dir='ltr'><strong>eo</strong></span> <span class='ocrx_word' id='word_1_630' title='bbox 1972 4565 2062 4632; x_wconf 88' lang='lat' dir='ltr'><strong>qui</strong></span> <span class='ocrx_word' id='word_1_631' title='bbox 2107 4580 2224 4618; x_wconf 79' lang='lat' dir='ltr'><strong>cere</strong></span> <span class='ocrx_word' id='word_1_632' title='bbox 2260 4577 2327 4618; x_wconf 82' lang='lat' dir='ltr'><strong>est</strong></span> 
     </span>
    </p>
   </div>
   <div class='ocr_carea' id='block_1_92' title="bbox 2432 4551 4044 4632">
    <p class='ocr_par' dir='ltr' id='par_1_92' title="bbox 2443 4551 4044 4624">
     <span class='ocr_line' id='line_1_92' title="bbox 2443 4551 4044 4624; baseline -0.006 -11"><span class='ocrx_word' id='word_1_633' title='bbox 2443 4557 2677 4624; x_wconf 71' lang='grc' dir='ltr'>τελοῦς,</span> <span class='ocrx_word' id='word_1_634' title='bbox 2710 4557 2809 4610; x_wconf 75' lang='grc' dir='ltr'><strong>διὰ</strong></span> <span class='ocrx_word' id='word_1_635' title='bbox 2846 4555 3055 4620; x_wconf 77' lang='grc' dir='ltr'>πάσης</span> <span class='ocrx_word' id='word_1_636' title='bbox 3100 4553 3352 4620; x_wconf 81' lang='grc' dir='ltr'>θεωρίας</span> <span class='ocrx_word' id='word_1_637' title='bbox 3393 4551 3764 4620; x_wconf 65' lang='grc' dir='ltr'>ὑπερφαοῦς,</span> <span class='ocrx_word' id='word_1_638' title='bbox 3797 4552 3879 4616; x_wconf 83' lang='grc' dir='ltr'>ὡς</span> <span class='ocrx_word' id='word_1_639' title='bbox 3933 4551 4044 4604; x_wconf 78' lang='grc' dir='ltr'><strong>ὅν-</strong></span> 
     </span>
    </p>
   </div>
   <div class='ocr_carea' id='block_1_93' title="bbox 737 4656 2311 4726">
    <p class='ocr_par' dir='ltr' id='par_1_93' title="bbox 737 4656 2311 4726">
     <span class='ocr_line' id='line_1_93' title="bbox 737 4656 2311 4726; baseline 0.001 -16"><span class='ocrx_word' id='word_1_640' title='bbox 737 4657 919 4723; x_wconf 81' lang='lat' dir='ltr'><strong>(l’atre</strong></span> <span class='ocrx_word' id='word_1_641' title='bbox 967 4656 1204 4725; x_wconf 77' lang='lat' dir='ltr'><strong>scilicet)</strong></span> <span class='ocrx_word' id='word_1_642' title='bbox 1242 4666 1497 4726; x_wconf 83' lang='lat' dir='ltr'><strong>tanquam</strong></span> <span class='ocrx_word' id='word_1_643' title='bbox 1520 4658 1702 4710; x_wconf 82' lang='lat' dir='ltr'><strong>radius</strong></span> <span class='ocrx_word' id='word_1_644' title='bbox 1743 4657 1806 4708; x_wconf 84' lang='lat' dir='ltr'><strong>ab</strong></span> <span class='ocrx_word' id='word_1_645' title='bbox 1847 4665 2042 4709; x_wconf 66' lang='lat' dir='ltr'><strong>aeterno</strong></span> <span class='ocrx_word' id='word_1_646' title='bbox 2080 4667 2311 4712; x_wconf 84' lang='lat' dir='ltr'><strong>emanet.</strong></span> 
     </span>
    </p>
   </div>
   <div class='ocr_carea' id='block_1_94' title="bbox 735 4746 2331 4816">
    <p class='ocr_par' dir='ltr' id='par_1_94' title="bbox 735 4746 2331 4816">
     <span class='ocr_line' id='line_1_94' title="bbox 735 4746 2331 4816; baseline -0.001 -14"><span class='ocrx_word' id='word_1_647' title='bbox 735 4748 886 4802; x_wconf 86' lang='lat' dir='ltr'><strong>llnnc</strong></span> <span class='ocrx_word' id='word_1_648' title='bbox 914 4748 1147 4801; x_wconf 78' lang='lat' dir='ltr'><strong>videlicet</strong></span> <span class='ocrx_word' id='word_1_649' title='bbox 1172 4747 1445 4800; x_wconf 84' lang='lat' dir='ltr'><strong>colendum</strong></span> <span class='ocrx_word' id='word_1_650' title='bbox 1489 4749 1541 4800; x_wconf 91' lang='lat' dir='ltr'><strong>in</strong></span> <span class='ocrx_word' id='word_1_651' title='bbox 1577 4757 1631 4799; x_wconf 88' lang='lat' dir='ltr'><strong>ut</strong></span> <span class='ocrx_word' id='word_1_652' title='bbox 1662 4746 1864 4816; x_wconf 89' lang='lat' dir='ltr'><strong>Spiritu</strong></span> <span class='ocrx_word' id='word_1_653' title='bbox 1905 4747 1998 4801; x_wconf 85' lang='lat' dir='ltr'><strong>Dei</strong></span> <span class='ocrx_word' id='word_1_654' title='bbox 2037 4747 2259 4802; x_wconf 84' lang='lat' dir='ltr'><strong>Verbum</strong></span> <span class='ocrx_word' id='word_1_655' title='bbox 2280 4756 2331 4802; x_wconf 91' lang='lat' dir='ltr'><strong>et</strong></span> 
     </span>
    </p>
   </div>
   <div class='ocr_carea' id='block_1_95' title="bbox 737 4839 2340 4908">
    <p class='ocr_par' dir='ltr' id='par_1_95' title="bbox 737 4839 2340 4908">
     <span class='ocr_line' id='line_1_95' title="bbox 737 4839 2340 4908; baseline 0 -16"><span class='ocrx_word' id='word_1_656' title='bbox 737 4839 901 4892; x_wconf 82' lang='lat' dir='ltr'><strong>Deum</strong></span> <span class='ocrx_word' id='word_1_657' title='bbox 972 4855 1154 4892; x_wconf 77' lang='lat' dir='ltr'><strong>rerum</strong></span> <span class='ocrx_word' id='word_1_658' title='bbox 1207 4855 1224 4891; x_wconf 92' lang='lat'><strong><em>:</em></strong></span> <span class='ocrx_word' id='word_1_659' title='bbox 1283 4840 1606 4891; x_wconf 72' lang='lat' dir='ltr'><strong>venerationi</strong></span> <span class='ocrx_word' id='word_1_660' title='bbox 1679 4840 1975 4892; x_wconf 82' lang='lat' dir='ltr'><strong>habendam</strong></span> <span class='ocrx_word' id='word_1_661' title='bbox 2036 4841 2340 4908; x_wconf 81' lang='lat' dir='ltr'><strong>pariterque</strong></span> 
     </span>
    </p>
   </div>
   <div class='ocr_carea' id='block_1_96' title="bbox 736 4930 2338 5001">
    <p class='ocr_par' dir='ltr' id='par_1_96' title="bbox 736 4930 2338 5001">
     <span class='ocr_line' id='line_1_96' title="bbox 736 4930 2338 5001; baseline 0.002 -20"><span class='ocrx_word' id='word_1_662' title='bbox 736 4931 1063 4983; x_wconf 64' lang='lat' dir='ltr'><strong>laudandam</strong></span> <span class='ocrx_word' id='word_1_663' title='bbox 1078 4931 1188 4999; x_wconf 86' lang='lat' dir='ltr'><strong>ejus</strong></span> <span class='ocrx_word' id='word_1_664' title='bbox 1203 4930 1255 4983; x_wconf 89' lang='lat' dir='ltr'><strong>in</strong></span> <span class='ocrx_word' id='word_1_665' title='bbox 1273 4947 1431 4982; x_wconf 87' lang='lat' dir='ltr'><strong>carne</strong></span> <span class='ocrx_word' id='word_1_666' title='bbox 1452 4931 1890 4999; x_wconf 81' lang='lat' dir='ltr'><strong>dispensationem</strong></span> <span class='ocrx_word' id='word_1_667' title='bbox 1911 4933 2044 5001; x_wconf 86' lang='lat' dir='ltr'><strong>;ejus</strong></span> <span class='ocrx_word' id='word_1_668' title='bbox 2063 4931 2256 4985; x_wconf 86' lang='lat' dir='ltr'><strong>scilicet</strong></span> <span class='ocrx_word' id='word_1_669' title='bbox 2276 4949 2338 4985; x_wconf 71' lang='lat' dir='ltr'><strong>ex</strong></span> 
     </span>
    </p>
   </div>
   <div class='ocr_carea' id='block_1_97' title="bbox 745 5023 2329 5092">
    <p class='ocr_par' dir='ltr' id='par_1_97' title="bbox 745 5023 2329 5092">
     <span class='ocr_line' id='line_1_97' title="bbox 745 5023 2329 5092; baseline 0.001 -17"><span class='ocrx_word' id='word_1_670' title='bbox 745 5023 951 5092; x_wconf 77' lang='lat' dir='ltr'><strong>i&#39;irgine</strong></span> <span class='ocrx_word' id='word_1_671' title='bbox 990 5025 1344 5085; x_wconf 80' lang='lat' dir='ltr'><strong>nativitatem,</strong></span> <span class='ocrx_word' id='word_1_672' title='bbox 1384 5032 1562 5074; x_wconf 85' lang='lat' dir='ltr'><strong>nostro</strong></span> <span class='ocrx_word' id='word_1_673' title='bbox 1587 5023 1706 5091; x_wconf 88' lang='lat' dir='ltr'><strong>jam</strong></span> <span class='ocrx_word' id='word_1_674' title='bbox 1748 5025 2059 5086; x_wconf 79' lang='lat' dir='ltr'><strong>ministerio,</strong></span> <span class='ocrx_word' id='word_1_675' title='bbox 2105 5023 2329 5077; x_wconf 85' lang='lat' dir='ltr'><strong>aiebat:</strong></span> 
     </span>
    </p>
   </div>
   <div class='ocr_carea' id='block_1_98' title="bbox 743 5114 2338 5186">
    <p class='ocr_par' dir='ltr' id='par_1_98' title="bbox 743 5114 2338 5186">
     <span class='ocr_line' id='line_1_98' title="bbox 743 5114 2338 5186; baseline -0.001 -16"><span class='ocrx_word' id='word_1_676' title='bbox 743 5117 926 5170; x_wconf 86' lang='lat' dir='ltr'><strong>Latius</strong></span> <span class='ocrx_word' id='word_1_677' title='bbox 949 5118 1003 5170; x_wconf 88' lang='lat' dir='ltr'><strong>in</strong></span> <span class='ocrx_word' id='word_1_678' title='bbox 1061 5116 1202 5170; x_wconf 70' lang='lat' dir='ltr'><strong>vobis</strong></span> <span class='ocrx_word' id='word_1_679' title='bbox 1250 5116 1637 5184; x_wconf 75' lang='lat' dir='ltr'><strong>pra’dicatam:</strong></span> <span class='ocrx_word' id='word_1_680' title='bbox 1678 5128 1978 5184; x_wconf 84' lang='lat' dir='ltr'><strong>susceptam</strong></span> <span class='ocrx_word' id='word_1_681' title='bbox 2017 5131 2222 5186; x_wconf 84' lang='lat' dir='ltr'><strong>quoque</strong></span> <span class='ocrx_word' id='word_1_682' title='bbox 2256 5114 2338 5168; x_wconf 88' lang='lat' dir='ltr'><strong>illi</strong></span> 
     </span>
    </p>
   </div>
   <div class='ocr_carea' id='block_1_99' title="bbox 814 5273 1905 5339">
    <p class='ocr_par' dir='ltr' id='par_1_99' title="bbox 814 5273 1905 5339">
     <span class='ocr_line' id='line_1_99' title="bbox 814 5273 1905 5339; baseline -0.001 -10"><span class='ocrx_word' id='word_1_683' title='bbox 814 5276 858 5306; x_wconf 80' lang='grc'><strong>⁸⁸</strong></span> <span class='ocrx_word' id='word_1_684' title='bbox 886 5275 1030 5329; x_wconf 84' lang='lat' dir='ltr'><strong>Psal.</strong></span> <span class='ocrx_word' id='word_1_685' title='bbox 1068 5290 1210 5334; x_wconf 69' lang='lat' dir='ltr'><strong>CXIX,</strong></span> <span class='ocrx_word' id='word_1_686' title='bbox 1254 5277 1302 5328; x_wconf 86' lang='lat' dir='ltr'><strong>l.</strong></span> <span class='ocrx_word' id='word_1_687' title='bbox 1375 5275 1488 5328; x_wconf 69' lang='lat' dir='ltr'><strong>6&quot;‘l</strong></span> <span class='ocrx_word' id='word_1_688' title='bbox 1531 5273 1726 5330; x_wconf 86' lang='lat' dir='ltr'><strong>Thess.</strong></span> <span class='ocrx_word' id='word_1_689' title='bbox 1768 5290 1821 5339; x_wconf 88' lang='lat' dir='ltr'><strong>v,</strong></span> <span class='ocrx_word' id='word_1_690' title='bbox 1855 5275 1905 5328; x_wconf 73' lang='grc' dir='ltr'><strong>ί).</strong></span> 
     </span>
    </p>
   </div>
   <div class='ocr_carea' id='block_1_100' title="bbox 817 5429 2337 5502">
    <p class='ocr_par' dir='ltr' id='par_1_100' title="bbox 817 5429 2337 5502">
     <span class='ocr_line' id='line_1_100' title="bbox 817 5429 2337 5502; baseline -0.006 -14"><span class='ocrx_word' id='word_1_691' title='bbox 817 5433 934 5502; x_wconf 74' lang='lat'><strong>(30)</strong></span> <span class='ocrx_word' id='word_1_692' title='bbox 951 5431 1272 5501; x_wconf 67' lang='grc' dir='ltr'>’Δείερωτον</span> <span class='ocrx_word' id='word_1_693' title='bbox 1291 5447 1390 5485; x_wconf 80' lang='grc' dir='ltr'><strong>κα.</strong></span> <span class='ocrx_word' id='word_1_694' title='bbox 1420 5429 1973 5502; x_wconf 42' lang='grc' dir='ltr'>παμφωτονηγοοοε</span> <span class='ocrx_word' id='word_1_695' title='bbox 1996 5442 2152 5482; x_wconf 78' lang='lat' dir='ltr'><strong>novte</strong></span> <span class='ocrx_word' id='word_1_696' title='bbox 2184 5441 2305 5502; x_wconf 82' lang='lat' dir='ltr'><strong>com</strong></span> <span class='ocrx_word' id='word_1_697' title='bbox 2329 5455 2337 5461; x_wconf 93' lang='lat'><em>-</em></span> 
     </span>
    </p>
   </div>
   <div class='ocr_carea' id='block_1_101' title="bbox 739 5497 2333 5574">
    <p class='ocr_par' dir='ltr' id='par_1_101' title="bbox 739 5497 2333 5574">
     <span class='ocr_line' id='line_1_101' title="bbox 739 5497 2333 5574; baseline -0.003 -22"><span class='ocrx_word' id='word_1_698' title='bbox 739 5497 1052 5574; x_wconf 66' lang='lat' dir='ltr'><strong>positionis.</strong></span> <span class='ocrx_word' id='word_1_699' title='bbox 1074 5497 1530 5574; x_wconf 67' lang='lat' dir='ltr'><strong>iheologicze.Ltt.it</strong></span> <span class='ocrx_word' id='word_1_700' title='bbox 1543 5497 1749 5571; x_wconf 86' lang='lat' dir='ltr'><strong>semper</strong></span> <span class='ocrx_word' id='word_1_701' title='bbox 1777 5500 2062 5574; x_wconf 40' lang='lat' dir='ltr'><strong>lucenslac</strong></span> <span class='ocrx_word' id='word_1_702' title='bbox 2091 5507 2201 5550; x_wconf 89' lang='lat' dir='ltr'><strong>tota</strong></span> <span class='ocrx_word' id='word_1_703' title='bbox 2222 5497 2333 5574; x_wconf 67' lang='lat' dir='ltr'><strong>lux.</strong></span> 
     </span>
    </p>
   </div>
   <div class='ocr_carea' id='block_1_102' title="bbox 738 5568 2337 5640">
    <p class='ocr_par' dir='ltr' id='par_1_102' title="bbox 738 5568 2337 5640">
     <span class='ocr_line' id='line_1_102' title="bbox 738 5568 2337 5640; baseline -0.004 -15"><span class='ocrx_word' id='word_1_704' title='bbox 738 5568 855 5640; x_wconf 69' lang='lat' dir='ltr'><strong>Una</strong></span> <span class='ocrx_word' id='word_1_705' title='bbox 885 5572 1176 5640; x_wconf 76' lang='grc' dir='ltr'>ἀείφωτον,</span> <span class='ocrx_word' id='word_1_706' title='bbox 1207 5568 1395 5626; x_wconf 74' lang='lat' dir='ltr'><strong>lumen</strong></span> <span class='ocrx_word' id='word_1_707' title='bbox 1436 5573 1626 5625; x_wconf 77' lang='grc' dir='ltr'>ἄδυτον</span> <span class='ocrx_word' id='word_1_708' title='bbox 1648 5568 1732 5624; x_wconf 81' lang='lat' dir='ltr'><strong>est</strong></span> <span class='ocrx_word' id='word_1_709' title='bbox 1785 5579 1840 5623; x_wconf 89' lang='lat' dir='ltr'><strong>ct</strong></span> <span class='ocrx_word' id='word_1_710' title='bbox 1887 5570 2170 5628; x_wconf 75' lang='grc' dir='ltr'>ἄσϐεστον,</span> <span class='ocrx_word' id='word_1_711' title='bbox 2197 5568 2337 5640; x_wconf 84' lang='lat' dir='ltr'><strong>quod</strong></span> 
     </span>
    </p>
   </div>
   <div class='ocr_carea' id='block_1_103' title="bbox 741 5639 2338 5713">
    <p class='ocr_par' dir='ltr' id='par_1_103' title="bbox 741 5639 2338 5713">
     <span class='ocr_line' id='line_1_103' title="bbox 741 5639 2338 5713; baseline -0.007 -14"><span class='ocrx_word' id='word_1_712' title='bbox 741 5639 1016 5713; x_wconf 78' lang='lat' dir='ltr'><strong>nunquam</strong></span> <span class='ocrx_word' id='word_1_713' title='bbox 1047 5645 1256 5696; x_wconf 88' lang='lat' dir='ltr'><strong>occidat</strong></span> <span class='ocrx_word' id='word_1_714' title='bbox 1293 5653 1385 5694; x_wconf 86' lang='lat' dir='ltr'><strong>aut</strong></span> <span class='ocrx_word' id='word_1_715' title='bbox 1425 5644 1829 5711; x_wconf 72' lang='lat' dir='ltr'><strong>exstinguatur;</strong></span> <span class='ocrx_word' id='word_1_716' title='bbox 1859 5656 1990 5713; x_wconf 87' lang='lat' dir='ltr'><strong>_qua</strong></span> <span class='ocrx_word' id='word_1_717' title='bbox 2024 5654 2157 5713; x_wconf 75' lang='lat' dir='ltr'><strong>vero</strong></span> <span class='ocrx_word' id='word_1_718' title='bbox 2187 5639 2338 5705; x_wconf 65' lang='grc' dir='ltr'>πάμη</span> 
     </span>
    </p>
   </div>
   <div class='ocr_carea' id='block_1_104' title="bbox 743 5709 2338 5781">
    <p class='ocr_par' dir='ltr' id='par_1_104' title="bbox 743 5709 2338 5781">
     <span class='ocr_line' id='line_1_104' title="bbox 743 5709 2338 5781; baseline -0.002 -18"><span class='ocrx_word' id='word_1_719' title='bbox 743 5709 940 5780; x_wconf 71' lang='grc' dir='ltr'>ψητον,</span> <span class='ocrx_word' id='word_1_720' title='bbox 973 5715 1028 5766; x_wconf 89' lang='lat' dir='ltr'><strong>in</strong></span> <span class='ocrx_word' id='word_1_721' title='bbox 1048 5731 1148 5781; x_wconf 90' lang='lat' dir='ltr'><strong>quo</strong></span> <span class='ocrx_word' id='word_1_722' title='bbox 1177 5713 1340 5766; x_wconf 74' lang='lat' dir='ltr'><strong>nullm</strong></span> <span class='ocrx_word' id='word_1_723' title='bbox 1369 5709 1741 5775; x_wconf 40' lang='lat' dir='ltr'><strong>tenebrat—siut,</strong></span> <span class='ocrx_word' id='word_1_724' title='bbox 1796 5713 1812 5764; x_wconf 95' lang='lat' dir='ltr'><strong>l</strong></span> <span class='ocrx_word' id='word_1_725' title='bbox 1848 5711 2005 5763; x_wconf 83' lang='lat' dir='ltr'><strong>Joan.</strong></span> <span class='ocrx_word' id='word_1_726' title='bbox 2038 5725 2074 5769; x_wconf 89' lang='lat' dir='ltr'><strong>I,</strong></span> <span class='ocrx_word' id='word_1_727' title='bbox 2097 5709 2154 5770; x_wconf 81' lang='lat'><strong>5,</strong></span> <span class='ocrx_word' id='word_1_728' title='bbox 2176 5722 2338 5781; x_wconf 68' lang='lat' dir='ltr'><strong>secus</strong></span> 
     </span>
    </p>
   </div>
   <div class='ocr_carea' id='block_1_105' title="bbox 743 5778 2333 5851">
    <p class='ocr_par' dir='ltr' id='par_1_105' title="bbox 743 5778 2333 5851">
     <span class='ocr_line' id='line_1_105' title="bbox 743 5778 2333 5851; baseline -0.006 -15"><span class='ocrx_word' id='word_1_729' title='bbox 743 5778 805 5836; x_wconf 75' lang='lat' dir='ltr'><strong>ac</strong></span> <span class='ocrx_word' id='word_1_730' title='bbox 845 5784 899 5834; x_wconf 92' lang='lat' dir='ltr'><strong>iu</strong></span> <span class='ocrx_word' id='word_1_731' title='bbox 940 5778 1165 5844; x_wconf 78' lang='lat' dir='ltr'><strong>creatis,</strong></span> <span class='ocrx_word' id='word_1_732' title='bbox 1215 5783 1309 5836; x_wconf 87' lang='lat' dir='ltr'><strong>ubi</strong></span> <span class='ocrx_word' id='word_1_733' title='bbox 1343 5784 1433 5836; x_wconf 78' lang='lat' dir='ltr'><strong>lux</strong></span> <span class='ocrx_word' id='word_1_734' title='bbox 1462 5782 1687 5851; x_wconf 88' lang='lat' dir='ltr'><strong>quidem</strong></span> <span class='ocrx_word' id='word_1_735' title='bbox 1735 5782 1881 5850; x_wconf 89' lang='lat' dir='ltr'><strong>quod</strong></span> <span class='ocrx_word' id='word_1_736' title='bbox 1933 5790 2061 5833; x_wconf 92' lang='lat' dir='ltr'><strong>sunt</strong></span> <span class='ocrx_word' id='word_1_737' title='bbox 2105 5794 2170 5851; x_wconf 76' lang='lat' dir='ltr'><strong>ex</strong></span> <span class='ocrx_word' id='word_1_738' title='bbox 2200 5778 2333 5841; x_wconf 86' lang='lat' dir='ltr'><strong>Deo,</strong></span> 
     </span>
    </p>
   </div>
   <div class='ocr_carea' id='block_1_106' title="bbox 747 5847 2333 5913">
    <p class='ocr_par' dir='ltr' id='par_1_106' title="bbox 747 5847 2333 5913">
     <span class='ocr_line' id='line_1_106' title="bbox 747 5847 2333 5913; baseline -0.004 -5"><span class='ocrx_word' id='word_1_739' title='bbox 747 5852 844 5908; x_wconf 78' lang='lat' dir='ltr'><strong>aui</strong></span> <span class='ocrx_word' id='word_1_740' title='bbox 879 5852 1040 5910; x_wconf 84' lang='lat' dir='ltr'><strong>l’ater</strong></span> <span class='ocrx_word' id='word_1_741' title='bbox 1089 5863 1174 5911; x_wconf 89' lang='lat' dir='ltr'><strong>est</strong></span> <span class='ocrx_word' id='word_1_742' title='bbox 1233 5847 1540 5913; x_wconf 78' lang='lat' dir='ltr'><strong>luminum:</strong></span> <span class='ocrx_word' id='word_1_743' title='bbox 1601 5863 1656 5909; x_wconf 92' lang='lat' dir='ltr'><strong>at</strong></span> <span class='ocrx_word' id='word_1_744' title='bbox 1687 5847 1951 5912; x_wconf 67' lang='lat' dir='ltr'><strong>tenebrae.</strong></span> <span class='ocrx_word' id='word_1_745' title='bbox 1993 5847 2144 5913; x_wconf 83' lang='lat' dir='ltr'><strong>quod</strong></span> <span class='ocrx_word' id='word_1_746' title='bbox 2191 5863 2222 5902; x_wconf 84' lang='lat' dir='ltr'><strong>a</strong></span> <span class='ocrx_word' id='word_1_747' title='bbox 2275 5861 2333 5901; x_wconf 87' lang='lat' dir='ltr'><strong>se</strong></span> 
     </span>
    </p>
   </div>
   <div class='ocr_carea' id='block_1_107' title="bbox 2424 4644 4044 4714">
    <p class='ocr_par' dir='ltr' id='par_1_107' title="bbox 2424 4644 4044 4714">
     <span class='ocr_line' id='line_1_107' title="bbox 2424 4644 4044 4714; baseline -0.005 -10"><span class='ocrx_word' id='word_1_748' title='bbox 2424 4668 2540 4714; x_wconf 86' lang='grc' dir='ltr'>τως</span> <span class='ocrx_word' id='word_1_749' title='bbox 2565 4651 2657 4712; x_wconf 79' lang='grc' dir='ltr'>ὃν,</span> <span class='ocrx_word' id='word_1_750' title='bbox 2697 4651 2795 4702; x_wconf 78' lang='grc' dir='ltr'>καὶ</span> <span class='ocrx_word' id='word_1_751' title='bbox 2829 4649 2900 4702; x_wconf 81' lang='grc' dir='ltr'>ἐκ</span> <span class='ocrx_word' id='word_1_752' title='bbox 2941 4646 3048 4700; x_wconf 90' lang='grc' dir='ltr'><strong>τοῦ</strong></span> <span class='ocrx_word' id='word_1_753' title='bbox 3100 4646 3288 4711; x_wconf 79' lang='grc' dir='ltr'>ὄντως</span> <span class='ocrx_word' id='word_1_754' title='bbox 3317 4646 3492 4711; x_wconf 74' lang='grc' dir='ltr'>ὄντος</span> <span class='ocrx_word' id='word_1_755' title='bbox 3523 4644 3802 4713; x_wconf 79' lang='grc' dir='ltr'>άνάρχως</span> <span class='ocrx_word' id='word_1_756' title='bbox 3833 4645 4044 4697; x_wconf 72' lang='grc' dir='ltr'>ἀπαυ-</span> 
     </span>
    </p>
   </div>
   <div class='ocr_carea' id='block_1_108' title="bbox 2438 4737 4044 4813">
    <p class='ocr_par' dir='ltr' id='par_1_108' title="bbox 2438 4737 4044 4813">
     <span class='ocr_line' id='line_1_108' title="bbox 2438 4737 4044 4813; baseline -0.002 -19"><span class='ocrx_word' id='word_1_757' title='bbox 2438 4742 2764 4813; x_wconf 63' lang='grc' dir='ltr'>γαζόμενον</span> <span class='ocrx_word' id='word_1_758' title='bbox 2800 4741 3054 4808; x_wconf 81' lang='grc' dir='ltr'>Πατρός.</span> <span class='ocrx_word' id='word_1_759' title='bbox 3115 4739 3340 4793; x_wconf 86' lang='grc' dir='ltr'>Τοῦτον</span> <span class='ocrx_word' id='word_1_760' title='bbox 3386 4737 3483 4790; x_wconf 79' lang='grc' dir='ltr'><strong>δεῖ</strong></span> <span class='ocrx_word' id='word_1_761' title='bbox 3505 4737 3711 4790; x_wconf 72' lang='grc' dir='ltr'>σέϐειν</span> <span class='ocrx_word' id='word_1_762' title='bbox 3737 4737 3808 4789; x_wconf 79' lang='grc' dir='ltr'>ἐν</span> <span class='ocrx_word' id='word_1_763' title='bbox 3839 4738 4044 4790; x_wconf 66' lang='lat' dir='ltr'><strong>{Iret}-</strong></span> 
     </span>
    </p>
   </div>
   <div class='ocr_carea' id='block_1_109' title="bbox 2433 4828 4040 4904">
    <p class='ocr_par' dir='ltr' id='par_1_109' title="bbox 2433 4828 4040 4904">
     <span class='ocr_line' id='line_1_109' title="bbox 2433 4828 4040 4904; baseline -0.004 -17"><span class='ocrx_word' id='word_1_764' title='bbox 2433 4852 2576 4904; x_wconf 83' lang='grc' dir='ltr'>ματι</span> <span class='ocrx_word' id='word_1_765' title='bbox 2618 4833 2788 4896; x_wconf 87' lang='grc' dir='ltr'>Θεοῦ,</span> <span class='ocrx_word' id='word_1_766' title='bbox 2822 4833 2905 4897; x_wconf 85' lang='grc' dir='ltr'>ὡς</span> <span class='ocrx_word' id='word_1_767' title='bbox 2928 4833 3126 4899; x_wconf 77' lang='grc' dir='ltr'>Λόγον</span> <span class='ocrx_word' id='word_1_768' title='bbox 3145 4829 3255 4882; x_wconf 88' lang='grc' dir='ltr'><strong>τοῦ</strong></span> <span class='ocrx_word' id='word_1_769' title='bbox 3303 4829 3454 4883; x_wconf 84' lang='grc' dir='ltr'>Θεοῦ</span> <span class='ocrx_word' id='word_1_770' title='bbox 3484 4829 3580 4881; x_wconf 74' lang='grc' dir='ltr'>καὶ</span> <span class='ocrx_word' id='word_1_771' title='bbox 3627 4828 3777 4882; x_wconf 86' lang='grc' dir='ltr'>Θεὸν</span> <span class='ocrx_word' id='word_1_772' title='bbox 3804 4828 4040 4897; x_wconf 76' lang='grc' dir='ltr'><strong>ἀληθῆ·</strong></span> 
     </span>
    </p>
   </div>
   <div class='ocr_carea' id='block_1_110' title="bbox 2434 4921 4035 4992">
    <p class='ocr_par' dir='ltr' id='par_1_110' title="bbox 2434 4921 4035 4992">
     <span class='ocr_line' id='line_1_110' title="bbox 2434 4921 4035 4992; baseline -0.003 -12"><span class='ocrx_word' id='word_1_773' title='bbox 2434 4925 2820 4981; x_wconf 73' lang='grc' dir='ltr'>εὐλαϐεῖσθαι</span> <span class='ocrx_word' id='word_1_774' title='bbox 2841 4924 2913 4978; x_wconf 81' lang='grc' dir='ltr'><strong>δὲ</strong></span> <span class='ocrx_word' id='word_1_775' title='bbox 2933 4924 3028 4977; x_wconf 76' lang='grc' dir='ltr'>καὶ</span> <span class='ocrx_word' id='word_1_776' title='bbox 3061 4922 3278 4992; x_wconf 80' lang='grc' dir='ltr'>ὑμνεῖν</span> <span class='ocrx_word' id='word_1_777' title='bbox 3305 4922 3498 4976; x_wconf 84' lang='grc' dir='ltr'>αὑτοῦ</span> <span class='ocrx_word' id='word_1_778' title='bbox 3525 4923 3625 4975; x_wconf 76' lang='grc' dir='ltr'><strong>καί</strong></span> <span class='ocrx_word' id='word_1_779' title='bbox 3660 4922 3776 4988; x_wconf 86' lang='lat' dir='ltr'><strong>rhr</strong></span> <span class='ocrx_word' id='word_1_780' title='bbox 3803 4921 4035 4991; x_wconf 79' lang='grc' dir='ltr'>ἐνσαρ-</span> 
     </span>
    </p>
   </div>
   <div class='ocr_carea' id='block_1_111' title="bbox 2436 5013 4044 5088">
    <p class='ocr_par' dir='ltr' id='par_1_111' title="bbox 2436 5013 4044 5088">
     <span class='ocr_line' id='line_1_111' title="bbox 2436 5013 4044 5088; baseline -0.006 -14"><span class='ocrx_word' id='word_1_781' title='bbox 2436 5037 2546 5074; x_wconf 81' lang='grc' dir='ltr'><strong>κον</strong></span> <span class='ocrx_word' id='word_1_782' title='bbox 2575 5019 2958 5088; x_wconf 70' lang='grc' dir='ltr'>οἰκονομίαν,</span> <span class='ocrx_word' id='word_1_783' title='bbox 3012 5019 3128 5083; x_wconf 83' lang='grc' dir='ltr'>τὴν</span> <span class='ocrx_word' id='word_1_784' title='bbox 3164 5017 3232 5069; x_wconf 82' lang='grc' dir='ltr'>ἐκ</span> <span class='ocrx_word' id='word_1_785' title='bbox 3271 5017 3580 5083; x_wconf 82' lang='grc' dir='ltr'>Παρθένου</span> <span class='ocrx_word' id='word_1_786' title='bbox 3616 5015 3768 5084; x_wconf 74' lang='grc' dir='ltr'><strong>φημὶ</strong></span> <span class='ocrx_word' id='word_1_787' title='bbox 3814 5013 4044 5085; x_wconf 72' lang='grc' dir='ltr'>γέν-νη-</span> 
     </span>
    </p>
   </div>
   <div class='ocr_carea' id='block_1_112' title="bbox 2435 5107 4042 5181">
    <p class='ocr_par' dir='ltr' id='par_1_112' title="bbox 2435 5107 4042 5181">
     <span class='ocr_line' id='line_1_112' title="bbox 2435 5107 4042 5181; baseline -0.004 -13"><span class='ocrx_word' id='word_1_788' title='bbox 2435 5131 2561 5177; x_wconf 84' lang='grc' dir='ltr'>σιν,</span> <span class='ocrx_word' id='word_1_789' title='bbox 2591 5113 2707 5180; x_wconf 84' lang='grc' dir='ltr'>τὴν</span> <span class='ocrx_word' id='word_1_790' title='bbox 2740 5112 2815 5165; x_wconf 80' lang='grc' dir='ltr'><strong>δι’</strong></span> <span class='ocrx_word' id='word_1_791' title='bbox 2839 5109 3008 5181; x_wconf 77' lang='grc' dir='ltr'>ἡμῶν</span> <span class='ocrx_word' id='word_1_792' title='bbox 3028 5150 3043 5175; x_wconf 92' lang='grc'><strong>,</strong></span> <span class='ocrx_word' id='word_1_793' title='bbox 3074 5111 3144 5164; x_wconf 83' lang='grc' dir='ltr'>ἐν</span> <span class='ocrx_word' id='word_1_794' title='bbox 3175 5108 3319 5179; x_wconf 82' lang='grc' dir='ltr'>ὑμῖν</span> <span class='ocrx_word' id='word_1_795' title='bbox 3357 5107 3476 5176; x_wconf 75' lang='grc' dir='ltr'><strong>ἤδη</strong></span> <span class='ocrx_word' id='word_1_796' title='bbox 3512 5108 3894 5176; x_wconf 72' lang='grc' dir='ltr'>πλατύτερον</span> <span class='ocrx_word' id='word_1_797' title='bbox 3928 5125 4042 5161; x_wconf 61' lang='grc' dir='ltr'>κε-</span> 
     </span>
    </p>
   </div>
   <div class='ocr_carea' id='block_1_113' title="bbox 2444 5423 2734 5481">
    <p class='ocr_par' dir='ltr' id='par_1_113' title="bbox 2444 5423 2734 5481">
     <span class='ocr_line' id='line_1_113' title="bbox 2444 5423 2734 5481; baseline -0.01 -1"><span class='ocrx_word' id='word_1_798' title='bbox 2444 5423 2734 5481; x_wconf 80' lang='lat' dir='ltr'><strong>exsistant.</strong></span> 
     </span>
    </p>
   </div>
   <div class='ocr_carea' id='block_1_114' title="bbox 2521 5489 4009 5564">
    <p class='ocr_par' dir='ltr' id='par_1_114' title="bbox 2521 5489 4009 5564">
     <span class='ocr_line' id='line_1_114' title="bbox 2521 5489 4009 5564; baseline -0.001 -18"><span class='ocrx_word' id='word_1_799' title='bbox 2521 5495 2634 5564; x_wconf 76' lang='lat'><strong>(5|)</strong></span> <span class='ocrx_word' id='word_1_800' title='bbox 2665 5490 2996 5558; x_wconf 74' lang='grc' dir='ltr'>Θεοτελοῦς</span> <span class='ocrx_word' id='word_1_801' title='bbox 3024 5490 3317 5564; x_wconf 78' lang='grc' dir='ltr'>πράξεως.</span> <span class='ocrx_word' id='word_1_802' title='bbox 3345 5489 3536 5556; x_wconf 85' lang='lat' dir='ltr'><strong>Quasi,</strong></span> <span class='ocrx_word' id='word_1_803' title='bbox 3557 5491 3881 5564; x_wconf 16' lang='lat' dir='ltr'><strong>qumﬁdivino</strong></span> <span class='ocrx_word' id='word_1_804' title='bbox 3914 5509 4009 5564; x_wconf 82' lang='lat' dir='ltr'><strong>mu</strong></span> 
     </span>
    </p>
   </div>
   <div class='ocr_carea' id='block_1_115' title="bbox 2449 5560 4047 5628">
    <p class='ocr_par' dir='ltr' id='par_1_115' title="bbox 2449 5560 4047 5628">
     <span class='ocr_line' id='line_1_115' title="bbox 2449 5560 4047 5628; baseline -0.002 -10"><span class='ocrx_word' id='word_1_805' title='bbox 2449 5560 2574 5618; x_wconf 79' lang='lat' dir='ltr'><strong>nere</strong></span> <span class='ocrx_word' id='word_1_806' title='bbox 2593 5564 3098 5616; x_wconf 73' lang='lat' dir='ltr'><strong>consummationem</strong></span> <span class='ocrx_word' id='word_1_807' title='bbox 3117 5561 3308 5614; x_wconf 82' lang='lat' dir='ltr'><strong>habeat</strong></span> <span class='ocrx_word' id='word_1_808' title='bbox 3343 5577 3508 5628; x_wconf 74' lang='lat' dir='ltr'><strong>:qute</strong></span> <span class='ocrx_word' id='word_1_809' title='bbox 3539 5560 3642 5614; x_wconf 75' lang='lat' dir='ltr'><strong>vox</strong></span> <span class='ocrx_word' id='word_1_810' title='bbox 3675 5560 3880 5615; x_wconf 72' lang='lat' dir='ltr'><strong>Niccta:</strong></span> <span class='ocrx_word' id='word_1_811' title='bbox 3922 5563 4047 5616; x_wconf 82' lang='lat' dir='ltr'><strong>t&#39;re-</strong></span> 
     </span>
    </p>
   </div>
   <div class='ocr_carea' id='block_1_116' title="bbox 2445 5631 4044 5703">
    <p class='ocr_par' dir='ltr' id='par_1_116' title="bbox 2445 5631 4044 5703">
     <span class='ocr_line' id='line_1_116' title="bbox 2445 5631 4044 5703; baseline -0.002 -16"><span class='ocrx_word' id='word_1_812' title='bbox 2445 5650 2646 5703; x_wconf 91' lang='lat' dir='ltr'><strong>quens,</strong></span> <span class='ocrx_word' id='word_1_813' title='bbox 2683 5635 2805 5702; x_wconf 87' lang='lat' dir='ltr'><strong>ipsa</strong></span> <span class='ocrx_word' id='word_1_814' title='bbox 2833 5634 3056 5703; x_wconf 82' lang='lat' dir='ltr'><strong>elegans</strong></span> <span class='ocrx_word' id='word_1_815' title='bbox 3079 5639 3136 5684; x_wconf 90' lang='lat' dir='ltr'><strong>et</strong></span> <span class='ocrx_word' id='word_1_816' title='bbox 3179 5631 3490 5703; x_wconf 78' lang='lat' dir='ltr'><strong>theologica</strong></span> <span class='ocrx_word' id='word_1_817' title='bbox 3525 5649 3538 5682; x_wconf 92' lang='lat'><strong>:</strong></span> <span class='ocrx_word' id='word_1_818' title='bbox 3570 5641 3636 5703; x_wconf 74' lang='lat' dir='ltr'><strong>ut</strong></span> <span class='ocrx_word' id='word_1_819' title='bbox 3686 5642 3745 5686; x_wconf 88' lang='lat' dir='ltr'><strong>et</strong></span> <span class='ocrx_word' id='word_1_820' title='bbox 3773 5647 3896 5700; x_wconf 70' lang='lat' dir='ltr'><strong>qua:</strong></span> <span class='ocrx_word' id='word_1_821' title='bbox 3945 5646 4044 5703; x_wconf 64' lang='lat' dir='ltr'><strong>se.</strong></span> 
     </span>
    </p>
   </div>
   <div class='ocr_carea' id='block_1_117' title="bbox 2445 5699 4030 5773">
    <p class='ocr_par' dir='ltr' id='par_1_117' title="bbox 2445 5699 4030 5773">
     <span class='ocr_line' id='line_1_117' title="bbox 2445 5699 4030 5773; baseline 0.001 -16"><span class='ocrx_word' id='word_1_822' title='bbox 2445 5699 2658 5773; x_wconf 84' lang='lat' dir='ltr'><strong>quitur,</strong></span> <span class='ocrx_word' id='word_1_823' title='bbox 2691 5699 3004 5769; x_wconf 61' lang='grc' dir='ltr'>ὗπερψαόῦς</span> <span class='ocrx_word' id='word_1_824' title='bbox 3026 5699 3640 5773; x_wconf 46' lang='grc' dir='ltr'>θεωρίαςηιιιιῇιιειηοθί</span> <span class='ocrx_word' id='word_1_825' title='bbox 3687 5699 4030 5772; x_wconf 75' lang='lat' dir='ltr'><strong>contempla-</strong></span> 
     </span>
    </p>
   </div>
   <div class='ocr_carea' id='block_1_118' title="bbox 2447 5770 3659 5844">
    <p class='ocr_par' dir='ltr' id='par_1_118' title="bbox 2447 5770 3659 5844">
     <span class='ocr_line' id='line_1_118' title="bbox 2447 5770 3659 5844; baseline -0.003 -15"><span class='ocrx_word' id='word_1_826' title='bbox 2447 5770 2546 5840; x_wconf 82' lang='lat' dir='ltr'><strong>tio,</strong></span> <span class='ocrx_word' id='word_1_827' title='bbox 2579 5790 2700 5844; x_wconf 73' lang='lat' dir='ltr'><strong>qua:</strong></span> <span class='ocrx_word' id='word_1_828' title='bbox 2725 5787 2944 5827; x_wconf 87' lang='lat' dir='ltr'><strong>omnem</strong></span> <span class='ocrx_word' id='word_1_829' title='bbox 2971 5773 3154 5826; x_wconf 85' lang='lat' dir='ltr'><strong>vincat</strong></span> <span class='ocrx_word' id='word_1_830' title='bbox 3192 5770 3332 5825; x_wconf 88' lang='lat' dir='ltr'><strong>lucis</strong></span> <span class='ocrx_word' id='word_1_831' title='bbox 3365 5771 3659 5841; x_wconf 77' lang='lat' dir='ltr'><strong>fulgorem.</strong></span> 
     </span>
    </p>
   </div>
  </div>
