4192 6424
184 428 277 492 161

905 427 1187 490 ORATIO
1223 427 1387 490 VIII.
1419 427 1595 487 -ῙΝ
1636 426 1949 489 LAUDEM
1991 430 2049 489 S.
2088 431 2345 491 JACOBI
2386 431 2706 492 ALPHEEI.

3382 432 3483 498 [62

184 540 602 610 κυρίη-μένην·
652 542 748 594 καὶ
783 539 898 608 τὴν
930 542 1276 607 σταύρωσιν
1313 539 1655 608 ὁμολογεῖν,
1687 539 1782 591 καὶ

1892 558 2094 595 crucem
2120 542 2497 609 conﬁtendam,
2526 545 3067 612 resurrectionemque
3097 543 3340 597 laudibus
3355 563 3485 616 pro.

180 634 293 699 τὴν
332 631 686 684 ἀνάστασιν
712 629 1097 698 δοξολογεῖν,
1144 630 1241 680 καὶ
1292 628 1409 694 τὴν
1459 627 1776 693 ἀνάληψιν

179 725 581 795 προσκυνεῖν,
624 725 706 790 ὠς
741 721 851 791 τῆς
885 722 1071 790 ἄκρας
1104 719 1291 774 αὐτοῦ
1327 720 1782 787 φιλανθρωπίας

180 821 277 873 καὶ
316 820 634 887 δυνάμεως
668 817 1067 887 γνωρίσματω
1090 816 1170 880 ὠς
1199 813 1499 879 σωτηρίας
1527 810 1647 881 μὲν
1686 811 1788 864 καὶ

198 911 355 980 ζωῆς
404 912 652 965 ιιιωνίου
708 908 974 977 πρόξενα
1014 906 1139 972 τοῖς
1183 906 1253 958 ἐν
1285 906 1484 958 πίστει
1535 903 1786 957 καταδε-

183 1006 508 1075 χομένοις·
554 1002 963 1069 κατακρίσεως
1025 997 1094 1051 δὲ
1148 997 1247 1051 καὶ
1304 996 1616 1062 κολάσεως
1661 994 1786 1062 τοῖς

183 1098 473 1162 ἀπίστοις
506 1095 908 1165 γενησόμενα.

250 1188 621 1260 Παρήγγελλε
650 1186 707 1239 δὲ
746 1186 943 1257 μηκέτι
974 1184 1083 1237 τῶν
1114 1181 1269 1246 ζώων
1299 1181 1365 1235 τὰ
1409 1179 1663 1251 εὐπρεπῆ
1693 1177 1782 1231 δόρ

185 1283 353 1348 ξαντα
406 1282 695 1333 θεοποιεῖν·
742 1276 1014 1347 κτηνῶδες
1043 1278 1153 1345 γὰρ
1186 1274 1279 1327 καὶ
1320 1273 1513 1341 ἄλογον
1545 1269 1742 1341 κομιδῇ
1772 1285 1787 1300 ⁸

186 1374 311 1444 μηδ’
351 1372 590 1441 ἀψύχοις
655 1372 893 1441 μορφαῖς
944 1368 1080 1431 ὅλως
1130 1365 1432 1437 ἀνθρώπων
1490 1365 1523 1435 ἦ
1576 1362 1784 1433 Θηρίων

179 1467 486 1538 προσέχειν
531 1465 623 1517 τὸν
683 1462 839 1516 νοῦν·
901 1461 1232 1531 ἀναίσθητον
1283 1459 1393 1530 γὰρ
1430 1457 1526 1510 καὶ
1580 1456 1787 1526 σφόδρα

179 1560 456 1628 θηριῶδές
492 1575 549 1610 τε
592 1558 686 1610 καὶ
730 1554 895 1625 παχύ·
936 1553 1071 1607 ἀλλὰ
1120 1553 1257 1622 μηδὲ
1288 1555 1401 1614 τοῖς
1456 1550 1654 1603 πάθεσι
1688 1549 1787 1619 τῆς

178 1654 384 1722 ψυχῆς,
419 1649 709 1720 ἐπιθυμίᾳ,
740 1648 906 1718 φημὶ,
927 1646 1021 1699 καὶ
1045 1645 1202 1715 θυμῷ
1221 1644 1652 1716 προστετηκέναι
1688 1658 1791 1694 πε-

178 1747 457 1819 ριπαθῶς·
505 1745 638 1816 μηδὲ
677 1744 743 1797 δι’
786 1742 1094 1812 ὑπερϐολὴν
1156 1738 1489 1808 φιληδονίας,
1520 1739 1633 1799 τοῖς
1680 1734 1791 1788 ἀπὸ

176 1840 277 1907 τῆς
315 1839 458 1907 ὕλης
490 1836 630 1889 αὐτὰ
656 1833 1023 1902 δελεάσμασιν
1053 1831 1129 1891 ὡς
1154 1827 1581 1897 ὑπεκκαύμασιν
1619 1828 1790 1879 ἐκπυ-

1893 635 2239 704 sequendam,
2262 644 2420 697 atque
2442 637 2555 701 eius
2580 636 2631 688 in
2660 636 2842 688 ca'lum
2878 638 3224 705 receptionem
3246 638 3482 691 adoran-

1894 727 2054 791 dam;
2088 736 2347 796 tanquam
2374 728 2623 780 nimirum
2640 743 2860 781 summa:
2881 729 3043 796 ipsius
3068 728 3404 797 benignitatis
3423 746 3485 783 ac

1898 822 2144 890 potentia:
2190 828 2334 874 certa
2375 821 2727 874 documenta:
2773 829 2829 873 ut
2861 819 2965 874 illis
3007 822 3217 891 quidem
3256 822 3345 892 qui
3381 821 3486 889 ﬁde

1896 913 2208 981 suscipiant,
2231 912 2459 965 salutem
2483 914 2747 982 vitamque
2778 911 3049 977 allatura;
3085 922 3141 965 ut
3162 930 3280 967 vero
3312 915 3485 967 incre-

1899 1002 2060 1068 dulis,
2089 1004 2277 1073 judicii
2307 1012 2355 1056 et
2380 1003 2827 1058 condemnationis
2859 1004 3038 1073 futura
3072 1020 3252 1058 causa.

1972 1188 2318 1243 Admonebat
2343 1200 2525 1243 autem
2569 1188 2620 1242 id
2657 1204 2829 1259 genus
2859 1189 3133 1254 animalia,
3172 1205 3293 1258 qua:
3319 1190 3484 1245 deco-

1906 1303 2024 1341 rum
2076 1287 2284 1357 aliquid
2330 1303 2395 1341 ac
2437 1287 2739 1341 formosum
2784 1285 2986 1339 habere
3036 1286 3328 1340 videantur
3377 1302 3487 1341 non

1906 1378 2146 1447 amplius
2175 1379 2227 1433 in
2256 1378 2392 1433 deos
2423 1376 2814 1432 consecranda.
2854 1377 2989 1431 Rem
3020 1378 3167 1431 enim
3205 1378 3361 1432 valde
3393 1393 3490 1448 pe-

1904 1466 2122 1519 cuinam
2154 1482 2217 1520 ac
2240 1484 2269 1520 a
2302 1468 2518 1522 ratione
2544 1467 2932 1522 abhorrentem
2957 1483 3098 1521 esse.
3127 1467 3300 1523 Nullis
3328 1485 3486 1538 pror-

1905 1568 2002 1608 sus
2041 1554 2355 1609 inanimatis
2424 1556 2618 1609 formis
2680 1555 2963 1610 hominum
3024 1566 3120 1611 aut
3188 1557 3487 1611 bestiarum

1905 1640 2303 1694 attendendum
2332 1641 2576 1694 animum
2601 1658 2615 1696 :
2653 1641 2704 1695 id
2730 1642 2879 1695 enim
2907 1658 3098 1696 eorum
3119 1658 3239 1698 esse
3265 1646 3357 1713 qui
3386 1645 3490 1697 hu-

1906 1731 2188 1786 manitatis
2211 1733 2360 1786 omni
2401 1748 2563 1787 sensu
2600 1743 2849 1798 careant,
2891 1735 3155 1803 valdeque
3187 1751 3250 1788 ex
3282 1730 3484 1789 bestia-

1907 1838 2027 1877 rum
2057 1823 2243 1877 indole
2270 1839 2650 1892 crassumque.
2686 1824 2830 1891 Quin
2863 1841 2965 1880 nec
2989 1826 3281 1881 all'ectibus
3319 1828 3487 1881 animi

179 1902 423 2002 ρὖτας
455 1929 747 1981 θεοποιεῖν.
805 1927 1039 1979 Ἄτοπον
1080 1924 1189 1993 γὰρ
1215 1921 1311 1974 καὶ
1341 1919 1599 1982 επιεικῶς
1627 1916 1782 1984 M76-

1900 1916 1918 1988 (
1944 1916 2232 1987 cupiditati
2247 1918 2455 1971 scilicet
2479 1927 2535 1971 et
2564 1918 2658 1971 ira:
2681 1918 2698 1987 )
2722 1918 3018 1973 libidinose
3055 1920 3483 1985 adluerendnm;

179 2042 338 2076 πτιον
375 2026 473 2077 καὶ
529 2024 829 2095 δαιμόνιον·
871 2020 1139 2090 Σώφρονι
1194 2018 1263 2071 δὲ
1315 2012 1586 2085 λογισμῷ
1634 2014 1784 2080 πρθς

178 2117 289 2167 τὸν
335 2118 430 2179 είς
457 2114 619 2184 ὑμᾶς
640 2112 1150 2183 εὐαγγελισθέντα
1182 2110 1375 2178 Λόγον
1402 2106 1784 2175 ἀναγόμενοι,

180 2207 275 2259 καὶ
312 2205 399 2270 τῷ
443 2206 636 2260 αὑτοῦ
662 2207 823 2275 λόγῳ
852 2205 949 2258 καί
978 2207 1141 2273 νόμῳ
1176 2201 1564 2269 τυπούμενοι,
1599 2197 1787 2261 οὕτως

179 2293 258 2349 ἃν
307 2296 425 2362 τῆς
476 2296 935 2365 ἐπηγγελμένης
978 2291 1372 2347 ἐπιλαϐέσθαι
1435 2286 1785 2356 δυνήσεσθε

180 2388 353 2454 ζωῆς»
387 2391 463 2441 ἐν
503 2390 738 2455 Χριστῴ
788 2389 1004 2455 Ἰησοῦ.
1050 2385 1255 2455 Ἀμήν.

1896 2024 1999 2064 nec
2033 2010 2487 2071 committendum
2527 2023 2584 2065 ut
2609 2011 2856 2066 libidinis
2882 2014 3290 2083 exsuperantia,
3312 2024 3487 2068 terre-

1896 2102 1983 2155 nis
2028 2101 2304 2155 illecebris
2349 2112 2604 2172 tanquam
2653 2103 2948 2158 incentivis
2991 2121 3286 2161 succensos
3334 2108 3486 2177 ejus-

1895 2194 2044 2248 modi
2095 2190 2324 2249 all‘eCtus
2382 2209 2445 2249 ac
2498 2195 2964 2263 perturbationes,
3013 2197 3147 2252 deos
3187 2198 3479 2254 faciatnns.

1895 2286 2109 2357 Quippe
2142 2304 2255 2342 rem
2293 2288 2587 2341 absurdam
2613 2298 2667 2343 et
2695 2290 2856 2358 plane
2881 2287 3255 2361 Egyptiacam
3278 2292 3483 2346 damo-

1896 2392 2139 2447 numque
2191 2380 2507 2446 propriam;
2556 2380 2646 2431 sed
2695 2379 2820 2431 dum
2867 2381 3039 2434 sobrio
3078 2384 3264 2435 mentis
3306 2399 3485 2450 sensu,

179 2487 385 2545 aiebat,
433 2484 507 2536 ad
533 2501 652 2536 eum
674 2485 762 2553 qui
787 2484 856 2537 ad
916 2500 1004 2539 vos
1035 2485 1355 2553 prwdicatus
1385 2493 1481 2548 est,
1552 2482 1857 2537 Sermonem
1895 2480 2126 2543 subvehi,
2170 2478 2416 2548 illiusque
2453 2479 2695 2533 doctrina
2736 2498 2798 2534 ac
2842 2480 2953 2551 lege
2991 2482 3153 2536 imbui
3191 2486 3486 2558 contigerit,

179 2579 341 2630 vitam
377 2577 701 2645 promissam
748 2578 979 2629 nancisci
1034 2576 1226 2638 licebit,
1274 2577 1327 2629 in
1365 2574 1576 2630 Christo
1612 2573 1758 2628 Iesu.
1796 2574 1986 2627 Amen.

246 2666 553 2728 Τοιαύταις
590 2666 699 2717 τῶν
734 2665 907 2733 λόγων
936 2665 1174 2736 ὁμιλίαις
1205 2667 1234 2717 ὁ
1283 2666 1789 2735 ἁξιοθαυμαστὸτα-

178 2777 266 2822 τος
298 2758 601 2829 ἅνθρωπος
623 2757 1008 2834 ὲμφιλοσοφῶν
1038 2758 1133 2811 τοῦ
1171 2756 1370 2829 Ἰησοῦ,
1404 2757 1500 2810 καὶ
1518 2757 1611 2809 ἐπὶ
1642 2757 1779 2810 πολὺ

179 2852 460 2921 στηρίζων
509 2852 637 2913 τοὺς
670 2849 1029 2919 παρεστῶτας
1078 2851 1186 2904 ἀπὸ
1242 2850 1335 2904 τοῦ
1383 2851 1646 2922 σταυροῦ,
1689 2848 1779 2903 ἐπ’

174 2944 328 3013 σὺτῷ
379 2943 486 3013 μὲν
518 2943 872 3013 ἀνιωμένους,
910 2944 1031 3006 ταῖς
1085 2942 1472 3013 ὲμφιλοσόφοις
1515 2958 1777 3012 παραμυ-

176 3034 450 3102 θούμενος
488 3032 840 3104 θεηγορίαις’
870 3032 982 3086 τῶν
1015 3033 1447 3103 ὲσταυρωκότων
1486 3031 1544 3084 δὲ
1576 3047 1774 3083 κατευ-

178 3126 441 3195 μεγεθῶν
481 3126 558 3188 ὡς
599 3126 933 3194 εὐεργετεῖν,
965 3125 1084 3179 ἀλλ’
1106 3126 1167 3177 οὐ
1212 3123 1533 3195 δυναμένων
1562 3124 1775 3180 λυπεῖν.

1967 2664 2315 2734 Ejuscemodi
2372 2664 2805 2720 fabulationibus
2838 2707 2853 2730 ,
2901 2666 3067 2721 homo
3115 2667 3241 2721 Jesu
3266 2709 3279 2730 ,
3313 2668 3487 2721 admi-

1893 2755 2104 2810 ratione
2158 2756 2512 2826 dignissimus
2550 2758 2812 2826 praeclare
2840 2758 3259 2828 philosophans,
3318 2761 3484 2830 inque

1885 2845 2079 2917 longas
2126 2847 2290 2901 horas
2342 2858 2634 2902 astantese
2683 2864 2846 2903 cruce
2886 2850 3252 2917 confirmans;
3304 2862 3474 2922 atque

1878 2952 1976 2993 eos
2008 2939 2251 3009 quidem,
2282 2956 2422 3010 quos
2452 2941 2680 2995 moleste
2708 2942 2947 2997 habebat
2977 2944 3053 2997 tui
3078 2944 3193 2998 haec
3209 2944 3464 3015 supplicii

1887 3029 2216 3097 immanitas,
2277 3031 2700 3102 sapientissimis
2754 3034 2957 3088 divinis
2995 3035 3485 3105 praadicationibus

1889 3122 2182 3177 consolans
2205 3164 2218 3187 ,
2262 3138 2359 3177 eos
2382 3140 2514 3178 vero
2547 3124 2639 3194 qui
2673 3125 2726 3179 in
2754 3142 2976 3180 crucem
3006 3129 3346 3183 sustulerant
3370 3144 3486 3184 ma-

176 3216 336 3282 Εἶτα,
372 3218 489 3272 τῶν
530 3218 629 3288 μὲν
654 3218 1217 3287 ἀποσιωπησὰμενος,
1252 3216 1434 3287 ἡσυχῆ
1465 3216 1522 3270 δὲ
1554 3215 1633 3287 τῷ
1673 3218 1782 3269 Κυ-

1892 3212 2179 3283 gnitudine
2216 3216 2385 3269 animi
2424 3231 2709 3285 superans,
2754 3226 3013 3288 tanquam
3052 3221 3142 3288 qui
3179 3220 3480 3289 demereri,

178 3311 278 3381 ρίῳ
320 3309 845 3379 ἐξομολογούμενος,
884 3308 1168 3380 ἐξεδήμεις
1222 3310 1323 3379 μὲν
1376 3308 1638 3373 ὲπιδόξως
1681 3307 1778 3361 τοῦ

164 3403 466 3473 σώματος,
491 3403 589 3455 καὶ
618 3403 765 3473 μάλα
806 3402 1095 3472 προσηνῶς
1122 3402 1218 3456 καὶ
1247 3402 1419 3472 ἡδέως
1469 3402 1779 3471 ἀπολυόμε-

176 3513 284 3559 vo;-
315 3496 611 3565 ὲνεδήμεις
640 3495 698 3549 δὲ
743 3497 802 3548 ὲν
834 3495 985 3565 τόπῳ
1017 3494 1227 3564 σκηνῆς
1277 3493 1637 3564 θαυμαστῆς,
1674 3494 1782 3557 ἕως

174 3590 268 3642 τοῦ
300 3591 463 3642 οἴκου
498 3588 593 3642 τοῦ
631 3587 789 3641 Θεοῦ⁸
822 3587 918 3641 καὶ
966 3588 1027 3640 ὲν
1056 3590 1209 3658 φωνῇ
1237 3586 1615 3657 ἀγαλλιάσεως
1643 3587 1777 3657 ἤχου

172 3682 578 3750 ἑορταζόντων,
612 3684 748 3754 πρὸς
784 3684 876 3736 τὸν
926 3683 1266 3753 ὑπερουσίως
1322 3683 1777 3753 ἀναλαμϐανόμε-

174 3775 267 3825 νόν
334 3790 395 3826 σε
446 3777 587 3842 μετὰ
620 3777 794 3846 χαρᾶς
830 3774 1201 3846 ἀνεκλαλήτου
1254 3775 1349 3831 καὶ
1388 3774 1783 3846 δεδοξασμένης

174 3864 439 3933 εἰσῆλθες
474 3866 730 3935 Χριστόν.

241 4127 433 4197 Χαῖρε
464 4126 667 4193 τοίνυν,
698 4124 745 4184 ὦ
791 4131 976 4202 μάκαρ
1026 4132 1250 4187 Ἰάκωϐε
1270 4173 1287 4199 ,
1319 4134 1415 4189 καὶ
1447 4134 1638 4207 ἄριστε
1683 4134 1779 4190 τοῦ

176 4220 358 4289 Λόγου
384 4221 488 4274 καὶ
518 4223 733 4293 ἁοίδιμε
784 4226 1025 4296 μαθητά.
1060 4228 1171 4281 Καὶ
1209 4228 1319 4300 γὰρ
1349 4229 1560 4299 χαίρεις
1589 4229 1779 4295 ὅντως,

174 4316 249 4378 ὡς
281 4316 392 4385 τῆς
420 4315 713 4387 ωιαδὸχου
756 4321 853 4373 καὶ
892 4321 1156 4391 ἀληθινῆς
1186 4323 1281 4376 καὶ
1313 4322 1587 4394 μυστικῆς
1619 4322 1780 4391 εκγο-

174 4421 264 4469 νος
286 4407 496 4476 χαρᾶςο
527 4406 601 4470 ῶς
634 4408 747 4461 τῶν
775 4408 953 4479 ἔργων
993 4410 1131 4464 Θεοῦ
1162 4412 1258 4465 καὶ
1302 4411 1479 4481 λόγων
1525 4413 1779 4484 ἱεροφάν-

1892 3319 2003 3358 non
2028 3304 2243 3375 injuria:
2292 3306 2501 3376 aliquid
2550 3317 2645 3362 aut
2673 3308 2935 3363 molestize
2979 3309 3179 3365 inferre
3221 3323 3479 3381 possent:

1893 3403 2120 3464 tumque
2156 3396 2225 3449 ab
2268 3396 2510 3452 humano
2554 3413 2776 3453 cessans
2822 3400 3119 3469 colloquio,
3156 3417 3220 3455 ac
3259 3401 3481 3456 silentio

1889 3488 2123 3542 Domino
2152 3490 2440 3556 conﬁtens,
2486 3490 2791 3545 cxcedebas
2826 3492 3063 3561 gloriose
3096 3508 3127 3548 e
3158 3510 3387 3565 corpore
3412 3496 3479 3562 “,

1893 3581 2049 3635 valde
2080 3582 2294 3651 placida
2320 3595 2485 3651 atque
2522 3584 2669 3639 dulei
2702 3586 3062 3653 resolutione,
3097 3588 3263 3657 inque
3293 3589 3476 3643 locum

1890 3673 2231 3729 tabernaculi
2262 3676 2599 3731 admirabilis
2627 3679 3045 3750 commigrabas,
3076 3697 3248 3751 usque
3280 3682 3346 3735 ad
3374 3682 3477 3736 do-

1892 3781 2039 3820 mum
2061 3766 2155 3820 Dei
2179 3769 2241 3798 ⁶⁸¹
2264 3785 2279 3823 :
2304 3778 2466 3837 atque
2496 3770 2547 3821 in
2572 3785 2703 3824 voce
2725 3772 3111 3828 exsultationis
3135 3775 3253 3827 soni
3280 3774 3477 3829 festum

1889 3860 2194 3928 agentium,
2226 3860 2291 3913 ad
2315 3875 2441 3913 cum
2471 3862 2566 3931 qui
2591 3862 2790 3916 eximia
2817 3864 3053 3933 quadam
3085 3867 3296 3922 ratione
3324 3884 3479 3923 assu-

1889 3960 2084 4013 meret,
2142 3966 2266 4004 cum
2318 3953 2673 4007 inenarrabili
2722 3964 2779 4009 et
2810 3955 3117 4025 glorilicato
3164 3959 3363 4029 gaudio
3408 3960 3475 4014 ad

1886 4040 2165 4096 Christum
2190 4043 2469 4113 ingressus
2499 4060 2559 4099 es
2594 4046 2656 4099 ".

1961 4134 2122 4191 Salve
2160 4135 2325 4205 igitur
2359 4153 2424 4191 ac
2460 4138 2636 4207 gaude
2659 4180 2674 4203 ,
2711 4139 2874 4195 beate
2906 4141 3134 4207 Jacobe,
3168 4146 3477 4213 prses-tanti-

1887 4226 2023 4283 sime
2074 4228 2281 4297 pariter
2322 4239 2487 4299 atque
2534 4230 2733 4302 inclyte
2778 4233 2942 4287 Verbi
2974 4234 3264 4304 discipule.
3314 4236 3478 4291 Plane

1882 4320 2089 4373 etenim
2137 4321 2361 4391 gaudes,
2424 4334 2683 4393 tanquam
2754 4324 3080 4380 immortalis
3131 4329 3357 4398 verique
3412 4345 3477 4384 ac

1887 4410 2105 4479 mystici
2123 4411 2307 4481 gaudii
2334 4414 2536 4481 proles,
2568 4423 2827 4485 tanquam
2862 4416 2955 4470 Dei
2996 4431 3227 4486 Operam
3266 4435 3476 4473 sermo-

175 4513 300 4568 της,
329 4498 431 4550 καὶ
489 4499 774 4571 ίερουργδς
814 4503 908 4555 καὶ
940 4504 1326 4574 μυσταγωγός·
1360 4505 1436 4565 ὡς
1466 4507 1565 4576 τῆς
1593 4506 1781 4575 τιμίας

1892 4516 2133 4570 numque
2178 4519 2333 4558 sacer
2380 4504 2675 4574 interpres,
2726 4508 3089 4578 ministerque
3136 4525 3199 4565 ac
3248 4510 3473 4577 doctor;

177 4564 272 4643 καὶ
312 4591 482 4661 ἱερᾶς
526 4564 622 4644 καὶ
643 4564 869 4664 ’σεπτῆς
895 4564 1195 4659 suassuas;
1219 4564 1349 4651 ’τῶν
1395 4564 1614 4669 ὑψηλῶν

1892 4600 2146 4661 tanquam
2181 4596 2275 4664 qui
2318 4597 2692 4651 venerabilem
2727 4608 2785 4652 et
2818 4615 3035 4653 sacrum
3068 4600 3472 4672 colendumque

180 4683 392 4735 στόλων
430 4683 867 4757 συμπληρωτής.

244 4864 459 4934 Χαῖρε,
493 4863 599 4930 ὅτι,
618 4866 734 4929 υίὸς
764 4866 841 4919 ῶν
883 4866 1195 4939 ἀνθρώπου,
1220 4871 1317 4924 καὶ
1374 4870 1490 4934 υἱὸς
1518 4870 1655 4925 Θεοῦ
1680 4872 1781 4926 οὐκ

178 4955 419 5009 ἀκοῦσαι
471 4955 655 5024 μόνον,
688 4958 825 5012 ἀλλὰ
871 4960 967 5013 καὶ
1021 4961 1279 5029 γενέσθαι
1322 4962 1690 5033 κατηξίωσαι·
1721 4964 1783 5017 τὸ

182 5048 281 5117 μὲν
314 5048 514 5117 φύσει,
573 5050 633 5103 τὸ
686 5050 743 5103 δὲ
774 5050 944 5106 θέσει’
978 5054 1161 5107 καὶτὸ
1196 5055 1317 5124 μὲν,
1349 5057 1493 5110 κατὰ
1520 5056 1620 5127 τὴν
1644 5056 1781 5127 πρὸς

181 5142 399 5203 πάντας
439 5141 766 5210 ἀνθρώπους
798 5145 1117 5216 ὁμοιότητα,
1143 5146 1205 5200 τὸ
1231 5148 1289 5201 δὲ
1319 5147 1614 5219 ἐξαίρετον,
1642 5151 1782 5220 μετὰ

180 5237 288 5288 τῶν
320 5237 658 5305 ὕπερτάτων
690 5238 784 5292 τοῦ
814 5241 990 5308 Λόγου
1033 5242 1407 5314 κληρούμενος
1433 5246 1671 5303 ὀπαδῶν.

251 5420 463 5490 Χαῖρε,
496 5417 752 5489 ἄνθρωπε
802 5420 898 5475 τοῦ
932 5421 1092 5477 Θεοῦ.
1135 5423 1203 5476 Σὲ
1232 5424 1361 5495 γὰρ,
1388 5423 1573 5488 καθὼς
1613 5426 1641 5479 ὁ
1683 5443 1781 5496 με-

184 5512 645 5581 γαλοφωνότατος
695 5513 922 5577 Ἡσαΐας
971 5516 1158 5585 φησὶν,
1220 5519 1334 5581 τοῖς
1386 5518 1711 5585 Αἰγυπτίοις
1749 5519 1780 5571 ὁ

189 5605 403 5675 Κύριος
459 5603 868 5672 ἐξαποστέλλει,
934 5606 1013 5676 Τῇ
1042 5608 1253 5679 ἡμέρᾳ,
1298 5610 1494 5680 λέγων,
1544 5611 1776 5682 ἐκείνῃ,

184 5698 359 5753 ἔσται
408 5698 853 5768 θυσιαστήριον
906 5699 989 5765 τῷ
1030 5703 1226 5770 Κυρίῳ
1281 5702 1351 5756 ἐν
1396 5704 1555 5772 χώρᾳ
1607 5705 1780 5773 Αίγυ·

260 5882 307 5913 ⁸³
333 5878 383 5933 ιι
410 5878 539 5936 Cor.
565 5896 619 5946 ν,
657 5880 710 5935 8.
779 5881 844 5913 ⁶⁸⁹
871 5880 1011 5936 Psal.
1040 5897 1144 5949 xu,
1173 5883 1223 5938 5.
1302 5883 1347 5915 “
1370 5883 1386 5938 Ι
1413 5882 1557 5940 Pctr.
1592 5883 1649 5948 i,
1669 5883 1723 5938 8.

1884 4684 2163 4753 compleas
2232 4686 2638 4743 duodenarium
2693 4691 3024 4747 sublimium
3099 4696 3473 4764 apostolorum

1886 4776 2141 4829 chorum.

1953 4868 2140 4923 Gaude
2182 4870 2367 4940 quod,
2416 4887 2540 4927 cum
2580 4875 2754 4930 Filius
2784 4875 3024 4931 hominis
3062 4893 3232 4943 esses,
3270 4879 3474 4935 nedum

1886 4969 1946 5015 ut
1974 4962 2195 5019 audires
2226 4964 2318 5020 Dei
2344 4964 2537 5031 Filius,
2580 4968 2676 5023 sed
2717 4976 2776 5021 ut
2804 4968 2973 5022 etiam
3001 4968 3297 5025 ellicereris
3339 4987 3476 5026 con-

1884 5065 2111 5109 secutus
2138 5072 2226 5122 es;
2257 5056 2491 5112 alterum
2520 5059 2765 5129 quidem,
2800 5068 3026 5127 natura;
3054 5062 3284 5115 alterum
3318 5078 3472 5129 vero,

1884 5147 2073 5217 gratia:
2104 5163 2368 5204 munere:
2397 5159 2559 5219 atque
2585 5152 2840 5217 alterum,
2874 5168 2979 5222 qua
3003 5156 3217 5208 cunctis
3246 5156 3477 5224 perinde

1885 5240 2206 5297 hominibus
2236 5244 2432 5298 similis
2456 5258 2552 5309 es;
2585 5246 2819 5299 alterum
2848 5260 2972 5299 cum
2994 5250 3267 5317 supremis
3284 5259 3479 5304 nactus

1885 5334 2051 5388 Verbi
2075 5334 2366 5406 discipulis
2391 5352 2454 5392 ac
2484 5339 2877 5393 sectatoribus.

1955 5426 2069 5481 Ave
2119 5427 2215 5490 sis,
2264 5427 2430 5481 homo
2484 5429 2602 5483 Dei.
2650 5430 2725 5484 Te
2791 5429 2939 5483 enim
3006 5428 3481 5498 quemadmodum

1885 5519 2265 5575 vocalissimus
2301 5521 2693 5591 prophetarum
2722 5521 2889 5577 Isaias
2917 5522 3013 5588 ait,
3042 5522 3305 5575 Dominus
3322 5520 3482 5591 [Egy-

1885 5611 2016 5681 ptiis
2043 5611 2231 5665 mittit.
2265 5611 2330 5667 In
2358 5613 2443 5667 die
2461 5612 2559 5666 illa
2584 5652 2599 5677 ,
2631 5612 2833 5682 inquit,
2856 5615 2957 5667 erit
2980 5614 3155 5667 altare
3177 5612 3396 5666 Domino
3420 5615 3483 5667 iis

1886 5705 2097 5775 regione
2125 5704 2342 5778 Egypti
2358 5750 2372 5775 ,
2396 5717 2445 5762 et
2475 5709 2644 5764 mittet
2677 5710 2750 5763 eis
2777 5705 3032 5763 Dominus
3058 5708 3322 5763 hominem
3346 5748 3361 5771 ,
3386 5707 3481 5781 qui
