4180 6434
697 403 801 470 ῙὸἸ

1899 395 2198 456 NlCET/E
2234 392 2766 453 PAPHLAGONIS

3875 393 3970 456 168

697 513 875 585 palam
908 510 1338 581 designaverunt
1359 507 1561 570 fontes,
1593 505 1660 560 ad
1702 518 1844 575 quos
1874 503 2088 575 pridem
2128 501 2280 556 Israel

2400 501 2587 570 σαφῶς
2616 501 2672 553 αἱ
2704 498 2847 552 κατὰ
2883 499 2982 567 τὴν
3026 499 3235 568 ἔρημον
3257 497 3468 552 δώδεκα
3501 495 3837 570 upon-Siron
3878 520 3955 572 πη

693 613 1111 660 castranicL-itus
1132 613 1235 665 est,
1258 617 1382 657 cuni
1407 601 1745 656 Pharaonem
1765 607 1937 667 atque
1991 595 2285 666 Egyptuni

694 697 1014 768 fugisset”.
1036 695 1144 748 llos
1166 709 1385 764 quoque
1409 690 1812 746 lsraelisfontes
1837 691 2014 743 dictos
2031 687 2290 750 arbitror,

696 806 763 845 ex
800 788 1004 858 quibus
1043 788 1098 840 in
1128 785 1388 841 Ecclesiis
1416 785 1586 838 Deum
1618 781 1948 836 benedicere
1970 779 2129 849 jubet
2152 778 2283 832 bea-

698 891 784 934 tus
813 879 980 932 David
1030 879 1097 932 “.
1135 879 1310 933 Nullis
1341 876 1491 931 enim
1520 874 1706 928 verbis
1738 871 2049 943 explieabili
2085 869 2286 925 mentis

695 970 988 1025 altitudine
1028 987 1090 1024 ac
1113 969 1436 1040 capacitate,
1463 967 1528 1022 ad
1553 966 1835 1020 iontanum
1855 965 2033 1033 ipsum
2050 962 2284 1017 unicun-

695 1073 802 1126 que
833 1057 1164 1126 Spiritaliuiii
1195 1071 1458 1125 aquarum
1489 1052 1819 1124 principium
1846 1049 2092 1112 deducti,
2128 1048 2284 1103 inde-

693 1149 1022 1219 qiiejiigiter
1053 1148 1106 1200 in
1147 1162 1244 1200 eos
1284 1160 1514 1199 manans
1551 1141 1958 1198 illuuiinatricis
1990 1139 2279 1210 theologia:

696 1240 964 1294 ﬂuentum
995 1238 1381 1307 suscipientes,
1409 1245 1575 1304 atque
1606 1249 1674 1288 eo
1701 1232 1908 1287 aﬁ‘atim
1939 1229 2156 1300 repleti,
2187 1232 2280 1301 ju-

699 1347 819 1398 gein
858 1330 1118 1383 omnibus
1145 1327 1465 1382 sitientibus
1495 1325 1833 1394 uberemqiie
1865 1322 2132 1377 medelam
2160 1335 2282 1377 sca-

700 1423 934 1476 ttiriunl.

767 1515 844 1568 Ad
868 1514 1003 1567 tales
1026 1513 1191 1582 igitur
1215 1512 1393 1566 fontes
1415 1525 1680 1580 aquarum
1703 1507 1980 1563 desiderio
2013 1506 2278 1574 feramur,

695 1620 1096 1673 cervorumque
1125 1603 1181 1656 in
1210 1617 1420 1656 morem
1450 1600 1739 1655 ardentius
1776 1599 2045 1654 siticulosi
2065 1600 2280 1653 huncce

693 1696 909 1749 laticem
935 1695 1189 1750 ineuntes
1204 1704 1366 1764 atque
1381 1692 1577 1772 gaudio
1594 1692 2012 1754 haurientes”,
2027 1700 2273 1744 nostrum

692 1807 757 1843 ex
792 1791 900 1844 illis
917 1789 1249 1843 desiderium
1281 1788 1606 1856 impleamus
1638 1789 1705 1839 ".
1731 1786 1809 1841 Ne
1838 1795 2017 1839 tamen
2052 1784 2280 1854 ingratis

2405 595 2517 660 γαὶ,
2551 586 2638 655 αἶς
2694 595 2723 644 ὁ
2770 589 2983 660 Ἰσραὴλ
3013 590 3180 643 πάλαι
3213 589 3416 660 Φαραὼ
3459 591 3554 644 καὶ
3581 591 3680 661 τὴν
3708 593 3975 659 Αἴγυπτον

2399 684 2771 754 παρενέϐαλεν
2809 681 3084 751 ἐκφυγών.
3115 681 3353 746 Τούτους
3393 682 3638 752 ἠγοῦμαι
3665 683 3760 736 καὶ
3795 684 3974 754 πηγὰς

2398 773 2652 842 εἰρῆσθαι
2677 771 2774 826 τοῦ
2811 771 3051 842 Ἰσραὴλ,
3081 771 3140 838 ἐξ
3167 763 3243 824 ὧν
3280 771 3339 824 ὲν
3388 771 3711 842 ἐκκλησίαις
3739 773 3972 840 εὐλογεῖν

2395 865 2490 919 τὸν
2523 865 2676 930 Θεὸν,
2729 867 2758 918 ὁ
2807 865 3078 935 μακάριος
3107 865 3409 934 προτρέπει
3449 864 3637 918 Δασίδ.
3686 865 3974 935 Ἀφράστῳ

2396 959 2506 1030 γὰρ
2534 959 2771 1021 διανοίας
2801 957 2976 1027 βάθει,
3014 959 3150 1028 πρὸς
3180 954 3353 1029 αὐτὴν
3377 956 3491 1009 τῶν
3536 957 3743 1028 νοητῶν
3771 958 3974 1011 ὑδάτων

2393 1051 2494 1118 τὴν
2525 1051 2764 1120 πηγαίαν
2805 1050 2900 1102 καὶ
2949 1050 3080 1120 μίαν
3127 1049 3302 1120 ἀρχὴν
3339 1049 3809 1119 ἀναστομούμενοι
3847 1051 3975 1104 Χοι-

2397 1142 2541 1208 στὸν,
2581 1141 2837 1196 κάκεῖθεν
2874 1141 3247 1205 ἀνεκλείπτως
3270 1141 3332 1194 τὸ
3368 1142 3466 1210 τῆς
3497 1142 3832 1212 φωτιστικῆς
3858 1143 3973 1195 θεο-

2393 1235 2577 1303 λογίας
2608 1235 2825 1307 ῥεῖθρον
2852 1233 2937 1288 ὲπ⁹
2963 1233 3160 1295 αὐτοὺς
3193 1233 3270 1285 ίδν
3296 1233 3684 1302 ὑποδεχόμενοι
3715 1234 3810 1287 καὶ
3837 1233 3972 1304 πλη-

2395 1331 2671 1401 ρούμενοι,
2714 1330 2938 1385 ἀένναόν
2988 1346 3048 1382 τε
3097 1330 3234 1383 πᾶσι
3289 1331 3387 1383 καὶ
3417 1328 3650 1398 ἄφθονον
3699 1329 3839 1399 ταμα
3864 1330 3973 1392 τοῖς

2392 1423 2620 1493 διψῶσιν
2643 1422 3058 1486 ἀναϐλύζουσιν.

2464 1511 2675 1566 Οὐκοῦν
2714 1511 3142 1582 ὲπιποθήσωμεν
3171 1512 3262 1565 ἐπὶ
3294 1511 3393 1576 τὰς
3423 1511 3682 1575 τοιαύτας
3714 1511 3824 1565 τῶν
3848 1510 3972 1564 ὑδά-

2391 1621 2499 1658 των
2531 1603 2736 1673 πηγὰς,
2763 1603 2858 1656 καὶ
2884 1605 3025 1658 κατὰ
3052 1606 3150 1668 τὰς
3171 1604 3739 1675 ὲλάφους,διψητικῶς
3767 1603 3973 1674 σφόδρα

2389 1694 2548 1748 τοῦτο
2597 1695 2660 1747 τὸ
2713 1694 2863 1763 νᾶμα
2921 1696 3234 1765 μετιόντες,
3287 1697 3386 1748 καὶΙ
3447 1697 3567 1764 μετ’
3628 1693 3972 1764 εὐφροσύνης

2392 1785 2808 1850 ἀπαντλοῦντες,
2858 1783 2921 1851 ἐξ
2966 1785 3132 1839 αὐτοῦ
3161 1786 3261 1856 τὴν
3291 1786 3446 1855 ἡμῶν
3479 1783 3971 1853 ἀποπληρὼσωμεν

697 1881 951 1934 moribus
988 1895 1048 1932 ac
1084 1881 1376 1932 brutorum
1413 1877 1642 1940 similes,
1682 1875 1905 1947 ingenui
1935 1875 2102 1930 animi
2137 1875 2280 1929 nulla

2391 1875 2708 1946 ἐπιθυμίαν.
2754 1849 2916 1930 Ἀλλά
2961 1878 3038 1949 μὴ
3079 1849 3391 1946 ἀχαρίστως
3419 1877 3518 1945 τῆς
3546 1849 3755 1947 δωρεὲις
3779 1914 3796 1939 ,
3834 1849 3970 1945 “ﬁt:

704 1972 975 2040 probitate
1011 1970 1214 2022 donum
1249 1967 1516 2037 ejusmodi
1549 1977 1713 2036 atque
1747 1967 2075 2021 beneﬁcium
2107 1981 2290 2021 suma-

695 2078 816 2115 mus
843 2079 854 2112 :
874 2063 966 2114 sed
995 2061 1186 2130 repleti
1207 2076 1345 2129 aqua
1366 2061 1488 2113 viva
1505 2061 1592 2122 7",
1613 2059 1886 2113 viventem
1901 2058 2131 2113 hostiam
2153 2073 2284 2111 san-

692 2164 856 2215 ctam,
900 2153 1225 2206 rationabile
1271 2151 1598 2219 obsequium
1646 2158 1920 2214 nostrum,
1950 2150 2176 2203 honoris
2203 2149 2274 2202 ti-

705 2245 819 2297 tulo
845 2244 916 2296 illi
953 2242 1413 2311 rependainus";
1449 2256 1646 2310 nempe
1671 2241 1930 2294 continue
1953 2242 2112 2309 (quos
2143 2238 2279 2307 dixi)

697 2337 893 2389 vitales
927 2335 1304 2388 benedicendo
1337 2334 1548 2398 fontes;
1575 2350 1637 2388 ac
1663 2350 1760 2403 per
1785 2334 1928 2396 illos,
1954 2333 2020 2387 ad
2049 2333 2283 2388 divinis-

703 2426 903 2478 simuiii
948 2426 1098 2478 illuni
1136 2439 1416 2492 unumque
1463 2423 1846 2478 universorum
1900 2424 2129 2489 fontem,
2167 2425 2283 2478 lau-

705 2517 828 2570 dem
861 2517 1121 2571 ferentes.

766 2609 967 2661 Natura
989 2609 1211 2678 quidem
1233 2609 1499 2663 indivisus
1526 2607 1963 2677 indissectusque
2023 2607 2279 2663 sacratis-

701 2701 874 2754 simus
902 2700 1190 2756 duodenus
1212 2702 1585 2770 apostolorum
1615 2701 1857 2762 chorus;
1887 2717 1951 2753 ac
1976 2701 2120 2754 sicut
2143 2716 2287 2754 unus

706 2793 988 2857 Dominus,
1014 2809 1230 2862 unaque
1258 2793 1391 2847 ﬁdes
1413 2803 1467 2847 et
1487 2793 1654 2863 gloria
1675 2802 1731 2846 et
1755 2793 1926 2861 gratia
1952 2792 2063 2846 illis
2086 2792 2284 2853 inerat,

696 2883 777 2936 sic
807 2893 863 2936 et
896 2883 992 2951 ipsi
1028 2899 1195 2936 unum
1217 2883 1418 2938 Christi
1453 2898 1654 2952 corpus
1687 2883 2020 2936 exstiterunt
2047 2883 2148 2934 ’νε
2181 2883 2289 2936 sic-

694 2990 800 3043 que
825 2974 990 3027 unius
1014 2975 1154 3037 laus,
1177 2976 1485 3028 communis
1510 2975 1895 3028 universorum
1925 2973 2170 3027 laudatio
2191 2989 2288 3026 ex-

695 3065 877 3129 stitit,
903 3065 1364 3134 quemadmodum
1391 3067 1555 3120 etiam
1581 3065 1772 3119 eadem
1797 3080 1936 3135 pene
1966 3080 2158 3118 omnes
2180 3065 2289 3118 vir-

2387 1965 2592 2032 τρόπον
2634 1964 2865 2032 ἀλόγων,
2894 1966 3227 2035 ἀγνωμόνως
3273 1965 3374 2034 τῆς
3407 1965 3663 2033 τοιαύτης
3689 1965 3971 2033 μετάσχω-

2393 2075 2491 2126 μεν
2514 2057 2866 2126 εὐεργεσίαςο
2914 2056 3286 2128 πληρούμενοι
3333 2055 3390 2108 δὲ
3419 2055 3515 2108 τοῦ
3546 2054 3747 2118 ζῶντος
3778 2053 3972 2116 ὓδατος

2389 2150 2570 2212 ζῶσαν
2625 2151 2816 2203 θυσίαν
2838 2191 2853 2215 ,
2884 2151 3066 2218 ἁγίαν,
3118 2151 3216 2219 τὴν
3247 2150 3473 2218 λογικὴν
3505 2149 3660 2219 ἡμῶν
3687 2147 3964 2218 λατρείαν.

2385 2244 2466 2304 εἰς
2493 2242 2649 2309 λόγον
2676 2242 2967 2311 ἀποδῶμεν
2996 2243 3191 2312 τιμῆς·
3226 2242 3508 2312 προσεχῶς
3539 2241 3637 2310 μὲν
3692 2240 3789 2302 τὰς
3821 2241 3972 2307 εἰρη-

2389 2333 2555 2402 μένας
2598 2333 2900 2400 ζωογόνους
2935 2333 3283 2399 εὐλογοῦντες
3327 2334 3540 2403 πηγάςο
3569 2331 3636 2385 δι’
3678 2331 3859 2384 αὐτῶν
3909 2328 3968 2380 δὲ

2384 2427 2485 2494 τὴν
2518 2425 2727 2479 αἴνεσιν
2757 2426 2892 2496 πρὸς
2940 2427 3036 2497 τὴν
3073 2425 3534 2496 ζωαρχικωτὰτην
3566 2425 3661 2479 καὶ
3692 2425 3822 2495 μίαν
3858 2422 3969 2477 τῶν

2384 2518 2522 2570 ὅλων
2552 2519 2916 2588 ἀναφέροντες
2950 2521 3156 2589 πηγήν.

2481 2607 2811 2679 Ἀδιαίρετος
2846 2610 2946 2677 μὲν
2980 2609 3074 2662 οῦν
3119 2609 3258 2661 κατὰ
3310 2609 3471 2678 φύσιν
3503 2609 3596 2661 καὶ
3640 2608 3883 2677 ἄτμητος
3930 2609 3967 2679 ἡ

2384 2699 2492 2754 τῶν
2516 2701 2832 2754 ἀποστόλων
2873 2701 3188 2772 πανευαγὴς
3217 2701 3458 2764 δωδεκὰς
3482 2718 3496 2732 ’
3530 2702 3624 2754 καὶ
3669 2701 3860 2770 ὥσπερ
3887 2695 3972 2762 εἷς

2388 2794 2611 2864 Κύριος,
2645 2793 2702 2846 ἓν
2733 2793 2982 2863 Πνεῦμα,
3017 2793 3114 2864 μία
3154 2811 3216 2846 τε
3248 2793 3427 2856 πίστις
3468 2795 3562 2845 καὶ
3598 2792 3724 2856 δόξα
3757 2793 3850 2844 καὶ
3873 2793 3974 2860 χὰ-

2389 2901 2473 2954 ρις
2503 2886 2706 2950 αὐτοῖς,
2749 2885 2922 2949 οὕτως
2965 2886 3023 2937 ἒν
3069 2885 3230 2955 σῶμα
3282 2885 3519 2954 Χριστοῦ
3571 2886 3845 2952 πεφήνασι
3874 2883 3976 2936 καὶ

2386 2977 2562 3042 αὐτοὶ,
2593 2975 2736 3029 οὕτω
2764 2977 2857 3029 καὶ
2881 2977 2908 3030 ὁ
2935 2976 3030 3029 τοῦ
3074 2977 3190 3039 ἑνὸς
3223 2974 3411 3046 ὕμνος,
3451 2975 3628 3038 κοινὸς
3665 2975 3774 3027 τῶν
3834 2975 3977 3028 ὅλων

2387 3070 2555 3134 ἐστὶν,
2587 3069 2777 3140 ὥσπερ
2819 3071 2853 3140 ἡ
2908 3071 3034 3122 κατ’
3069 3069 3270 3140 ἀρετὴν
3321 3069 3672 3138 εὐδοκίμησις
3713 3068 3977 3120 ἁπάντων

696 3165 809 3211 tute
840 3159 1172 3211 claruerunt.
1207 3157 1344 3212 Cum
1400 3169 1580 3212 tamen
1612 3160 1881 3228 cujusque
1914 3159 2143 3212 seorsim
2179 3173 2269 3211 sa-

2388 3161 2572 3231 σχεδὸν
2593 3161 2627 3231 ἡ
2666 3162 2828 3230 αύτή.
2866 3161 3005 3214 Ἀλλ’
3032 3161 3205 3229 ὅμως,
3237 3159 3344 3212 ἰδία
3375 3158 3584 3212 τούτων
3616 3157 3848 3210 ἑκάστου
3873 3156 3978 3226 τὴν

693 3264 842 3302 cram
860 3249 1179 3303 memoriam
1197 3251 1564 3311 celebremus,
1584 3266 1646 3304 ac
1664 3251 1813 3303 velut
1835 3246 2280 3303 diversisChristi

695 3341 979 3405 membris,
1014 3343 1329 3410 personales
1352 3356 1542 3395 eorum
1577 3341 1946 3411 proprietates
1971 3340 2280 3411 distingua-

762 3543 808 3573 ’θ
845 3544 1014 3597 Exod.
1047 3561 1132 3598 xv.
1163 3544 1251 3599 27.

1328 3545 1542 3614 ".Psal.
1565 3560 1722 3606 LXHI,
1743 3546 1833 3598 27.

692 3613 760 3644 ⁷³⁵
776 3614 972 3682 Ephes.
1011 3630 1082 3678 tv,
1117 3615 1168 3670 5.

693 3827 788 3870 aut
815 3815 1083 3869 translatio
1112 3812 1270 3866 ﬁdem
1306 3813 1652 3881 astringeret,
1681 3813 1911 3882 ejusque
1947 3812 2039 3866 'rei
2089 3811 2275 3866 subsi-

692 3889 786 3940 dio
821 3887 1043 3938 all‘crret
1083 3889 1214 3948 (uno
1243 3883 1508 3936 duntaxat
1541 3883 1703 3936 allato
1754 3883 2036 3952 Dionysio,
2065 3898 2185 3951 cap.
2218 3882 2274 3945 5,

696 3958 770 4009 hc
799 3957 985 4009 divinis
1017 3955 1260 4016 nominA,
1285 3953 1386 4005 alia
1419 3952 1600 4005 omnia
1643 3964 2016 4013 monumenta,
2058 3963 2118 4006 ut
2161 3953 2275 4021 ipse

693 4028 840 4079 clare
897 4025 1184 4094 proﬁtetur
1237 4024 1287 4076 in
1339 4023 1685 4094 orationibus
1728 4022 1939 4091 pridem
1975 4023 2274 4094 Liponiano

695 4091 909 4156 Latine,
943 4094 1072 4146 mihi
1111 4102 1343 4160 utraque
1384 4093 1589 4160 lingua.
1628 4091 2036 4160 reprresentatis
2069 4092 2276 4146 auctis-

691 4181 820 4232 que.
851 4163 1004 4229 Quod
1041 4172 1217 4215 tainen
1270 4164 1387 4216 leve
1424 4161 1735 4231 prazsidiuni
1766 4162 1815 4215 ei
1866 4162 2010 4231 quod
2047 4176 2276 4232 praeser-

696 4231 790 4289 tim
828 4235 1092 4287 Maximus
1137 4233 1379 4302 Dionysii
1427 4232 1751 4285 scholiastes
1799 4232 2176 4302 gravissimus,
2209 4231 2278 4287 de

693 4305 948 4373 sepulcro
980 4302 1261 4373 Doininico
1283 4301 1548 4373 exponat,
1587 4303 1638 4354 in
1674 4302 1894 4373 quo_sic
1925 4301 2037 4356 vita
2087 4317 2279 4357 susce-

694 4371 810 4442 pta,
844 4389 906 4426 ac
930 4372 1076 4441 quod
1115 4373 1240 4426 inde
1271 4372 1568 4442 viviﬁcum,
1599 4372 1742 4442 quod
1780 4371 2123 4424 Dominicum
2155 4387 2280 4426 cor-

697 4440 798 4512 pus
850 4440 1202 4512 suscepisset,
1248 4444 1402 4510 isque
1463 4441 1589 4495 inde
1632 4440 1919 4512 triduauus
1967 4456 2278 4512 resurgens,

694 4511 854 4566 nobis
883 4511 1046 4565 vitam
1093 4512 1489 4580 incorruptam,
1521 4521 1574 4565 et
1621 4527 1727 4581 qua
1753 4511 1868 4581 ipse
1902 4511 2134 4581 prmivit,
2169 4512 2276 4565 iiii-

704 4584 909 4636 tiasset.
954 4582 1114 4636 Certe
1143 4583 1195 4634 in
1225 4596 1291 4633 co
1331 4581 1563 4635 maxime
1608 4581 1862 4634 elucebat
1893 4589 2279 4649 (poterantque

697 4654 1002 4720 intelligere
1025 4652 1258 4721 apostoli
1289 4651 1503 4718 virique
1551 4651 1859 4721 apostolici)
1902 4649 2280 4721 inﬁnitwrrvir-

695 4725 818 4774 tntis
853 4719 1154 4781 ἀσθένειαν,
1189 4733 1248 4775 ιιι
1287 4721 1487 4774 habent
1517 4736 1709 4774 omnes
1740 4719 1898 4773 codd.
1940 4720 2280 4774 imbecillita-

694 4803 820 4854 tem,
859 4808 989 4854 non,
1027 4792 1173 4860 quod
1217 4791 1399 4844 reddit
1447 4791 1611 4851 Bilil.,
1655 4793 1966 4860 potentiam,
2011 4790 2279 4860 quidquid

698 4863 918 4915 tandem
950 4862 1002 4913 in
1030 4859 1130 4914 suo
1160 4862 1283 4915 cod.
1328 4861 1605 4922 habuerit,
1658 4859 1747 4914 vel
1795 4859 1872 4914 illi
1916 4859 2228 4928 obrepserit
2264 4878 2277 4914 :

697 4933 812 4986 haec
848 4932 1108 4984 nimirum
1147 4932 1331 4984 divina
1367 4931 1691 4991 cxinanitio,
1716 4930 1926 4984 nobisa
1955 4928 2122 4984 Paulo
2142 4946 2278 4999 prie-

695 5001 893 5055 dicata.
939 5000 1106 5069 quue
1133 5001 1290 5064 adeo,
1318 5001 1363 5054 si
1393 5016 1497 5068 qua
1533 5001 1667 5054 ﬁdes
1703 5001 1864 5070 hujus
1892 5001 2158 5070 Dionysii,
2185 5001 2273 5055 cui

697 5072 833 5124 nihil
870 5087 1093 5126 necesse
1123 5072 1265 5124 istud
1302 5071 1368 5123 de
1395 5070 1575 5124 Μαι-ἰαὶ
1599 5071 1877 5138 exsequiis
1921 5070 2145 5133 addere,
2181 5085 2281 5123 eo-

696 5158 804 5210 que
835 5157 1057 5211 gravare
1081 5142 1226 5209 quod
1256 5140 1420 5194 nullis
1462 5150 1706 5193 veterum
1746 5141 2119 5211 monumentis
2145 5155 2281 5211 con-

700 5210 882 5275 sonat,
910 5211 1226 5280 respuitque
1267 5212 1378 5280 ipse
1407 5211 1603 5280 Baron.
1634 5226 1723 5263 an.
1746 5211 1834 5264 52.
1859 5210 1963 5264 Sed
2004 5210 2284 5280 hwcjusto

697 5283 877 5350 plura.
912 5281 990 5334 Ad
1026 5279 1150 5334 rein
1175 5279 1438 5334 nostrain.
1461 5279 1549 5334 Uti
1578 5280 1915 5349 Magdalena,
1949 5281 2029 5334 sic
2057 5279 2280 5350 queque

698 5369 818 5419 quae
852 5352 1126 5419 llierapoli
1163 5352 1394 5419 Philippi
1421 5351 1544 5403 ﬁliae
1581 5351 1822 5418 virgines
1845 5361 2281 5415 consenuerunt,

697 5432 752 5474 et
781 5423 853 5473 ibi
880 5423 1111 5489 sepulta:
1141 5431 1286 5483 sunt,
1318 5420 1420 5473 alia
1445 5435 1510 5472 ex
1551 5434 1714 5473 causa
1750 5419 1822 5473 ibi
1860 5419 2160 5490 hospitium
2184 5421 2281 5476 de-

699 5491 949 5559 legerint,
975 5507 1138 5560 quain
1185 5501 1240 5543 iit
1273 5500 1424 5559 patre
1456 5493 1791 5560 fruerentur,
1828 5491 1920 5560 qui
1957 5491 2097 5544 forte
2135 5490 2283 5545 diem

700 5562 933 5621 obierat.
967 5559 1025 5614 ut
1052 5570 1107 5615 ct
1139 5561 1420 5630 Philippus
1471 5559 1587 5628 ipse
1627 5559 1786 5628 primi
1825 5559 2038 5630 ordinis
2068 5571 2285 5630 aposto—

699 5632 805 5689 lus,
834 5641 1126 5699 antequam
1172 5631 1276 5684 illie
1302 5629 1354 5682 in
1398 5629 1579 5683 Asiam
1635 5631 1827 5698 pedem
1862 5629 2127 5685 inferrent
2164 5649 2175 5683 :
2205 5632 2286 5685 sic

700 5717 830 5753 vero
857 5699 1130 5769 Hierapoli
1164 5710 1586 5763 consummatus,
1622 5701 1840 5769 pietatis
1881 5700 2120 5753 ﬁdelium
2155 5700 2280 5766 fuit,

702 5778 758 5822 ut
788 5786 955 5840 prope
998 5769 1255 5840 Philippi
1299 5771 1569 5840 tumulum
1619 5771 1872 5840 religiose
1917 5771 2280 5839 deponerent,

701 5838 968 5912 quaiip‘sa:
1005 5838 1162 5896 inter
1175 5839 1352 5910 prima
1379 5838 1812 5896 Christianitatis
1845 5838 2050 5896 lumina
2092 5856 2284 5899 cense-

2389 3252 2541 3320 ίερὰν
2563 3251 2845 3314 τελοῦντες
2873 3250 3258 3321 μνημοσύνην,
3296 3253 3391 3304 καὶ
3420 3247 3509 3304 οἷα
3538 3249 3814 3318 διαφόροις
3839 3249 3979 3317 Χρι-

2387 3340 2514 3394 στοῦ
2544 3339 2754 3411 μέλεσι,
2783 3340 2883 3404 τὰς
2909 3340 3050 3394 κατὰ
3081 3341 3180 3410 τὴν
3208 3339 3506 3394 ὑπόστασιν
3551 3338 3737 3393 αὐτῶν
3771 3337 3979 3408 ἰδιότη-

1942 3544 1978 3575 ¹⁶
2009 3543 2147 3599 Psal.
2181 3559 2280 3610 xu,

2431 3543 2478 3575 "
2504 3541 2645 3598 Psal.
2676 3558 2829 3596 cxva
2859 3542 2912 3597 5.
2968 3541 3039 3573 "‘
3067 3541 3319 3606 Joan.'iv,
3349 3541 3437 3596 10.
3506 3539 3552 3572 ’³
3586 3541 3746 3595 Rom.
3789 3555 3886 3603 xu,
3923 3542 3978 3596 ι.

2386 3821 2690 3892 rentur,_et
2739 3828 2972 3882 quarum
3017 3813 3071 3892 in
3127 3811 3413 3892 Scriptura
3441 3821 3779 3892 consecrata
3827 3824 3984 3892 esset

2385 3885 2685 3946 memoria;
2726 3881 2957 3951 quarum
3016 3883 3146 3952 ipsa;
3187 3881 3388 3951 prioris
3441 3881 3980 3952 haliitationisﬂtedi-

2384 3953 2521 4006 cuia:
2549 3951 2808 4007 Ciesarcze
2838 3951 3249 4007 venerationem
3280 3952 3573 4014 haberent,
3603 3967 3739 4019 quas
3775 3951 3982 4005 Hiero-

2385 4039 2582 4093 nymus
2605 4022 2929 4093 cumiPaula
2976 4031 3267 4093 exstantes
3294 4022 3489 4093 adhuc
3532 4022 3805 4093 inviserit.
3847 4023 3983 4078 Hinc

2385 4091 2526 4146 forte
2560 4093 2710 4162 justo
2738 4092 2934 4145 fusius.
2965 4091 3311 4162 Ununirmihi
3349 4091 3494 4144 istud
3539 4092 3834 4145 observare
3869 4108 3980 4160 po-

2388 4161 2572 4216 tuisse
2601 4163 2654 4216 in
2686 4177 2788 4216 suo
2814 4162 3055 4216 Eusebio
3084 4161 3304 4214 videtur
3340 4162 3424 4214 vir
3461 4162 3512 4214 in
3551 4177 3619 4216 eo
3661 4163 3982 4216 versatissi-

2385 4248 2528 4295 inus,
2555 4233 2635 4286 sic
2667 4247 2792 4284 eum
2839 4231 3124 4287 historiam
3158 4231 3461 4300 primorum
3507 4231 3726 4284 illorum
3758 4239 3981 4297 tempo-

2383 4319 2508 4356 rum
2539 4304 2802 4364 texuisse,
2834 4311 2894 4355 ut
2924 4302 2973 4355 ei
3009 4301 3274 4355 duntaxat
3321 4301 3612 4364 insereret,
3632 4316 3753 4370 qure
3786 4301 3870 4354 vel
3904 4317 3977 4355 ex

2386 4372 2696 4442 Scriptura,
2725 4375 2809 4426 vel
2839 4387 2905 4425 ex
2931 4375 3098 4426 certis
3131 4371 3536 4442 theologorum,
3573 4386 3712 4439 quos
3759 4371 3977 4442 laudat,

2385 4440 2758 4496 monumentis
2797 4443 3044 4503 haberet,
3097 4457 3205 4494 non
3240 4457 3362 4506 qua:
3393 4441 3476 4494 vel
3515 4440 3655 4494 fama
3683 4441 3976 4510 vulgaret,

2387 4513 2474 4566 vel
2519 4513 2747 4566 incertis
2788 4513 3110 4566 auctoribus
3153 4512 3465 4579 conscripta
3520 4519 3816 4564 exstarent.
3847 4513 3980 4575 Quo

2385 4581 2590 4636 factum
2630 4591 2708 4641 ut,
2743 4583 2923 4636 tacitis
2949 4582 3113 4635 rebus
3143 4581 3329 4636 Jacobi
3353 4581 3582 4649 Alphari,
3615 4581 3669 4634 in
3699 4580 3864 4633 rebus
3881 4581 3984 4635 Ja-

2383 4652 2506 4706 cobi
2557 4652 2744 4706 l'ratris
2785 4652 3001 4706 Domini
3049 4660 3294 4704 moratus
3352 4650 3457 4713 sit,
3505 4666 3572 4703 ex
3621 4665 3731 4718 quo
3775 4665 3978 4720 parum

2388 4721 2588 4785 cautis,
2637 4723 2777 4776 alter
2815 4722 2972 4776 alteri
3016 4721 3371 4783 substitutus,
3409 4731 3827 4790 eapunctusque
3871 4721 3977 4789 qui

2389 4807 2518 4846 vere
2543 4793 2824 4862 apostolus
2855 4803 2911 4846 et
2941 4793 3132 4861 major,
3165 4791 3310 4862 quod
3342 4790 3411 4844 de
3451 4790 3742 4862 duodecim
3770 4807 3784 4843 :
3823 4806 3980 4845 unus

2383 4861 2636 4916 servatus
2679 4863 2774 4929 qui
2822 4878 2890 4916 ex
2923 4861 3300 4931 Septuaginta,
3338 4861 3484 4930 quod
3530 4862 3651 4928 ejus
3699 4875 3806 4922 res,
3845 4876 3978 4931 non

2384 4932 2534 4986 illius
2594 4932 2880 5002 scripserit
2930 4930 3305 5002 llegesippus,
3351 4946 3527 4999 exque
3573 4931 3668 4983 illo
3717 4930 3983 5002 retulerit.

2383 5002 2676 5057 Eusebius.
2710 5001 2825 5055 ’Vel
2881 5001 3026 5070 ergo
3067 5017 3296 5054 summa:
3373 5002 3679 5055 oscitantiae
3733 5001 3976 5055 notandi

2379 5071 2578 5144 Clein.,
2613 5072 2921 5144 Polycrati
2951 5071 3166 5144 Papias,
3220 5071 3317 5139 qui
3365 5087 3501 5144 quas
3556 5070 3837 5144 Scriptura
3893 5072 3984 5126 sic

2389 5143 2566 5212 palam
2603 5141 2741 5212 ﬁlias
2786 5142 3038 5210 Philippo
3086 5141 3181 5195 dat
3225 5141 3597 5212 evangelista,
3639 5141 3731 5193 uni
3770 5157 3986 5212 exse-

2383 5211 2856 5335 Etcm,:dederint
2878 5213 3155 5293 Philippo,
3180 5212 3274 5265 uni
3308 5227 3375 5265 ex
3401 5211 3714 5293 duodecim,
3742 5211 3825 5263 vel
3855 5211 3987 5291 ipse

2430 5284 2675 5335 usebius.
2707 5299 2822 5335 oui.
2882 5285 3068 5335 relatis
3106 5296 3298 5335 eorum
3337 5291 3689 5335 testimoniis.
3722 5280 3789 5334 de
3835 5281 3982 5334 Plii—

2411 5283 2675 5344 iusebius,
2707 5283 2822 5352 qui,
2882 5280 3074 5336 relatis
3106 5296 3298 5335 eorum
3337 5281 3689 5352 testimoniis,
3722 5280 3790 5352 de
3835 5281 3982 5334 Plii—

2382 5353 2533 5421 lippo
2561 5351 2966 5422 primiordinis
2995 5352 3270 5421 apostolo,
3303 5351 3617 5422 subdiderit
3642 5351 3797 5422 quasi
3829 5365 3986 5422 con-

2383 5420 2710 5476 liriiiationis
2737 5437 2901 5476 causa
2933 5420 3111 5475 locum
3159 5422 3419 5475 Actorum
3452 5422 3521 5476 de
3564 5420 3802 5489 Philippi
3851 5421 3990 5474 dia-

2383 5493 2508 5546 coni
2536 5493 2773 5546 ﬁliabus.
2799 5491 2955 5558 Quod
2987 5508 3113 5545 cuni
3148 5491 3350 5544 durum
3397 5493 3466 5544 sit
3511 5491 3824 5551 admittere,
3858 5506 3992 5543 nia-

2383 5562 2478 5616 lim
2536 5561 3029 5631 ChristOphiirsoni
3088 5573 3212 5631 post
3280 5562 3537 5615 Iiuﬁnum
3593 5559 3986 5615 emendationi

2383 5641 2761 5713 stare,_qtiam
2806 5633 3023 5686 Valesio
3059 5647 3268 5713 morem
3313 5631 3986 5713 gerere.__llieronymu_s.

2384 5711 2444 5755 ut
2477 5703 2582 5756 sibi
2617 5700 2737 5772 ipse
2769 5719 2878 5756 non
2911 5700 3435 5764 committatur,'alii
3486 5700 3732 5753 viderint
3763 5717 3777 5751 :
3815 5708 3987 5772 certe

2384 5772 2509 5843 aliis
2547 5771 2712 5826 etiam
2761 5773 2899 5826 locis
2951 5789 3146 5843 parum
3191 5772 3276 5826 sui
3317 5786 3650 5843 memorem,
3694 5771 3992 5826 contraria

2380 5841 2630 5899 locutum
2662 5843 2836 5913 liquet
2861 5860 2876 5908 ;
2905 5841 3028 5914 qua:
3057 5859 3170 5900 non
3195 5851 3281 5901 est
3314 5841 3556 5899 instituti
3585 5855 3804 5912 urgere.
