4180 6434
199 418 292 482 ιω

935 411 1216 472 ORATIO
1251 409 1354 470 1X.
1384 432 1449 444 -
1472 407 1552 468 ΙΝ
1592 406 1899 468 LAUDEM
1941 409 2000 467 S.
2044 409 2379 470 PHILIPPI
2414 410 2664 469 APOST.

3321 413 3426 479 170

196 550 284 594 τας
328 525 708 597 ἀφοριζόμενοι
735 565 750 588 ,
785 522 928 584 ἰδίως
960 523 1174 590 ἑκάστῳ
1215 523 1308 575 καὶ
1333 519 1425 572 τὸν
1467 519 1622 586 λόγον
1645 518 1746 587 τῆς
1775 525 1815 574 Α
1846 533 1970 571 mus

1846 533 1990 580 mus,
2026 520 2246 587 proprie
2281 518 2444 573 etiam
2497 521 2696 588 cuique
2728 519 3083 576 laudatoriam
3113 524 3420 580 orationem

197 622 461 690 εὐφημίας
491 617 864 686 ἀποδώσομεν.

269 713 347 773 l‘i;
391 711 485 763 οὖν
519 710 696 762 αὐτῶν
746 711 892 762 ἔστιν
916 708 946 760 6
975 707 1070 760 νῦν
1099 707 1190 760 τὸν
1231 709 1388 777 λόγον
1430 711 1566 778 ἡμῖν
1610 707 1749 778 πρὸς

195 805 286 874 τὴν
319 804 525 855 οἰκείαν
553 801 829 871 εὐφημίαν
865 799 1215 869 ξεναγαγὼν;
1248 801 1344 864 Τίς
1374 803 1402 853 6
1430 800 1570 870 μετὰ
1601 800 1750 869 πρῶ-

198 911 280 946 τον
320 893 483 946 ὕπνον
537 892 696 954 εὐθὺς
749 891 841 960 ἀφ’
879 892 1114 962 ἑσπέρας
1145 892 1314 962 αὐτῆς
1358 891 1614 957 ἁνιστῶν,
1657 890 1751 943 καὶ

199 990 288 1055 τὴν
311 987 568 1058 ὀκνηρίαν
605 983 1113 1055 ἀποσκευαζόμενος
1141 985 1248 1038 τῶν
1282 986 1491 1054 ψυχῶν,
1542 986 1634 1039 καὶ
1658 988 1752 1038 ἄλο

199 1080 279 1130 λον
325 1077 618 1146 ἀλλαχόθεν
652 1076 791 1147 πρὸς
822 1077 946 1140 τοὺς
989 1076 1097 1129 τῶν
1130 1077 1301 1145 ἁγίων
1339 1077 1518 1140 οἴκους
1575 1079 1750 1146 ἱεροὺς

201 1171 480 1239 συγκινῶν,
514 1171 610 1221 καὶ
641 1169 779 1238 πρὸς
809 1168 1115 1236 δοξολογίαν
1145 1169 1296 1222 θείαν
1328 1169 1751 1239 προθυμοποιῶν

200 1264 283 1316 καὶ
310 1262 628 1334 ἁναπτερῶν
653 1279 668 1325 ;
703 1262 774 1313 Ἦ
808 1263 938 1315 πᾶσι
967 1260 1123 1330 δῆλον
1142 1304 1157 1326 ,
1191 1264 1266 1324 ὡς
1294 1262 1323 1314 ὁ
1348 1262 1530 1330 μέγας
1562 1262 1752 1315 Φίλιπ-

199 1373 288 1417 πος
310 1356 405 1424 τὴν
427 1355 592 1406 αὐτοῦ
624 1355 863 1424 σήμερον
895 1353 1155 1407 ἐσάλπισε
1187 1354 1432 1424 μνήμην,
1458 1356 1552 1408 καὶ
1575 1355 1754 1416 πάσας

196 1453 248 1500 ἐν
274 1449 407 1516 αὐτῇ
461 1447 568 1498 τῶν
602 1446 845 1499 εὐσεϐῶν
893 1447 1190 1514 ἐκκλησίας
1245 1448 1383 1517 πρὸς
1430 1447 1590 1511 δόξαν
1616 1447 1752 1502 Θεοῦ

199 1541 494 1609 συγκροτεῖ.
526 1532 628 1591 υἷα
658 1538 714 1589 δὲ
739 1537 840 1606 τὴν
869 1537 1133 1607 πολυτελῆ
1165 1539 1487 1593 πανδαισίαν
1520 1541 1614 1593 καὶ
1654 1558 1755 1611 μυ-

198 1632 393 1700 στικὴν,
424 1630 496 1682 τὰ
523 1631 698 1682 οἰκεῖα
730 1630 829 1698 τῆς
860 1630 1060 1699 ἀρετῆς
1106 1630 1574 1701 ἀνδραγαθήματα
1621 1648 1756 1702 προ-

196 1722 528 1789 ϐαλλόμενος,
555 1720 764 1783 τούτοις
795 1719 1061 1782 δεξιοῦται
1089 1721 1215 1783 τοὺς
1240 1721 1404 1773 αὐτοῦ
1431 1722 1754 1791 δαιτυμόνας

197 1818 279 1868 καὶ
307 1816 564 1886 ἐραστάς.
588 1816 876 1876 Φίλιππος,
911 1815 939 1866 6
977 1814 1230 1876 ἐκλεκτὸς
1266 1813 1359 1865 καὶ
1408 1813 1632 1882 δόκιμος
1661 1813 1755 1866 καὶ

198 1907 373 1969 πιστὸς
392 1906 560 1965 ὅντως
583 1905 677 1957 τοῦ
709 1906 882 1971 Λόγου
920 1903 1189 1973 μαθητὴς,
1222 1904 1250 1956 6
1282 1904 1371 1956 τὸν
1403 1904 1751 1974 περιώνυμον

195 2000 282 2068 τῆς
313 1998 606 2058 δωδεκάδος
655 1997 814 2066 χορὸν
847 1995 1218 2065 συμπληρῶνο
1252 1997 1280 2048 6
1311 1997 1489 2064 τίμιος
1521 1995 1686 2060 λίθος,
1722 1999 1750 2049 6

196 2089 481 2154 πάγκαλος,
525 2089 552 2140 6
577 2092 909 2155 πανῶραιος,
939 2087 968 2138 6
1014 2087 1262 2157 διαυγὴς,
1294 2089 1321 2138 6
1347 2089 1685 2157 χρυσοειδὴς,
1716 2090 1749 2159 ἢ

195 2181 522 2248 χριστοειδής
543 2196 559 2211 ο
600 2183 628 2232 6
666 2179 947 2248 λαμπραῖς
980 2179 1162 2230 ἀκτῖσι
1198 2181 1297 2246 τῆς
1329 2181 1547 2248 χάριτος
1579 2178 1750 2248 ὑπερ-

195 2272 328 2337 φυῶς
358 2272 757 2341 διηνθισμένος.
803 2270 1090 2333 Φίλιππος,
1118 2271 1146 2320 6
1176 2270 1329 2322 κάτω
1365 2271 1462 2338 μὲν
1493 2270 1748 2338 πατρίδα,

193 2363 280 2431 τὴν
312 2362 584 2429 Βηθσαῖδὰ
610 2402 625 2425 ,
655 2361 811 2412 πόλιν
867 2359 1117 2427 Ἀνδρέου
1169 2361 1261 2411 καὶ
1293 2360 1500 2430 Πέτρου
1534 2358 1713 2428 λαχών
1733 2375 1748 2391 ο

197 2455 296 2506 ἄνω
337 2455 392 2506 δὲ
440 2455 541 2525 τὴν
605 2453 936 2524 μητρόπολιν
989 2452 1169 2520 αὐχῶν
1227 2451 1600 2524 Ἰερουσαλὴμ,
1652 2453 1751 2524 τὴν

194 2546 436 2615 οὐρανίαν
489 2547 588 2599 καὶ
643 2546 858 2613 ζῶσαν,
914 2547 1008 2602 καὶ
1067 2547 1404 2601 ἁκατάλυτον
1463 2547 1616 2600 πόλιν
1657 2546 1750 2598 τοῦ

195 2638 335 2693 Θεοῦ.

250 2910 416 2972 Οὗτος
461 2907 557 2962 οὖν
599 2911 628 2960 6
659 2910 1202 2979 τρισμακαριώτατος
1231 2909 1392 2978 ἀνὴρ,
1441 2907 1630 2975 ῶσπερ
1658 2906 1750 2960 τοῦ

191 2999 340 3052 αὐτοῦ
370 3001 566 3068 γένους
599 3001 696 3052 καὶ
733 3000 831 3068 τῆς
865 3001 1033 3068 αὐτῆς
1082 2999 1340 3069 πατρίδος
1389 2997 1500 3052 τῶν
1533 2998 1751 3067 ὑψηλῶν

191 3093 438 3162 ἐτύγχανε
483 3093 768 3162 μαθητῶν,
801 3091 943 3145 οὓτω
975 3094 1070 3145 καὶ
1097 3091 1320 3160 γνώμης
1349 3091 1427 3144 ὢν
1450 3091 1551 3158 τῆς
1581 3092 1750 3162 αὐτῆς

1854 609 2176 664 reddamus.

1919 700 2054 764 Quis
2081 700 2248 769 igitur
2280 715 2345 755 ex
2377 711 2594 756 sacrato
2626 702 2720 756 illo
2749 719 2979 759 numero
3005 713 3109 768 est,
3138 706 3232 774 qui
3263 707 3425 762 nobis

1852 791 2340 861 impraesentiarum
2385 794 2452 847 ad
2495 809 2622 849 suas
2666 794 3051 865 depangendas
3097 797 3289 853 laudes
3322 814 3427 853 no-

1850 893 2018 938 stram
2069 885 2376 939 orationem
2418 885 2645 940 ductat?
2686 885 2820 952 Quis
2872 887 2964 942 ille
3003 890 3098 957 qui
3127 891 3216 945 vix
3246 891 3426 961 primo

1852 991 2044 1030 somno
2072 977 2360 1047 degustato
2395 977 2464 1031 ab
2495 978 2612 1046 ipsa
2644 980 2829 1033 statim
2861 995 3092 1052 vespera
3120 983 3272 1051 iubet
3302 1000 3426 1038 sur-

1853 1082 2001 1138 gere,
2025 1068 2365 1138 decussaque
2387 1068 2696 1123 animorum
2718 1072 2967 1140 segnitie.
2992 1074 3121 1128 hinc
3144 1074 3269 1130 inde
3291 1076 3427 1131 alios

1854 1161 2098 1230 aliosque
2132 1163 2197 1216 ad
2235 1173 2553 1217 sanctorum
2581 1162 2728 1216 mdes
2758 1178 2940 1217 sacras
2968 1165 3227 1229 concitat,
3264 1179 3428 1236 atque

1854 1252 1920 1305 ad
1949 1253 2162 1307 divinas
2185 1254 2385 1308 animis
2405 1256 2612 1310 alacres
2631 1255 2793 1325 erigit
2818 1255 3028 1320 laudes,
3053 1272 3115 1312 ac
3141 1258 3290 1313 velut
3311 1259 3427 1316 alas

1854 1345 2050 1400 addit?
2089 1348 2284 1400 Annon
2309 1346 2567 1400 omnibus
2590 1347 2781 1416 liquet,
2812 1363 3074 1416 magnum
3111 1351 3426 1421 Philippum

1853 1439 2001 1492 velut
2032 1441 2317 1507 clangente
2352 1439 2483 1493 tuba
2527 1455 2681 1494 suam
2728 1440 2893 1496 hodie
2920 1442 3183 1498 indixisse
3215 1460 3425 1500 memo-

1857 1531 2013 1595 riam,
2049 1542 2382 1602 cunctasque
2419 1534 2473 1588 in
2503 1546 2568 1587 ea
2598 1533 2816 1602 piorum
2851 1546 3062 1590 mentes
3104 1537 3172 1591 ad
3203 1537 3298 1592 Dei
3330 1553 3425 1593 co-

1855 1634 1980 1686 gere
2019 1620 2276 1687 gloriam,
2313 1621 2597 1690 ipsumque
2644 1621 2790 1676 haud
2835 1637 2993 1678 secus
3023 1639 3088 1678 ac
3115 1626 3282 1696 dapes
3311 1627 3429 1680 lau-

1859 1710 2092 1766 tissimas
2133 1721 2296 1781 atque
2331 1714 2608 1783 mysticas,
2653 1715 2911 1783 praeclara
2937 1731 3034 1770 sua
3059 1729 3425 1786 apponentem

1856 1801 2073 1855 virtutis
2091 1803 2353 1867 facinora;
2384 1805 2469 1858 his
2502 1820 2632 1858 suos
2667 1807 3064 1877 przemagniﬁce
3082 1809 3341 1865 convivas
3363 1827 3428 1866 ac

1856 1903 2130 1948 amatores
2159 1896 2458 1964 excipere?
2486 1897 2799 1967 Philippum
2848 1915 3066 1970 nempe,
3092 1901 3329 1958 electum
3363 1904 3429 1958 il-

1853 1986 1986 2048 lum,
2020 1987 2314 2056 probatum
2349 2005 2414 2043 ac
2468 2005 2598 2044 vere
2629 1990 2844 2045 ﬁdelem
2873 1992 3041 2049 Verbi
3069 1996 3426 2067 discipulum,

1852 2079 2216 2135 clarissimum
2240 2083 2391 2136 illum
2422 2084 2788 2152 complentem
2814 2085 3131 2141 duodenum
3155 2088 3382 2144 chorum
3407 2108 3420 2144 :

1851 2173 2083 2242 lapidem
2105 2177 2428 2244 pretiosum,
2450 2176 2937 2245 elegantissimum,
2967 2179 3421 2249 pulcherrimum,

1851 2266 2206 2334 pellucidum,
2227 2268 2411 2322 aureis
2433 2271 2722 2325 micantem
2747 2269 3073 2341 fulgoribus,
3090 2288 3186 2328 seu
3204 2276 3425 2330 Christo

1852 2358 2119 2422 similem;
2147 2360 2452 2427 splendidis
2476 2363 2667 2431 gratire
2702 2365 2870 2418 radiis
2901 2367 3304 2434 preemagnitice
3335 2368 3425 2421 in-

1852 2451 2198 2506 terstinctum
2244 2463 2409 2522 atque
2447 2454 2768 2521 ﬂorentem;
2806 2457 3139 2526 Philippum,
3181 2458 3422 2528 inquam,

1853 2543 1908 2597 in
1947 2544 2110 2599 terris
2161 2547 2384 2616 quidem
2430 2547 2723 2604 ﬁcthsaida
2770 2557 2993 2604 nactum
3023 2549 3273 2620 patriam,
3307 2551 3425 2606 An-

1851 2634 1998 2690 dreae
2026 2647 2080 2690 et
2127 2637 2275 2692 Petri
2329 2639 2640 2706 civitatem;
2669 2640 2764 2695 sed
2797 2642 2890 2711 qui
2922 2642 2978 2697 in
3007 2641 3183 2704 cmlis,
3207 2643 3429 2699 Jerusa-

1852 2725 1955 2779 lem
1990 2729 2198 2782 cmlesti
2247 2729 2478 2798 vivaque
2507 2731 2821 2800 metropoli,
2888 2732 3282 2804 iusoluhilique
3327 2735 3425 2791 Dei

1853 2818 2072 2874 civitate
2097 2821 2385 2889 glorietur.

1929 2911 2030 2967 llic
2066 2914 2250 2984 itaque
2294 2916 2377 2969 vir
2401 2925 2484 2970 ter
2511 2916 2885 2978 beatissimus,
2928 2918 3004 2972 uti
3040 2918 3232 2972 eadem
3275 2929 3426 2974 satus

1851 3006 2122 3075 prosapia,
2167 3007 2469 3077 eademque
2499 3019 2660 3063 natus
2693 3009 2867 3078 patria
2895 3025 2958 3064 ac
2989 3011 3229 3079 praecelsi
3261 3011 3428 3067 disci-

1852 3096 1987 3164 puli,
2016 3096 2096 3150 sie
2119 3097 2364 3166 ejusdem
2397 3113 2614 3167 quoque
2660 3099 2826 3152 animi
2877 3113 2941 3153 ac
2986 3101 3269 3154 sententiae
3298 3116 3424 3155 eum

189 3183 272 3234 καὶ
296 3184 559 3246 διανοίας,
592 3185 685 3234 καὶ
717 3183 852 3252 πρὸς
889 3183 978 3234 τὸν
1012 3183 1142 3234 Θεὸν
1172 3183 1229 3234 δὲ
1265 3181 1623 3250 συνειδήσεως
1652 3182 1746 3234 καὶ
1773 3205 1817 3263 c
1849 3202 1966 3241 esse

1849 3196 2013 3250 esset,
2045 3187 2134 3240 ubi
2163 3197 2371 3242 tantum
2399 3188 2584 3243 Jesum
2615 3189 2942 3252 invenisset;
2971 3189 3102 3257 quin
3127 3191 3306 3260 potius
3328 3192 3424 3246 illo

186 3274 425 3340 γνώσεως
469 3275 571 3342 τῆς
612 3274 800 3342 αὐτῆς,
835 3273 908 3334 ὡς
954 3274 1113 3342 μόνον
1163 3274 1326 3326 αὐτὸν
1353 3268 1478 3342 εὗρε
1501 3273 1594 3325 τὸν
1645 3273 1748 3343 Ἰη-

187 3364 299 3418 σοῦν
323 3384 337 3396 ·
377 3366 583 3436 μᾶλλον
612 3365 668 3418 δὲ
704 3365 892 3417 τοῦτον
931 3367 959 3417 6
993 3365 1196 3434 Κύριος
1226 3364 1421 3435 εὑρὼν,
1466 3366 1746 3419 Ἀκολού-

184 3465 258 3510 θει
279 3477 400 3527 μοι,
424 3459 718 3528 προσεῖπε,
753 3457 930 3526 πάσης
979 3457 1181 3518 εὐθέως
1214 3457 1479 3526 ῥήγνυται
1508 3457 1746 3526 σχέσεως

183 3550 492 3620 σωματικῆς
512 3567 529 3584 ο
566 3550 745 3618 πάσης
767 3566 830 3600 πε
841 3550 1121 3619 ρικοσμίου
1145 3547 1517 3617 προσπαθείας
1533 3549 1745 3618 ἁθρόως

181 3641 480 3704 ἀπολυθεὶς,
523 3642 659 3708 πρὸς
694 3641 1060 3709 ὑπερκόσμιον
1095 3641 1394 3709 ἐπιθυμίαν
1451 3641 1741 3710 ἀνεφλέγη.

189 3734 486 3800 Ὴθέλησε,
519 3733 704 3801 φησὶν,
742 3735 776 3785 ὀ
818 3734 1054 3798 Ἰησοῦς
1077 3733 1350 3797 ἐξελθεῖν
1377 3737 1463 3799 είς
1497 3734 1610 3799 τὴν
1631 3737 1745 3786 Γα-

177 3826 408 3878 λιλαίαν
433 3841 448 3854 ⁸
483 3827 586 3878 καὶ
613 3825 876 3892 είςρίσκει
907 3825 1224 3888 Φίλιππον,
1250 3825 1345 3878 καὶ
1362 3827 1524 3893 λέγει
1550 3824 1708 3888 αὐτῷ
1728 3841 1741 3854 ο

186 3918 524 3972 Ἀκολούθει
555 3935 675 3985 μοι.
714 3915 788 3969 Οὐ
832 3917 1056 3986 μακρῶν
1082 3918 1270 3987 ἐδέησε
1305 3919 1440 3987 πρὸς
1482 3917 1580 3986 τὴν
1609 3917 1738 3987 κλῆ-

177 4027 248 4062 σιν
271 4012 658 4081 παραινέσεων
675 4027 690 4040 ·
717 4011 779 4062 οὐ
808 4011 1088 4079 προέτεινε
1110 4010 1319 4078 δωρεάς
1340 4026 1353 4040 ⁸
1387 4012 1484 4080 οὐχ
1515 4011 1744 4080 ὑποσχέ-

175 4120 297 4156 σεων
328 4107 562 4174 μνήμην
615 4106 940 4174 ἐποιήσατοο
993 4104 1055 4156 οὐ
1104 4105 1328 4174 μισθους
1372 4104 1472 4172 τῆς
1515 4105 1741 4157 ἀκολου-

174 4195 369 4264 θήσεως
399 4197 768 4265 προύϐάλετο.
812 4195 925 4248 Ἑνὶ
967 4198 1172 4266 ῥήματι
1205 4197 1351 4266 μόνῳ
1394 4196 1532 4265 πρὸς
1570 4197 1735 4264 μαθη-

172 4289 305 4340 τείαν
333 4288 721 4348 ἐπεσπάσατο,
769 4288 1109 4342 Ἀκολούθει
1157 4306 1278 4356 μοι,
1324 4289 1416 4339 καὶ
1439 4287 1516 4356 τῷ
1551 4288 1742 4357 βραχεῖ

172 4378 328 4449 τούτῳ
351 4381 571 4451 ῥήματι
603 4379 802 4446 φίλτρα
826 4378 1025 4445 γονέων
1052 4378 1214 4441 εὐθὺς
1240 4377 1405 4446 ἔσϐη·
1439 4379 1736 4445 συγγενῶν,

173 4469 342 4534 φίλων,
371 4469 601 4521 οἰκείων
643 4469 933 4530 διαθέσεως
967 4468 1260 4538 ὲπελήσθη,
1301 4469 1394 4521 καὶ
1428 4469 1613 4538 κτῆμα
1647 4470 1738 4521 καὶ

1848 3277 2112 3330 Dominus
2156 3279 2410 3342 invento,
2455 3277 2682 3348 Sequere
2727 3295 2805 3331 me
2845 3280 3109 3344 dixisset,
3159 3279 3227 3334 ab
3271 3282 3424 3336 omni

1847 3370 2028 3423 statim
2081 3371 2351 3439 corporali
2402 3370 2663 3439 abreptus
2690 3372 3117 3436 necessitudine,
3161 3374 3424 3444 omnique

1848 3473 2072 3532 repente
2110 3465 2322 3518 solutus
2373 3476 2588 3519 terrena
2625 3464 2934 3530 aﬂectione,
2975 3467 3424 3536 supramundana

1847 3555 2147 3622 cupiditate
2174 3556 2396 3610 exarsit.
2427 3555 2618 3618 Voluit,
2645 3557 2840 3626 inquit.
2870 3557 3022 3611 Iesus
3043 3559 3252 3614 exirein
3276 3559 3426 3616 Gali-

1849 3645 2025 3707 la’am,
2049 3655 2096 3697 et
2115 3645 2312 3698 invenit
2347 3645 2670 3714 Philippum,
2691 3656 2738 3698 et
2756 3646 2880 3699 dicit
2899 3647 2966 3710 ei,
2996 3646 3220 3718 Sequere
3242 3665 3322 3703 me
3350 3651 3419 3704 ⁷⁸.

1844 3735 1961 3788 Non
2002 3736 2211 3804 prolixa
2263 3735 2646 3791 adhortatione
2671 3747 2728 3790 ut
2757 3737 2802 3790 is
2828 3739 3042 3797 vocanti
3079 3740 3423 3810 obtempera-

1847 3837 1946 3891 ret,
1979 3829 2213 3895 indiguit
2246 3847 2260 3882 :
2291 3844 2396 3883 non
2445 3845 2671 3884 munera
2722 3831 2922 3885 obtulit
2955 3849 2968 3884 :
3002 3847 3110 3886 non
3146 3833 3420 3902 pollicita-

1845 3922 2058 3976 tionum
2091 3925 2411 3978 memoriam
2456 3925 2663 3994 injecit,
2697 3941 2809 3979 non
2839 3926 3148 3980 mercedem
3185 3942 3250 3981 ac
3280 3943 3422 3998 prae-

1844 4017 1952 4069 mia
1984 4015 2071 4069 his
2091 4016 2183 4084 qui
2219 4027 2584 4084 sequerentur
2601 4016 2806 4080 dedita,
2849 4016 2902 4070 in
2925 4017 3167 4072 medium
3210 4018 3415 4074 attulit.

1842 4108 1963 4162 Uno
1995 4109 2258 4163 duntaxat
2283 4108 2361 4163 illi
2391 4108 2581 4168 verbo.
2627 4107 2854 4179 Sequere
2899 4126 3000 4174 me,
3033 4110 3138 4165 sibi
3167 4111 3417 4181 discipu-

1843 4202 1954 4254 lum
1987 4201 2227 4266 addixit;
2274 4201 2536 4269 brevique
2571 4201 2672 4255 hac
2700 4201 2892 4256 vocula
2916 4211 3200 4270 parentum
3235 4203 3419 4257 statim

1843 4295 2044 4348 amoris
2095 4294 2204 4348 vim
2236 4295 2515 4349 exstinxit.
2552 4295 2944 4364 Cognatornm,
2974 4297 3298 4359 amicorum,
3323 4313 3420 4351 ne-

1841 4387 2203 4442 cessariorum
2220 4387 2424 4442 oblitus
2441 4387 2745 4441 all'ectionis
2760 4395 2842 4442 est
2875 4387 3124 4457 :przedia,
3149 4389 3418 4457 pecuniae,

1841 4480 2127 4550 omnisque
2147 4482 2270 4534 vitae
2289 4489 2506 4550 spretus
2529 4490 2855 4550 apparatus;
2886 4481 3119 4535 carnalis
3138 4482 3319 4536 omnis
3345 4482 3416 4536 li-

170 4565 362 4633 χρῆμα,
423 4565 527 4616 καὶ
571 4564 720 4615 πᾶσα
769 4560 864 4614 τοῦ
912 4561 1026 4631 βίου
1081 4563 1438 4631 παραφαῦλον
1489 4562 1737 4631 ἐλογίσθη
1771 4543 1814 4597 D
1844 4569 1974 4624 bido

1846 4569 1975 4624 bido
2003 4543 2266 4641 elanguit,
2297 4543 2630 4641 germenque
2661 4571 2812 4625 aliud
2843 4543 3130 4648 amicitiai,
3162 4587 3227 4627 ac
3264 4587 3418 4627 amor

171 4657 501 4723 κατασκευὴ,
559 4653 657 4705 καὶ
691 4653 928 4724 σαρκικὴ
961 4653 1108 4705 πᾶσα
1149 4653 1540 4722 κατεμαράνθη
1591 4669 1746 4724 στορ-

168 4744 227 4809 γή
247 4761 260 4772 ·
290 4744 426 4808 ἄλλη
452 4745 516 4797 δὲ
569 4743 776 4812 βλάστη
805 4743 1090 4813 φιλότητος
1125 4743 1220 4795 καὶ
1244 4741 1383 4813 ἔρως
1409 4742 1620 4796 ἔνδοθεν
1651 4743 1745 4796 ἄλ-

168 4830 260 4896 λος.
289 4837 574 4903 οὐράνιος,
611 4833 774 4895 amo;
796 4834 1053 4896 ἁνέθαλλε
1093 4835 1189 4887 καὶ
1213 4835 1597 4902 πνευματικός.

225 4927 406 4991 Ἀπαξ
440 4927 542 4979 τοῦ
575 4926 752 4992 Λόγου
787 4926 1091 4993 φωνοῦντος
1125 4929 1355 4998 ἤκουσεν
1398 4927 1426 4978 6
1452 4927 1736 4991 Φίλιππος,

175 5018 505 5076 Ἀκολούθει
519 5039 652 5090 μοι,
685 5022 780 5072 καὶ
814 5021 902 5073 τὸν
933 5021 1108 5092 ἁληθῆ
1142 5022 1495 5092 καθηγεμόνα
1528 5021 1603 5090 τῷ
1647 5025 1730 5075 ἐν·

165 5113 376 5171 τᾶλιιατι
405 5114 603 5179 γνοὺς,
640 5112 740 5165 οὐκ
770 5111 992 5181 ἔϐλεψεν
1019 5114 1097 5174 εἰς
1125 5113 1194 5165 τὰ
1212 5114 1389 5166 ὀπίσω
1407 5114 1610 5175 λοιπὴν,
1633 5115 1731 5166 οὐκ

166 5204 388 5257 ὲδὶστασε
418 5205 525 5273 τὴν
552 5203 759 5272 ψυχὴν,
790 5205 890 5272 τὴν
935 5203 1293 5273 ἁκολούθησιν
1318 5206 1417 5257 οὐκ
1446 5205 1728 5273 ἐψεύσατο,

164 5294 254 5344 οὐδ’
282 5295 471 5364 ὥσπερ
517 5292 797 5345 Ἐλισσαιὲ
832 5294 967 5363 πρὸς
1001 5293 1182 5347 Ἡλιοῦ
1212 5295 1565 5364 καλούμενος,
1599 5297 1729 5366 πρό-

164 5400 298 5452 τερον
327 5387 417 5439 τὸν
448 5386 680 5448 πατέρα
730 5387 823 5436 καὶ
853 5385 954 5454 τὴν
988 5388 1197 5456 μητέρα
1222 5389 1524 5457 παρεκάλει
1556 5405 1725 5440 κατα-

165 5473 335 5538 σιλείν,
371 5477 466 5526 καὶ
494 5476 622 5536 τοῖς
658 5474 879 5538 οἰκείοις
917 5477 1336 5547 συνταξάμενος,
1374 5478 1547 5541 οὕτως
1589 5481 1720 5531 ἁκο-

164 5561 364 5618 λουθεῖν.
402 5566 598 5633 Ἔγνω
629 5564 720 5616 τὸν
754 5565 921 5618 καλὸν
949 5569 1179 5636 ποιμένα
1215 5569 1274 5622 τὸ
1314 5570 1603 5640 πρόῦατον,
1631 5571 1722 5623 καὶ

165 5659 344 5732 σπουδῇ
375 5661 486 5714 τῶν
540 5659 852 5732 ἀλλοτρίων
885 5661 1432 5734 ἀπαλλοτριούμενος,
1462 5665 1529 5717 δι’
1557 5665 1720 5718 αὐτοῦ

227 5837 437 5901 “Joan.
474 5846 632 5911 1,-45.
696 5847 742 5878 ⁷⁵
782 5843 850 5898 ιιι
883 5845 1015 5918 Reg.
1041 5865 1147 5913 XIX,
1187 5848 1276 5904 50.
1350 5848 1392 5881 ⁷⁵
1424 5847 1580 5903 Joan.
1619 5866 1670 5915 x,
1708 5851 1788 5906 Η.

381 5941 669 5999 ι’διίιιυι..
721 5941 835 5997 (in.
895 5941 1018 6001 Cl".

1845 4661 2006 4725 alius,
2035 4663 2276 4717 caelestis
2304 4663 2416 4726 ille,
2435 4662 2569 4717 nihil
2595 4672 2851 4718 terrenus
2883 4678 2948 4719 ac
2968 4663 3236 4733 spiritalis
3267 4666 3417 4722 intus

1844 4753 2030 4806 animo
2055 4753 2326 4808 reﬂoruit.

1913 4929 2092 4982 Semel
2136 4929 2299 4983 Verbi
2346 4944 2534 4983 vocem
2581 4929 2794 4983 audivit
2828 4929 3134 4999 Philippus,
3183 4929 3414 5000 Sequere

1833 5037 1932 5084 me,
1949 5037 2184 5090 veroque
2207 5030 2542 5091 praeceptore
2565 5037 2631 5076 ex
2646 5021 2892 5090 jussione
2913 5023 3118 5091 agnito,
3142 5037 3250 5076 non
3269 5023 3411 5078 ultra

1828 5113 2038 5180 aspexit
2083 5123 2249 5178 retro,
2303 5129 2410 5166 non
2464 5112 2631 5166 animi
2681 5127 2884 5181 anceps
2928 5114 3051 5176 fuit,
3099 5129 3208 5168 non
3248 5131 3409 5184 sequi

1828 5207 2030 5272 renuit,
2059 5221 2170 5260 non
2200 5207 2343 5261 sicut
2387 5205 2610 5260 Elisaaus
2653 5216 2883 5262 vocante
2926 5206 3040 5260 Elia
3092 5209 3326 5277 rogavit,
3350 5217 3410 5262 ut

1826 5297 1982 5365 prius
2013 5299 2203 5353 ambos
2228 5307 2482 5368 parentes
2500 5298 2944 5353 oscularilieeret
2960 5299 3039 5364 ⁷⁸;
3064 5314 3129 5354 ac
3152 5315 3406 5354 necessa-

1832 5387 1927 5441 riis
1955 5389 2072 5441 vale
2097 5388 2267 5452 dicto,
2292 5389 2371 5442 sic
2407 5397 2751 5458 sequeretur.
2776 5389 3174 5459 Cognovitovis
3203 5390 3407 5445 bonum

1829 5477 2110 5536 Pastorem
2127 5481 2192 5546 ",
2219 5482 2437 5552 citoque
2464 5483 2729 5538 liberatus
2744 5482 2812 5536 ab
2833 5482 3047 5548 alienis,
3071 5499 3168 5553 per
3191 5499 3313 5538 eum
3337 5483 3404 5538 ad

1827 5588 2119 5642 supernam
2141 5590 2205 5628 ac
2225 5576 2506 5646 mysticam
2527 5576 2759 5630 festinus
2790 5575 3155 5630 contendebat
3170 5576 3403 5630 caulam.

1828 5664 1948 5731 Quo
1992 5665 2158 5721 etiam
2222 5667 2450 5736 posthac
2501 5674 2729 5726 auctore
2778 5667 3015 5724 salutem
3073 5675 3406 5724 consecutus
