4180 6434
742 400 839 465 171

1937 390 2230 453 NICETAE
2268 390 2786 448 PAPHLAGONIS

3883 390 3988 453 1'12

738 513 1088 583 sempiternze
1142 510 1261 564 vita:
1307 519 1361 562 et
1439 525 1636 579 pascua
1717 507 1913 562 insedit
1966 516 2021 561 et
2076 507 2192 559 loca
2243 519 2323 557 se-

2430 504 2563 575 πρὸς
2592 504 2690 573 τὴν
2720 504 2831 557 ἄνω
2860 503 2955 556 καὶ
2981 503 3248 573 μυστικὴν
3290 501 3547 571 ἠπείγετο
3576 501 3746 573 αὐλήν
3767 520 3782 534 ν
3810 504 3875 557 δι’
3923 499 3987 557 οὖ

738 608 964 678 desque.

792 791 914 847 Haec
939 788 1198 860 Philippi,
1228 804 1333 860 qua
1360 786 1690 857 discipulum
1721 786 2003 856 professus
2024 793 2123 843 est,
2152 798 2315 838 exor-

738 885 845 939 dia.
866 884 990 938 Haec
1011 882 1313 936 vocationis
1333 880 1480 934 illius
1531 892 1596 933 ac
1650 878 1939 933 electionis
1964 891 2149 931 causa.
2189 874 2317 929 Inde

742 974 839 1027 toti
866 974 1163 1027 crucilixus
1191 970 1417 1033 mundo,
1443 970 1547 1024 soli
1574 968 1820 1023 conﬁxus
1836 966 1987 1021 cruci
2013 973 2131 1020 erat
2154 963 2316 1020 Chri-

738 1075 824 1118 sto
844 1065 911 1118 ⁷⁷.
935 1063 1447 1132 Discipulorumque
1471 1060 1801 1130 primoribus
1834 1060 1912 1126 lac
1952 1056 2105 1112 chori
2126 1056 2318 1126 capiti-

739 1158 864 1220 bus,
893 1171 991 1211 ceu
1018 1154 1131 1224 pari
1161 1154 1269 1209 illis
1290 1155 1496 1208 honore
1549 1151 2005 1214 succenturiatus,
2036 1150 2101 1205 ad
2140 1150 2317 1204 solum

740 1244 983 1315 Magistri
1016 1253 1211 1296 nutum
1260 1257 1379 1296 sese
1413 1239 1766 1302 extendebat,
1813 1240 1933 1308 ejus
1985 1238 2104 1292 solo
2127 1252 2315 1292 amore

741 1338 1053 1399 roboratus,
1084 1344 1247 1403 atque
1277 1332 1343 1387 ad
1368 1332 1588 1387 virtutis
1613 1332 1870 1386 decorem
1908 1330 2198 1393 formatus,
2221 1345 2311 1383 re-

741 1430 942 1499 gnique
998 1425 1382 1498 mysteriorum
1432 1424 1632 1494 dignus
1670 1423 1891 1477 habitus
1928 1427 2173 1491 :quanta
2216 1420 2316 1475 de-

741 1536 891 1575 mum
925 1518 1155 1573 facultas
1190 1516 1369 1571 Verbo
1403 1522 1773 1569 sacro-sancte
1815 1512 2029 1567 doctori
2064 1512 2313 1577 vinctus,

741 1614 901 1683 eique
930 1612 1127 1667 similis
1148 1609 1397 1664 effectus.

810 1704 923 1760 Nec
957 1704 1072 1774 ipse
1110 1701 1331 1773 quidem
1366 1713 1493 1754 eum
1545 1698 1597 1751 in
1633 1695 1855 1750 modum
1888 1694 2032 1748 bono
2061 1692 2312 1762 perfrue-

744 1797 926 1861 batur,
962 1795 1198 1864 idipsum
1222 1806 1353 1846 vero
1386 1788 1651 1859 proximis
1677 1786 1987 1842 occultabat
2023 1802 2035 1838 :
2068 1784 2161 1838 sed
2186 1799 2307 1837 cum

745 1890 889 1945 bono
924 1888 1087 1943 animi
1126 1886 1409 1957 proposito
1460 1900 1523 1939 ac
1552 1885 1836 1937 voluntate
1872 1880 2133 1950 prteclarc
2178 1879 2319 1933 nite-

745 1991 846 2045 ret,
883 1996 1006 2036 cum
1036 1979 1159 2033 aliis
1196 1991 1415 2047 quoque
1443 1976 1648 2029 bonum
1684 1972 2086 2037 communicat;
2125 1971 2315 2025 inven-

745 2086 907 2145 toque
935 2074 1170 2143 primum
1217 2067 1571 2130 Nathanaele,
1601 2066 1718 2136 ejus
1746 2065 1839 2133 qui
1860 2072 2126 2118 venturus
2153 2071 2318 2126 esset,

744 2169 1039 2222 adventum
1070 2163 1145 2217 illi
1170 2159 1460 2214 nuntiavit.
1499 2155 1621 2210 Non
1648 2157 1755 2221 iam
1780 2154 2027 2223 amplius,
2048 2153 2242 2223 inquit,
2267 2155 2322 2206 in

743 2278 831 2328 spe
853 2268 923 2311 est
950 2257 1162 2310 lsraelts
1187 2253 1349 2305 salus.
1384 2249 1496 2302 Non
1518 2248 1744 2317 amplius
1768 2247 1905 2317 quod
1928 2246 2157 2299 nondum
2181 2261 2319 2315 pra:-

743 2370 861 2404 sens
891 2352 1127 2409 exsistat,
1162 2356 1417 2413 tauquam
1442 2348 1700 2411 futurum,
1722 2340 1933 2392 obscure
1959 2340 2124 2391 animi
2158 2339 2322 2390 ratio-

747 2444 894 2496 nibus
919 2447 1375 2510 reprwsentamus.
1408 2436 1563 2487 Adest
1586 2433 1744 2495 enim,
1770 2447 1833 2482 ac
1868 2446 2022 2498 quem
2048 2428 2175 2481 olim
2203 2445 2321 2482 ma-

744 2552 878 2605 gnus
930 2532 1094 2588 Moses
1141 2540 1190 2581 et
1229 2528 1495 2597 propheta:
1534 2524 1719 2595 spiritu
1748 2522 2119 2591 pra’viderunt,
2154 2528 2323 2573 extre-

750 2628 948 2694 misque
978 2620 1293 2691 temporibus
1334 2616 1525 2671 Israeli
1570 2613 1903 2667 Salvatorem
1958 2611 2322 2664 suscitandum

748 2718 1125 2789 prwdixcrunt,
1150 2728 1267 2765 cum
1290 2710 1641 2762 invenerimus
1662 2706 1860 2776 (Iesum
1915 2703 2110 2757 scilicet
2146 2721 2178 2756 a
2210 2702 2322 2755 Na-

748 2811 950 2876 zareth)
978 2806 1281 2868 exuuiisque
1296 2802 1409 2871 ejus
1432 2799 1670 2869 operibus
1704 2796 1904 2849 inducti
1925 2795 2318 2857 crediderimus,

749 2918 865 2956 cum
896 2916 955 2952 eo
994 2896 1349 2950 lubentissime
1376 2890 1587 2952 morati,
1628 2890 1845 2957 ejusque
1872 2886 1953 2938 usi
1986 2884 2321 2937 contubernio

747 2990 1010 3047 sumus".
1035 2989 1130 3043 llis
1149 2988 1331 3055 itaque
1351 2984 1566 3054 penitus
1586 2978 2181 3045 sermonibuscaptum,
2202 2984 2321 3029 tan-

751 3100 911 3155 quam
936 3079 1370 3152 pulcherrimum
1397 3083 1650 3128 venatum
1674 3079 1838 3139 atque
1858 3068 2124 3137 opimum,
2144 3065 2319 3118 virum

748 3151 878 3227 .l-esu
909 3151 1162 3231 adducit;
1198 3165 1411 3231 hocque
1446 3160 1683 3230 primum
1722 3156 1891 3209 animi
1926 3170 2055 3208 vere
2090 3151 2320 3221 impensi

751 3266 969 3335 pignus,
993 3276 1057 3316 ac
1080 3259 1306 3313 sincerae
1324 3255 1445 3308 fidei
1466 3261 1675 3306 certum
1704 3254 2083 3317 argumentum
2103 3242 2321 3296 Christo
2352 3221 2394 3279 C

750 3354 1020 3417 exhibuit,
1053 3366 1243 3405 verum
1283 3348 1430 3401 illum
1481 3343 1779 3397 Israelitam
1828 3340 2063 3392 fructum
2092 3336 2293 3389 ferens.

819 3533 1046 3591 Cunctis
1076 3531 1240 3600 igitur
1262 3527 1520 3594 deinceps
1546 3521 1728 3593 gratim
1758 3518 2105 3574 sermonibus
2130 3532 2318 3569 aurem

753 3630 1022 3700 prazbens,
1061 3623 1412 3688 omniumque
1436 3616 1549 3685 ipse
1579 3612 1752 3668 oculis
1788 3609 2119 3665 mirabilium
2147 3624 2327 3675 inspe-

754 3699 872 3777 ctor
893 3720 1088 3779 factus,
1106 3727 1381 3787 sacrarum
1398 3708 1620 3779 quidem
1644 3703 2017 3759 doctrinarum
2034 3716 2157 3769 0pc,
2178 3699 2322 3752 omni

755 3812 900 3884 quod
932 3810 1120 3880 dejicit
1169 3804 1535 3875 depriinitque
1581 3808 1745 3867 atque
1802 3793 2051 3863 infringit
2082 3793 2323 3845 animum

756 3904 1111 3977 purgabatur,
1145 3898 1432 3965 omnisque
1464 3890 1783 3962 ignorantia:
1812 3886 2041 3955 depulsa
2071 3886 2322 3954 caligine,

757 3972 954 4049 divina:
996 3990 1237 4045 scientia:
1266 3984 1628 4050 cozlestisque,
1658 3977 1935 4048 sapientia:
1986 3975 2108 4028 luce
2162 3972 2328 4043 profi-

759 4088 929 4149 ciens,
963 4082 1249 4153 magnifice
1302 4074 1711 4137 illustrabatur;
1744 4071 1899 4124 novis
1928 4084 2057 4123 vero
2087 4082 2149 4120 ac
2175 4066 2327 4119 inan-

757 4180 887 4234 ditis
921 4175 1185 4246 operibus
1213 4170 1467 4225 roborata
1493 4166 1618 4227 fide,
1642 4180 1705 4217 ac
1726 4162 1969 4232 quotidie
2000 4161 2055 4214 in
2077 4160 2323 4214 interiori

756 4279 1051 4326 renovatus
1098 4264 1320 4319 homine
1350 4272 1406 4317 et
1437 4258 1779 4314 confortatus
1831 4254 1886 4307 in
1941 4253 2120 4306 virum
2151 4250 2327 4322 perfe-

757 4374 927 4422 ctum,
969 4361 1023 4413 in
1055 4368 1367 4412 mensuram
1414 4348 1693 4405 crescebat
1748 4346 1924 4400 aetatis
1973 4342 2327 4413 plenitudinis

755 4451 962 4507 Christi
994 4451 1063 4503 ⁷⁸.

830 4544 1067 4613 Hujusce
1089 4536 1436 4610 perfectionis
1462 4542 1671 4589 certum
1699 4530 1980 4592 indicium,
2012 4538 2213 4583 sanctae
2238 4528 2322 4582 di-

758 4635 1013 4691 lectionis
1039 4628 1409 4690 cunfirmatio,
1448 4640 1613 4695 quam
1643 4637 1871 4693 magnus
1914 4621 2003 4675 ille
2029 4620 2323 4689 Apostolus

759 4731 1077 4802 perfectam,
1110 4732 1351 4779 sanctam
1376 4721 1628 4791 Magistro
1651 4718 1944 4778 dcvovens,
1983 4730 2168 4785 parem
2201 4715 2325 4769 inde

758 4841 1001 4882 amorem
1031 4820 1493 4890 consequebatur.
1542 4815 1824 4881 Quinimo,
1854 4813 1943 4866 ille
1984 4811 2203 4881 quidem
2236 4810 2325 4864 bo-

755 4934 958 4975 norum
1013 4923 1223 4976 auctor,
1268 4927 1332 4966 ac
1386 4910 1480 4980 qui
1519 4916 1714 4962 natura
1757 4905 1977 4960 dilectio
2020 4905 2111 4966 sit,
2146 4904 2327 4958 omnis

760 5026 979 5080 semper
1014 5005 1232 5061 virtutis
1262 5002 1599 5074 perfectione
1630 4999 1820 5070 pollet,
1859 4997 2175 5065 nullamque
2204 4997 2326 5065 ejus

759 5116 983 5175 prorsus
999 5108 1093 5153 aut
1108 5095 1525 5152 diminutionem
1547 5092 1785 5146 admittit
1803 5100 1896 5143 aut
1918 5090 2281 5142 intensionein
2311 5107 2323 5141 :

758 5206 813 5251 at
836 5196 929 5265 qui
958 5190 1368 5247 exercitationis
1395 5188 1569 5251 cultu,
1594 5186 1708 5240 sive
1742 5184 2047 5238 imitatione
2078 5183 2143 5237 ad
2181 5183 2325 5236 illam

759 5288 1071 5350 enituntur,
1105 5300 1201 5353 pro
1228 5290 1378 5337 certa
1402 5279 1681 5349 profectus
1703 5294 1768 5330 ex
1799 5276 2065 5329 virtutum
2092 5276 2212 5329 luce
2242 5292 2327 5327 ra-

762 5382 933 5441 tione,
969 5376 1133 5432 etiam
1166 5372 1517 5445 perfectionis
1545 5379 1827 5439 compotes
1855 5368 2199 5433 efficiuntur;
2232 5370 2326 5422 alii

760 5471 984 5539 quidem
1037 5468 1107 5522 ad
1157 5467 1394 5521 filiorum
1447 5472 1609 5532 atque
1643 5461 1919 5515 hmredum
1964 5461 2328 5530 provehentes

761 5559 990 5612 classem
1021 5573 1086 5612 ac
1108 5557 1459 5626 dignitatem;
1490 5554 1579 5606 alii
1604 5568 1756 5615 vero,
1787 5551 2050 5617 ﬁdelium,
2090 5552 2183 5622 qui
2209 5568 2327 5605 ser-

762 5654 849 5706 vis
902 5650 1263 5720 deputantur,
1293 5658 1672 5703 nanciscentes
1707 5646 1979 5698 ordinem.

834 5852 877 5885 τ’
903 5828 1079 5909 Galat.
1119 5865 1177 5915 ιι,
1211 5852 1298 5907 19.
1374 5851 1420 5882 ⁷⁸
1441 5851 1573 5905 Joan
1616 5866 1675 5913 .l,
1712 5850 1799 5904 45.
1876 5848 1923 5879 ⁷⁸
1959 5848 2160 5919 Ephes.
2194 5863 2263 5908 tv,
2296 5846 2377 5900 l5.

2346 1852 2393 1912 B

2420 596 2513 647 καὶ
2546 595 2737 657 σωθεὶς
2769 593 2907 664 μετὰ
2928 593 3120 654 ταῦτα,
3145 594 3252 647 τῶν
3291 593 3536 660 ἀειζὼων
3572 594 3747 666 ἐπέϐη
3773 596 3867 649 καὶ
3897 614 3983 649 νο-

2421 685 2536 755 μῶν
2559 686 2652 737 καὶ
2679 684 2857 753 μονῶν

2486 777 2657 830 Τοῦτο
2684 776 2951 830 Φιλίππου
3005 780 3105 847 τῆς
3147 776 3446 848 μαθητείας
3495 778 3661 848 ἀρχή.
3708 776 3858 848 Δῦτη
3886 782 3987 851 τῆς

2418 871 2583 925 αὐτοῦ
2630 872 2874 941 κλήσεως
2901 874 2995 927 καὶ
3040 871 3270 943 ἐκλογῆς
3320 873 3354 944 ἡ
3391 873 3667 938 ὑπόθεσις.
3709 874 3989 929 Ἐντεῦθεν

2415 963 2521 1031 ὅλῳ
2552 962 2951 1033 σταυρούμενος
2991 962 3069 1033 τῷ
3099 962 3308 1034 κόσμῳ,
3369 964 3515 1034 μόνῳ
3558 968 3992 1039 συνεσταυροῦτο

2416 1055 2658 1125 Χριστῷ.
2688 1054 2795 1108 Καὶ
2814 1057 2926 1118 τοῖς
2945 1055 3053 1108 τῶν
3075 1055 3334 1127 μαθητῶν
3353 1057 3690 1127 κορυφαίοις,
3705 1058 3779 1121 ὡς
3804 1060 3991 1128 ὁμότι-

2418 1164 2518 1216 μος
2547 1147 2993 1219 συντεταγμένος,
3020 1148 3155 1219 πρὸς
3188 1148 3354 1220 μόνην
3381 1150 3573 1203 ἑαυτὸν
3592 1149 3688 1203 τοῦ
3714 1152 3984 1205 Διδασκα-

2416 1240 2507 1292 λου
2533 1240 2802 1293 συνέτεινε
2823 1240 2922 1311 τὴν
2947 1242 3141 1310 ῥοπὴν,
3167 1242 3314 1311 μόνῳ
3344 1242 3536 1295 τούτου
3556 1241 3634 1312 τῷ
3664 1244 3812 1313 πόθῳ
3843 1248 3983 1312 ῥων-

2418 1333 2665 1404 νόμενος,
2690 1334 2940 1405 καὶπρὸς
2969 1334 3029 1387 τδ
3055 1334 3151 1405 τῆς
3180 1334 3382 1405 ἀρετῆς
3410 1335 3602 1400 κάλλος
3629 1337 3989 1405 τυπούμενος,

2416 1430 2511 1479 καὶ
2548 1427 2656 1478 τῶν
2698 1426 2797 1496 τῆς
2849 1426 3122 1497 βασιλείας
3170 1426 3483 1497 μυστηρίων
3532 1429 3984 1497 καταξιούμενος,

2417 1516 2509 1569 καὶ
2534 1515 2609 1585 τῷ
2636 1516 2980 1587 μυσταγωγῷ
3010 1516 3168 1586 Λόγῳ
3192 1516 3334 1570 κατὰ
3364 1516 3426 1570 τὸ
3452 1518 3676 1586 ἐφικτὸν
3702 1519 3991 1589 ἑνούμενος

2418 1606 2511 1659 καὶ
2540 1604 2973 1675 ἐξομοιούμενος.

2490 1698 2595 1748 Καὶ
2622 1700 2722 1749 οὐκ
2751 1698 2911 1759 αὐτὸς
2962 1698 3060 1767 μὲν
3114 1696 3256 1751 οὕτω
3283 1699 3601 1769 κατετρύφα
3637 1701 3730 1755 τοῦ
3758 1701 3990 1770 ἀγαθοῦ,

2419 1790 2527 1843 ἀπὸ
2554 1790 2608 1843 δὲ
2642 1790 2749 1843 τῶν
2781 1791 3006 1861 πλησίον
3037 1791 3169 1845 αὐτὸ
3198 1793 3619 1863 παρεκαλύψατο
3639 1812 3652 1823 ·
3692 1798 3897 1864 ἀγαθὸς
3933 1798 3991 1850 δὲ

2424 1884 2617 1954 κομιδῇ
2648 1883 2743 1952 τὴν
2783 1883 2883 1952 τῆς
2907 1884 3086 1955 ψυχῆς
3113 1884 3368 1956 πρόθεσιν
3388 1886 3485 1953 ῶν,
3518 1889 3607 1941 καὶ
3633 1889 3769 1957 πρὸς
3799 1889 3993 1952 ἄλλους

2426 1978 2807 2027 κοινοποιεῖται
2842 1974 2902 2027 τὸ
2946 1974 3148 2041 ἀγαθόν
3172 1990 3185 2004 °
3222 1977 3317 2029 καὶ
3362 1978 3574 2046 πρῶτον
3606 1978 3857 2050 εὑρηκὼς
3901 1980 3995 2031 τὸν

2426 2064 2740 2134 Ναθαναὴλ,
2788 2065 2885 2135 τὴν
2922 2067 3227 2135 παρουσίαν
3259 2070 3649 2138 εὐηγγελίσατο
3702 2070 3795 2123 τοῦ
3834 2074 3993 2141 ἐρχο-

2430 2158 2615 2227 μένου.
2662 2158 2893 2221 Οὐκέτι,
2952 2160 3138 2227 φησὶν,
3180 2165 3248 2213 ἐν
3287 2162 3530 2217 ἐλπίσιν
3567 2161 3648 2226 τῷ
3688 2163 3925 2231 Ἰσραὴλ
3954 2167 3994 2232 ἡ

2427 2252 2705 2318 σωτηρία.
2734 2251 2944 2305 Οὐκέτι
2993 2253 3059 2306 τὸ
3089 2254 3267 2322 μήπω
3309 2256 3523 2324 παρὸν,
3572 2257 3653 2321 ὡς
3703 2256 4001 2324 ἐσόμενον

2426 2343 2699 2411 ἀμυδρῶς
2746 2344 2871 2410 ταῖς
2926 2345 3191 2411 ἐννοίαις
3252 2346 3678 2416 φανταζόμεθα.
3736 2346 3999 2417 Πάρεστι

2427 2435 2557 2503 γὰρ,
2587 2435 2705 2499 καὶ,
2743 2437 2851 2487 Ὃν
2892 2435 3079 2489 πάλαι
3110 2437 3335 2504 Μωσῆς
3363 2440 3395 2490 ό
3418 2437 3607 2506 μέγας
3648 2438 3748 2493 καὶ
3773 2440 3826 2491 οἱ
3857 2453 4000 2504 προ-

2426 2525 2607 2593 φῆται
2637 2526 2718 2591 τῷ
2746 2527 3037 2595 πνεύματι
3055 2527 3437 2593 προείδοσαν,
3469 2529 3568 2581 καὶ
3599 2527 3692 2581 ἐπ’
3721 2527 3999 2595 ἐσχάτων

2426 2616 2671 2684 Σωτῆρα
2709 2617 2789 2681 τῷ
2817 2618 3063 2685 Ἰσραὴλ
3113 2619 3567 2686 ἀναστήσεσθαι
3604 2620 3998 2686 προειποσαν,

2426 2707 2641 2761 τοῦτον
2655 2713 2933 2775 εἰιρόντες
2959 2710 3147 2777 ἡμεῖς,
3183 2710 3290 2763 τὸν
3314 2710 3432 2764 ἀπὸ
3452 2710 3705 2778 Ναᾷςρὲτ
3743 2709 3999 2777 Ἰησοῦν,

2429 2800 2527 2851 καὶ
2561 2798 2636 2864 τῷ
2680 2799 2797 2852 τῶν
2841 2803 3028 2869 ἔργων
3080 2802 3266 2857 αὑτοῦ
3310 2800 3778 2865 πεπιστευκότες
3818 2804 4000 2868 ὑπερ-

2428 2892 2584 2961 φυεῖ,
2638 2893 2751 2960 τὴν
2793 2892 2921 2962 μετ’
2964 2894 3152 2947 αὑτοῦ
3202 2895 3586 2962 τρισάσμενοι
3628 2892 4003 2960 πεποιήμεθα

2428 2985 2811 3048 συνοίκησιν.
2846 2984 3065 3047 Τούτοις
3099 2987 3438 3055 κατακρατος
3487 2988 3602 3047 τοῖς
3628 2985 3804 3051 λόγοις
3836 2983 4002 3044 ἐλὼν,

2430 3074 2619 3147 ῶσπερ
2648 3076 2870 3145 θήραμα
2902 3075 3209 3139 κάλλιστον,
3247 3076 3515 3145 προσάγει
3560 3074 3639 3141 τῷ
3697 3075 3871 3144 Ἰησοῦ
3904 3077 4004 3127 τὸν

2431 3167 2629 3235 ἄνδραο
2659 3167 2935 3219 καὶτοῦτο
2984 3168 3198 3238 πρῶτον
3242 3169 3453 3229 εὐνοίας
3501 3169 3754 3236 ἐνέχυρον
3803 3165 4001 3235 ἀληθι-

2428 3261 2542 3325 νῆς,
2576 3259 2669 3309 καί
2698 3257 2982 3328 γνώρισμα
3029 3258 3266 3321 πίστεως
3303 3257 3627 3329 εἰλικρινοῦς
3655 3258 3895 3326 παρέσχε
3919 3256 4003 3326 τῷ

2426 3351 2665 3420 Χριστῷ,
2696 3352 2786 3403 τὸν
2825 3350 3073 3420 ἀληθινὸν
3100 3352 3309 3402 ἐκεῖνον
3349 3349 3689 3422 Ἰσραηλίτην
3714 3366 3997 3421 καρποφο-

2428 3461 2555 3512 ρων.

2499 3538 2667 3588 Πᾶσιν
2699 3535 2791 3588 οῦν
2843 3535 3076 3603 καθεξῆς
3114 3538 3225 3595 τοῖς
3275 3536 3455 3602 λόγοις
3498 3536 3597 3605 τῆς
3628 3534 3847 3606 χάριτος
3895 3537 4003 3588 ὐπ-

2427 3632 2564 3698 ἐχων
2596 3630 2655 3681 τὸ
2685 3628 2776 3692 οῦς
2799 3645 2811 3658 ·
2853 3630 3128 3697 αὐτόπτης
3163 3630 3218 3681 δὲ
3249 3630 3343 3681 καὶ
3372 3629 3483 3683 τῶν
3518 3629 3836 3698 θαυμασίων
3863 3632 4002 3683 πάν-

2425 3739 2533 3774 των
2586 3721 2897 3785 καθεστὼς,
2967 3725 3087 3785 ταῖς
3133 3724 3305 3790 ἱεραῖς
3367 3722 3466 3790 μὲν
3522 3722 3766 3790 διδαχαῖς
3817 3724 4004 3790 πάσης

2430 3815 2723 3884 μειωτικῆς
2748 3816 2988 3882 ὐφέσεως
3007 3814 3397 3883 ἀνεκαθαίρετο
3420 3830 3431 3842 ·
3452 3814 3547 3866 καὶ
3568 3816 3751 3883 πάσης
3777 3816 4004 3881 ἀγνοίας

2427 3907 2931 3976 ἀποσκευαζόμενος
2952 3907 3049 3976 τὴν
3072 3907 3264 3976 ἀχλὺν.
3292 3908 3429 3975 φωτὶ
3460 3906 3590 3976 θείῳ
3616 3908 3871 3974 γνώσεως
3902 3908 4003 3957 καὶ

2426 4000 2681 4070 οὐρανίας
2744 3999 2937 4066 σοφίας
3006 3998 3333 4069 προκόπτων
3401 3997 3803 4066 κατελάμπετο.
3872 3998 4003 4060 Τοῖς

2428 4089 2751 4159 παραδόξοις
2780 4089 2834 4141 δὲ
2865 4090 2974 4142 τῶν
2996 4089 3173 4160 ἔργων
3218 4089 3314 4158 τὴν
3362 4091 3548 4142 πίστιν
3579 4088 4002 4158 βεϐαιούμενος,

2426 4181 2695 4248 ὁσημέραι
2740 4178 2796 4229 δὲ
2831 4180 2926 4231 καὶ
2959 4178 3049 4231 τὸν
3093 4178 3243 4240 ἐντὸς
3276 4179 3559 4247 ἄνθρωπον
3600 4179 4004 4245 ἀνακαινούμε-

2428 4290 2515 4334 νος
2549 4274 2637 4323 καὶ
2665 4271 3113 4341 κραταιούμενος,
3134 4274 3214 4334 εἰς
3250 4271 3422 4341 ἀνδρα
3445 4269 3667 4334 τέλειον,
3695 4271 3774 4334 είς
3801 4270 4006 4341 μέτρον

2429 4362 2641 4432 ἡλικίας
2679 4361 2773 4414 τοῦ
2805 4362 3173 4433 πληρώματος
3195 4361 3349 4431 ἀνῄει
3382 4361 3642 4432 Χριστοῦ.

2499 4545 2713 4614 Ταύτης
2767 4544 3066 4613 τεκμήριον
3114 4542 3214 4609 τῆς
3249 4539 3611 4607 τελειότητος.
3644 4538 3801 4608 ἡτῆς
3841 4536 4006 4604 ἁγίας

2427 4638 2759 4707 κραταίωσις
2787 4636 3031 4705 ἀγάπης,
3062 4634 3129 4703 ἦν
3157 4632 3186 4683 ό
3218 4632 3394 4701 μέγας
3432 4632 3642 4692 ἐκεῖνος
3684 4628 4004 4690 Ἀπόστολος

2424 4730 2650 4788 τελείαν,
2713 4727 2876 4795 ἁγίαν
2926 4722 3320 4793 ἀφιερούμενος
3380 4718 3457 4788 τῷ
3514 4717 3849 4787 Διδασκάλῳ,
3903 4717 4007 4786 τὴν

2428 4821 2549 4887 ἴσην
2575 4816 2783 4871 ἐκεῖθεν
2816 4813 3219 4882 ἀντελάμϐανεν
3242 4826 3255 4837 ’
3312 4810 3515 4878 μᾶλλον
3562 4808 3639 4870 δὲ,
3667 4810 3695 4860 ὁ
3741 4806 3840 4875 μὲν
3868 4807 4007 4873 ἀγα-

2427 4913 2665 4982 θοδότης,
2691 4911 2783 4963 καὶ
2814 4910 3003 4978 ἀγάπη
3034 4906 3174 4959 κατὰ
3204 4903 3363 4973 φύσιν
3386 4900 3483 4963 ῶν,
3506 4902 3593 4953 ἀεὶ
3622 4901 3679 4951 ὲν
3704 4899 4008 4970 τελειότητι

2427 5006 2607 5073 πάσης
2640 5005 2784 5055 ἐστὶν
2810 5002 3031 5071 ἀρετῆς,
3072 4997 3186 5050 οὐθ’
3214 4996 3405 5064 ὕφεσιν
3433 4995 3592 5057 ὅλως,
3622 4990 3733 5045 οὐτ’
3761 4990 3852 5044 οὖν
3881 4992 4007 5044 ἐπί-

2429 5112 2583 5148 τασιν
2612 5094 3002 5163 προσιέμενος·
3038 5092 3089 5142 οἱ
3122 5090 3257 5159 πρὸς
3278 5087 3442 5140 αὐτὸν
3474 5085 3531 5138 δὲ
3576 5083 3643 5136 δι’
3693 5085 4005 5152 ἀσκήσεως,

2430 5188 2549 5257 ἦτοι
2608 5187 2892 5255 μιμήσεως
2945 5181 3369 5250 ἀνατεινόμενοι,
3422 5177 3543 5230 κατ’
3573 5174 3861 5243 ἀναλογίαν
3904 5174 4012 5241 τῆς

2432 5281 2519 5332 διὰ
2571 5278 2679 5331 τῶν
2731 5275 2942 5345 ἀρετῶν
2996 5272 3309 5344 προκοπῆς.
3368 5270 3466 5322 καὶ
3518 5266 3617 5337 τῆς
3671 5266 4014 5333 τελειότητος

2432 5369 2884 5440 κατευστοχοῦσιν
2904 5384 2919 5397 ’
2975 5369 3024 5419 οἱ
3078 5366 3209 5436 μὲν,
3241 5366 3319 5427 εἰς
3350 5363 3485 5415 υἱῶν
3513 5366 3605 5413 καὶ
3654 5358 4014 5429 κληρονόμων

2433 5464 2671 5526 ἀνιόντες
2708 5462 2892 5527 τάξιν·
2931 5462 2979 5514 οἱ
3017 5460 3096 5524 δὲ,
3148 5459 3228 5521 είς
3273 5456 3474 5509 δούλων
3516 5453 3887 5513 καταντῶντες
3914 5468 4008 5503 mo

2434 5573 2593 5610 στων.
