4180 6434
190 423 276 488 173

943 410 1222 473 ORATIO
1259 408 1535 472 IX.-IN
1573 408 1883 471 LAUDEM
1921 410 1978 470 S.
2013 409 2351 470 PHILIPPI
2386 411 2633 470 APOST.

3297 410 3397 475 174

246 530 301 581 Οί
327 527 506 580 τοίνυν
538 526 675 592 ίεροὶ
724 522 821 576 καὶ
866 522 1088 593 μεγάλοι
1136 522 1230 576 τοῦ
1262 524 1438 591 Λόγου
1473 522 1732 593 μαθηταὶ,
1768 530 1810 585 Α
1907 522 2061 576 Sacri
2092 521 2258 592 igitur
2303 522 2594 592 magnique
2620 520 2633 547 ‘

1907 522 2061 576 Sacri
2092 521 2258 592 igitur
2303 522 2594 592 magnique
2620 519 2786 576 Verbi
2836 520 3113 593 discipuli,
3144 523 3214 581 ab
3250 526 3400 581 omni

186 624 306 691 ξένοι
339 620 437 689 μὲν
464 618 644 681 πάσης
674 616 858 684 φιλίας
883 615 1211 684 τοῦκὸσμου
1264 612 1624 678 καθεστῶτες,
1654 615 1735 667 οἱ-

186 717 302 767 κείοι
327 712 384 763 δὲ
414 711 509 762 καὶ
538 708 681 776 φίλοι
732 707 827 760 τοῦ
850 706 1105 776 οὐρανίου
1132 706 1374 777 Πατρός·
1424 704 1519 756 καὶ
1554 705 1734 773 πάσης

188 806 270 873 μὲν
288 801 377 854 τοῦ
417 800 513 853 νῦν
542 799 739 860 αίῶνος
771 799 1039 866 ἐρωτικῆς
1070 797 1359 859 διαθέσεως
1386 796 1609 858 ἑαυτοὺς
1636 795 1733 848 ἀλ-

185 894 521 964 λοτριοῦντες,
542 893 707 962 μόνης
724 892 781 943 δὲ
807 891 904 961 τῆς
928 891 1148 960 ἀγάπης
1175 889 1267 942 τοῦ
1294 889 1735 958 θεαρχικωτάτου

186 989 413 1056 Νυμφίου
440 985 795 1057 τετρωμένοι,
825 984 922 1037 καὶ
950 982 1101 1053 αὐτῷ
1131 982 1507 1051 συνενούμενοι
1529 982 1616 1034 διὰ
1638 981 1733 1034 τοῦ

187 1080 515 1149 Πνεῦματος,
577 1078 676 1147 τῆς
736 1077 947 1146 ὑψηλῆς
1008 1076 1405 1146 εὐμοιρήκασιν
1466 1073 1731 1143 υίότητος.

186 1174 329 1227 Ὅθεν
372 1173 555 1235 αὐτοῖς
581 1172 676 1223 καὶ
717 1170 940 1239 Πνεῦμα
983 1170 1157 1238 ἅγιον,
1193 1170 1459 1237 πρότερον
1513 1167 1612 1237 μὲν
1658 1166 1737 1228 ὡς

184 1265 428 1325 ἀτελέσιν,
462 1263 667 1325 ἀτελῶς
717 1280 776 1315 τε
825 1262 919 1315 καὶ
948 1260 1205 1332 ἀμυδρῶς
1248 1258 1505 1329 ἐνεργοῦν
1528 1274 1542 1289 ·
1578 1257 1735 1311 ὓστε-

186 1374 263 1427 ρον
294 1357 368 1417 δὲ,
408 1356 546 1425 μετά
576 1355 675 1424 τὴν
703 1356 784 1415 εἰς
804 1354 1068 1424 οὐρανοὺς
1101 1352 1195 1404 ποῦ
1228 1351 1568 1418 Μονογενοῦς
1593 1351 1731 1403 ἀπο-

184 1449 514 1506 κατάστασιν.
561 1444 989 1516 τελετουργικῶς
1020 1445 1134 1514 (55)
1182 1446 1257 1506 ὡς
1285 1445 1515 1507 τελείοις
1544 1445 1731 1511 ἐπιδη-

186 1538 410 1609 μοῦνκαὶ
440 1536 617 1600 θεοῦν,
667 1539 932 1608 ἄρχοντας
980 1538 1179 1599 αὐτοὺς
1232 1538 1328 1589 ἐπὶ
1370 1538 1553 1590 πᾶσαν
1601 1537 1733 1588 καθ-

187 1631 367 1682 ιετάνει
391 1632 492 1701 τὴν
524 1632 627 1697 γῆν
648 1646 661 1658 ·
691 1632 791 1683 οὐκ
821 1630 1105 1700 ὲπικήροις
1147 1629 1324 1698 τιμῶν
1356 1631 1569 1699 ἀρχαῖς,
1613 1628 1733 1681 οὐδὲ

183 1722 434 1791 βασιλείαν
464 1721 721 1788 ὲπίζηλον
750 1721 843 1774 καὶ
861 1720 1365 1790 περιτρεπομένηνο
1394 1719 1733 1771 ἁκατὰλυτον

181 1814 229 1865 δὲ
257 1814 425 1879 δόξαν,
484 1816 577 1867 καὶ
612 1814 688 1883 μὴ
742 1813 1192 1882 μεταπίπτουσαν
1242 1810 1599 1883 χαριζόμενον
1629 1811 1729 1879 ἀρ-

1836 613 2099 679 amicitia,
2146 628 2268 683 quie
2308 614 2494 669 seaculi
2545 628 2648 667 usu
2691 622 2998 682 praestatur,
3044 617 3313 679 extranei,
3344 633 3408 673 ac

1836 707 2011 761 Patris
2051 706 2291 762 ccelestis
2323 707 2616 763 necessarii
2634 714 2799 775 atque
2846 706 3046 762 amici:
3082 708 3251 777 hique
3273 709 3413 764 adeo

1839 806 1956 851 tum
1999 798 2284 868 repudiata
2329 798 2430 851 aevi
2478 798 2767 868 praesentis
2809 798 2959 851 omni
3005 798 3255 865 libidine,
3289 808 3407 854 tum

1836 906 1966 945 vero
1991 890 2323 945 divinissimi
2353 888 2549 960 Sponsi
2578 891 2844 946 charitate
2868 891 3139 946 vulnerati
3154 893 3223 957 ⁸⁸,
3245 893 3410 962 eique

1839 997 1936 1051 per
1965 981 2227 1051 Spiritum
2251 982 2491 1052 copulati
2513 996 2577 1037 ac
2607 983 2802 1053 juncti,
2834 982 3134 1038 sublimem
3163 983 3403 1038 filiorum

1839 1075 2104 1128 rationem
2159 1074 2301 1127 nacti
2352 1083 2482 1129 sunt
2541 1089 2605 1128 ac
2634 1090 2856 1130 nomen.
2887 1075 3255 1142 Quamobrem
3310 1077 3413 1130 hos

1836 1181 2053 1234 quoque
2106 1163 2345 1233 Spiritus
2394 1174 2637 1227 sanctus,
2691 1182 2817 1220 cum
2848 1168 3001 1234 prius
3041 1166 3264 1236 quidem
3291 1176 3412 1220 tan-

1836 1270 1998 1323 quam
2035 1254 2404 1324 imperfcctos,
2443 1255 2762 1322 imperfecte
2805 1266 2968 1324 atque
2996 1256 3229 1310 obscure
3253 1254 3407 1310 allla-

1836 1347 2031 1411 ret'";
2056 1356 2265 1415 postea,
2294 1347 2583 1416 Unigenito
2612 1349 2721 1417 jam
2753 1346 2807 1400 in
2835 1347 3007 1401 cmlos
3025 1355 3263 1416 recepto,
3282 1363 3415 1402 con-

1834 1440 2163 1494 summativa
2199 1442 2281 1508 (ut
2312 1440 2391 1493 sic
2448 1440 2657 1509 loquar)
2689 1440 2901 1494 ratione
2929 1455 2994 1493 ac
3016 1441 3411 1505 consecrativa.

1835 1533 1987 1600 quasi
2012 1532 2266 1600 perfectis
2284 1533 2392 1586 illis
2414 1532 2710 1585 adveniens
2729 1546 2932 1600 eosque
2953 1531 3237 1595 deiﬁcans,
3254 1532 3412 1601 prin-

1834 1624 1983 1692 cipes
2008 1623 2291 1678 constituit
2322 1638 2487 1693 super
2517 1638 2735 1676 omnem
2773 1630 2972 1676 terram
2994 1623 3037 1655 ⁸⁸
3074 1642 3085 1675 :
3115 1638 3226 1678 non
3262 1623 3413 1693 peri-

1835 1717 1974 1768 turis
2003 1716 2406 1785 magistratibus
2432 1726 2594 1786 atque
2624 1717 2830 1770 muniis
2853 1732 3081 1786 augens,
3113 1733 3292 1785 neque
3326 1733 3416 1772 re-

1838 1821 2006 1876 gnum
2038 1807 2309 1876 ejusmodi
2334 1806 2599 1872 tribuens,
2631 1808 2776 1877 quod
2804 1807 3133 1862 invidiosum
3158 1808 3229 1862 sit
3248 1818 3412 1877 atque

180 1906 283 1975 χήν.
318 1870 562 1975 ίεπέρεπε
729 1870 854 1968 τοὺς
882 1870 1513 1973 γεννωμένουςῧέιωθεν,
1542 1870 1732 1955 ἀνάλο-
1766 1870 1804 1925 Β
1831 1870 1987 1951 facile
2008 1870 2307 1957 evertatur.
2333 1897 2427 1951 sed
2456 1870 2633 1953 indisst

1834 1870 1987 1951 facile
2008 1870 2307 1957 evertatur.
2333 1897 2427 1951 sed
2456 1898 2891 1954 indissolubilem
2923 1901 3175 1970 gratiam,
3212 1916 3275 1954 ac
3308 1900 3415 1953 im-

179 2015 261 2065 γον
288 1999 350 2067 τῇ
404 1996 502 2050 τοῦ
538 1996 854 2067 Πνεῦματος
895 1996 1156 2065 ἀῖδι6τητι
1205 2002 1299 2049 καὶ
1340 1997 1439 2060 τὴν
1478 1996 1731 2067 κληρονο-

184 2088 297 2155 μίαν
342 2086 527 2155 λαχεῖν
552 2102 566 2117 ’
602 2087 697 2139 καὶ
730 2087 857 2148 τούς
905 2085 1260 2157 συμμόρφους
1315 2085 1416 2153 τῆς
1454 2083 1611 2155 δόξης
1636 2083 1731 2137 τοῦ

179 2178 497 2246 Μονογενοῦς
528 2178 983 2248 καθισταμένους,
1015 2177 1157 2230 κατά
1207 2176 1307 2248 τὴν
1352 2176 1492 2247 πρὸς
1520 2178 1732 2230 ἐκεῖνον

179 2270 448 2337 ὁμοίωσιν,
504 2270 600 2323 καὶ
646 2270 748 2340 τῆς
798 2268 1079 2340 ἀκηράτου
1126 2268 1510 2338 κατασχέσεως
1569 2284 1728 2339 μεταο

181 2363 329 2429 σχεῖν.

238 2622 412 2674 [liam
455 2621 750 2693 τοιγαροῦν
777 2620 1024 2686 ἐξουσίαν
1065 2624 1123 2675 ἐν
1156 2620 1369 2693 οὐρανῷ
1402 2624 1500 2675 καὶ
1522 2622 1613 2675 ἐπὶ
1634 2623 1737 2691 γῆς

179 2711 409 2777 λαϐόντος
437 2714 699 2782 Χριστοῦ,
746 2714 925 2766 πᾶσαν
959 2715 1028 2764 δι’
1071 2714 1239 2766 αὐτοῦ
1274 2714 1374 2782 τὴν
1408 2714 1736 2783 οἰκουμένην

177 2806 219 2855 οἱ
241 2806 367 2873 ἱεροὶ
396 2805 639 2872 θεολόγοι
673 2804 865 2857 τούτου
915 2805 1359 2876 κληρωσάμενοι,
1410 2806 1458 2857 οἱ
1503 2807 1599 2874 μὲν
1639 2807 1739 2867 τὰς

178 2897 300 2966 ἑῴας
345 2897 534 2967 λήξεις
560 2938 576 2961 ,
627 2900 676 2949 οξ
724 2898 782 2951 δὲ
810 2898 910 2960 τὰς
958 2898 1249 2967 ἑσπερίους
1293 2898 1740 2967 διαλαγχάνοντες

177 2988 423 3057 ἐπῄεσαν
445 2991 544 3042 καὶ
569 2991 619 3041 oi
646 2989 745 3058 μὲν
775 2988 837 3041 τὸ
864 2989 1093 3061 βόρειον,
1123 2990 1173 3041 οἱ
1199 2990 1255 3041 δὲ
1287 2991 1348 3042 τὸ
1376 2990 1549 3042 νότιον
1570 2990 1740 3057 κλίμα

176 3080 355 3133 διέθεον
380 3081 867 3151 εὐαγγελιζόμενοι
913 3082 1011 3150 τῆς
1041 3081 1164 3150 γῆς.
1202 3081 1471 3143 Φίλιππος
1500 3082 1557 3133 δὲ
1587 3085 1615 3133 ὁ
1646 3082 1742 3150 μέ-

176 3188 261 3238 γας
286 3172 374 3225 τοῦ
410 3172 551 3225 Θεοῦ
583 3175 734 3237 παῖς,
761 3175 790 3225 ὀ
817 3172 909 3226 τοῦ
941 3174 1155 3243 [ἰατρὸς
1192 3174 1303 3227 τῶν
1335 3171 1531 3243 φώτων
1558 3190 1737 3242 φωτο-

173 3266 324 3333 pavi};
355 3268 448 3319 καὶ
475 3267 705 3335 γνήσιος
752 3266 895 3319 κατὰ
927 3264 1140 3333 μέθεξιν
1187 3267 1302 3331 υἱός
1330 3282 1344 3295 ο
1380 3268 1408 3319 ὁ
1434 3266 1529 3319 τοῦ
1557 3267 1733 3320 Μονο-

179 3358 343 3424 γενοῦς
396 3361 556 3426 φίλος
595 3358 788 3421 πιστὸς
848 3360 938 3411 καὶ
991 3361 1135 3412 κατὰ
1176 3361 1338 3429 χάριν
1386 3360 1645 3427 ἁδελφόςο
1675 3360 1737 3412 τὸ

172 3452 330 3518 τίμιον
381 3452 626 3520 λόχευμα
660 3449 755 3502 τοῦ
797 3451 1175 3521 Παρακλήτου,
1237 3452 1300 3504 τὸ
1340 3454 1602 3521 σκήνωμα
1639 3452 1736 3521 τῆς

173 3543 456 3612 ἁγιωσύνης
500 3540 598 3593 τοῦ
645 3541 997 3610 Ὑπεραγίου,
1021 3543 1082 3593 τὸ
1113 3534 1441 3611 στεφάνωμα
1484 3544 1582 3611 τῆς
1616 3542 1736 3594 Ἐκ-

173 3636 404 3702 κλησίας,
460 3634 525 3686 τὸ
552 3632 917 3703 καλλωπισμα
962 3634 1069 3685 τῶν
1095 3634 1431 3699 ἀποστόλων,
1463 3634 1525 3686 τὸ
1550 3633 1734 3703 ἐντρό-

174 3743 311 3793 ςημα
356 3727 468 3777 τῶν
520 3726 862 3793 ἀσωμάτωψ
895 3720 1046 3786 οὗτος
1078 3726 1177 3795 τῆς
1225 3727 1410 3789 Ἀσίας
1438 3727 1507 3779 τὰ
1536 3727 1736 3795 κλίμα-

170 3836 226 3870 τα
252 3820 360 3890 (54)
392 3818 631 3889 περιιὼν
654 3858 669 3882 ,
699 3818 794 3870 καὶ
821 3817 1019 3881 πάσαις
1048 3819 1149 3888 μὲν
1182 3816 1388 3889 χώραις
1420 3818 1515 3871 καὶ
1547 3817 1733 3869 πόλεσι

226 3982 266 4016 ⁸⁸
297 3979 457 4037 Cant.
492 3996 553 4044 ιι,
589 3982 645 4035 5.
728 3980 812 4012 η*
838 3982 960 4037 Act.
990 3997 1053 4045 ιι,
1082 3982 1139 4035 2.
1211 3980 1254 4011 ³¹
1290 3978 1432 4034 Psal.
1462 3993 1603 4041 xuv,
1637 3979 1723 4033 l7.

226 4123 327 4183 (55)
358 4120 852 4188 Τελετονργικῶς.
883 4120 1344 4190 Opponitciquod
1370 4120 1582 4173 dixerat
1608 4123 1730 4173 ἁτε-

169 4193 256 4253 λῶς
281 4212 325 4245 τε
352 4197 446 4244 καὶ
466 4192 752 4259 ἀμυδρῶς.
778 4193 995 4259 Siergo,
1014 4192 1169 4259 quasi
1191 4193 1240 4243 vi
1261 4192 1444 4243 divina
1464 4193 1730 4244 secretius

168 4266 1211 4331 saeratiusqueoperante,consecrante
1252 4271 1415 4329 atque
1458 4261 1728 4314 initiante.

172 4333 249 4385 Est
272 4337 454 4399 τελετὴ
484 4335 807 4386 ca’remouia
833 4334 960 4385 ritus
982 4334 1336 4394 consecratio;
1382 4331 1732 4399 τελετουργῆς

166 4403 370 4471 δύναμις
403 4405 808 4473 Dionysmirtus
821 4405 996 4455 divina
1025 4419 1249 4474 apertius
1273 4405 1326 4454 iu
1345 4405 1691 4474 sacramentis
1714 4420 1731 4466 ;

168 4485 367 4543 auctore
392 4472 604 4530 Budare
626 4516 639 4537 ,
674 4472 1423 4543 taletoupyia,consecratio.
1442 4472 1497 4524 In
1518 4484 1732 4540 aposto-

167 4542 221 4596 lis
247 4546 355 4613 ipse
389 4547 582 4614 seipso
610 4545 977 4609 τελε-ξουργών
1000 4544 1221 4596 divinus
1285 4542 1541 4614 Spiritus,
1573 4544 1730 4607 jnulla

1835 1990 2053 2059 perium
2096 1990 2251 2043 nulla
2288 2006 2527 2060 unquam
2560 1992 2770 2047 ratione
2796 1992 2863 2047 ad
2889 1993 3026 2049 alios
3055 1994 3413 2048 transiturum

1833 2079 1917 2134 eis
1942 2080 2533 2137 consedens.Deccbat
2577 2084 2747 2148 enim,
2806 2093 2865 2138 ut
2897 2086 2990 2155 qui
3038 2085 3107 2140 de
3156 2086 3413 2155 supernis

1834 2172 1945 2225 nati
1976 2184 2179 2237 essent,
2206 2174 2582 2230 baereditatem
2613 2192 2832 2247 quoque
2863 2192 2927 2231 ac
2958 2187 3161 2233 sortem
3193 2179 3414 2233 aeterni-

1835 2264 1931 2317 tati
1959 2263 2194 2334 Spiritus
2228 2268 2643 2321 convenientem
2679 2277 3155 2339 consequerentur
3185 2286 3199 2322 :
3234 2284 3298 2323 ac
3317 2269 3411 2339 qui

1835 2355 2144 2411 conformes
2194 2357 2381 2426 gloria:
2441 2358 2719 2429 Unigeniti
2764 2367 2971 2426 essent,
3018 2376 3121 2432 pro
3154 2359 3416 2415 similitu-

1836 2449 1981 2505 dinis
2009 2451 2130 2520 ejus
2150 2450 2383 2518 ratione,
2408 2450 2575 2505 etiam
2604 2451 2913 2507 immortale
2959 2451 3128 2508 decus
3162 2454 3415 2524 percipe-

1836 2549 1979 2596 rent.

1905 2631 2043 2686 Cum
2077 2631 2243 2701 igitur
2270 2646 2491 2685 omnem
2526 2632 2779 2687 Christus
2806 2635 2858 2687 in
2902 2636 3044 2688 cwlo
3071 2642 3128 2688 et
3165 2634 3220 2688 in
3262 2642 3409 2689 terra

1838 2730 2034 2775 nactus
2063 2730 2213 2775 esset
2258 2730 2607 2790 potestatem,
2652 2739 2872 2778 omnem
2924 2740 3021 2795 per
3056 2724 3235 2794 ipsum
3292 2725 3415 2795 ejus

1839 2815 2193 2870 sacratissimi
2240 2814 2500 2886 Theologi
2532 2818 2709 2873 sortiti
2745 2820 2937 2874 orbem
2970 2819 3071 2885 "ﬂ
3106 2820 3198 2875 alii
3232 2822 3413 2875 orien-

1841 2904 1997 2961 tales.
2025 2904 2116 2957 alii
2139 2904 2417 2968 occiduas,
2442 2921 2565 2974 quie
2584 2907 2916 2977 obtigerant,
2941 2918 3124 2977 partes
3145 2908 3415 2967 inierant:

1842 3004 2005 3061 atque
2045 2994 2140 3048 alii
2177 2995 2400 3063 quidem
2451 2996 2749 3060 borealem,
2799 2997 2890 3050 alii
2947 3014 3080 3052 vero
3118 3000 3413 3054 australem

1843 3086 2077 3154 plagam,
2132 3087 2557 3155 evangelizando
2618 3089 3035 3157 percurrebant.
3070 3090 3139 3145 At
3187 3106 3414 3160 magnus

1767 3205 1812 3265 ο
1844 3177 1936 3231 Dei
1994 3194 2132 3247 puer
2159 3180 2469 3248 Philippus,
2512 3180 2690 3235 Patris
2717 3181 2808 3235 ille
2832 3181 3101 3237 luminum
3145 3183 3411 3238 lucidissi-

1842 3279 1964 3317 mus
1990 3280 2261 3334 verasque
2284 3267 2703 3336 participatione
2729 3269 2908 3334 filius;
2935 3271 3212 3341 Unigeniti
3238 3272 3413 3329 ﬁdelis

1840 3356 2052 3409 amicus
2090 3372 2153 3411 ac
2184 3358 2373 3425 gratia:
2403 3358 2744 3426 indulgentia
2779 3359 2985 3426 frater;
3023 3364 3228 3419 nobilis
3249 3364 3411 3418 Para-

1841 3449 1968 3501 cleti
2001 3449 2167 3513 fetus,
2215 3451 2629 3505 tabernaculum
2679 3456 3150 3522 sanctilicationis,
3175 3460 3297 3530 ejus
3317 3460 3410 3529 qui

1844 3544 1995 3596 omni
2025 3544 2234 3598 eminet
2254 3546 2563 3612 sanctitati;
2589 3548 2848 3604 Ecclesia:
2869 3566 3093 3615 corona,
3132 3558 3411 3622 apostolo—

1842 3648 1961 3686 rum
1996 3634 2247 3703 gloriatio
2276 3651 2341 3690 ac
2374 3636 2543 3691 decus
2566 3678 2581 3701 ,
2601 3640 2893 3709 spirituum
2920 3641 3158 3705 deliciaa;
3187 3644 3275 3700 hic
3303 3648 3410 3700 uti-

1839 3742 1946 3795 que
2003 3726 2144 3780 Asiae
2179 3744 2305 3781 oras
2339 3730 2701 3797 perlustrans,
2735 3735 3061 3803 cunctisque
3111 3736 3411 3805 provinciis

1839 3827 2003 3886 atque
2052 3816 2287 3871 urbibus
2318 3818 2443 3872 vita:
2478 3821 2779 3875 doctrinam
2815 3824 3170 3890 annuntians,
3202 3841 3408 3895 eosque

1798 3975 1873 4011 ⁸¹⁴
1902 3977 2091 4031 Matth.
2124 3994 2307 4041 xxvm,
2338 3980 2420 4032 19.

1840 4136 2046 4182 moror,
2088 4120 2201 4173 sive
2235 4128 2319 4173 est
2364 4118 2587 4181 Abdias,
2642 4120 2759 4174 sive
2788 4124 2913 4191 quis
2961 4124 3138 4187 alius;
3171 4126 3408 4181 Eusebio

1838 4192 2037 4259 reliqui
2072 4191 2425 4244 consentiunt
2457 4208 2469 4241 :
2507 4193 2683 4261 solum
2715 4194 2990 4261 explicant
3020 4197 3241 4249 modum
3280 4214 3409 4252 cru-

1838 4262 1938 4337 cis,
1970 4262 2255 4337 quem_illc
2288 4261 2476 4337 tacuit,
2509 4260 2653 4337 quod
2714 4260 3133 4337 inversqcapite
3179 4275 3235 4320 et
3262 4284 3291 4320 a
3315 4284 3409 4337 pe-

1840 4333 2017 4403 dibus
2042 4331 2331 4403 perforatis
2361 4332 2631 4403 calcaneis
2670 4334 2840 4399 stipiti
2867 4331 3055 4386 afﬁxus
3087 4351 3230 4403 :quo
3258 4331 3407 4391 tanto

1842 4402 2133 4476 supplicio.
2158 4400 2719 4476 tumultuanteetiam
2742 4404 2923 4476 plebe.
2954 4400 3227 4470 lapidibus
3243 4423 3402 4476 appe-

1841 4474 1993 4530 titus.
2020 4472 2171 4525 brevi
2195 4472 2431 4524 auimam
2458 4470 2715 4524 reddidit.
2741 4473 2814 4525 De
2840 4483 3083 4542 tempore
3116 4470 3409 4543 singularis

1835 4553 1920 4596 cst
1938 4543 2277 4611 Hippolytus,
2293 4543 2436 4609 quod
2457 4543 2765 4595 lloiuitiano
2790 4544 3115 4612 imperatore
3133 4548 3406 4603 sublatum

168 4605 403 4669 exteriori
434 4605 770 4669 cazremonia
798 4605 1042 4666 divinius
1088 4605 1351 4684 praestans
1373 4613 1426 4665 in
1445 4605 1726 4679 apostolis.
1766 4605 1805 4657 ο
1836 4605 2294 4684 ερτὶιιίἰξΜὲηωο,
2314 4605 2620 4681 peragratis
2661 4614 2837 4683 Mysiae
2866 4605 2924 4666 et
2954 4615 3132 4684 Lydia:
3156 4618 3404 4684 urbibus,

170 4686 277 4737 utin
298 4687 585 4755 primitiis,
617 4684 763 4753 quod
790 4684 844 4737 in
872 4685 1099 4752 reliquis
1129 4698 1223 4753 per
1253 4684 1415 4755 signa
1448 4684 1729 4755 scnsibilia

168 4764 211 4829 et
228 4752 520 4831 elementa,
568 4752 775 4824 quibus
828 4756 1101 4831 subjicere
1134 4752 1357 4831 potuit,
1384 4752 1514 4804 dum
1543 4754 1727 4831 adhuc

169 4823 380 4895 imagine
412 4842 732 4887 versamur,
791 4840 894 4877 nec
953 4827 1125 4893 ipsam
1182 4823 1407 4876 omnino
1443 4823 1729 4877 veritatem

170 4904 414 4950 tenemus.

225 4968 327 5032 (Si)
352 4966 693 5031 ΤῆςἋίνίης
720 4964 791 5015 τὰ
817 4965 1093 5030 κλίματα.
1113 4963 1345 5015 Videtur
1358 4961 1571 5015 Nicetas
1590 4961 1729 5015 hanc

169 5049 308 5087 tinam
340 5038 605 5106 Philippo
644 5036 922 5104 assignare
981 5034 1356 5106 provinciam;
1409 5033 1727 5106 alii_tame_n

167 5106 306 5157 etiam
335 5100 505 5160 alias'
528 5100 790 5159 addunt}
820 5100 1024 5158 Abdias
1070 5103 1400 5173 Babylonius
1422 5104 1474 5154 in
1508 5100 1728 5171 Scythia

168 5176 380 5241 primum
426 5177 790 5246 praedicasse,
825 5191 891 5229 ac
920 5172 1199 5229 certamen
1254 5172 1560 5246 desudasse
1606 5188 1730 5246 narf

170 5255 253 5318 rat.
280 5264 385 5315 quo
412 5244 751 5318 perfunctus
786 5247 840 5298 in
861 5246 1046 5318 Asiam
1078 5245 1313 5307 venerit.
1333 5244 1425 5296 ubi
1452 5244 1727 5318 llierapoli

170 5314 452 5383 dorniierii,
494 5328 554 5372 et
585 5317 812 5388 quidem
851 5316 1065 5387 placida
1097 5325 1293 5377 morte,
1322 5314 1467 5388 quod
1515 5314 1729 5388 cunctis

169 5388 488 5443 adversatur.
528 5386 744 5443 omnes
760 5386 910 5441 certe
933 5394 1252 5441 constanter
1315 5387 1534 5444 docent.
1572 5386 1625 5436 in
1664 5400 1727 5437 ea

173 5457 577 5532 ullfbemartyrio
604 5460 853 5532 functum
888 5474 1042 5532 esse;
1071 5455 1267 5532 necde
1293 5456 1455 5508 modo
1522 5464 1728 5532 marty-

174 5528 226 5578 rii
254 5526 537 5591 dissident.
574 5530 675 5583 sed
728 5531 905 5603 solum
949 5530 1069 5603 plus
1107 5530 1369 5603 _t_ninu_sve
1428 5526 1724 5603 explicant,

170 5611 269 5662 ρυλε
304 5604 400 5655 luit
421 5602 640 5655 erroris
669 5600 886 5653 occasio
919 5596 1070 5652 card.
1107 5598 1227 5649 Bar.
1261 5597 1389 5648 dum
1434 5597 1504 5648 ita
1537 5596 1729 5646 scribit

172 5681 245 5741 ἕξει.
273 5670 352 5732 54.
382 5688 434 5725 n.
465 5673 500 5725 3
526 5689 539 5724 :
574 5672 655 5725 De
682 5673 865 5723 mortis
888 5685 1075 5741 genere
1112 5672 1373 5737 discrepat
1404 5668 1475 5741 ιιι)Δ
1504 5666 1727 5741 Eusebio

173 5736 479 5806 Nirephorus,
508 5752 560 5794 et
592 5741 723 5793 alibi
757 5736 906 5793 ideui
932 5739 1343 5808 Metaphrastes;
1387 5738 1475 5789 sed
1522 5752 1611 5786 tlt‘t'
1636 5737 1727 5787 lio-

175 5822 269 5858 rum
294 5812 446 5865 alicui
481 5814 780 5865 asseutitur
838 5814 1071 5863 incertus
1132 5818 1337 5867 auctor.
1385 5808 1472 5875 qui
1519 5808 1725 5874 scripsit

178 5882 409 5945 passiones
439 5882 835 5952 apostolorum.
860 5882 1132 5935 lacertum
1163 5895 1288 5931 eum
1310 5888 1589 5931 aui-torem
1619 5891 1725 5930 non

1834 4683 2167 4756 llierapolim
2201 4684 2415 4756 venisse
2446 4685 2687 4756 tradunt,
2716 4700 2837 4751 quze
2858 4683 3150 4756 ipsarAsia-z
3188 4691 3409 4756 provin—

1831 4754 1929 4827 cia;
1952 4762 2112 4806 sunt:
2151 4768 2250 4827 n_e_c
2307 4754 2453 4827 cnim
2520 4755 2697 4827 Mysos
2739 4770 2835 4807 seu
2858 4754 3065 4827 litesos
3112 4754 3408 4827 Europam.

1830 4823 2090 4875 videntur
2115 4822 2276 4884 velle,
2311 4824 2514 4891 quibus
2544 4825 2771 4892 propius
2806 4826 2871 4877 ad
2906 4826 3134 4880 Galliam
3162 4822 3406 4883 licuisset

1831 4893 2114 4953 accedere,
2142 4892 2193 4944 in
2214 4908 2318 4959 qua
2334 4894 2658 4961 praedicasse
2673 4904 2865 4947 auctor
2884 4906 2967 4947 est
2982 4896 3170 4950 Isidor.
3218 4900 3314 4952 lib.
3333 4900 3408 4952 De

1830 4965 1936 5015 vita
1950 4973 2001 5037 ft
2033 4973 2197 5037 morte
2220 4973 2524 5037 sanctorum
2548 4980 2595 5015 ‹·.
2625 4968 2707 5018 τί.
2736 4965 3007 5033 Philippus
3025 4967 3190 5022 Gallis
3208 4971 3402 5037 pra’di-

1831 5046 1913 5085 rat
1938 5032 2219 5103 Christum,
2254 5032 2613 5100 barbarasque
2644 5046 2817 5103 gt'ttles
2849 5038 3066 5095 vicinas.
3108 5032 3333 5091 tenebris
3352 5050 3399 5091 et

1833 5104 2052 5155 tumenti
2075 5102 2280 5155 Oceano
2298 5102 2723 5176 Δρςοηεῇιιηςιμεηιά
2751 5108 2983 5159 scientia:
3022 5108 3197 5161 lumen
3244 5109 3401 5176 ﬁdei-

1830 5190 1927 5241 que
1945 5182 2154 5246 portum
2175 5174 2723 5246 perducit.Additque
2776 5176 2878 5230 hoc
2914 5193 3139 5231 munere
3174 5174 3401 5246 perfun-

1830 5255 1977 5323 etum
1992 5243 2322 5323 Philippum,
2344 5245 2397 5297 in
2416 5245 2703 5323 fhrvgiam
2721 5246 3001 5323 migrasse,
3023 5249 3111 5301 ubi
3141 5243 3400 5323 ll'ierapof

1835 5315 1869 5385 Ii
1919 5315 2197 5369 occubuit.
2234 5315 2451 5368 Baronii
2474 5316 2810 5383 opinionem.
2838 5318 2931 5385 qui
2980 5334 3094 5372 rem
3126 5315 3400 5373 trahat-ad

1828 5384 2046 5438 Galatas
2062 5384 2352 5447 Asiaticos,
2406 5386 2552 5437 serio
2603 5384 2868 5441 convellit
2896 5389 2972 5441 ill.
3010 5405 3073 5443 ac
3104 5389 3396 5444 reverend.

1832 5454 2023 5527 ἕζευ-εις
2055 5455 2122 5506 de
2154 5455 2330 5527 Μαι-(το
2383 5455 2708 5509 Parisiensis
2754 5459 2999 5527 archiep.
3044 5461 3098 5513 in
3140 5464 3300 5527 epist.
3331 5459 3401 5514 ad

1832 5524 2124 5597 lleiiricum
2176 5526 2351 5597 Vales.
2394 5526 2515 5594 ejus
2570 5528 2807 5579 Eusebio
2864 5524 3116 5597 prtelixa.
3162 5524 3403 5585 adducto

1829 5596 1993 5669 etiam
2018 5596 2241 5669 Alisserio
2276 5597 2642 5669 Armachano.
2667 5598 2840 5664 cap.‘2
2867 5596 2940 5651 De
2998 5601 3400 5669 antiquitatibus

1830 5665 2073 5717 Ecclesia:
2100 5665 2438 5729 Britannicae,
2474 5668 2569 5735 qui
2597 5668 2710 5734 ipse
2736 5678 2959 5722 strenue
2988 5665 3180 5723 lsiduri
3207 5672 3402 5724 lectio-

1832 5751 1951 5786 nem
2011 5736 2270 5797 vindicat,
2333 5747 2387 5788 et
2435 5736 2622 5789 Jacobi
2664 5738 2866 5791 Berulii
2900 5742 3259 5794 temeritatem
3304 5754 3404 5793 uo-

1831 5808 2045 5877 tut,qui
2070 5807 2293 5869 Calatis,
2325 5823 2423 5875 pro
2482 5808 2668 5865 Gallis.
2707 5810 2757 5860 in
2795 5819 2941 5863 textu
2994 5814 3132 5875 ipso.
3193 5812 3401 5877 absque

1831 5876 1935 5929 ulla
1968 5884 2094 5931 uota
2126 5879 2327 5932 veteris
2357 5878 2607 5932 lectionis
2639 5882 2965 5948 reposuerit.
2993 5881 3195 5937 Vellem
3234 5876 3399 5936 testes
