4180 6434
763 361 859 426 175

1961 369 2254 428 NICETJS
2296 371 2810 435 PAPHLAGONIS

3900 388 4000 451 176

748 477 840 544 qui
881 474 950 528 ad
981 487 1148 531 Vitam
1179 486 1335 530 erant
1385 476 1648 542 ordinati,
1679 491 1818 531 vera:
1853 478 1977 534 vita:
2022 495 2121 550 per
2165 479 2305 534 ﬁdcn

2427 484 2518 534 τὸν
2576 485 2732 551 λόγον
2779 488 3266 558 εὐαγγελιζόμενος
3301 489 3403 560 τῆς
3456 491 3601 562 ζωῆς
3626 510 3640 524 ·
3683 493 3891 558 πάντας
3942 499 4003 550 δὲ

745 567 1076 632 concilians;
1143 576 1444 638 captosque
1477 583 1668 622 omnes
1691 583 1721 622 a
1759 567 2000 634 diabolo,
2061 569 2317 624 innume-

755 660 942 728 risquc
975 660 1256 715 erroribus
1287 677 1350 716 ac
1372 661 1787 716 seductionibus
1818 661 2081 730 perditos,
2107 666 2321 732 sapien-

747 753 834 804 tia:
863 751 1062 804 divina:
1107 752 1451 805 sermonibus
1500 751 1970 820 hortamentisquc
2017 753 2318 821 captivans.

741 857 805 894 ac
832 843 1260 908 regenerationis
1283 859 1421 911 aqua
1442 843 1769 907 emundaus,
1795 843 2090 913 gratiwque
2111 845 2319 914 Spiritu

741 933 1053 986 illuminans
1095 944 1258 1003 atque
1289 951 1698 999 consummans,
1733 935 2096 990 itanimirum
2147 937 2316 999 Patri,

739 1024 832 1093 qui
866 1026 922 1078 in
946 1026 1100 1080 caalis
1125 1036 1227 1090 est,
1259 1027 1401 1081 ﬁlios
1429 1009 1740 1097 adopiabat.
1781 1028 2026 1084 Cunctos
2057 1044 2187 1082 vero
2221 1029 2316 1098 qui

739 1116 903 1169 variis
931 1117 1276 1185 passionibus
1304 1134 1399 1170 seu
1453 1118 1660 1171 morbis
1693 1119 2043 1184 tenebantur,
2084 1131 2179 1175 aut
2217 1122 2318 1175 ob-

739 1209 877 1261 sessi
909 1224 938 1262 a
978 1208 1324 1263 daztnonibus
1355 1220 1531 1273 erant,
1567 1219 1661 1263 aut
1692 1211 1890 1280 quovis
1930 1213 2040 1267 alio
2087 1213 2316 1267 sinistro

737 1315 865 1352 casu
884 1299 1306 1365 alllictabantur,
1331 1303 1584 1371 maleque
1607 1302 1904 1367 habebant,
1924 1305 2040 1358 solo
2062 1320 2317 1361 sermone

734 1407 796 1444 ac
825 1407 993 1445 sacra:
1020 1409 1212 1447 manus
1264 1403 1520 1448 contactu
1566 1395 1813 1449 sanabat.
1848 1396 1927 1449 Ac
1957 1395 2176 1465 quidem
2208 1397 2320 1467 spi-

736 1489 879 1542 ritali
925 1490 1156 1551 ratione,
1217 1489 1701 1560 iuaspcctabilium
1736 1495 1977 1549 hostium
2013 1496 2179 1550 facies
2212 1512 2317 1551 cx-

739 1577 896 1638 dens,
931 1592 1027 1631 eos
1056 1576 1338 1644 elidebat;
1370 1579 1436 1632 ad
1469 1597 1689 1634 sensum
1724 1592 1929 1647 autem,
1959 1600 2098 1653 quos
2120 1585 2194 1638 illi
2225 1601 2313 1640 sc-

731 1663 1263 1743 duxerantarguens,
1280 1666 1587 1735 increpans,
1603 1669 1898 1724 obsecrans
1913 1671 1981 1734 ⁸⁵,
2001 1672 2310 1742 magniﬁca,

731 1756 1118 1823 przedicatione
1184 1757 1668 1830 prodigiorumqne
1746 1763 2034 1832 stupendis
2125 1764 2313 1832 operi-

2427 575 2553 637 τοὺς
2582 576 2660 637 εἰς
2691 575 2832 645 ζωὴν
2860 579 3245 648 τεταγμένους,
3267 582 3334 651 τῇ
3370 581 3597 653 ἀληθινῇ
3630 582 3718 637 διὰ
3760 586 4003 646 πίστεως

2428 667 2719 736 προσάγων
2753 668 2865 740 ζωῇ
2888 687 2901 698 ·
2937 670 3033 723 καὶ
3063 672 3268 736 πάντας
3301 674 3400 742 μὲν
3450 674 3868 746 ἐζωγρημένους
3891 679 4003 732 ὑπὸ

2425 757 2518 809 τοῦ
2550 758 2826 821 διαϐόλου,
2856 761 2950 812 καὶ
2986 761 3202 830 μυρίαις
3234 766 3474 828 ἀπάταις
3530 767 3624 819 καὶ⁵
3654 767 3882 832 πλάναις
3905 770 3999 835 ἐξ·

2427 851 2786 916 απολωλότας,
2835 853 3011 920 λόγοις
3060 855 3248 922 σοφίας
3303 855 3437 909 Θεοῦ
3485 858 3579 910 καὶ
3612 859 4001 929 παραινέσεσιν

2425 943 2859 1011 αἰχμαλωτίζων,
2896 947 2988 997 καὶ
3017 948 3095 1016 τῷ
3126 948 3224 1017 τῆς
3256 948 3678 1017 παλιγγενεσίας
3723 951 3874 1005 ὕδατι
3900 970 4001 1004 κα·

2426 1030 2648 1100 Θαίρων,
2679 1035 2777 1086 καὶ
2827 1033 2905 1103 τῷ
2931 1036 3032 1102 τῆς
3065 1039 3286 1106 χάριτος
3328 1039 3598 1109 πνεύματι
3627 1043 3874 1109 φωτίζων
3900 1045 3999 1097 καὶ

2423 1122 2962 1194 τελετουργούμενος.
2990 1125 3132 1180 οὕτω
3159 1129 3223 1198 δὴ
3246 1128 3324 1198 τῷ
3349 1129 3408 1181 ἐν
3427 1133 3539 1195 τοῖς
3553 1132 3801 1197 οὐρανοῖς
3828 1131 4002 1186 υἱοθε-

2424 1218 2567 1268 τείτο
2600 1216 2797 1285 Πατρί.
2829 1218 3042 1282 Πάντας
3069 1219 3126 1272 δέ
3151 1222 3277 1285 τοὺς
3307 1221 3414 1274 ὑπὸ
3456 1225 3716 1278 ποικίλων
3744 1225 3996 1289 ἐξεταζο-

2427 1307 2617 1375 μένους
2645 1308 2831 1360 παθῶν
2860 1311 2892 1381 ἢ
2939 1311 3109 1366 νόσων
3137 1313 3584 1384 πειραζομένους,
3635 1317 3668 1387 ῆ
3698 1316 3997 1388 δαιμονίων

2426 1404 2976 1475 παρενοχλουμένους,
3007 1407 3040 1477 ἢ
3074 1408 3182 1479 ὅτῳ
3234 1407 3328 1462 οὖν
3364 1409 3586 1480 πονηρῷ
3619 1412 3996 1482 κακουμένους

2425 1499 2809 1565 συναντήματι,
2838 1496 2980 1568 λόγῳ
3000 1498 3146 1569 μόνῳ
3173 1500 3267 1553 καὶ
3292 1500 3473 1571 χειρὸς
3498 1502 3646 1572 ἱερᾶς
3663 1501 3996 1572 ἐθεράπευεν

2422 1587 2624 1657 ἐπαφῇ.
2659 1588 2765 1640 Καὶ
2795 1590 2999 1658 νοητῶς
3032 1589 3151 1658 μὲν,
3188 1591 3296 1643 τῶν
3342 1592 3588 1661 ἀοράτων
3618 1594 3688 1646 τὰ
3726 1594 3995 1664 πρόσωπα

2424 1680 2668 1748 ῥαπίζων
2717 1682 3094 1752 κατέρῤασσεν
3132 1682 3372 1754 ἐχθρῶν·
3425 1683 3697 1754 αἰσθητῶς
3735 1685 3792 1738 δὲ
3815 1727 3830 1748 ,
3863 1687 3995 1750 τοὺς

2421 1771 2513 1824 ὑπ’
2571 1773 2795 1826 ἐκείνων
2858 1776 3282 1844 πλανωμένους,
3338 1774 3616 1844 ἐλέγχων,
3685 1775 3990 1837 νουθετῶν,

732 1849 855 1913 bus,
873 1849 936 1903 ad
962 1849 1293 1918 agnitionem
1317 1852 1562 1906 veritatis
1583 1854 1840 1922 paulatim
1871 1855 2176 1908 adducebat
2200 1856 2278 1887 m‘
2303 1870 2308 1905 :

2423 1866 2780 1935 παρακαλῶν,
2829 1871 2897 1938 τῇ
2935 1868 3308 1940 μεγαληγορία
3364 1869 3459 1922 τοῦ
3492 1870 3848 1940 κηρύγματος
3893 1872 3994 1923 καὶ

731 1943 1151 2012 sacerdotesque
1214 1957 1277 1997 ac
1333 1945 1598 2013 praesules
1657 1947 1910 2001 ﬁdelibus
1991 1948 2314 2016 praeﬁcicns,

729 2033 861 2101 quin
881 2041 936 2086 et
954 2048 1052 2102 per
1068 2033 1187 2088 loca
1204 2035 1434 2086 Domino
1455 2035 1642 2089 altaria
1659 2046 1969 2100 exstruens,
1991 2054 2317 2108 sacrumque

729 2135 1047 2180 sanctorum
1111 2127 1496 2197 mysteriorum
1571 2129 1738 2182 ritum
1803 2130 2046 2193 tradens,
2103 2147 2318 2185 necnon

727 2219 1120 2288 evangelicam,
1155 2217 1335 2288 quoad
1368 2219 1580 2283 liceret,
1629 2222 1712 2275 eis
1759 2221 1932 2291 legem
1955 2223 2314 2287 constituens,

726 2309 782 2363 in
805 2324 930 2363 eum
963 2307 1186 2362 modum
1210 2309 1447 2379 duplicis
1465 2320 1655 2365 auctor
1680 2312 1932 2384 beneﬁcii
1958 2315 2179 2384 (corpus
2202 2314 2309 2368 sci-

727 2398 854 2450 licet
905 2396 1241 2451 demerendo
1289 2407 1451 2468 atque
1500 2377 1768 2468 animum)
1828 2399 1913 2454 vir
1963 2401 2315 2457 beatissimus

725 2488 1075 2542 credentibus
1099 2497 1241 2541 erat.

793 2793 1262 2861 Quemadmodum
1327 2803 1510 2848 autem
1573 2795 1765 2864 ingens
1826 2810 2116 2866 sagenam
2163 2813 2311 2852 mare

725 2885 907 2948 missa,
949 2894 1156 2955 quanto
1186 2886 1421 2955 amplius
1445 2887 1602 2956 aquis
1627 2888 1970 2952 immoratur,
2007 2899 2157 2943 tanto
2192 2905 2312 2943 ma-

719 2977 891 3048 jorem
932 2977 1161 3046 piscium
1193 2979 1404 3047 copiam
1443 2979 1604 3032 trahit
1640 2979 1719 3043 ⁸³;
1748 2980 1828 3033 sic
1869 2979 2058 3049 utique
2085 2997 2312 3050 magnus

722 3070 1003 3137 Philippus
1022 3085 1194 3123 annos
1215 3071 1527 3139 complures
1551 3086 1674 3125 cum
1699 3072 1984 3139 gentilium
2007 3073 2191 3125 nmltis
2220 3088 2312 3141 po-

721 3161 863 3230 pulis
891 3170 1156 3223 versatus,
1193 3161 1350 3230 longe
1367 3161 1665 3215 confertam
1692 3163 2094 3216 multitudinem
2110 3181 2300 3218 eorum
2330 3185 2372 3242 ο

720 3251 908 3315 trahit,
965 3251 1058 3320 qui
1127 3251 1272 3305 illius
1319 3267 1484 3321 opera
1533 3267 1731 3304 nomen
1808 3252 2028 3306 Christo
2085 3255 2299 3308 darent.

720 3343 959 3396 Docebat
996 3353 1199 3405 autem,
1241 3352 1299 3396 ut
1360 3350 1616 3410 tanquam
1643 3343 1880 3411 Spiritus
1909 3359 2125 3412 sagena,
2181 3361 2304 3396 san-

720 3446 933 3490 ctorum
980 3436 1298 3504 angelorum
1331 3436 1604 3496 manibus,
1631 3437 1780 3490 velut
1826 3453 1892 3490 ex
1916 3437 2048 3489 mari
2076 3436 2129 3488 in
2153 3437 2305 3489 littus

721 3531 798 3588 (in
845 3533 1124 3584 cualestem
1166 3530 1374 3584 scilicet
1421 3529 1735 3594 stationem)
1776 3530 2028 3590 eductus,
2073 3533 2117 3584 si
2171 3531 2301 3599 quid

722 3623 1001 3675 lmininica
1041 3622 1319 3691 indignum
1351 3636 1536 3674 mensa
1561 3621 1636 3674 illi
1659 3636 1846 3675 comes
1872 3632 2036 3678 esset.
2070 3621 2120 3673 id
2171 3638 2304 3676 vero

719 3714 1029 3783 abjiecret;
1091 3713 1353 3783 quidquid
1423 3723 1605 3768 autem
1657 3714 1858 3767 bonum
1905 3724 1962 3767 et
2011 3715 2300 3782 pulchrum

720 3825 782 3858 ac
828 3808 1127 3874 pretiosum
1178 3816 1344 3868 esset,
1397 3805 1528 3875 Regi
1551 3806 1735 3876 gloria:
1771 3821 1897 3860 eum
1958 3806 2168 3859 honore
2219 3807 2300 3860 oi-

721 3901 903 3951 lt‘l‘lt'l.

791 3992 858 4044 At
905 3992 1155 4059 quisnam
1214 3990 1458 4058 Apostcli
1514 3991 1862 4044 resolutionis
1915 3993 2151 4044 modus?
2206 3993 2299 4046 Est

721 4081 962 4149 Phrigia:
990 4081 1122 4134 urbs
1139 4097 1331 4146 magna
1354 4090 1515 4150 atque
1541 4081 1788 4140 illustris.
1820 4100 1983 4151 opum
2006 4084 2292 4137 abundan-

720 4173 791 4226 tia
819 4172 1114 4240 glorimqne
1147 4171 1362 4241 fastigio
1407 4174 1643 4241 superba
1674 4174 2024 4242 (Hierapolim
2054 4177 2294 4239 vocant),

718 4265 918 4318 civium
955 4265 1148 4319 robore
1173 4282 1236 4319 ac
1269 4267 1648 4330 multitudine,
1672 4268 1807 4321 nulli
1862 4269 2002 4320 l'ortc
2031 4277 2160 4319 tunc
2185 4284 2295 4319 ma-

715 4371 946 4419 gnarum
975 4372 1072 4424 per
1093 4356 1373 4411 Orientem
1409 4360 1793 4426 metropolewn
1829 4359 2032 4426 primas
2071 4358 2291 4410 cedens.

715 4445 795 4497 Ad
851 4445 992 4498 hanc
1053 4461 1282 4515 magnus
1324 4447 1609 4516 Philippus
1681 4459 1802 4517 post
1850 4449 2038 4518 longos
2080 4447 2290 4500 viarum

2417 1960 2534 2021 ταῖς
2555 1959 2662 2012 τῶν
2709 1961 2955 2030 τεράτων
2989 1961 3412 2032 μεγαλουργίαις
3466 1962 3715 2028 ἐξιστῶν,
3745 1966 3826 2026 εἰς
3863 1961 3992 2015 ἐπί-

2415 2067 2617 2117 γνωσιν
2655 2048 2756 2122 ἦγε
2793 2055 2932 2106 κατα
2972 2055 3167 2123 μικρὸν
3209 2055 3309 2123 τῆς
3366 2055 3646 2124 ἀληθείας.
3698 2057 3882 2126 Ἰερείς
3928 2056 3992 2110 δὶ

2415 2144 2510 2192 καὶ
2545 2143 2804 2213 ίεράρχας
2846 2147 2959 2206 τοῖς
2998 2148 3208 2208 πιστοῖς
3249 2145 3547 2212 καθιστῶν,
3579 2149 3673 2200 καὶ
3697 2147 3994 2218 θυσιαστή-

2418 2252 2506 2303 ρια
2538 2235 2595 2288 δὲ
2626 2239 2767 2290 κατά
2804 2238 3004 2299 τόπους
3053 2237 3242 2307 Κυρίῳ
3292 2238 3860 2307 κατασκευαζόμενος,
3888 2243 3991 2292 καὶ

2413 2329 2510 2397 τὴν
2563 2330 2714 2400 ἱερὰν
2757 2332 2867 2384 τῶν
2899 2331 3069 2398 ἁγίων
3123 2331 3438 2400 μυστηρίων
3474 2332 3799 2402 παραδιδοὺς
3841 2333 3990 2384 τελε·

2417 2423 2672 2489 τουργίαν
2705 2421 2816 2488 (35)
2845 2438 2860 2452 ο
2893 2424 2987 2476 καὶ
3009 2423 3100 2475 τὸν
3144 2422 3499 2491 εύαγγελικὸν
3546 2425 3708 2493 νόμον
3731 2423 3805 2487 ὠς
3836 2423 3987 2494 θεμι-

2413 2512 2503 2563 τὸν
2538 2512 2722 2575 αὐτοῖς
2762 2513 3153 2583 διατιθέμενος,
3203 2514 3347 2567 οὓτω
3397 2515 3589 2584 διπλῆς
3619 2517 3791 2579 αἴτιος
3823 2517 3983 2587 εύερ-

2414 2604 2619 2667 γεσίας,
2654 2606 2972 2676 σωματικῆς
3011 2623 3069 2658 τε
3105 2606 3197 2658 καὶ
3227 2606 3486 2677 ψυχικῆς,
3510 2608 3538 2659 ὸ
3566 2607 3986 2678 μακαριώτατος

2413 2701 2522 2760 τοῖς
2548 2699 2862 2750 πιστεύουσι
2900 2701 3216 2755 καθίστατο.
3540 2695 3544 2699 ’

2483 2792 2694 2861 Ὥσπερ
2724 2791 2781 2843 δέ
2811 2794 3022 2862 σαγήνη
3052 2794 3260 2863 μεγάλη
3292 2795 3591 2864 καθιεμένη
3621 2796 3686 2864 τῇ
3713 2793 3980 2862 θαλάσσῃ,

2410 2882 2520 2952 ὅσῳ
2573 2882 2736 2936 πλέον
2792 2884 3098 2952 ἐγχρονίζει
3152 2888 3264 2948 τοῖς
3313 2885 3487 2950 ὕδασι,
3526 2886 3764 2956 τοσούτῳ
3812 2888 3985 2940 πλείω

2411 2977 2507 3029 καὶ
2537 2977 2634 3046 τὴν
2690 2978 2799 3030 ἀπὸ
2849 2978 2957 3029 τῶν
3021 2977 3216 3046 ἰχθύων
3275 2979 3560 3046 ἐφέλκεται
3623 2981 3978 3046 περιουσίαν⁶

2411 3067 2582 3131 οὕτως
2607 3071 2634 3122 ὁ
2667 3070 2840 3138 μέγας
2881 3069 3201 3132 Ἀπόστολος
3232 3073 3324 3122 ἐπὶ
3369 3053 3580 3140 χρόνοις
3615 3073 3824 3124 πλείοσι
3849 3071 3982 3124 πολ-

2409 3161 2517 3223 λοῖς
2552 3161 2763 3214 ἔθνεσιν
2799 3163 3240 3232 ἐμϐεϐλημένος,
3289 3163 3456 3216 πολὺν
3498 3165 3581 3215 ὅτι
3628 3164 3860 3232 μάλιστα
3906 3165 3981 3218 δι’

2408 3252 2569 3306 αὐτοῦ
2606 3254 2828 3323 Χριστῷ
2883 3253 3248 3306 πιστευόντων
3275 3256 3625 3308 ἐπεσπάσατο
3667 3272 3983 3324 περιουσιά-

2408 3346 2563 3414 σμὸν.
2601 3347 2748 3398 Ἔδει
2772 3347 2829 3398 δὲ
2854 3345 3051 3399 τοῦτον
3098 3341 3187 3398 οἷα
3222 3349 3464 3416 σαγήνην
3509 3348 3636 3400 ὂντα
3677 3348 3769 3401 τοῦ
3811 3350 3981 3402 Ilva-£-

2407 3453 2596 3505 ματος,
2631 3436 2819 3505 χερσὶν
2872 3435 3117 3504 ἀγγέλων
3158 3436 3329 3502 ἁγίων
3361 3436 3548 3506 ὥσπερ
3586 3438 3651 3490 ἐκ
3706 3438 3977 3506 θαλάττης

2405 3529 2484 3588 εἰς
2534 3528 2800 3594 αἰγιαλὸν,
2853 3528 2945 3580 τὸν
2970 3528 3218 3597 οὐράνιον
3269 3528 3444 3598 χῶρον
3490 3528 3972 3596 ἀναϐιϐαζόμενον,

2403 3619 2756 3672 ἀποτίθεσθαι
2790 3620 2911 3689 μὲν,
2960 3601 3012 3671 ei
3041 3637 3095 3672 τι
3150 3619 3252 3687 τῆς
3307 3619 3641 3688 Δεσποτικῆς
3698 3621 3976 3690 τραπέζης

2403 3711 2622 3777 ἀνάξιον
2651 3711 3093 3782 ἐπηκολούθησεν
3114 3729 3126 3740 ·
3155 3713 3277 3764 ὅσον
3298 3713 3355 3764 δὲ
3381 3712 3543 3765 καλόν
3570 3729 3628 3764 τε
3655 3715 3746 3765 καὶ
3766 3714 3972 3778 τέμιον,

2405 3803 2542 3872 μετὰ
2569 3803 2734 3873 τιμῆς
2762 3804 2838 3872 τῷ
2864 3804 2964 3872 τῆς
2991 3804 3146 3873 δόξης
3182 3804 3587 3874 προσφέρεσθαι
3628 3803 3861 3857 Βασιλεῖ.

2483 3980 2645 4032 Ἀλλά
2675 3997 2758 4041 τις
2790 3995 2818 4030 ο
2868 3981 2966 4049 τῆς
2997 3980 3308 4044 ἀναλύσεως
3341 3981 3435 4033 τοῦ
3476 3982 3799 4035 Ἀποστόλου
3845 3983 3973 4053 τρό-

2401 4089 2541 4136 ποςς
2583 4074 2740 4125 Ἐστι
2793 4074 2946 4135 πόλις
2999 4076 3138 4124 κατα
3181 4073 3278 4141 τὴν
3311 4074 3547 4142 Φρυγίαν
3611 4073 3818 4143 μεγάλη
3872 4077 3973 4129 καὶ

2397 4163 2723 4232 περιφανὴς,
2759 4162 2988 4213 πλούτου
3018 4163 3302 4232 περιουσία
3336 4161 3429 4216 καὶ
3462 4163 3620 4232 δόξης
3657 4165 3973 4233 καυχήματι

2396 4255 2744 4324 γαυρουμένη
2798 4254 3016 4323 πολλῷ·
3088 4254 3387 4322 Ἰεράπολις
3442 4255 3612 4324 ὄνομα
3664 4258 3728 4324 τῇ
3789 4257 3969 4318 πόλει,

2400 4349 2578 4417 ἰσχύος
2630 4348 2725 4399 καὶ
2777 4346 3226 4416 πολυανθρωπέας
3275 4349 3396 4399 τότε
3439 4347 3694 4418 μάλιστα,
3740 4349 3972 4419 οὐδεμιᾷ

2396 4441 2558 4509 τυχὸν
2587 4439 2696 4492 τῶν
2731 4439 2874 4492 κατὰ
2921 4441 3019 4508 τὴν
3051 4438 3313 4508 ἀνατολὴν
3371 4439 3756 4509 μητροπόλεων
3789 4455 3970 4509 παρα-

711 4536 996 4598 circuitus,
1061 4547 1179 4606 post
1226 4538 1405 4592 omnis
1441 4539 1660 4608 generis
1711 4539 1973 4608 pericula,
2029 4537 2243 4592 labores
2277 4577 2292 4600 ,

2408 4533 2651 4604 ιωροῦσα
2683 4532 2752 4584 τά
2801 4533 3088 4602 πρεσϐεῖα.
3131 4532 3226 4594 Εἰς
3261 4533 3465 4602 ταύτην
3499 4535 3527 4584 ὀ
3569 4534 3741 4601 μέγας
3767 4533 3967 4587 Φίλιπ-

713 4644 1020 4693 :crmnnas,
1075 4639 1201 4698 post
1262 4631 1411 4683 varia
1470 4631 1747 4699 Evangelii
1790 4647 1950 4684 causa
2008 4640 2278 4683 tormenta

786 4861 833 4888 κ’
875 4859 916 4910 11
948 4859 1089 4911 Tim.
1137 4875 1206 4916 tv.
1231 4861 1285 4912 ‘2.
1355 4863 1435 4889 “4‘
1477 4861 1492 4912 I
1525 4861 1664 4913 Tim.
1701 4877 1760 4922 ll,
1793 4863 1844 4914 4.

712 5067 872 5122 alios.
899 5065 992 5134 qui
1027 5063 1188 5119 nobis
1233 5065 1543 5134 Philippum
1599 5067 1906 5134 apostolum
1951 5076 2278 5120 assererent.

712 5137 895 5189 Placet
924 5135 1128 5190 Niceta:
1155 5137 1414 5206 castigata
1449 5135 1773 5201 moderatio,
1819 5137 1912 5205 qui
1968 5137 2281 5205 probatiora

709 5207 886 5258 solum
907 5206 1045 5275 stylo
1064 5206 1379 5260 exornanda
1403 5207 1740 5275 susceperit,
1786 5222 2004 5274 suaaque
2047 5207 2281 5260 maxime

709 5275 966 5398 Eticlesia:
1013 5292 1112 5329 usu
1160 5277 1456 5344 explorata.
1499 5279 1822 5332 Accuratam
1881 5278 2156 5331 historicze
2203 5277 2282 5330 rei

709 5347 760 5398 di
787 5347 1044 5398 incutiam
1077 5346 1130 5398 in
1164 5356 1325 5398 acute
1363 5348 1598 5398 llisnana
1657 5348 1748 5398 alii
1793 5348 2270 5398 desideraverunt.

707 5346 1044 5414 diligentiam
1077 5346 1130 5399 in
1164 5356 1325 5416 gente
1363 5348 1598 5416 llispana
1657 5348 1748 5402 alii
1793 5348 2270 5409 desideraverunt,

709 5417 843 5468 acin
878 5417 1073 5484 primis
1097 5416 1320 5470 Godest.
1357 5417 1592 5470 llensch.
1630 5426 1762 5469 tulit.
1792 5418 1806 5470 l
1831 5419 1990 5472 Febr.
2024 5419 2274 5471 Historia:

708 5497 1044 5557 sanctorum,
1080 5487 1171 5557 ubi
1208 5488 1274 5540 de
1305 5487 1496 5554 primis
1524 5489 1708 5542 Jacobi
1745 5489 2046 5557 discipulis,
2070 5489 2273 5556 quibus

707 5565 824 5608 sata
853 5556 985 5609 ﬁdes
1004 5557 1055 5610 in
1088 5555 1363 5625 Hispania,
1402 5558 1476 5611 illi
1509 5555 1898 5612 sertnoincidit
1923 5577 1934 5612 :
1958 5555 2268 5627 quanquam

708 5640 810 5699 nec
841 5628 983 5699 quod
1003 5627 1082 5699 de?
1118 5628 1353 5697 Philippi
1388 5629 1542 5682 obitu
1567 5631 1779 5699 Olytnp.
1811 5630 1914 5682 ‘207
1955 5631 2006 5682 in
2048 5629 2270 5682 Eusebii

707 5697 972 5750 Chronico
1000 5698 1256 5758 habetur,
1285 5701 1464 5768 magni
1491 5697 1750 5767 ponderis
1792 5699 2114 5752 haben'dum
2178 5700 2267 5760 sit,

710 5775 804 5820 aut
831 5777 979 5820 ecrta
1001 5769 1209 5840 epocha
1230 5769 1389 5840 illius
1430 5772 1696 5840 martyrii,
1747 5787 1868 5824 cum
1892 5770 1946 5824 in
1996 5770 2270 5838 plerisque

711 5839 1096 5908 manuscriptis
1123 5839 1487 5901 desideretur,
1523 5839 1584 5894 ut
1607 5841 1892 5898 etMirmus
1915 5841 2186 5905 omiserit,
2214 5849 2270 5894 ct

2393 4644 2490 4692 πος
2531 4626 2669 4696 μετά
2695 4624 2794 4689 τὰς
2831 4626 3049 4697 μακράς
3071 4625 3376 4694 περιόδους,
3427 4628 3563 4696 μετὰ
3596 4627 3721 4689 τοὺς
3764 4643 3966 4681 παντο-

1926 4865 1969 4892 ¹“³
1996 4862 2182 4914 Matth.
2228 4878 2340 4919 xm,
2385 4862 2472 4913 4'7.

2391 5066 2671 5118 Pontanus
2701 5065 2925 5118 diverso
2955 5063 3270 5118 charactere
3330 5061 3603 5117 edendum
3645 5063 3961 5132 putaverit;

2388 5135 2538 5202 gravi
2570 5144 2716 5189 certe
2750 5134 2977 5199 indicio,
3018 5133 3362 5187 subdititium
3400 5133 3531 5202 quid
3579 5149 3721 5197 esse,
3760 5136 3965 5189 nonab

2389 5205 2625 5259 Eusebio
2650 5205 2936 5274 scriptum,
2968 5220 3132 5273 quem
3168 5203 3400 5273 Philippi
3447 5203 3679 5272 apostoli
3744 5219 3834 5258 res
3875 5205 3964 5256 vi.-

2389 5275 2593 5330 dentur
2647 5292 2873 5344 prorsus
2929 5275 3208 5328 latuisse:
3259 5290 3362 5328 nec
3414 5274 3775 5344 Sophronius
3808 5284 3965 5328 extra

2388 5343 2709 5416 martyrium
2736 5348 2919 5400 crucis
2937 5344 3212 5415 Hierapoli
3236 5344 3291 5398 in
3320 5345 3552 5414 Phrygia
3575 5343 3782 5413 aliquid
3813 5347 3964 5414 quod

2380 5416 2608 5469 adderet
2640 5417 2850 5470 habuit.

2453 5488 2563 5554 (55)
2593 5486 2714 5552 Thr
2741 5487 2906 5554 ἱερὰν
2934 5483 3053 5537 τῶν
3078 5486 3262 5550 ἁγίων
3292 5483 3730 5549 τελετοινργίαν.
3749 5484 3965 5551 Νέωνα

2379 5567 2694 5610 sanctorum
2754 5559 3137 5626 mysteriorum
3171 5564 3226 5608 et
3257 5555 3961 5632 u_niv_ers_i_msacramento.

2379 5643 2500 5680 rum
2542 5628 2732 5692 ritum,
2765 5623 2869 5681 sub
2899 5641 3131 5696 quorum
3161 5624 3424 5694 symbolis
3453 5623 3659 5696 Christi
3716 5623 3962 5696 Ecclesia

2376 5697 2650 5752 adunatur
2676 5739 2691 5757 ,
2722 5693 2959 5766 suntque
3017 5696 3163 5764 quod
3193 5693 3401 5766 attinet
3445 5695 3513 5747 ad
3570 5693 3962 5766 substantiam,

2376 5767 2577 5821 divina:
2611 5764 2990 5831 institutioins,
3018 5766 3197 5835 quoad
3233 5765 3454 5819 modum
3484 5779 3616 5819 vero
3636 5764 3956 5819 celebratio-

2376 5838 2462 5892 nis
2493 5848 2821 5894 ctornatum
2858 5837 3170 5908 quemdam,
3206 5836 3535 5906 apostolicae.
