4180 6434
220 377 299 443 l‘l'l
964 384 1245 445 ORATIO
1276 386 1380 449 IX.
1416 412 1484 421 -·
1519 387 1600 447 IN
1641 388 1951 448 LAUDEM
1990 392 2047 449 S.
2088 390 2423 451 PIIILIPPI
2464 391 2716 450 APOST.

3328 385 3436 452 178

217 494 396 556 δατεοὺς
429 495 730 562 κινδύνους,
765 498 891 561 τοὺς
938 498 1153 564 πόνους,
1197 501 1324 562 τοὺς
1369 501 1590 564 κόπους,
1630 503 1766 571 μετὰ

1872 500 2129 571 illataun
2156 504 2315 570 mala,
2355 506 2409 558 in
2434 518 2499 559 ea
2532 519 2752 577 quoque
2788 502 3067 560 Christum
3083 501 3437 562 annuntiatu-

217 584 297 646 τὰς
325 586 575 651 ποικίλας
616 588 757 659 ὑπὲρ
809 588 903 643 τοῦ
964 588 1301 659 Εὑαγγελίου
1349 590 1613 660 βασάνους
1668 594 1765 646 καὶ

218 677 420 747 θλίψεις,
452 680 548 734 καὶ
569 680 647 745 εἰς
674 682 879 753 ταύτην
902 683 995 735 τὸν
1026 673 1261 754 Χριστὸν
1306 684 1514 754 Ἰησοῦν
1539 685 1765 755 εὐαγγε-

218 767 474 837 λιούμενος
498 770 662 841 ἤγετο
694 771 772 839 τῷ
801 771 1103 842 Πνεῦματι.

288 861 427 914 Ἰδὼν
466 862 524 917 δὲ
558 862 657 932 τὴν
695 863 872 925 πόλιν,
904 864 965 916 οὐ
1002 865 1328 919 κατείδωλον
1377 866 1541 921 οὖσαν
1582 868 1762 937 μόνον,

220 954 399 1019 ξοάνοις
432 973 491 1007 τε
514 957 719 1024 κωφοῖς
758 957 853 1009 καὶ
883 955 1172 1025 δαιμονίων
1225 958 1533 1029 σεϐάσμασι
1566 978 1765 1030 μεμια-

218 1048 397 1116 σμένην
421 1062 435 1075 ·
468 1046 609 1100 ἀλλὰ
631 1047 696 1116 δὴ
741 1048 835 1100 καὶ
886 1047 1111 1112 ἱοὸόλοις
1154 1050 1425 1120 ἑρπετοῖς,
1463 1052 1557 1105 καὶ
1582 1053 1762 1124 ἐχίδνῃ

218 1139 306 1191 τινὶ
333 1137 625 1208 τερατώδει
658 1138 773 1207 (56)
809 1140 903 1193 καὶ
933 1141 1181 1211 ἀπευκτῇ
1216 1141 1283 1209 (ὣ
1307 1141 1408 1211 τῆς
1446 1142 1555 1196 τῶν
1578 1145 1763 1199 κακῶν

218 1231 496 1302 ὑπερϐολῆς
521 1231 562 1303 ι)
586 1231 660 1297 ὡς
695 1232 815 1302 Θεῷ
857 1249 917 1285 τε
952 1234 1401 1304 προσανέχουσαν
1428 1238 1523 1289 καὶ
1554 1237 1765 1303 θυσίαις

218 1322 640 1395 ὲξιλασκομὲνην,
691 1322 838 1395 ζήλῳ
880 1324 980 1394 μὲν
1013 1324 1139 1395 θείῳ
1170 1328 1629 1400 καταπίμπραται
1666 1330 1764 1402 τὴν

217 1417 403 1487 ψυχήν·
464 1421 796 1487 προσευχαῖς
841 1418 898 1470 δὲ
928 1420 1372 1485 συντονωτάταις,
1411 1424 1504 1476 καὶ
1558 1423 1763 1495 ῥήματι

219 1509 570 1578 παραγγελίας
613 1508 749 1562 Θεοῦ
812 1508 1033 1575 ζῶντος,
1085 1513 1179 1565 καὶ
1211 1514 1276 1582 τῇ
1330 1513 1615 1582 ἐπικλήσει
1668 1516 1762 1569 τοῦ

218 1603 455 1671 ὀνόματος
497 1601 673 1671 ’1ησοῦ
704 1595 963 1675 Χρισὲοῦ,
998 1606 1095 1673 τὴν
1149 1604 1499 1677 ὀλεθροτόκον
1554 1608 1764 1678 ἔχιδναν

216 1694 405 1764 ἐκείνην
463 1693 814 1757 ἀπεκτονὼς,
868 1697 1035 1749 πᾶσιν
1085 1697 1346 1761 ἐπιεικῶς
1386 1702 1415 1753 ὁ
1467 1698 1765 1770 Θαυμάσιος

217 1784 441 1854 παρῄνει,
474 1787 571 1839 καὶ
603 1785 986 1839 συνεϐούλευεν
1017 1788 1098 1849 εἰς
1120 1788 1347 1858 οὐρανὸν
1382 1791 1758 1855 ἀνανεύοντας,

1870 610 1981 659 rus,
2020 595 2228 665 Spiritu
2267 598 2547 668 agebatur.

1936 861 2139 915 Videns
2202 862 2384 930 itaque
2417 862 2711 926 civitatem,
2770 861 2973 917 nedum
3016 860 3439 915 simulacrorum

1865 953 2241 1022 superstitioni
2273 952 2687 1018 deditissimam,
2724 955 3000 1023 mutisque
3030 952 3222 1007 statuis
3242 968 3306 1007 ac
3334 952 3442 1006 dte--

1866 1058 2090 1097 monum
2119 1044 2460 1099 caeremoniis
2491 1045 2771 1114 pollutam;
2802 1060 2991 1100 verum
3008 1044 3174 1098 etiam
3199 1058 3437 1098 venena-

1867 1136 1935 1189 tis
1962 1137 2328 1204 scrpentibus,
2373 1152 2437 1191 ac
2476 1145 2806 1207 portentosae
2848 1137 3065 1191 cuidam
3097 1135 3440 1204 infandaequc

1868 1228 2071 1296 viperae
2092 1231 2146 1298 (ο
2170 1230 2436 1284 malorum
2458 1228 2947 1299 exsuperantiam!)
2973 1236 3229 1298 tanquam
3246 1228 3358 1282 Deo
3377 1241 3441 1280 ac

1864 1318 2086 1373 Numini
2109 1319 2307 1373 animis
2334 1320 2627 1383 addictam,
2663 1335 2825 1390 quam
2853 1318 3094 1374 dementi
3140 1334 3301 1373 sensu
3335 1318 3407 1371 ho

1864 1412 1985 1468 stiis
2018 1414 2335 1483 placandam
2358 1413 2698 1469 existimaret
2728 1432 2741 1479 ;
2779 1413 2965 1467 divina
3000 1411 3183 1467 animo
3213 1412 3435 1466 :emula-

1868 1504 2017 1559 tione
2047 1504 2904 1573 inardescit,ferventissimisque
2932 1505 3211 1573 precibus,
3235 1502 3437 1569 Deique

1866 1598 2107 1652 viventis
2142 1600 2314 1653 verbo
2374 1609 2777 1668 prmceptoque,
2827 1611 3040 1663 necnon
3079 1594 3280 1649 Christi
3312 1595 3440 1649 Jesu

1870 1690 2125 1744 invocato
2142 1690 2383 1753 nomine,
2403 1697 2682 1758 perempta
2715 1687 2945 1741 exitiosa
2975 1685 3183 1754 vipera,
3216 1691 3441 1739 cunctos

1866 1764 2041 1849 palam
2063 1779 2147 1832 vir
2162 1778 2515 1833 admirandus
2534 1778 2875 1838 hortabatur,
2895 1784 3195 1845 auctorque
3212 1776 3441 1829 consilio

216 1876 290 1927 τὸν
317 1875 403 1927 τοῦ
443 1875 674 1946 οὖρανοῦ
712 1877 989 1947 Δεσπότην
1026 1878 1346 1946 ἐπιγνῶναι.
1385 1881 1512 1945 Ὃς,
1551 1880 1638 1934 ὢν
1665 1881 1757 1935 ἀεὶ

1866 1883 2001 1936 erat,
2020 1881 2081 1926 ut
2102 1872 2155 1925 in
2180 1871 2377 1925 cmlum
2394 1869 2740 1939 aspicientes,
2757 1867 2879 1921 caeli
2896 1868 3445 1935 Dominumagnosce-

218 1964 342 2028 Θεὸς
365 1964 612 2030 τέλειος,
639 1965 921 2033 ἄναρχος,
945 1966 1279 2036 ἀσώματος,
1299 1968 1721 2036 ἁκατάληπτος
1742 1987 1755 1999 ·

211 2056 516 2121 ,βουληθεὶς
543 2055 610 2108 δὲ
635 2057 785 2124 μετὰ
833 2057 940 2110 τὸν
972 2059 1247 2126 ἀόρατον,
1284 2059 1381 2112 καὶ
1404 2060 1510 2113 τὸν
1542 2059 1757 2128 ὁρώμε-

215 2164 307 2199 νον
339 2148 553 2200 τοῦτον
584 2148 818 2217 κόσμον
857 2149 931 2201 δι’
993 2150 1360 2219 ἀγαθότητος
1416 2151 1761 2219 ὑπερϐολὴν

213 2237 575 2307 παραγαγεῖν,
610 2237 873 2307 οὐρανὸν
912 2238 1031 2306 μὲν
1088 2239 1309 2303 ἔξωθεν
1365 2239 1625 2303 πάντων,
1668 2238 1761 2293 old

214 2345 329 2382 τινα
390 2328 661 2397 σφαῖραν
704 2330 1044 2396 ἀεικίνητον
1101 2330 1220 2384 τῶν
1273 2331 1431 2384 ὅλων
1476 2333 1763 2400 σωμάτων

214 2422 573 2491 περιεκτικὴν
600 2422 1086 2477 κατεσκευάσατο
1104 2440 1117 2453 ·
1144 2424 1262 2494 γῆν
1293 2424 1362 2477 δὲ
1394 2426 1763 2493 μεσαιτάτην

213 2514 317 2566 τῶν
343 2516 520 2581 ὅλων,
543 2513 749 2583 ῶσπερ
775 2533 831 2568 τι
857 2516 1110 2584 κέντρον
1146 2516 1252 2569 τοῦ
1296 2516 1521 2583 παντὸς
1547 2517 1617 2571 έν
1636 2517 1764 2571 ἀκι-

212 2606 353 2673 νήτῳ
388 2606 618 2675 ἱδρύσει
666 2607 766 2660 καὶ
806 2607 1124 2676 ισορῤοπίᾳ
1178 2608 1618 2673 κατεστήσατο.
1653 2610 1763 2661 Καὶ

211 2697 268 2750 τὸ
297 2699 597 2752 ἀϐύσσων
616 2698 736 2767 μὲν
759 2698 857 2751 καὶ
891 2697 1266 2767 στοιχειῶδες
1297 2699 1452 2767 ὕδωρ
1484 2699 1617 2768 περὶ
1652 2699 1767 2766 τὴν

211 2789 344 2857 γῆν,
376 2791 493 2858 τὴν
520 2790 641 2861 γῆν
674 2790 742 2843 δὲ
771 2791 904 2860 περὶ
937 2792 1003 2844 τὸ
1030 2792 1186 2860 ὕδωρ
1224 2791 1507 2860 στερεῶν,
1542 2792 1616 2846 δι’
1653 2793 1764 2847 ἀλ-

208 2881 398 2946 λήλων
437 2882 615 2951 ἄμφω
654 2883 823 2936 ταυτὶ
866 2884 936 2936 τὰ
967 2884 1237 2953 στοιχεῖα
1266 2884 1641 2952 ἐστηρίξατο,
1679 2887 1765 2950 εἰς

206 2975 335 3041 μίαν
361 2976 495 3028 τινὰ
524 2975 784 3041 δύναμιν
827 2975 1111 3043 ἄρρητον,
1138 2975 1255 3040 τὴν
1280 2976 1431 3029 κατὰ
1465 2977 1529 3029 τὸ
1552 2978 1763 3044 μεσαί-

208 3080 369 3116 τατον
398 3066 506 3118 τοῦ
550 3065 779 3131 παντὸς
817 3064 1098 3118 ἑστῶσαν
1156 3064 1475 3134 ὑπερφυῶς
1522 3067 1767 3135 ἐκκορυ-

1862 1975 2002 2019 rcnt.
2028 1963 2103 2026 Is,
2128 1963 2267 2017 Deus
2290 1978 2494 2033 semper
2511 1961 2785 2031 perfectus,
2814 1970 3061 2021 teternus,
3084 1962 3439 2028 incorporeus,

1861 2054 2460 2127 incomprehensus,post
2484 2054 2637 2108 illum
2663 2053 3161 2117 invisibilem,etiam
3192 2050 3442 2104 mundum

1860 2154 1995 2204 hunc
2020 2148 2184 2203 oculis
2238 2148 2527 2217 subjectum
2572 2162 2681 2216 prie
2727 2146 2918 2199 eximia
2951 2145 3181 2196 bonitate
3222 2143 3442 2195 condere

1862 2258 1981 2295 cum
2019 2239 2309 2301 voluisset;
2366 2237 2592 2303 caelum,
2638 2237 2840 2301 aiebat,
2897 2238 3095 2289 cunctis
3144 2244 3440 2298 externum,

1868 2331 2013 2384 haud
2052 2346 2196 2383 secus
2239 2348 2301 2383 ac
2347 2328 2556 2400 globum
2606 2338 2854 2399 perpetuo
2906 2327 3146 2382 mobilem
3203 2327 3446 2379 universa

1863 2439 2086 2492 corpora
2125 2422 2492 2486 continentem,
2558 2423 2846 2492 fabricatus
2890 2429 2964 2474 est
3018 2437 3033 2475 :
3090 2431 3285 2473 terram
3324 2434 3444 2473 uerc

1867 2517 2101 2568 omnium
2131 2513 2379 2577 mediam,
2420 2512 2560 2566 velut
2623 2529 2800 2565 rerum
2849 2514 3065 2582 hujusce
3128 2511 3445 2564 universita-

1866 2608 1932 2660 tis
1978 2614 2215 2659 centrum
2258 2606 2520 2675 quoddam
2571 2605 2823 2659 immobili
2884 2605 3024 2668 sede,
3076 2620 3136 2658 ac
3172 2604 3279 2657 suis
3299 2619 3444 2673 a’que

1867 2698 2115 2752 libratam
2150 2698 2460 2767 ponderibus
2503 2697 2798 2753 collocavit.
2840 2697 3047 2769 Abyssi,
3081 2712 3143 2749 ac
3187 2713 3292 2767 qua
3342 2694 3441 2749 ele-

1867 2801 2097 2846 mentum
2123 2793 2376 2854 consistit,
2402 2808 2618 2861 aquam,
2669 2791 2807 2844 circa
2831 2799 3031 2842 terram
3054 2806 3072 2854 ;
3097 2795 3295 2841 terram
3324 2803 3446 2840 vero

1867 2885 2006 2936 circa
2046 2899 2241 2951 aquam
2268 2882 2523 2946 solidans,
2552 2880 2780 2934 alterum
2801 2880 2970 2934 altero
2995 2878 3310 2932 elementum
3330 2894 3446 2930 mu-

1871 2982 2065 3046 tuaque
2088 2977 2453 3029 communione
2477 2974 2711 3043 ﬁrmavit
2742 2988 2760 3025 :
2786 2989 2902 3043 quae
2933 2971 3170 3027 uidelicet
3200 2971 3257 3025 in
3282 2988 3446 3025 unam

1871 3084 2125 3123 arcanam
2149 3071 2272 3133 vim,
2303 3070 2357 3122 in
2383 3068 2611 3121 universi
2646 3064 2938 3120 meditullio
2963 3063 3275 3119 mirabiliter
3323 3079 3448 3117 con-

206 3158 457 3225 φούμενα
481 3174 497 3188 ·
531 3158 841 3226 ἑπομένως
874 3157 943 3209 δὲ
980 3159 1234 3223 τούτοις,
1282 3158 1388 3210 τὸν
1424 3160 1767 3212 πολύκενον

1868 3159 2417 3228 sistentemﬁmamque
2451 3157 2793 3227 explicentur.
2850 3155 3053 3210 Exinde
3102 3152 3447 3208 multicavum

205 3250 571 3316 πανταχόθεν
635 3248 1081 3318 ὑπερχεάμενος
1137 3249 1315 3318 ἀέρα’,
1365 3249 1519 3315 ὑπὲρ
1581 3250 1767 3304 αὑτὸν

203 3335 358 3405 αὖθις
404 3342 689 3410 ἐχόμενα,
741 3342 809 3394 τὸ
859 3341 1118 3409 αἰθέριον
1163 3342 1341 3406 κῦτος
1374 3341 1765 3410 περιήγαγεν⁸

201 3431 258 3495 ἐξ
301 3427 386 3485 ὧν
418 3431 828 3500 φυτὰπάντα
865 3432 975 3485 ’καὶ
1031 3431 1162 3495 ζῶα,
1212 3433 1365 3487 κατὰ
1430 3432 1769 3503 ἰδιότροπον

200 3523 447 3578 ἕκαστον
469 3526 667 3594 φύσιν
700 3526 954 3592 ἐποίησε
992 3527 1088 3579 καὶ
1108 3526 1373 3596 μορφήν.

258 3619 457 3670 Μόνον
508 3617 580 3669 δὲ
622 3617 731 3669 τὸν
774 3617 1122 3684 ἄνθρωπον,
1158 3617 1270 3685 τῆς
1320 3618 1474 3684 ιδίας
1524 3619 1769 3687 πλάσας

194 3710 647 3776 μεγαλειότητος
658 3707 884 3772 εἰκόνα,
908 3707 1013 3761 τοῦ
1037 3707 1409 3775 παραδείσου
1438 3711 1768 3779 πεποίηκεν

196 3797 495 3865 οἰκήτορα·
544 3796 620 3849 ὃν
654 3796 771 3863 τὴν
822 3797 1201 3865 Δεσποτικὴν
1251 3798 1513 3865 ἐντολὴν
1560 3802 1768 3869 ήθετη-

196 3890 346 3951 κότα,
372 3889 474 3943 καὶ
506 3888 612 3942 διὰ
652 3888 830 3941 τοῦτο
865 3887 973 3956 τῆς
1002 3888 1153 3957 πρὸς
1195 3889 1384 3943 αὐτὸν
1410 3893 1769 3959 οἰκειότητος

195 3978 591 4048 ὡλισθῃκότα,
635 3977 890 4044 θάνατος
931 3978 1029 4032 καὶ
1066 3979 1275 4047 φθορὰ,
1308 3981 1381 4033 τὰ
1407 3981 1632 4050 ὀψώνια
1660 3983 1769 4051 τῆς

196 4074 497 4141 ἁμαρτίας,
543 4070 855 4135 διεδέξατο
881 4085 895 4101 ⁶
927 4072 1068 4125 ἀλλ’
1107 4072 1219 4125 οὐκ
1251 4074 1339 4136 εἰς
1366 4074 1538 4140 τέλος
1562 4077 1595 4128 ό
1625 4076 1766 4144 ἀγα-

195 4164 285 4230 θὸς
311 4164 613 4235 ὠργίσθη,
645 4164 785 4218 οὐδὲ
815 4164 884 4218 τὸ
924 4164 1148 4219 οἰκεῖον
1199 4165 1478 4233 παρεῖδεν
1522 4169 1610 4233 εἰς
1662 4168 1765 4220 τὸν

192 4255 360 4309 αἰῶνα
422 4256 724 4325 πλάσμα·
785 4254 885 4309 διὰ
937 4256 1126 4325 νόμου
1175 4256 1243 4310 δὲ
1298 4258 1397 4312 καὶ
1447 4260 1765 4328 προφητῶν

193 4346 412 4414 πρῶτον
456 4349 659 4417 ἁγίων
706 4346 1171 4417 παιδαγωγήσας
1219 4349 1369 4417 πρὸς
1415 4351 1761 4404 εὐσέϐειαν·

191 4438 292 4491 νῦν
326 4440 396 4493 δὲ
426 4440 594 4494 κατὰ
645 4439 907 4507 τὴντῶν
950 4439 1179 4493 αἰώνων
1223 4440 1606 4507 συντέλειαν,
1656 4443 1765 4496 τόν

1869 3253 1947 3307 his
1970 3253 2204 3322 undique
2230 3250 2610 3321 superfundens
2665 3266 2861 3310 aerem,
2887 3247 3230 3317 superipsum
3260 3261 3444 3299 rursus

1868 3344 2111 3396 continue
2137 3344 2417 3397 wtheream
2450 3340 2795 3394 circumduxit
2836 3339 2939 3393 late
2973 3339 3148 3407 fusam
3178 3340 3446 3408 capacita-

1871 3442 2014 3488 tem:
2038 3449 2101 3486 ea:
2133 3434 2318 3503 quibus
2343 3432 2560 3503 plantas
2597 3448 2775 3485 omnes
2799 3440 2848 3485 et
2870 3432 3167 3485 animantes
3190 3428 3442 3494 condidit,

1860 3526 2024 3596 juxta
2046 3526 2320 3595 propriam
2349 3526 2601 3595 cujusque
2626 3523 2855 3578 indolem
2881 3539 2943 3577 ac
2966 3523 3214 3592 formam.

1938 3615 2123 3672 Solum
2152 3627 2331 3671 autem
2354 3618 2612 3670 hominem
2635 3633 2745 3671 sua:
2765 3617 3061 3687 majestatis
3092 3614 3444 3673 simulacrum

1869 3709 2125 3778 formans,
2157 3710 2395 3779 paradisi
2422 3710 2691 3763 constituit
2711 3711 2871 3763 civem
2900 3726 3109 3782 :oquem
3143 3709 3314 3780 ipsum
3336 3708 3445 3762 Do-

1872 3801 2047 3855 minici
2072 3809 2511 3871 transgressorem
2580 3803 2842 3867 mandati,
2879 3819 3097 3873 eamque
3133 3802 3194 3856 ob
3236 3819 3347 3856 rem
3381 3802 3443 3855 ab

1869 3893 2009 3947 illius
2035 3910 2243 3947 cassum
2277 3894 2671 3957 necessitudine,
2703 3911 2845 3949 mors
2869 3903 2914 3948 et
2938 3895 3202 3966 corruptio
3225 3892 3445 3964 (peccati

1868 3985 2063 4039 scilicet
2095 3985 2334 4056 obsonia)
2399 3994 2733 4055 exceperunt.
2785 3985 2943 4040 Haud
2967 3995 3147 4040 tamen
3180 3985 3445 4056 benignis-

1866 4080 2032 4132 simus
2057 4077 2147 4131 ille
2197 4079 2251 4131 in
2277 4077 2438 4144 ﬁnem
2476 4079 2645 4131 iratus
2671 4086 2778 4141 est,
2801 4086 2892 4131 aut
2922 4080 2976 4131 in
3006 4084 3313 4147 perpetuum
3350 4075 3445 4128 de-

1867 4171 2035 4238 spexit
2068 4168 2381 4239 ﬁgmentum
2408 4185 2563 4222 suum
2606 4185 2623 4223 :
2660 4169 2749 4222 sed
2805 4185 2922 4222 cum
2960 4169 3105 4237 prius
3138 4183 3228 4238 per
3281 4166 3444 4236 legem

1866 4267 2177 4329 sanctosque
2205 4261 2483 4329 prophetas
2523 4258 2593 4312 ad
2640 4259 2885 4328 pietatem
2918 4260 3227 4311 instituisset
3254 4274 3271 4321 ;
3299 4274 3440 4310 nunc

1870 4349 2080 4402 tandem
2121 4350 2177 4402 in
2220 4349 2665 4401 consummatione
2730 4346 3067 4412 saeculorum,
3112 4347 3441 4416 unigenitum

1869 4445 2088 4513 parique
2114 4460 2289 4497 secum
2332 4444 2511 4496 robore
2550 4460 2611 4496 ac
2660 4443 2891 4511 ejusdem
2938 4451 3144 4497 natura:
3191 4442 3442 4501 Verbum.

188 4531 497 4602 μονογενῆ,
523 4533 642 4585 τὸν
664 4530 950 4599 ὶσοσθενῆ
978 4532 1074 4585 καὶ
1096 4531 1332 4601 όμοφυᾶ
1354 4535 1569 4604 Λόγον,
1594 4538 1768 4603 ὑπερ-

1872 4535 2051 4589 divina
2094 4535 2329 4606 quadam
2356 4536 2650 4606 eximiaque
2673 4536 2897 4600 ratione,
2924 4550 2987 4588 ea;
3011 4533 3293 4588 uenerabili
3315 4551 3440 4588 san-

192 4626 397 4692 ουσίως
460 4623 621 4695 ἡμῖν
653 4624 721 4678 ἐκ
759 4622 1057 4694 παρθένου
1109 4623 1341 4694 σεμνῆς
1367 4666 1381 4691 ,
1435 4625 1533 4680 καὶ
1597 4626 1802 4698 ἁγίας·

252 4780 360 4850 (36)
387 4780 506 4833 Kal
550 4778 771 4847 ἐχίδνῃ
828 4777 945 4830 τινὶ
990 4777 1320 4850 τερατώδει.
1369 4778 1604 4850 Perinde
1656 4779 1768 4835 Me-

194 4853 355 4919 taphr.
393 4851 604 4906 Elevat
657 4860 849 4919 autem,
881 4849 1052 4919 _card.
1114 4849 1312 4903 Baron.
1376 4849 1574 4903 horum
1603 4850 1767 4905 fidem

194 4916 269 4973 an.
299 4923 387 4981 56,
426 4940 483 4975 n.
515 4920 576 4984 5,
611 4934 681 4973 eo
707 4918 854 4987 quod
881 4916 1177 4987 Hierapoli,
1226 4935 1336 4973 non
1370 4919 1635 4988 viperam,
1669 4920 1766 4974 sed

195 4992 311 5045 alios
358 4992 496 5045 deos
546 4990 842 5059 colerent,
880 5004 947 5059 ex
1008 4988 1207 5043 Euseb.
1282 4989 1377 5043 lib.
1442 5005 1478 5042 ιι
1528 4988 1601 5043 De
1632 5006 1769 5059 pra:-

193 5071 351 5126 parat.
394 5062 623 5131 Evang.
653 5076 701 5131 cr.
731 5060 783 5113 4.
825 5058 946 5131 Sed
970 5059 1101 5112 nihil
1135 5060 1211 5113 ibi
1250 5059 1527 5131 Eusebius
1553 5059 1607 5112 in
1634 5058 1765 5113 eam

196 5145 313 5185 rem.
346 5131 542 5186 Solum
565 5129 577 5131 ’
600 5130 756 5183 enim
781 5145 850 5184 eo
893 5129 1033 5183 libro
1089 5138 1339 5183 veterum
1384 5129 1764 5198 theologorum

195 5201 315 5255 dicta
350 5201 551 5266 refert,
586 5200 799 5269 quibus
835 5198 1158 5253 idololatria:
1178 5199 1447 5269 originem
1469 5200 1715 5253 traducat
1747 5218 1760 5254 :

195 5286 290 5342 non
321 5282 379 5324 ut
409 5270 645 5342 singula
678 5269 907 5342 numina
934 5269 1269 5342 singularum
1314 5269 1598 5342 civitatum
1634 5285 1753 5342 ρτοι

194 5338 332 5417 lerat.
368 5338 530 5397 Bene
549 5413 561 5417 _
584 5339 743 5409 apud
796 5340 1194 5417 Nicephorum,
1216 5340 1336 5417 ejus
1371 5338 1760 5417 vulgator’hoc

196 5409 350 5477 ipsum
379 5413 600 5468 nostris
655 5411 997 5480 temporibus
1024 5412 1077 5463 in
1105 5409 1333 5463 Livonia
1375 5420 1431 5464 et
1471 5410 1763 5480 Samogitia

196 5491 455 5550 "apertum
484 5482 689 5537 tradit.
711 5481 781 5536 At
801 5496 981 5550 neque
998 5481 1054 5535 in
1083 5480 1257 5535 Gallia
1286 5482 1487 5534 desunt
1510 5481 1611 5533 viri
1634 5481 1766 5534 sim-

197 5551 361 5625 plices,
387 5554 606 5625 quibus
647 5550 966 5625 hujusmodi
1002 5552 1289 5625 viperzeac
1318 5561 1601 5625 Serpentes
1631 5551 1761 5625 b_0_ni

198 5624 370 5690 ominis
393 5621 820 5687 existimentur,
856 5622 1170 5690 ubicunque
1200 5622 1419 5689 degant,
1446 5622 1555 5674 ruri
1583 5622 1668 5675 vel
1704 5621 1758 5675 in

200 5689 336 5747 domo
359 5712 373 5759 ;
394 5694 749 5761 sinistraque
777 5692 959 5747 omnia
999 5689 1348 5761 portendere,
1372 5692 1415 5745 si
1448 5691 1757 5761 abigantur,

201 5762 268 5831 vel
299 5767 459 5818 etiam
487 5773 810 5827 necentur;
833 5778 943 5831 quo
973 5764 1029 5817 in
1053 5777 1251 5830 genere
1309 5762 1583 5830 singulare
1625 5763 1756 5830 quid

202 5830 256 5886 de
283 5834 578 5893 domestica
605 5834 805 5897 vipera
828 5830 932 5889 sibi
964 5831 1225 5889 accidisse
1291 5842 1471 5886 narrat
1522 5833 1631 5888 Leo
1664 5835 1753 5887 ΛΙ-

1875 4636 2060 4699 ctaque
2092 4628 2319 4699 Virgine,
2350 4628 2545 4682 nullius
2588 4629 2893 4697 contagione
2918 4628 3115 4697 peccati
3135 4627 3331 4696 factum
3352 4627 3439 4679 ho-

1874 4783 1967 4835 lat.
2009 4796 2132 4836 cum
2167 4781 2486 4837 adolescens
2522 4788 2688 4843 esset,
2730 4780 2829 4835 lib.
2862 4779 2937 4833 De
2967 4781 3258 4851 peregrinis
3299 4780 3429 4835 ϐητ-

1872 4868 2053 4906 eorum
2081 4852 2432 4920 opinionibus,
2456 4852 2794 4905 vaticinante
2824 4851 2951 4904 inde
3007 4850 3188 4906 vetula
3217 4865 3338 4920 quae
3362 4850 3440 4905 illi

1872 4923 2005 4976 satis
2075 4937 2335 4991 prospera
2391 4936 2628 4976 evenere
2661 4960 2675 4983 ,
2749 4921 3044 4974 adventum
3076 4962 3090 4985 ,
3148 4921 3433 4989 profectio

1870 5007 2018 5054 nem,
2040 5000 2173 5056 ete.,
2206 5007 2328 5061 quae
2363 5007 2474 5046 non
2500 4999 2724 5045 careant
2759 4991 3165 5060 superstitionis
3199 4991 3340 5045 labe.
3364 4992 3437 5044 De

1871 5060 2145 5131 Hierapoli
2170 5060 2237 5115 et
2253 5071 2573 5129 serpentum
2600 5062 2655 5115 in
2683 5076 2746 5114 ea
2791 5061 2942 5115 cultu
3003 5068 3329 5131 argumento
3357 5070 3435 5115 est

1869 5130 2154 5201 antiquum
2185 5132 2426 5187 civitatis
2448 5147 2667 5195 nomen,
2713 5131 2863 5199 quod
2895 5131 3062 5201 tradit
3092 5130 3236 5198 apud
3263 5130 3431 5184 Meta-

1862 5199 2138 5269 phrastem
2155 5202 2357 5272 Joseph
2395 5202 2628 5256 Humilis
2652 5203 2903 5255 Oratione
2923 5201 2978 5253 in
3019 5199 3233 5272 laudem
3257 5202 3432 5253 sancti

1861 5270 2496 5343 Bartholomteifnempe
2527 5272 2881 5343 Ophioryma,
2935 5270 3093 5343 quasi
3114 5270 3284 5343 dicas,
3318 5285 3435 5343 ser-

1864 5343 2046 5411 pentis
2069 5358 2134 5397 ac
2162 5342 2358 5413 anguis
2392 5340 2642 5413 tutamen
2664 5340 2792 5413 "seu
2838 5340 3195 5413 praesidium,
3235 5340 3436 5395 Confer

1864 5410 2049 5467 nostra
2080 5414 2194 5467 haec
2221 5410 2346 5468 eum
2374 5412 2535 5467 dictis
2563 5413 2631 5466 ad
2660 5410 2938 5482 Hippolyti
2967 5410 3255 5482 SynOpsim
3279 5428 3294 5471 ;
3335 5426 3436 5464 nec

1866 5493 1920 5537 te
1944 5484 2195 5538 censuris
2239 5483 2510 5552 ejusmodi
2572 5482 2735 5537 facile
2786 5481 2985 5536 abduci
3020 5481 3190 5552 sinas.
3222 5481 3434 5552 Durum

1867 5568 1999 5608 sane
2048 5554 2211 5609 unius
2248 5551 2415 5609 ductu
2466 5554 2661 5608 calami
2712 5554 2838 5607 novi
2885 5551 3125 5606 hominis
3171 5551 3431 5619 expungi,

1867 5624 2134 5693 quidquid
2198 5640 2412 5679 summa
2461 5622 2824 5679 consensione
2863 5632 2945 5677 tot
2997 5629 3149 5676 retro
3195 5621 3433 5693 saeculis,

1907 5689 2113 5820 rgbatis
2155 5697 2294 5752 actis
2321 5710 2383 5751 ac
2439 5695 2760 5751 auctoribus
2814 5694 3200 5763 consignatum
3266 5689 3430 5745 ﬁdem

1907 5781 1934 5820 a
1979 5776 2076 5820 uit.

1906 5768 2076 5820 abuit.
