4180 6434
194 395 277 461 lSl

945 401 1227 462 ORATIO
1269 402 1370 463 IX.
1393 427 1457 439 -
1486 400 1571 461 IN
1608 403 1922 465 LAUDEM
1960 406 2021 466 S.
2065 407 2403 468 PHILIPPI
2442 410 2694 472 APOST.

3326 417 3431 483 182

192 511 362 579 φύσιν,
412 510 615 579 ἀδελφὴ
662 509 761 578 τὴν
787 510 1002 564 πίστινο
1028 512 1122 565 τὸν
1172 510 1365 583 ζῆλον,
1404 513 1737 585 ὁμότροπος·
1771 555 1780 575 ί

1869 514 2016 568 itaria
2091 516 2323 587 Philippi
2386 534 2586 584 soror,
2646 536 2844 591 nempe
2895 537 3053 578 soror
3108 531 3306 582 natura
3363 546 3428 586 ac

192 602 280 669 τὴν
333 602 589 671 ἀγάπην,
648 601 969 673 ὀμόγνωμος
992 619 1006 633 ·
1063 606 1332 675 παρθένος
1387 607 1487 678 τὴν
1539 606 1738 677 ψυχὴν.

193 695 447 767 παρθένος
494 694 556 748 τὸ
602 695 796 765 σῶμα,
844 696 938 767 ὅλη
985 700 1305 768 τετρωμένη
1371 699 1469 767 τῆς
1525 701 1744 768 ἀγάπης

194 786 440 856 Χριστοῦ.
476 787 732 858 Μαριὰμ,
761 789 959 857 γνησία
988 789 1227 859 Χριστοῦ
1252 790 1592 859 θεραπαινὶς,
1620 792 1745 855 ἀξία

194 878 314 930 Θεοῦ
360 878 631 950 θυγάτηρ,
666 881 764 949 ὅλη
806 879 899 933 τοῦ
931 880 1197 949 παναγίω
1220 881 1535 953 Πνεῦματος
1572 899 1745 952 μεμε-

198 968 457 1038 στωμένη,
482 968 650 1041 πιστὴ
681 969 777 1023 τοῦ
800 970 1129 1039 Εὐαγγελίου
1160 960 1455 1043 μαθήτρια,
1485 972 1749 1026 σπουδαία

194 1060 290 1112 τῶν
318 1061 635 1114 ἀποστόλων
688 1061 955 1128 διάκονος,
990 1064 1084 1116 καὶ
1141 1063 1452 1134 θερμοτάτη
1487 1063 1621 1134 πρὸς
1650 1066 1749 1128 τὰς

208 1152 504 1224 Ἑλληνίδας
535 1155 630 1207 τοῦ
665 1156 843 1226 Ἰησοῦ
874 1157 1313 1228 εὐαγγελίστρια.
1352 1158 1594 1213 ’Δνωθεν
1612 1158 1751 1228 αὕτη

197 1245 618 1315 προσεκαρτέρει
637 1245 716 1316 τῷ
739 1246 1010 1318 Φιλίππῳ,
1036 1246 1098 1313 ἐξ
1119 1244 1181 1303 οῦ
1200 1248 1293 1301 τὸν
1322 1248 1525 1319 κλῆρον
1558 1249 1753 1319 εἴληφε

196 1338 285 1406 τῆς
318 1336 625 1405 ἀποστολῆς
650 1354 667 1368 ·
703 1338 801 1391 καὶ
847 1338 1071 1402 τοῦτον,
1122 1339 1199 1404 ὼς
1252 1340 1479 1409 ἀδελφὺν
1540 1342 1635 1409 μὲν
1695 1340 1757 1394 τὸ

199 1428 365 1498 σῶμα,
399 1430 613 1499 πατέρα
666 1430 725 1483 δέ
757 1430 819 1484 τὸ
852 1432 1069 1500 πνεῦμα
1099 1434 1341 1503 τιμῶσα,
1380 1434 1476 1487 καὶ
1506 1433 1583 1498 ὡς
1623 1434 1756 1505 δρα-

197 1522 408 1591 στήριος
434 1522 852 1595 ὑπηρετουμένη
883 1524 1210 1595 θεράπαινα,
1242 1526 1459 1597 πλήρης
1487 1526 1587 1595 τῆς
1618 1528 1756 1579 ἀπο-

199 1613 441 1684 πολικῆς
468 1616 563 1668 καὶ
603 1616 743 1685 αὐτὴ
777 1617 1061 1688 δυνάμεως
1090 1614 1181 1691 ἦν.
1214 1620 1377 1673 Ὅθεν
1410 1620 1758 1688 εὐαγγελιζο-

201 1704 335 1776 μένῳ
353 1707 714 1776 συνεργοῦσα,
729 1710 1177 1781 καθειργνυμενῳ
1194 1712 1757 1783 συμτταρομαρτοῦσα,

202 1800 286 1851 καὶ
308 1799 432 1852 τότε
476 1800 543 1871 δὴ
603 1803 943 1873 κρεμαμένῳ
986 1806 1367 1875 συνανιωμένη
1396 1822 1457 1858 τε
1499 1806 1594 1858 καὶ
1637 1822 1762 1857 συν-

1845 605 1951 661 ﬁde
1998 622 2195 675 soror;
2235 611 2353 679 pari
2407 628 2623 668 morum
2682 615 3049 679 aemulatione,
3076 620 3431 677 consentiens

1843 698 2133 763 charitate,
2168 701 2322 771 virgo
2355 705 2559 769 animo,
2598 706 2753 775 virgo
2779 720 3024 775 corpore,
3056 716 3169 763 tota
3219 706 3425 764 Christi

1846 792 2131 847 vulnerata
2179 795 2449 851 charitate
2473 798 2541 851 “.
2571 797 2759 863 Maria,
2792 813 2921 853 vera
2966 798 3167 855 Christi
3206 801 3431 859 ancilla.

1848 883 2010 954 digna
2062 887 2156 941 Dei
2212 888 2341 952 ﬁlia,
2367 898 2478 943 tota
2538 890 2744 960 Spiritu
2795 901 2987 947 sancto
3034 893 3215 961 plena,
3250 892 3433 951 fidelis

1848 976 2126 1048 Evangelii
2187 980 2492 1051 discipula,
2553 982 2743 1037 sedula
2814 998 3095 1054 gnavaque
3158 983 3435 1053 apostolo-

1850 1085 1972 1122 rum
2029 1068 2381 1135 administra,
2417 1072 2731 1127 ﬁdelissima
2783 1075 2850 1127 ad
2905 1073 3121 1129 Graecas
3170 1074 3433 1127 mulieres

1854 1159 1981 1215 Jesu
2014 1177 2195 1231 praeco
2221 1202 2236 1215 .
2269 1160 2394 1217 Haec
2445 1164 2577 1219 olim
2631 1164 2885 1233 Philippo
2926 1165 3167 1227 assidua,
3199 1180 3310 1234 quo
3364 1179 3432 1217 ex

1854 1260 2102 1322 tempore
2125 1254 2483 1323 apostolicum
2506 1271 2706 1311 munus
2762 1256 2962 1310 inierat
2992 1272 3008 1321 ;
3043 1273 3191 1320 eum,
3241 1266 3303 1309 ut
3325 1255 3433 1308 fra-

1857 1353 1996 1399 trem
2022 1344 2245 1413 quidem
2262 1361 2511 1415 corpore,
2529 1355 2591 1400 ut
2616 1362 2745 1401 vero
2768 1348 2985 1401 Patrem
3014 1346 3208 1417 spiritu
3222 1349 3430 1409 colens.

1856 1444 1912 1491 et
1936 1447 1996 1491 ut
2020 1437 2217 1490 ancilla
2233 1436 2424 1492 sedulo
2446 1437 2685 1492 ofﬁciosa
2705 1437 3044 1502 ministrans,
3072 1439 3189 1508 ipsa
3211 1421 3431 1509 quoque

1858 1529 2157 1599 apostolica
2180 1529 2341 1598 plena
2387 1528 2592 1585 virtute
2623 1537 2763 1583 erat.
2806 1527 3171 1595 Quamobrem
3233 1530 3431 1600 pradi-

1860 1634 2074 1679 cantem
2101 1623 2384 1692 adiuvans,
2410 1623 2704 1691 clausoque
2737 1637 2956 1677 carcere
2978 1637 3160 1676 omnes
3212 1622 3431 1684 eﬂ'ecta,

1862 1723 1995 1769 tunc
2019 1730 2237 1784 quoque
2268 1713 2526 1767 nimirum
2559 1729 2826 1783 suspenso
2849 1713 3171 1777 condolens,
3199 1714 3432 1784 diroque

1864 1807 2013 1861 illius
2043 1807 2290 1861 cruciatu
2313 1821 2585 1869 mcerens,
2618 1806 2767 1860 omni
2791 1806 2953 1861 modo
2986 1806 3301 1862 beatissima
3350 1806 3433 1860 fc-

199 1893 525 1963 οδυνωμένη.
556 1896 737 1950 πάντα
776 1897 979 1968 τρόπον
1010 1898 1351 1969 συνέπασχεν
1385 1901 1420 1969 ή
1475 1916 1758 1969 μακαριω-

1869 1899 2009 1954 mina
2034 1897 2239 1953 Christi
2272 1899 2418 1954 socia
2452 1898 2766 1969 passionum
2797 1908 2936 1953 erat.

199 1985 323 2056 τάτη
357 1986 601 2056 Χριστῷ.

260 2077 474 2131 Γίνεται
528 2079 585 2133 δὲ
638 2080 764 2135 τότε
806 2081 986 2153 θέαμα
1031 2081 1201 2149 ξένον,
1249 2085 1454 2156 φρίκης
1488 2101 1548 2137 τε
1580 2086 1760 2153 πάσης

199 2169 285 2220 καὶ
316 2170 558 2237 ἀγωνίας
586 2172 774 2241 γέμον.
802 2174 1015 2228 Σείεται
1046 2176 1148 2245 μὲν
1186 2176 1449 2247 ἐξαίφνης
1486 2177 1519 2246 ή
1555 2177 1628 2246 γῆ
1670 2178 1763 2230 καὶ

199 2262 307 2324 ὅλος
332 2264 359 2315 ὁ
385 2264 547 2333 χορὸς
569 2268 776 2329 ἐκεῖνος
804 2268 1163 2338 ἐκτιναχθεὶς,
1224 2271 1307 2333 είς
1338 2269 1502 2338 βάθος
1559 2269 1756 2322 ὑπενό-

200 2371 326 2417 στει,
354 2358 416 2408 ἐν
438 2352 485 2424 ᾧ
514 2359 665 2412 πάσα
696 2360 896 2431 μικροῦ
924 2362 1033 2415 δεῖν
1054 2364 1088 2433 ἡ
1113 2364 1271 2426 πόλις
1300 2365 1486 2435 ἐκείνη
1521 2381 1758 2435 συναγη-

197 2448 447 2517 γερμένη,
480 2449 707 2519 θέατρον
734 2453 969 2506 ἐποιεῖτο
998 2456 1127 2518 τοὺς
1151 2454 1461 2527 ἀνθρώτους
1514 2454 1608 2509 τοῦ
1657 2456 1761 2525 ’1η-

200 2538 321 2591 cro-3-
354 2544 776 2607 συγκατεσπὶτο
801 2544 858 2597 δὲ
900 2545 979 2615 τῷ
1028 2546 1215 2614 ἐδάφει
1242 2548 1349 2610 πάς
1390 2550 1421 2601 ὁ
1463 2548 1609 2610 λαὸς,
1669 2550 1765 2602 καὶ

197 2631 375 2695 δεινῶς
402 2635 700 2688 ἀπολέσθαι
715 2637 1136 2703 κινδυνεύοντες.
1164 2642 1291 2703 τοὺς
1317 2642 1444 2711 περὶ
1464 2642 1556 2695 τὸν
1576 2641 1765 2694 Φίλιπ-

199 2742 290 2779 πον
316 2728 632 2781 ἐπεϐοῶντο
654 2745 670 2761 ν
703 2731 799 2782 καὶ
829 2731 1001 2801 ταύτῃ
1043 2749 1104 2799 γε
1130 2733 1230 2802 τῆς
1253 2732 1460 2803 πλάνης
1503 2733 1602 2802 μὲν
1628 2735 1763 2786 ἀπο-

201 2820 507 2889 στήσεσθαι,
540 2821 620 2891 τῷ
665 2823 765 2892 τῆς
796 2824 1052 2891 ἀληθείας
1076 2826 1135 2878 δὲ
1190 2825 1476 2879 πιστεῦσαι
1542 2828 1753 2879 καθυπ-

201 2911 473 2981 ισχνοῦντο
491 2914 631 2982 θεῷ.
653 2915 790 2977 Τοὺς
804 2918 859 2969 δέ
884 2918 1184 2987 ἱκετηρίαις
1208 2919 1307 2987 μὲν
1322 2918 1596 2972 ἐκτενέσιν
1613 2919 1767 2983 ἐξευο

199 3003 506 3073 μενῇτεσθαι
528 3005 621 3059 τὸν
669 3008 823 3069 θεὸν,
849 3010 1060 3080 ἀθρόως
1091 3012 1147 3064 δὲ
1178 3012 1269 3064 τὸν
1297 3012 1500 3083 Κύριον
1538 3030 1771 3083 προσευ-

200 3097 441 3164 χομένοις
471 3099 659 3162 αὐτοῖς
706 3102 1036 3171 ἐπιφανῆναι
1068 3118 1083 3131 ·
1117 3104 1213 3156 καὶ
1266 3104 1622 3174 στηριχθῆναι
1672 3104 1771 3174 μέν

196 3193 391 3255 εὐθέως
422 3192 528 3262 τὴν
559 3194 663 3262 γῆν
684 3194 781 3263 τῆς
806 3196 898 3246 ἐπὶ
919 3195 981 3248 τδ
1006 3195 1274 3259 κάταντες
1328 3196 1733 3267 ὑποχωρήσεως
1752 3214 1768 3229 ο
1796 3224 1840 3285 c

194 3284 416 3353 δῦναμιν
441 3285 501 3335 δὲ
532 3284 683 3338 θείαν
733 3286 1000 3356 κλίμακος
1053 3287 1257 3358 τρόπον
1290 3291 1403 3350 τοῖς
1461 3287 1768 3356 ἀπολλυμέ-

195 3392 299 3437 νοις
324 3374 794 3445 ὕποτεινομένην,
830 3376 970 3445 πρὸς
1004 3376 1280 3448 σωτηρίαν
1335 3379 1623 3432 ὁδοποιεῖν.
1660 3377 1773 3430 Αὖ-

195 3483 257 3535 τη
283 3468 501 3533 γίνεται
528 3466 768 3532 πίστεως
790 3469 906 3531 τοῖς
936 3468 1190 3533 ἀπίστοις
1230 3470 1478 3540 ἀφορμή.
1502 3469 1677 3523 Τοῦτο
1706 3469 1772 3540 δὴ

194 3560 250 3611 τὸ
283 3559 601 3629 θαυμάσιον
654 3559 758 3631 τὴν
794 3560 953 3614 πόλιν
980 3561 1200 3633 ἐκείνην
1238 3562 1423 3630 ὀλίγον
1446 3562 1559 3615 δεῖν
1590 3563 1773 3615 πᾶσαν

193 3653 266 3722 τῷ
295 3652 391 3706 τοῦ
444 3652 714 3707 Φιλίππω
742 3655 988 3725 προσῆγε
1017 3655 1155 3724 Θεῷ.
1191 3654 1471 3708 Ἐντεῦθεν
1498 3654 1648 3707 λύειν
1676 3653 1776 3724 μέν

192 3748 312 3809 τοὺς
333 3746 585 3817 Χριστοῦ
610 3747 864 3818 δεσμίους
892 3748 943 3801 οί
981 3749 1349 3818 σεσωσμένοι,
1388 3748 1487 3803 καὶ
1540 3746 1638 3801 τοῦ
1682 3746 1773 3811 ξύ-

195 3838 280 3892 λου
306 3840 564 3893 καθεῖναι
586 3840 893 3910 προσῄεσαν
922 3841 1126 3912 σπουδῇ
1145 3858 1160 3871 ·
1197 3841 1480 3909 ἐπείχοντο
1529 3839 1612 3901 δέ,
1675 3837 1773 3907 τὴν

195 3948 256 3983 πε
263 3933 315 3999 pi.
336 3930 528 3984 αὐτῶν
552 3932 850 4001 γενομένην
878 3932 1081 3987 ἀνωθεν
1101 3933 1402 4001 ἐγνωκότες
1430 3932 1644 4002 βουλήν.

259 4022 331 4075 ΣΞ)
369 4023 476 4093 μὲν
500 4021 633 4091 γάρ,
654 4017 700 4076 ὦ
720 4023 1237 4093 τρισμκαριὼτατε
1279 4024 1390 4076 τῶν
1437 4026 1772 4091 ἀποστόλων,

197 4114 450 4184 ἀνεθῆναι
482 4114 564 4185 μὴ
587 4112 1021 4183 καταδεξάμενος
1045 4115 1155 4168 τῶν
1176 4115 1411 4186 δεσμῶν,
1462 4119 1777 4189 ἐπισκήψας

193 4207 247 4261 δὲ
281 4211 347 4280 τῇ
384 4226 450 4261 τε
477 4209 637 4263 πόλει
672 4208 742 4261 τά
774 4208 984 4272 δέοντα,
1039 4211 1135 4264 καὶ
1180 4211 1293 4272 τοῖς
1339 4210 1591 4280 ἀδελφοῖς
1643 4214 1778 4267 πᾶσι

196 4302 535 4370 προσμένειν
569 4303 635 4371 τῇ
661 4301 843 4353 πίστει
866 4300 961 4354 τοῦ
998 4299 1199 4370 Ἰησοῦ,
1236 4288 1337 4354 καὶ
1363 4304 1485 4366 ταῖς
1537 4303 1780 4366 ἐντολαῖς

196 4392 730 4462 παμγγυησάμενος
753 4392 1164 4463 προσλιπαρεῖν·
1192 4388 1333 4457 εἶτα,
1377 4394 1561 4464 δέησιν
1594 4395 1778 4465 ἱκετή-

198 4486 305 4555 ρίον
326 4503 389 4539 τε
428 4486 561 4556 ἄμα
606 4485 703 4537 καὶ
755 4485 1194 4558 εὐχαριστηριον,
1246 4487 1669 4557 ἐμφανιζομένῳ
1698 4505 1780 4541 σοι

1931 2080 2170 2151 Contigit
2228 2096 2361 2135 vero
2428 2096 2630 2134 novum
2713 2078 2986 2150 quoddam
3042 2079 3431 2149 spectaculum,

1864 2173 2343 2228 horrendumsane
2370 2173 2825 2243 tremendumque
2852 2190 2915 2229 ac
2937 2173 3163 2229 terroris
3190 2175 3432 2243 plenum.

1864 2264 2199 2320 Terr-.emotu
2244 2265 2429 2319 subito
2488 2267 2645 2320 locus
2706 2266 2989 2334 quatitur,
3038 2273 3296 2335 totusque
3344 2265 3435 2320 ille

1864 2371 2160 2410 succussus
2183 2357 2385 2411 chorus
2406 2359 2515 2411 alta
2548 2357 2808 2427 voragine
2833 2356 3171 2419 subsidebat,
3202 2372 3312 2425 quo
3325 2364 3435 2410 tota

1864 2447 1981 2502 fere
2008 2449 2220 2512 civitas,
2254 2450 2382 2505 Jesu
2410 2450 2663 2505 homines
2696 2450 2911 2505 theatro
2933 2448 3276 2513 traductura,
3298 2463 3433 2503 con-

1866 2550 2138 2606 cesserat;
2188 2557 2520 2611 omnemque
2552 2542 2813 2611 populum
2866 2557 3009 2596 unus
3025 2556 3148 2596 cum
3181 2540 3296 2595 solo
3319 2540 3439 2593 hia-

1866 2641 1956 2686 tus
1983 2631 2331 2687 absorbebat.
2375 2633 2493 2688 Jam
2538 2633 2723 2703 itaque
2757 2632 2908 2704 gravi
2966 2632 3157 2687 salutis
3203 2632 3437 2700 vitaque

1866 2724 2117 2793 pulsante
2152 2725 2416 2794 periculo,
2450 2725 2758 2795 Philippum
2807 2740 2931 2780 cum
2966 2724 3132 2781 sociis
3176 2724 3438 2779 inclama-

1866 2815 2041 2881 bant;
2083 2827 2246 2885 atque
2274 2832 2338 2871 ea
2374 2832 2433 2871 se
2462 2817 2675 2871 ratione
2715 2817 2784 2871 ab
2822 2832 3009 2872 errore
3063 2817 3436 2881 abscessuros,

1867 2922 2109 2977 veroque
2131 2908 2241 2963 Deo
2261 2906 2590 2971 credituros,
2626 2909 2792 2964 etiam
2816 2916 2981 2978 atque
3009 2907 3175 2963 etiam
3206 2907 3439 2978 pollice-

1870 3000 2089 3054 bantur.
2122 2999 2191 3055 At
2229 3000 2517 3070 Philippus
2573 3001 2819 3070 sociique
2868 3000 3216 3056 ferventibus
3266 3000 3441 3056 Deum

1870 3093 2361 3164 supplicationibus
2391 3093 2609 3163 placare
2637 3110 2654 3158 ;
2702 3093 2991 3148 orantibus
3014 3092 3277 3147 Dominus
3305 3107 3441 3147 con-

1872 3186 2051 3240 festini
2083 3202 2366 3256 apparere,
2400 3201 2635 3256 moxque
2687 3196 2911 3251 terram,
2971 3200 3042 3241 ne
3100 3195 3443 3255 mergeretur

1872 3280 2135 3349 hiatuque
2158 3279 2488 3342 subsideret,
2538 3278 2873 3343 confulcire;
2901 3278 2954 3331 vi
2987 3278 3227 3347 denique
3258 3277 3442 3332 divina

1872 3370 2045 3424 instar
2074 3370 2231 3424 scala:
2252 3369 2613 3439 pereuntibus
2670 3368 2963 3435 submissa,
3002 3369 3078 3423 ita
3113 3369 3181 3423 ad
3208 3370 3441 3424 salutem

1872 3464 2107 3518 munire.
2170 3462 2295 3518 Haec
2341 3462 2641 3518 incredulis
2675 3462 2802 3517 fidei
2837 3462 3075 3518 occasio.
3120 3462 3442 3517 Miraculum

1874 3556 1998 3621 hoc,
2025 3572 2243 3609 omnem
2269 3555 2381 3609 fere
2413 3555 2560 3609 illam
2584 3554 2856 3609 civitatem
2908 3555 3156 3625 adiunxit
3203 3554 3442 3631 Philippi

1872 3646 2005 3701 Deo.
2038 3646 2176 3700 Hinc
2202 3645 2450 3716 periculo
2479 3644 2769 3714 redempti,
2800 3644 3005 3700 Christi
3052 3647 3265 3699 vinctos
3292 3646 3443 3699 solu—

1874 3748 1988 3792 tum
2012 3738 2268 3807 lignoque
2291 3736 2602 3806 depositum
2656 3737 2892 3806 prompti
2926 3736 3222 3801 accedere;
3272 3744 3327 3790 at
3350 3751 3447 3791 co-

1875 3832 2228 3895 hibebantur,
2270 3830 2365 3901 qui
2409 3844 2711 3899 supernum
2757 3829 2825 3884 de
2880 3829 2991 3886 illis
3033 3830 3327 3886 consilium
3362 3829 3447 3885 in-

1877 3924 2211 3991 telligerent.

1952 4016 2035 4069 Tu
2086 4015 2332 4085 quidem,
2387 4015 2760 4085 apostolorum
2805 4022 2891 4069 ter
2934 4014 3268 4077 beatissime,
3320 4029 3445 4068 cum

1877 4110 2016 4163 solvi
2054 4108 2293 4163 vinculis
2305 4107 2594 4171 noluisses,
2622 4122 2688 4161 ac
2711 4122 2836 4176 qua:
2860 4105 3023 4161 oﬂicii
3056 4116 3214 4161 erant
3236 4106 3447 4161 civitati

1879 4203 2223 4267 mandasses,
2281 4202 2605 4273 cunctisque
2662 4201 2928 4257 fratribus
2980 4210 3040 4255 ut
3076 4202 3132 4255 in
3166 4200 3270 4256 tide
3318 4200 3447 4257 Jesu

1880 4305 2301 4366 perseverarent
2354 4310 2421 4350 ac
2484 4294 2757 4348 mandatis
2807 4292 3015 4347 assidui
3072 4302 3279 4357 essent,
3314 4308 3449 4362 pra:-

1881 4388 2122 4458 cepisses
2154 4406 2168 4441 :
2201 4396 2426 4457 tumque
2450 4385 2806 4456 supplicantis
2828 4385 2997 4439 animi
3020 4385 3238 4452 pariter
3286 4392 3450 4453 atque

1879 4480 2080 4552 gratias
2101 4479 2312 4549 agentis
2334 4478 2660 4541 orationem,
2704 4476 2818 4531 Deo
2850 4486 2969 4540 tuo,
3002 4475 3135 4544 Regi
3168 4484 3265 4529 tuo
3288 4474 3453 4529 Chri-

195 4578 391 4649 νοερῶς
422 4579 528 4631 καὶ
578 4576 964 4648 ὕπερκοσμίως
1005 4576 1222 4649 τῷΘεῷ
1266 4594 1360 4631 σου
1417 4582 1513 4632 καὶ
1570 4581 1780 4650 βασιλεί

1884 4582 1969 4650 sto
2000 4569 2092 4641 qui
2120 4579 2466 4640 apparuerat,
2502 4568 2701 4623 mentis
2752 4582 2936 4629 sensu,
2988 4582 3051 4620 ac
3079 4580 3243 4635 supra
3287 4580 3449 4634 quam

196 4685 283 4721 σου
312 4668 712 4742 προσλαλήσας
736 4669 977 4741 Χριστῷ,
1003 4672 1083 4733 εις
1107 4672 1296 4741 χεῖρας
1318 4671 1467 4742 αὐτῷ
1493 4672 1593 4741 τὴν
1639 4689 1780 4726 παν-

194 4761 371 4816 ολδίαν
418 4761 637 4816 ἀπέδου
689 4761 903 4832 ψυχήνο
963 4761 1059 4816 καὶ
1096 4763 1157 4815 ἐν
1212 4764 1362 4833 φωνῇ
1410 4763 1782 4831 ἀγαλλιάσεως

197 4856 284 4910 καὶ
304 4854 793 4926 ἐξομολογήσειικ,
821 4856 881 4908 ἐν
909 4854 1029 4926 ἧχῳ
1060 4856 1429 4926 ἑορταζόντων
1455 4858 1657 4927 νοερῶν
1683 4860 1779 4913 καὶ

198 4948 352 5004 θείων
384 4948 720 5018 Δυνάμεων.
758 4945 899 5016 πρὸς
928 4947 1028 5009 τάς
1047 4948 1306 5016 οὐρανίας
1328 4948 1475 5018 αὐτῷ
1495 4950 1592 5003 καὶ
1608 4949 1776 5017 ὑπερ-

198 5044 513 5111 φωπάτας
550 5040 961 5111 συνανελήφθης
985 5043 1176 5112 μονάς.

264 5246 309 5279 ³⁸
332 5244 506 5301 Cant.
541 5258 610 5307 ιι,
633 5243 690 5299 6.
760 5243 812 5276 ⁸⁸
834 5243 977 5299 Psal.
1000 5259 1086 5297 λιι
1138 5245 1192 5297 5.

200 5388 307 5435 erat
332 5376 702 5449 praedicator,
727 5373 956 5449 saniora
987 5376 1124 5440 haec,
1160 5391 1325 5446 quam
1366 5376 1453 5449 illa
1485 5374 1690 5435 Abdita,
1719 5373 1789 5428 de

203 5445 408 5505 duabus
444 5445 696 5518 apostoli
740 5445 979 5510 ﬁliabus,
1012 5462 1143 5518 quae
1167 5445 1311 5518 ipost
1360 5446 1669 5518 aliquantos
1692 5458 1791 5518 an-

202 5535 295 5574 nos
320 5520 378 5575 in
410 5514 705 5575 minutum
729 5518 902 5585 patris
930 5526 989 5572 et
1008 5514 1138 5587 ipsa
1162 5514 1325 5571 illata:
1365 5516 1495 5587 sint,
1522 5530 1552 5567 a
1582 5514 1790 5569 dextris

203 5600 252 5644 et
276 5606 306 5645 a
337 5590 599 5646 sinistris
634 5588 785 5657 illius
801 5587 993 5657 posita
1030 5586 1392 5641 acmiraculis
1420 5586 1612 5657 clarae;
1635 5600 1787 5657 quas

204 5662 496 5718 ementitus
553 5654 819 5727 scriptae
839 5672 948 5712 non
990 5658 1227 5712 advenit
1274 5656 1501 5710 alterius
1550 5654 1786 5724 Philippi

209 5731 334 5783 ﬁlias
359 5730 662 5783 exstitisse
683 5770 698 5783 .
747 5727 801 5781 id
832 5739 916 5781 est
941 5728 1155 5783 diaconi
1182 5744 1198 5783 :
1228 5742 1351 5783 uua:
1378 5726 1518 5780 forte
1548 5725 1786 5783 Philippi

210 5733 334 5786 ﬁlias
359 5733 662 5785 exstitisse
683 5770 698 5790 ,
747 5733 801 5781 id
832 5739 916 5781 est
941 5733 1155 5783 diaconi
1182 5744 1198 5793 ;
1228 5742 1351 5797 qua
1378 5733 1518 5780 forte
1550 5733 1787 5794 Philippi

210 5803 427 5877 apostoli
476 5808 791 5877 amaret?
813 5798 1240 5877 quod__ce_lebris
1259 5798 1454 5877 civitas
1480 5796 1789 5877 erath‘ul-

213 5866 473 5945 tosquein
504 5885 577 5927 ea
618 5866 905 5939 Philippus
947 5868 1167 5926 Christo
1204 5867 1554 5939 acquisierat,
1613 5866 1785 5922 Palae-

1885 4648 2083 4717 decore
2102 4662 2458 4731 honesteque,
2485 4660 2804 4729 prolocutus
2816 4673 2987 4720 esses,
3015 4658 3069 4711 in
3101 4657 3453 4712 manusillius

1887 4752 2255 4810 beatissimam
2307 4752 2545 4807 animam
2605 4749 2880 4804 tradidisti
2915 4766 2930 4801 :
2964 4748 3131 4818 inque
3185 4762 3321 4802 voce
3365 4761 3457 4801 ex-

1885 4846 2195 4903 sultationis
2232 4855 2290 4900 et
2330 4842 2691 4900 confessionis
2716 4841 2773 4897 in
2802 4857 2939 4895 sono
2999 4840 3265 4895 mentium
3316 4855 3458 4910 epu-

1885 4938 2159 4992 Iantium”
2180 4935 2598 5003 divinarumque
2617 4932 2975 4994 Potestatum,
2998 4930 3052 4984 in
3078 4930 3328 4985 cmlestes
3342 4929 3458 4984 exi-

1887 5032 2131 5100 miasque
2172 5043 2236 5083 ac
2258 5028 2493 5091 divinas,
2523 5027 2619 5083 illo
2638 5034 2889 5089 auctore,
2922 5032 3182 5094 receptus
3209 5038 3272 5079 es
3297 5037 3457 5077 man-

1886 5145 2085 5185 SIODCS.

1890 5373 2033 5426 stina
2055 5386 2083 5424 a
2110 5371 2373 5425 Romanis
2402 5376 2634 5435 vastata,
2671 5368 2769 5425 illo
2791 5368 3333 5439 commigrarant,_ac
3358 5367 3464 5439 ho-

1889 5442 2041 5512 spitii
2086 5441 2267 5495 locum
2311 5441 2389 5494 ibi
2420 5440 2780 5512 delegerant._
2815 5438 2972 5512 Quod
2999 5437 3464 5512 _etiatn_‘|_laria_m

1888 5508 1987 5567 seu
2013 5512 2365 5565 Mariamnem
2384 5509 2484 5563 τοῦ
2524 5511 2699 5577 Ἰησοῦ
2730 5508 3139 5579 εὐαγελίστριαν
3162 5508 3297 5563 dicit
3319 5510 3459 5579 πρὸς

1886 5584 1986 5646 τὰς
2030 5581 2358 5647 Ἑλληνίδας,
2393 5582 2737 5634 annuntians
2768 5578 2951 5633 latnt
2984 5578 3289 5632 mulieribus
3312 5578 3464 5634 Grc-

1884 5657 1980 5713 cis,
1996 5653 2147 5707 sexui
2170 5651 2773 5714 convenientissimum,
2797 5666 2901 5705 nec
2915 5650 3182 5720 privatam
3193 5649 3467 5720 excedens

1893 5723 2219 5783 doctrinam,
2252 5737 2358 5791 qua
2395 5721 2536 5775 nihil
2556 5728 2704 5776 vetat
2721 5719 3003 5782 mulieres,
3040 5720 3207 5791 etiam
3232 5719 3465 5775 summis

1894 5793 2155 5867 apostolis
2176 5790 2471 5863 adiutrices
2483 5804 2606 5848 esse
2630 5791 2945 5863 evangelica
2969 5790 3274 5846 functione.
