4180 6434
746 349 849 415 183

1909 352 2201 411 NICETzE
2242 353 2766 415 PAPIILAGONIS

3889 356 3986 420 i8i

814 470 1244 525 Bartholomarus
1275 481 1460 523 autem
1498 486 1529 524 e
1562 469 1807 540 patibulo
1828 468 2136 538 depositus,
2179 486 2316 522 una-

2497 471 2903 541 Βαρθολομαῖος
2927 473 2983 524 δε
3016 472 3107 525 τοῦ
3149 472 3307 535 ξύλου
3341 473 3706 543 καθαιρεθεὶς,
3740 474 3832 525 καὶ
3876 476 3988 544 ἃμα

741 576 849 630 que
893 562 1295 630 sapientissima
1334 560 1522 625 Maria,
1583 577 1707 615 cum
1746 559 2133 615 Christiferum
2176 562 2312 615 illud

743 654 1158 708 tabernaculum
1198 664 1517 710 reverenter
1547 654 1925 725 sepeliendum
1952 666 2315 710 curassentac

742 746 1040 801 Ecclesiam
1071 748 1507 811 conﬁrmassent,
1553 764 1758 817 eosque
1820 748 1913 817 qui
1957 748 2317 803 accessissent

742 841 1182 905 illuminassent;
1232 858 1293 895 ac
1322 842 1365 894 si
1417 840 1548 909 quid
1606 842 1881 911 reliquum
1927 838 1995 893 ad
2040 838 2317 909 Evangelii

742 931 1081 985 functionem
1103 933 1415 997 videbatur,
1441 932 1831 1003 complessent,
1879 946 2035 985 suam
2084 932 2317 1001 quisque

740 1024 885 1077 viam
911 1040 1222 1093 perrexere.

812 1117 893 1171 Tu
920 1134 1069 1181 vero,
1096 1132 1308 1170 summe
1345 1117 1540 1186 inclyte
1578 1132 1641 1169 ac
1674 1115 1857 1169 divine
1893 1115 1986 1169 Dei
2017 1132 2174 1185 puer,
2207 1130 2301 1169 ca}

740 1210 909 1264 lestes
958 1210 1189 1263 festivus
1221 1225 1348 1262 axes
1380 1207 1711 1262 inscendens
1754 1208 2064 1275 chorosque
2100 1222 2270 1276 agens
2302 1249 2318 1271 ,

740 1314 803 1352 ac
832 1314 955 1351 cum
979 1300 1238 1367 magistro
1266 1307 1429 1365 atque
1456 1298 1687 1351 Domino
1712 1298 1766 1349 in
1779 1305 2046 1350 :eternum
2070 1312 2317 1360 versans,

740 1390 917 1459 gaude
942 1406 1003 1443 ac
1021 1391 1200 1443 l:elare
1245 1398 1500 1458 tanquam
1534 1389 1625 1442 Dei
1652 1386 1795 1441 ﬁlius
1822 1388 2139 1457 adoptione,
2162 1388 2323 1457 quip-

741 1500 809 1550 pe
839 1484 933 1552 qui
978 1484 1080 1536 hoc
1110 1490 1304 1536 nactus
1331 1483 1426 1541 sis,
1457 1490 1515 1533 ut
1548 1496 1671 1532 cum
1700 1496 1767 1534 eo
1807 1481 1899 1549 qui
1924 1491 2119 1534 natura
2153 1480 2324 1534 Filius

741 1584 844 1633 est,
881 1589 1074 1642 regnes
1102 1575 1386 1641 vivasque,
1422 1581 1477 1626 et
1508 1571 1563 1625 in
1592 1571 1991 1641 sempiternum
2019 1571 2225 1626 laateris
2258 1587 2323 1626 ac

742 1667 1031 1733 praesentia
1064 1666 1282 1718 fruaris.

812 1760 1021 1822 Gaude,
1057 1760 1200 1828 quod
1238 1760 1450 1813 Patrem
1506 1758 1775 1812 luminum
1826 1757 2013 1811 videre
2043 1756 2265 1826 cupiisti
2305 1774 2320 1821 ;

742 1867 976 1920 cumque
1008 1852 1198 1905 videns
1214 1852 1280 1914 ⁸⁸,
1303 1862 1653 1921 prototypum
1689 1853 1742 1905 in
1785 1850 1945 1914 Filio,
1972 1866 2034 1905 ac
2063 1861 2318 1920 tanquam

746 1940 797 1989 in
828 1938 1058 2005 imagine
1090 1937 1309 2001 vidisti;
1346 1939 1600 2005 velutque
1626 1937 1678 1990 in
1719 1938 1893 2001 radio,
1920 1938 2160 1991 Solcmin
2184 1937 2319 1992 Uni—

742 2031 946 2099 genito,
994 2030 1309 2084 Genitorem
1346 2031 1674 2097 intelligens,
1706 2046 1849 2084 verse
1911 2032 2105 2099 plenus
2144 2030 2319 2093 lucis,

740 2126 893 2191 quasi
926 2123 1069 2178 ﬁlius
1096 2125 1234 2178 lucis
1277 2133 1441 2194 atque
1470 2140 1597 2178 vere
1654 2124 1768 2194 ipse
1820 2125 1912 2177 lux
1970 2123 2243 2177 enituisti.

812 2304 1021 2364 Gaude,
1052 2303 1257 2357 Christi
1287 2320 1553 2371 equorum
1613 2302 2015 2356 ferventissime
2044 2317 2106 2354 ac
2136 2302 2320 2369 perni-

745 2400 986 2459 cissime,
1010 2414 1173 2467 quem
1216 2398 1304 2450 ille
1342 2397 1743 2459 conscendens,
1771 2412 1833 2449 ac
1866 2396 1920 2449 in
1981 2410 2131 2448 mare
2172 2394 2319 2464 quod

744 2502 927 2545 mente
961 2491 1306 2559 intelligitur,
1365 2489 1656 2551 inducens,
1703 2490 1952 2557 miraque
1986 2490 2194 2541 ratione
2230 2505 2321 2541 re-

744 2598 900 2653 gens,
930 2582 1128 2635 multas
1155 2596 1325 2650 aquas
1359 2589 1448 2633 tua
1464 2596 1630 2647 opera
1670 2580 1928 2645 (absurda
1953 2580 2159 2634 scilicet
2186 2596 2321 2648 gen-

744 2675 883 2728 tium
909 2688 1068 2726 sensa
1084 2688 1149 2726 ac
1178 2672 1428 2739 consilia)
1457 2671 1807 2724 conturbavit
1843 2671 1909 2723 ⁸⁷.

814 2766 1023 2827 Gaude,
1060 2764 1206 2835 quod
1247 2764 1577 2833 spiritalium
1606 2764 1699 2818 Dei
1722 2780 1989 2834 equorum
2025 2765 2322 2835 (angelica-

746 2875 868 2913 rum
920 2859 1132 2913 scilicet
1160 2858 1517 2927 potestatum)
1554 2859 1833 2911 volatilem
1887 2858 2127 2911 indolem
2158 2870 2322 2927 atque

743 2953 969 3020 agilem,
993 2967 1284 3021 acremque
1316 2968 1379 3005 ac
1397 2952 1633 3005 alacrem
1664 2952 1951 3005 mmulatus
1982 2961 2144 3018 atque
2174 2966 2325 3003 amo-

743 3061 803 3100 re
835 3052 1177 3113 prosccutus,
1206 3042 1558 3112 pronominis
1585 3043 1781 3096 merito
1804 3042 2017 3095 ratione
2038 3040 2323 3109 Philippus

2415 566 2480 632 τη
2520 566 2807 636 σοφωτάτη
2843 566 3097 634 Μαριὰμ,
3152 568 3215 618 τὸ
3246 566 3619 634 Χριστοφόρον
3682 565 3988 634 σεϐασμίως

2417 657 2807 724 κεκηδευκὸτες
2826 658 3039 723 σκῆνος,
3058 657 3149 709 καὶ
3166 657 3261 726 τὴν
3277 656 3604 725 Ἐκκλησίαν
3619 656 3988 725 στηρίξαντες,

2416 747 2512 798 καὶ
2532 751 2659 809 τοὺς
2693 750 3016 816 προσιόντας
3046 748 3382 814 φωτίσαντες
3409 787 3425 809 ,
3483 747 3579 799 καὶ⁵
3618 749 3671 799 εἰ
3709 764 3761 798 τι
3808 748 3990 800 λεῖπον

2417 838 2514 907 τῆς
2550 840 2861 908 ἱερουργίας
2886 839 2979 891 τοῐ
3026 838 3357 905 Εὖαγγελίου
3404 838 3861 903 συντετελεκοτες,
3896 838 3988 890 οὖ-

2419 948 2499 981 τω
2532 932 2668 1002 πρὸς
2818 932 2938 984 κατ’
2974 933 3172 993 αὐτοὺς
3195 931 3436 1001 ἐχώρουν
3461 930 3600 984 ὀδόν.

2492 1110 2564 1162 Σὺ
2594 1110 2652 1162 δέ
2681 1129 2792 1181 μοι,
2821 1112 3139 1180 παναοίδιμε
3169 1113 3264 1164 καὶ
3290 1112 3542 1165 Θεσπέσιε
3573 1111 3666 1164 τοῦ
3705 1109 3840 1162 Θεοῦ
3868 1112 3987 1171 παῖ,

2421 1204 2519 1267 τὰς
2541 1206 2797 1273 οὐρανίας
2819 1208 3001 1268 ἑστίας
3018 1206 3348 1274 χοροὸατῶν,
3372 1208 3471 1257 καὶ
3493 1204 3571 1273 τῷ
3589 1203 3894 1271 διδασκάλῳ
3919 1203 3987 1255 δι’

2420 1298 2615 1360 αἰῶνος
2646 1298 2744 1350 καὶ
2782 1300 2972 1367 Κυρίῳ
3007 1300 3202 1360 συνὼν,
3267 1302 3447 1367 χαῖρε,
3501 1300 3595 1349 καὶ
3642 1296 3990 1365 κατατὲρπου

2422 1392 2497 1452 t'o;
2541 1391 2653 1453 ohe;
2680 1389 2812 1442 Θεοῦ
2848 1390 3013 1454 θέσει,
3181 1392 3319 1443 κατά
3351 1392 3511 1459 φύσιν
3560 1390 3675 1459 Υίῷ
3728 1390 3991 1458 συμϐασι·

2423 1480 2601 1534 λεύειν
2633 1480 2833 1550 λαχὼν,
2852 1482 2947 1533 καὶ
2974 1482 3152 1545 συζῶν
3178 1485 3270 1535 καὶ
3302 1482 3827 1553 συνευφραινόμενος
3865 1482 3993 1549 άλη-

2427 1592 2531 1627 κτα
2561 1574 2657 1626 καὶ
2686 1574 3010 1644 συνομιλῶν.

2496 1758 2690 1827 Χαῖρε,
2744 1758 2828 1810 ὅτι
2861 1757 2953 1810 τὸν
2986 1758 3206 1828 Πατέρα
3241 1757 3351 1811 τῶν
3398 1756 3594 1827 φώτων
3640 1757 3993 1827 ἐπεῦύμησςς

2424 1851 2684 1915 κατιδεῖν,
2720 1851 2811 1903 καὶ
2856 1850 3043 1903 τοῦτον
3078 1851 3241 1919 ὀρῶν,
3296 1851 3578 1921 ἐδιδάχθης
3634 1853 3692 1903 ὲν
3750 1851 3829 1921 τῷ
3884 1852 3997 1917 Υἰῴ

2425 1945 2519 1995 καὶ
2574 1944 2650 2006 ὡς
2698 1945 2756 1996 ἐν
2785 1943 2955 1996 είκόνι
2983 1946 3045 1996 τὸ
3077 1945 3416 2014 ἀρχέτυπον
3466 1944 3562 1996 καὶ
3608 1944 3682 2007 ὡς
3712 1944 3771 1997 ἐν
3822 1945 4001 1997 ἀπαυ-

2424 2035 2802 2105 γάσματι,τὸν
2828 2038 3009 2105 ἣλιον·
3049 2039 3107 2088 ὲν
3160 2038 3238 2106 τῷ
3294 2037 3617 2105 Μονογενεῖ,
3664 2038 3755 2091 τὸν
3801 2040 3993 2105 γεννί-

2423 2144 2557 2196 τορα
2586 2129 2890 2192 κατανοῶν,
2925 2130 3142 2199 πλήρης
3193 2126 3244 2180 εἶ
3285 2130 3463 2197 φωτὸς
3494 2129 3749 2199 ἀληθοῦς,
3777 2130 3852 2191 ὡς
3885 2131 4000 2189 υἱὸς

2435 2221 2623 2288 ρωπος,
2656 2222 2749 2273 καὶ
2777 2222 3023 2288 αὑτοιρώς
3055 2222 3335 2291 πεφηνώς.

2495 2314 2688 2381 Χαῖρε,
2761 2314 2892 2367 ῖππε
2940 2314 3177 2382 Χριστοῦ
3231 2314 3535 2383 θερμότατε
3574 2314 3671 2366 καὶ
3704 2313 3998 2382 ταχύτατε,

2428 2406 2486 2456 ἰν
2521 2404 2715 2467 ἐπιϐὰς
2745 2407 2973 2467 ἐκεῖνος,
3000 2408 3094 2457 καί
3117 2408 3197 2467 εἰς
3220 2406 3320 2474 τὴν
3348 2406 3547 2475 νοητὴν
3572 2405 3849 2458 Θάλασσαν
3875 2407 3998 2457 ἐπι-

2427 2498 2622 2560 ϐιϐών,
2652 2499 2749 2552 καὶ
2805 2499 3125 2567 θαυμασίως
3177 2498 3431 2568 ἡνιοχῶν,
3466 2499 3634 2551 ὕδατα
3688 2499 3860 2552 πολλὰ
3911 2500 4002 2551 διὰ

2428 2590 2543 2653 σοῦ,
2576 2591 2645 2642 τὰ
2675 2593 2851 2645 ἄτοπα
2873 2593 3123 2661 νοήματα
3158 2590 3521 2662 συνετάραξεν
3554 2591 3664 2642 τῶν
3693 2590 3884 2645 ἐθνῶν.

2503 2770 2697 2839 Χαιρε,
2733 2787 2814 2822 οτι
2854 2770 2960 2822 τῶν
2987 2771 3193 2840 νοητῶν
3222 2769 3316 2823 τοῦ
3343 2769 3481 2823 Θεοῦ
3509 2770 3690 2822 ἵππων
3711 2810 3726 2831 ,
3786 2770 3883 2822 εἴτ’
3909 2769 4006 2822 οὖν

2427 2863 2738 2929 ἀγγελικών
2770 2863 3054 2931 δυνάμεων
3103 2864 3200 2932 τὴν
3260 2864 3469 2932 πτηνὴν
3525 2861 3685 2927 φύσιν
3727 2863 3821 2914 καὶ
3870 2878 4005 2929 γορ-

2428 2955 2554 3022 γὴν.
2622 2957 2715 3007 καὶ
2770 2955 3095 3024 δραστήριον
3157 2955 3448 3023 ἐζηλωκὼς
3503 2958 3598 3009 καί
3663 2952 4006 3023 πεφιληκὼς,

2436 3044 2664 3105 εἰκότως
2722 3046 2988 3105 Φίλιππος
3031 3046 3500 3117 προσηγορεύθης,
3535 3046 3632 3098 καὶ
3683 3047 3832 3114 ᾶρμα
3864 3043 4006 3095 Θεοῦ

742 3137 1045 3206 appeltatus
1070 3151 1150 3198 es,
1175 3136 1377 3204 Deique
1410 3150 1625 3197 currus,
1659 3143 1718 3186 ut
1750 3133 2031 3202 Scriptura
2057 3134 2322 3202 loquitur,

2438 3136 2834 3205 μυριοπλάσιον
2866 3138 3205 3205 ἀνεδείχοης.
3262 3138 3404 3189 κατά
3447 3138 3547 3206 τὴν
3592 3137 3833 3207 Γραφὴν,
3864 3138 3920 3187 ἐν
3958 3128 4010 3201 ᾧ

740 3231 929 3284 decem
962 3229 1206 3282 millibus
1236 3227 1519 3296 multiplex
1565 3226 1870 3291 eﬂ‘cctus“;
1903 3226 1955 3278 in
1998 3240 2107 3294 quo
2154 3224 2325 3278 millia

738 3335 952 3375 eorum.
978 3322 1069 3389 qui
1094 3331 1142 3373 te
1162 3330 1382 3373 auctore
1406 3318 1759 3372 crediderunt
1777 3318 2050 3373 (Ecclesia:
2073 3316 2326 3381 scilicet),

741 3415 1085 3468 abundantes
1126 3414 1236 3466 Deo
1271 3412 1509 3466 Sabaoth
1542 3412 1768 3481 gloriam
1794 3412 2112 3463 concinuut.

815 3504 974 3558 Salve
1008 3505 1103 3565 sis,
1137 3513 1194 3556 et
1228 3503 1440 3571 exsulta
1482 3518 1546 3555 ac
1596 3503 1795 3555 choros
1864 3501 2068 3563 ducito,
2121 3500 2213 3569 qui
2271 3499 2325 3552 in

743 3597 928 3650 medio
957 3597 1370 3665 coryphzeorum
1396 3611 1657 3648 consessu
1692 3595 1947 3647 thronum
1995 3593 2181 3663 gloria:
2209 3608 2327 3645 sor-

744 3692 881 3743 titus
899 3705 979 3752 es,
1004 3704 1067 3743 ac
1091 3689 1284 3757 primis
1300 3688 1560 3757 apostolis
1583 3694 2014 3739 connumeratus
2040 3704 2053 3737 :
2084 3687 2320 3754 primum

745 3780 984 3849 denique
1018 3780 1164 3848 apud
1194 3795 1513 3848 supremum
1544 3778 1788 3831 omnium
1806 3777 2031 3846 llegem,
2060 3777 2323 3829 honorem

746 3884 1098 3927 COIISCCUIUS.

815 3963 973 4018 Salve
1011 3963 1337 4033 gaudeque,
1372 3976 1435 4015 ac
1486 3960 1644 4012 nobis
1700 3974 1918 4028 quoque
1970 3958 2184 4011 afﬂictis
2230 3974 2325 4009 ex-

745 4055 971 4108 sultatio
996 4062 1052 4108 et
1081 4053 1268 4106 lzetitia
1307 4061 1363 4105 et
1396 4050 1655 4121 gaudium
1680 4060 1820 4104 esto.
1865 4050 2171 4118 I’auperum
2206 4065 2324 4100 ino-

744 4146 932 4200 lestias
962 4147 1079 4199 leva
1112 4162 1126 4210 ;
1156 4144 1417 4198 Ecclesiis
1442 4159 1630 4212 paceni
1650 4142 1898 4200 restitue,
1925 4157 1987 4194 ac
2017 4140 2327 4207 tranquillis

747 4237 996 4291 moribus
1036 4237 1295 4305 pietatem
1327 4253 1340 4287 :
1367 4243 1721 4302 nostramque
1754 4232 1897 4285 hanc
1932 4233 2323 4302 cxiguamlau-

745 4330 1024 4385 dationem
1046 4338 1328 4398 acceptam
1362 4327 1592 4389 habens,
1652 4327 1969 4381 beatissime
2020 4335 2077 4378 tu
2120 4324 2326 4391 Deique

745 4437 975 4476 munere
1022 4419 1356 4480 felicissime,
1434 4418 1580 4487 quod
1623 4434 1689 4471 ex
1744 4417 2068 4472 Christianae
2108 4414 2326 4485 pietatis

2430 3228 2663 3297 χιλιάδες
2695 3230 2799 3280 τών
2825 3230 2912 3281 διὰ
2942 3230 3033 3281 σοῦ
3065 3229 3284 3299 Χριστῷ
3310 3229 3733 3289 πιστευσάντων,
3775 3229 3828 3280 αἱ
3878 3228 4007 3278 Ἐκ-

2431 3320 2651 3387 κλησίαι
2689 3318 3035 3388 εὐθηνοῦσαι,
3078 3322 3237 3385 δόξαν
3291 3321 3687 3390 ἀνακρούονται
3754 3317 3831 3387 τῷ
3881 3318 4009 3385 Θεῷ

2432 3412 2676 3464 Σαϐαὼθ.

2503 3503 2677 3573 Χαῖρέ
2712 3519 2801 3570 μοι
2838 3503 2933 3556 καὶ
2964 3503 3162 3572 σκίρτα
3190 3504 3284 3555 καὶ
3341 3504 3557 3573 χόρευε,
3601 3502 3791 3571 Θρὸνου
3842 3501 4007 3569 δόξης

2432 3594 2488 3643 ἐν
2529 3592 2679 3659 μέσῳ
2716 3592 2822 3643 τῶν
2849 3592 3163 3661 κορυφαίων
3186 3591 3553 3663 εὐμοιρηκὼς,
3584 3593 3678 3642 καὶ
3704 3592 3815 3651 τοῖς
3850 3592 4009 3656 πρώ-

2430 3701 2541 3745 τοις
2556 3684 2664 3735 τῶν
2680 3684 2994 3736 ἀποστόλων
3020 3684 3242 3753 συνηριθ
3252 3703 3324 3753 μη
3335 3684 3514 3754 μένος,
3544 3685 3639 3736 καὶ
3654 3683 3752 3750 τῆς
3781 3682 4009 3751 πρώτης

2432 3775 2584 3845 παρὰ
2617 3775 2693 3845 τῷ
2726 3776 3069 3845 Παμϐασιλεῖ
3102 3775 3510 3846 κατηξιωμένος
3532 3774 3719 3844 τιμῆς.

2502 3956 2695 4023 Χαῖρε,
2751 3954 2887 4007 ἀλλά
2955 3954 3047 4005 καὶ
3113 3955 3246 4023 ἡμῖν
3294 3951 3629 4022 Θλιδομένοις
3684 3948 4011 4017 ἀγαλλίασις

2432 4048 2582 4113 γίνου
2614 4047 2707 4099 καὶ
2742 4047 3053 4115 εὐφροσύνη
3087 4046 3182 4097 xui.
3208 4045 3370 4115 χαρά.
3404 4046 3529 4106 Τοῖς
3584 4044 3834 4113 πένησιν,
3878 4043 4010 4095 ἐπι-

2432 4137 2691 4205 κούφισον
2719 4138 2817 4200 τὰς
2841 4138 3155 4207 δυσχερείας
3176 4153 3190 4166 ⁸
3209 4140 3329 4200 ταῖς
3362 4135 3710 4204 Ἐκκλησίαις
3726 4136 4012 4187 ἀποκατά-

2434 4249 2632 4301 στησον
2660 4232 2758 4300 τὴν
2810 4233 3033 4299 εἰρήνην
3086 4230 3182 4283 καὶ
3216 4230 3314 4299 τὴν
3360 4228 3654 4298 εὐνομίαν·
3710 4230 3804 4281 καὶ
3848 4225 4015 4295 ἡμῶν

2429 4325 2529 4393 τὴν
2553 4324 2739 4392 ὀλίγην
2768 4324 2972 4392 ταύτην
3002 4324 3205 4375 αῖνεσιν
3234 4322 3655 4391 ἀποδεξάμενος,
3691 4320 4009 4390 πλήρωσον,

2430 4405 2476 4463 ὦ
2510 4410 2779 4479 τρισόλϐιε
2834 4412 2926 4461 καὶ
2955 4409 3377 4480 Θεομακάριστε,
3430 4409 3530 4478 τὴν
3580 4407 3721 4461 κατὰ
3768 4408 4012 4475 Χριστὸν

746 4511 1053 4565 rationibus
1081 4520 1183 4573 est,
1225 4509 1563 4563 desiderium
1594 4508 2059 4576 implc,bon33quc
2090 4507 2322 4559 etbene-

2434 4504 2727 4573 ἐπιθυμίαν
2752 4520 2765 4533 ·
2812 4506 2903 4556 καὶ
2934 4505 3070 4571 πρὸς
3096 4504 3156 4555 τὸ
3179 4502 3382 4571 ἀγαθὸν
3436 4504 3532 4555 καὶ
3584 4503 3877 4571 εὐάρεστον
3911 4503 4012 4553 καὶ

744 4599 981 4667 placenti
1011 4607 1174 4667 atque
1210 4598 1461 4667 perfecta:
1505 4605 1698 4664 aptans
1753 4595 1966 4647 Domini
2016 4592 2317 4654 voluntati,

748 4691 1098 4747 inconfusum
1123 4692 1232 4744 Deo
1263 4689 1462 4743 exhibe
1498 4706 1511 4741 :
1566 4688 1622 4740 in
1664 4686 1887 4741 Christo
1916 4686 2048 4741 Jesu
2093 4684 2323 4739 Domino

745 4792 961 4847 nostro,
987 4780 1255 4851 cuigloria
1274 4788 1330 4833 et
1355 4777 1647 4847 imperium
1673 4776 1728 4830 in
1757 4777 1952 4830 secula
1976 4774 2322 4829 seculorum.

748 4877 941 4931 Amen.

1072 5006 1153 5060 Ea:
1188 5006 1457 5059 miraculis
1490 5004 1718 5074 Philippi
1752 5000 1997 5073 apostoli.

824 5121 1251 5176 Lucidissimum
1322 5122 1475 5176 sidus
1536 5121 1641 5174 hoc
1705 5132 2044 5188 magnusque
2108 5113 2327 5171 Domini

756 5214 1065 5286 apostolus,
1090 5231 1213 5270 cum
1250 5216 1305 5270 in
1339 5215 1613 5269 Galilaeam
1649 5214 1753 5267 iret
1783 5212 2119 5283 praedicans,
2148 5209 2330 5264 adhuc

825 5400 873 5432 ⁸⁸
901 5399 1060 5455 Joan.
1090 5416 1201 5463 xw,
1224 5400 1279 5453 8.
1354 5402 1397 5432 ³⁷
1456 5400 1662 5457 Habac.
1712 5417 1794 5467 ιιι,
1839 5401 1891 5455 8.

830 5556 943 5628 (39)
983 5558 1235 5613 Narratio
1288 5558 1421 5621 haec,
1456 5558 1538 5612 sic
1569 5558 1883 5613 Graecorum
1933 5557 2151 5612 Menazis
2199 5572 2328 5611 con-

758 5639 992 5692 secrata,
1047 5630 1335 5681 maximam
1380 5630 1567 5697 procul
1596 5629 1766 5683 dubio
1813 5629 1932 5683 veri
1963 5629 2198 5698 speciem
2234 5628 2331 5680 ha-

760 5698 875 5764 bet,
910 5700 1448 5753 conscutientissima
1494 5700 1617 5753 aliis
1677 5714 1796 5769 qua:
1820 5700 1875 5752 in
1909 5701 2031 5752 Act.
2065 5698 2331 5751 adversus

762 5770 1040 5837 apostolos
1060 5778 1207 5838 gesta
1237 5770 1487 5840 legimus,
1530 5771 1613 5824 \‘el
1664 5786 1785 5839 qua:
1829 5770 1993 5822 etiam
2021 5784 2051 5821 a
2085 5769 2330 5840 probatis

755 5840 1073 5896 auctoribus
1112 5838 1442 5896 referuntur.
1483 5838 1695 5896 Nomen
1721 5840 1971 5896 Arthclai
2018 5838 2329 5908 obrepsisse

1970 5401 2015 5433 ⁸⁸
2045 5401 2188 5455 Psal.
2235 5415 2396 5459 uvu,

2430 4596 2633 4647 τέλειον
2664 4595 2877 4664 θέλημα
2910 4595 3003 4647 τοῦ
3055 4597 3324 4649 Δεσπὸτου
3378 4596 3741 4666 συμϐιϐάσας,
3773 4596 4009 4649 ἀκαται-

2434 4703 2662 4757 σχυντον
2698 4687 3049 4757 παράστησον
3073 4688 3151 4759 τῷ
3176 4689 3315 4759 Θεῷ·
3348 4689 3406 4741 ἐν
3438 4688 3659 4760 Χριστῷ
3698 4687 3874 4757 Ἰησοῦ
3927 4692 4009 4757 τῷ

2432 4778 2625 4848 Κυρίῳ
2650 4777 2829 4847 ἡμῶν,
2862 4772 2906 4845 ᾧ
2936 4778 3115 4848 ήδόξα
3148 4779 3243 4832 καὶ
3272 4778 3332 4832 τὸ
3362 4779 3559 4851 κράτος
3595 4781 3677 4842 εἰς
3711 4779 3839 4841 τοὺς
3868 4776 4013 4833 αἰῶ-

2434 4887 2530 4929 νας
2563 4869 2668 4922 τῶν
2696 4870 2929 4923 αἰώνων.
2964 4871 3159 4941 Ἀμήν.

2587 5003 2689 5056 Ἐκ
2722 5002 2839 5057 τῶν
2868 5004 3183 5073 θαυμάτων
3213 5004 3321 5058 τοῦ
3352 5004 3703 5059 ἀποστόλου
3736 5002 3875 5072 (59).

2506 5109 2672 5178 Οὗτος
2713 5118 2742 5169 ὁ
2785 5118 3134 5185 φαεινότατος
3165 5119 3341 5188 ἀστὴρ
3384 5119 3477 5171 καὶ
3524 5118 3590 5188 μέ
3606 5135 3696 5185 (ας
3736 5116 3831 5169 τοῦ
3890 5118 4011 5169 Κυ-

2438 5208 2555 5281 ρίου
2595 5210 2926 5275 ἀπόστολος,
2974 5212 3047 5275 ὡς
3097 5212 3184 5265 ἐπ’
3235 5212 3404 5281 αὐτὴν
3452 5210 3538 5281 ᾔει
3569 5210 3667 5280 τὴν
3711 5209 4012 5263 Γαλιλαίαν

2433 5398 2519 5453 18.

2438 5554 2798 5625 typographo,
2833 5555 2948 5608 sive
2974 5556 3139 5608 etiam
3182 5555 3511 5624 antiquaria,
3543 5569 3609 5608 ex
3635 5570 3745 5624 quo
3779 5554 3870 5608 ille
3905 5570 4012 5608 ex-

2437 5628 2657 5695 pressit,
2691 5625 3037 5679 manifestum
3089 5634 3210 5689 est;
3254 5642 3357 5679 nec
3399 5626 3547 5678 enim
3580 5625 3767 5679 tandiu
3798 5626 4016 5679 Arche-

2436 5697 2555 5749 laus
2611 5705 2888 5763 superstes
2934 5696 3055 5759 fuit,
3114 5704 3209 5749 aut
3240 5696 3379 5748 alius
3398 5696 3517 5765 ejus
3550 5696 3788 5748 nominis
3816 5695 3869 5747 in
3908 5695 4017 5750 Ju-

2436 5767 2573 5829 ἀίω,
2599 5782 2662 5819 ea
2688 5774 3006 5833 tempestate
3037 5781 3132 5818 rex
3165 5766 3287 5823 fuit.
3322 5766 3414 5834 qui
3450 5766 3541 5833 jus
3588 5766 3713 5819 vita:
3752 5781 3815 5817 ac
3855 5766 4020 5819 necis

2434 5838 2541 5893 sibi
2572 5836 2898 5907 indulgeret,
2928 5836 2981 5891 in
3012 5851 3107 5892 eos
3132 5837 3226 5906 qui
3263 5837 3507 5891 Mosaicae
3537 5836 3669 5906 legis
3709 5835 4020 5890 violatores
