4180 6434
197 413 277 476 135

919 411 1200 470 ORATIO
1236 411 1336 470 IX.
1371 435 1439 446 —
1468 408 1548 470 IN
1584 408 1890 470 LAUDEM
1931 409 1992 468 S.
2029 409 2366 469 PIIILIPPI
2403 409 2657 469 APOST.

3318 413 3418 475 186

189 529 458 598 κηρύσσων
477 569 491 592 ,
524 528 603 582 ἔτι
635 529 714 600 τῷ
742 529 839 600 βίῳ
869 531 1075 601 περιὼν
1095 575 1108 598 ,
1137 534 1356 601 γύναιον
1390 535 1537 604 αὑτῷ
1569 553 1736 604 προσ·
1767 545 1812 597 Α

1767 545 1812 597 Α
1843 535 1969 588 vita:
2005 545 2314 602 superstes.
2347 533 2545 586 mulier
2591 531 2838 602 quaedam
2877 531 2953 586 illi
2987 530 3202 585 obviam
3232 531 3413 595 venit,

188 623 414 692 υπανςᾷ,
471 621 762 691 ἐκκομίζον
799 623 1008 676 παιδίον
1047 625 1346 693 es:qube
1387 627 1480 679 καὶ
1509 623 1595 679 οἷα
1634 627 1736 695 μή-

185 731 303 782 τηρ,
358 714 613 783 ἀμέτρως
661 714 942 768 ὲκόπτετο,
971 715 1188 784 Ταύτην
1232 719 1260 769 ὁ
1284 716 1574 785 κηρύσσων
1605 734 1737 768 κατ-

188 805 473 874 οικτείρας,
516 809 609 858 καὶ
638 807 735 875 τὴν
779 807 956 870 δεξιὰν
1005 808 1084 878 τῷ
1109 809 1391 878 τεθνηκότι
1429 810 1737 878 προτείνας.

192 900 433 963 Ἔγειρε,
475 897 707 949 κελεύει
739 913 837 950 σοι
873 901 905 950 ό
945 898 1045 950 ὑπ’
1080 899 1226 967 ἐμοῦ
1271 902 1736 966 κηρυττόμενος,

190 988 387 1055 ἔψησε-ι,
442 987 686 1052 Ἰησοῦς
727 991 758 1040 ὀ
791 991 1044 1056 Χριστός
1066 1007 1079 1020 θ
1111 991 1204 1042 καὶ
1243 994 1270 1044 ὁ
1315 992 1471 1058 λόγος
1503 992 1738 1062 ζωτικὴν

190 1077 315 1145 αὑτῴ
345 1079 545 1130 ἔδωκεν
567 1078 872 1148 ἀνέγερσιν,
897 1080 990 1132 καὶ
1018 1083 1084 1149 τῇ
1138 1083 1406 1152 πενθούσῃ
1438 1082 1740 1152 βακτηρίαν

192 1169 266 1220 τὸν
288 1169 591 1223 ἀναστάντα
615 1170 868 1238 γενέσθαι
896 1173 1032 1242 πρὸς
1066 1172 1162 1244 τὴν
1189 1175 1366 1227 οἰκίαν
1401 1180 1742 1246 παρεσκεύα-

191 1277 284 1313 σεν.
321 1260 384 1312 ’11
413 1261 494 1316 δὲ.
516 1261 624 1312 τῶν
656 1263 817 1330 ἴχνων
838 1261 928 1314 τοῦ
959 1262 1380 1332 Θαυματουργοῦ
1405 1264 1737 1333 δραξαμένη,

195 1352 285 1403 ’ον
319 1352 700 1417 ἀνέστησας,
737 1352 885 1420 ἔλεγε
909 1392 924 1415 ,
954 1355 1027 1406 δι’
1068 1354 1284 1420 ὕδατος
1325 1355 1742 1424 diuersi-vneror

190 1441 294 1494 σὺν
335 1442 486 1509 ἐμοί.
544 1444 653 1496 Καὶ
707 1445 951 1513 τυχοῦσα
998 1448 1095 1515 τῆς
1138 1447 1392 1515 χάριτος,
1446 1448 1740 1510 ἀπόστολος

188 1534 427 1600 ἐγεγόνει,
464 1536 630 1588 πᾶσιν
655 1536 1122 1609 εὖαγγελιζομένη
1165 1539 1258 1592 τοῦ
1291 1540 1407 1593 υἱοῦ
1445 1541 1612 1611 αὐτῆς
1640 1542 1739 1612 τὴν

188 1642 481 1682 αναστασιν,

244 1713 373 1778 Ἷίγε
430 1718 486 1770 δὲ
538 1719 727 1773 τοῦτον
784 1721 877 1774 καὶ
938 1721 1025 1773 ἐπ’
1087 1721 1397 1793 Ἀθήνῃσιν.
1458 1725 1624 1778 Ἐνοα
1680 1724 1740 1778 τὸ

186 1808 365 1861 ἁπλοῦν
390 1810 488 1862 τοῦ
517 1810 677 1878 λόγου
714 1812 816 1864 κᾶν
851 1813 1144 1875 εὐτελίζειν
1173 1815 1220 1866 οἱ
1268 1815 1539 1884 Ἀθηναῖοι
1579 1816 1736 1870 ἐϐού-

187 1901 334 1961 λοντο.
362 1904 396 1971 ἡ
431 1905 630 1972 πρᾶξις
667 1905 776 1956 τῶν
804 1906 1122 1975 παραδόξων
1154 1907 1364 1971 τούτοις
1393 1910 1736 1978 ἁντεπισχεῖν

187 1994 363 2049 ἔπειθε.
417 1998 528 2048 Καὶ
580 1997 786 2060 λοιπὸν,
850 1999 910 2050 Τί
948 1998 1022 2064 δὴ
1057 1998 1338 2064 πράττειν
1380 2003 1732 2068 ὀφείλομεν,

185 2086 364 2154 ἔλεγον,
393 2088 565 2156 ἡμεῖς
598 2092 652 2142 οἱ
686 2089 818 2157 περὶ
842 2090 983 2154 τοὺς
1019 2092 1240 2159 λόγους
1269 2092 1730 2157 ἐσπουδακότες,

187 2181 377 2233 τούτου
431 2181 559 2246 τοῖς
614 2186 818 2250 λόγοις
874 2183 1195 2248 ἡττώμενοι
1222 2201 1240 2246 ;
1289 2185 1394 2236 Καὶ
1456 2184 1601 2252 γὰρ,
1656 2187 1734 2250 ὡς

186 2270 363 2338 ὁρᾶτε,
409 2273 693 2339 ἄγροικος
737 2270 914 2337 οὗτος
959 2275 1056 2325 καὶ
1106 2273 1317 2338 ἄπολις
1344 2316 1358 2339 ,
1406 2276 1474 2328 ἐν
1505 2275 1572 2328 δὲ
1612 2277 1735 2341 τοῖς

183 2363 354 2430 ἔργοις
386 2363 558 2429 ήμῶν
595 2364 890 2432 ἐγκρατὴς
920 2365 1016 2417 καὶ
1059 2366 1394 2433 περιφανὴς
1433 2366 1735 2420 ἐνδείκνυ-

185 2471 281 2507 ται.
339 2457 656 2523 Τοιγαροῦν
707 2456 780 2508 δι’
837 2457 1168 2526 ἐπιστολῆς
1222 2461 1615 2528 σημανοῦμεν
1657 2458 1737 2524 τῷ

184 2546 628 2615 ἁρχιτῃαμματεῖ
660 2546 781 2599 τῶν
840 2549 1134 2604 Ἰουδαίων
1169 2553 1238 2605 ἐν
1299 2553 1696 2622 Ἰερουσαλήμ
1719 2571 1732 2584 ⁸

184 2641 264 2690 καὶ
291 2640 347 2691 τὸ
380 2641 542 2705 δόξαν
577 2633 724 2693 οὗτοι
748 2642 1138 2711 κρατύναντες,
1172 2647 1355 2699 ἱκανὸν
1396 2647 1530 2717 πρὸς
1562 2649 1624 2700 τὸ
1652 2649 1736 2700 λέ-

183 2749 284 2798 γειν
310 2733 815 2796 ἐξαποστέλλουσιν.
858 2735 915 2785 Ὀ
941 2733 1072 2800 γοῦν
1104 2736 1429 2800 ἀποσταλεὶς
1448 2779 1462 2802 ,
1494 2739 1600 2790 ἔσω
1639 2741 1735 2808 τῆς

191 2823 526 2893 Ἰερουσαλὴμ
561 2827 832 2893 γεγονὼς,
882 2827 1020 2895 μετὰ
1058 2828 1155 2898 τὴν
1190 2829 1431 2882 ἐπίδοσιν
1461 2830 1558 2900 τῆς
1601 2848 1734 2899 γραο

183 2919 292 2982 φῆς.
333 2916 418 2968 διὰ
452 2917 630 2984 λόγων
659 2921 773 2978 τοῖς
819 2917 1079 2988 ἄρχουσιν
1122 2923 1469 2990 ὲπετράνωσε
1523 2923 1589 2974 τὰ
1638 2923 1738 2992 τῆς

180 3009 392 3077 γραφῆς,
422 3008 624 3076 λέγων’
657 3011 922 3079 Τοῦνομα
948 3012 1245 3077 Φίλιππος
1272 3013 1337 3065 ἐκ
1364 3013 1482 3066 τῶν
1502 3008 1619 3066 ὧδέ
1649 3031 1738 3078 τις

179 3099 350 3166 λέγων
376 3096 564 3163 εἶναι,
621 3101 868 3169 ἀφίκετο
900 3103 1049 3168 πρὸς
1099 3103 1296 3171 ἡμᾶς·
1347 3104 1413 3168 ὃς
1459 3104 1739 3172 ἄγροικον

180 3187 276 3255 μὲν
307 3188 648 3257 ἐπιφέρεται
705 3191 810 3242 τὸν
865 3192 1086 3258 λόγον,
1149 3193 1220 3245 οὐ
1256 3193 1472 3260 μικρὸν
1511 3193 1578 3244 δὲ
1627 3192 1738 3257 τὴν

178 3276 326 3343 ἡμῶν
353 3281 703 3332 ἐπισείων-τα
730 3279 844 3345 τὴν
877 3281 1128 3345 καρδίαν
1163 3283 1258 3334 καὶ
1290 3284 1576 3350 πατρίδα.
1613 3302 1734 3336 xm-

178 3369 272 3421 νόν
297 3369 672 3439 διαγγέλλων
701 3372 909 3439 ὄνομα.
947 3373 1209 3439 Ἰησοῦν,
1235 3369 1284 3440 ᾧ
1315 3375 1408 3427 καὶ
1434 3376 1736 3444 χρώμενος

177 3461 258 3513 ἐπὶ
299 3462 608 3528 γλώττης,
669 3463 1077 3531 ἀποτρόπαιον
1123 3465 1249 3531 ἔχει
1295 3465 1591 3530 δαιμόνων
1638 3467 1736 3518 καὶ

175 3551 521 3620 ντσημάτων
555 3550 970 3604 παντοδαπῶν.
1018 3552 1203 3605 Ἀλλά
1235 3569 1301 3620 γε
1331 3552 1452 3605 σὺν
1482 3553 1732 3616 τούτοις,

177 3643 259 3694 καὶ
286 3644 348 3696 τὸ
377 3643 776 3711 κατέπρτιξεν.
817 3642 1148 3697 Ἀπολιπών
1179 3661 1269 3706 τις
1301 3643 1408 3697 τὸν
1437 3643 1602 3707 βίον.
1637 3643 1735 3698 καὶ

175 3735 307 3801 πρὸς
327 3736 434 3787 τὸν
459 3734 662 3804 χῶρον
688 3733 804 3787 τῶν
825 3733 1160 3786 τεθνεώτων
1182 3735 1635 3804 μεταχωρήσας.
1661 3733 1734 3803 τῇ

175 3825 264 3876 τοῦ
311 3825 518 3890 Ἰησοῦ
548 3827 917 3894 προσηγορίᾳ
947 3824 1272 3892 ἀνέστησε.
1321 3829 1592 3880 Λείπεται
1630 3845 1736 3880 τοι·

173 3917 377 3982 ταροῦν
409 3921 691 3984 οἴχεσθαι
719 3919 792 3969 τὰ
819 3915 1017 3985 ἡμῶν,
1051 3917 1151 3970 καὶ
1191 3919 1263 3970 τὰ
1304 3919 1519 3972 τούτου
1549 3919 1736 3982 αὐξά-

173 4012 356 4062 νεσθαι
376 4051 390 4073 ,
417 4013 468 4064 ει
492 4009 585 4078 μὴ
617 4009 824 4078 τάκιὸν
860 4026 948 4073 τις
975 4008 1125 4075 πρὸς
1152 4007 1306 4076 ἡμᾶς
1334 4008 1402 4072 ἐξ
1428 4007 1594 4078 ὑμῶν
1621 4024 1733 4062 πα-

173 4100 476 4168 ραγένοιτο.

232 4193 330 4244 Καὶ
381 4192 448 4263 δὴ
500 4192 740 4260 ἐξαυτῆς
788 4191 924 4258 μετὰ
967 4193 1204 4261 σοϐαρᾶς
1255 4193 1350 4245 καὶ
1405 4191 1730 4260 ἁλαζονικῆς

173 4283 450 4346 φαντασίας
475 4281 580 4352 τὴν
621 4280 844 4334 Ἐλλάδα
873 4283 900 4333 ὁ
931 4283 1425 4352 ἀρχιγραμματεὺς
1450 4282 1733 4350 καταλαμο

173 4371 324 4438 δάνει,
352 4374 498 4427 κατὰ
527 4373 800 4426 Φιλίππου
825 4374 1026 4445 σφόδρα
1059 4375 1401 4445 χαλεπαίνων
1419 4391 1433 4404 ο
1468 4374 1560 4428 καὶ
1595 4377 1729 4443 μήτε

174 4466 314 4533 ἄρτου
361 4466 713 4536 γευσάμενος
773 4468 910 4536 μήτε
965 4469 1108 4532 τινὸς
1154 4467 1316 4522 ἄλλου
1364 4467 1473 4520 τῶν
1520 4465 1730 4536 σώματι

1841 642 1962 698 quae
1997 625 2171 679 tilium
2209 640 2370 677 suum
2401 624 2722 679 defunctum
2755 623 2979 678 eﬂerret
3012 641 3026 678 :
3063 631 3418 688 maternaque

1840 717 2042 787 pietate
2076 731 2138 769 ac
2184 729 2350 768 sensu
2420 730 2586 783 supra
2627 713 2848 768 modum
2895 712 3204 782 plangebat.
3241 710 3417 780 Hujus

1839 810 2041 863 Christi
2077 823 2254 876 praeco
2285 807 2566 868 misertus,
2595 806 2902 874 dextraque
2933 805 3191 859 defuncto
3214 819 3415 873 expor-

1841 913 1988 956 recta
2017 919 2030 953 :
2057 899 2247 969 Surge,
2269 899 2629 969 inquit,jubet
2655 901 2744 952 tibi
2773 901 2862 969 qui
2893 916 2924 950 a
2962 913 3042 950 me
3070 897 3412 966 prmdicatur,

1839 994 1988 1048 Iesus
2019 993 2257 1046 Christus
2283 1008 2300 1044 :
2327 991 2566 1060 fecitque
2599 1005 2800 1054 sermo,
2832 999 2890 1044 ut
2921 1004 3057 1059 puer
3083 989 3241 1042 vivus
3269 988 3414 1042 exci-

1843 1095 2082 1150 taretur;
2126 1095 2184 1139 et
2229 1094 2288 1138 ut
2328 1085 2420 1154 qui
2465 1083 2761 1138 suscitatus
2808 1092 2955 1145 erat,
2993 1081 3199 1151 lugenti
3251 1081 3413 1134 matri

1840 1180 2071 1234 baculus
2123 1177 2494 1233 sustentanda:
2538 1176 2729 1231 domui
2783 1174 3128 1229 redderetur.
3175 1175 3242 1228 At
3292 1173 3413 1236 illa,

1839 1276 1959 1341 ejus
2007 1271 2102 1338 qui
2159 1270 2484 1325 miraculum
2538 1276 2782 1338 patrarat
2829 1266 3074 1334 vestigiis
3128 1265 3344 1319 admota
3397 1282 3412 1320 :

1841 1365 2002 1430 Quem
2031 1365 2314 1425 suscitasti,
2335 1361 2538 1424 aiebat,
2561 1378 2666 1414 una
2695 1377 2898 1413 mecum
2925 1374 3019 1428 per
3049 1373 3244 1426 aquam
3272 1373 3418 1432 rege-

1844 1473 1998 1509 nera.
2036 1455 2341 1524 Munnsque
2379 1461 2704 1516 consecuta,
2736 1451 3016 1521 apostolus
3050 1450 3249 1514 evasit,
3282 1449 3412 1504 dum

1829 1546 1939 1602 ‘tilii
1970 1547 2381 1602 suseitationem
2413 1543 2630 1599 cunctis
2660 1541 2967 1598 annuntiat.

1909 1722 2075 1778 Duxit
2098 1737 2229 1776 vero
2254 1731 2310 1775 et
2337 1721 2581 1776 Athenas
2611 1722 2940 1788 apostolum.
2972 1722 3075 1787 lbi,
3101 1737 3412 1792 quanquam

1839 1829 1906 1868 eo
1939 1814 2122 1868 animo
2155 1823 2311 1869 erant
2342 1815 2706 1869 Athenienses
2742 1824 2800 1868 ut
2833 1831 2934 1884 pro
2972 1816 3246 1870 sermonis
3278 1816 3413 1870 sim-

1843 1910 2086 1978 plicitate
2108 1917 2543 1971 contemnerent,
2563 1909 2954 1978 stupendarum
2982 1917 3161 1964 tamen
3185 1927 3246 1965 ac
3268 1910 3416 1965 inatt-

1844 2000 2078 2053 ditarum
2104 2017 2284 2053 rerum
2314 2001 2570 2070 patratio,
2595 2001 2770 2054 obniti
2803 2017 2898 2054 eos
2925 2001 3190 2056 doctrina:
3217 2003 3413 2057 suade-

1843 2092 1952 2146 bat.
1985 2091 2061 2145 Ac
2090 2092 2309 2144 demunt
2345 2109 2359 2145 :
2395 2092 2682 2156 Quidnam,
2717 2093 2956 2155 aiebant,
2991 2093 3182 2161 facturi
3213 2113 3409 2160 sumus,

1840 2200 1933 2236 nos
1966 2185 2054 2251 qui
2093 2184 2400 2252 eloquentia:
2435 2201 2496 2237 ac
2528 2185 2776 2238 doctrinis
2811 2201 3025 2254 Operam
3059 2187 3266 2248 damus,
3296 2205 3414 2240 cum

1840 2274 1995 2342 hujus
2042 2274 2367 2327 sermonibus
2422 2275 2737 2327 vincamur?
2789 2273 3040 2337 Etenim,
3086 2283 3143 2326 ut
3197 2277 3414 2339 videtis,

1841 2368 2061 2418 rusticus
2099 2368 2194 2419 istc
2227 2368 2538 2437 incertisque
2569 2368 2771 2420 sedibus
2807 2385 3000 2437 vagus,
3036 2385 3253 2437 operum
3303 2368 3417 2422 luce

1842 2460 2007 2511 nostri
2047 2474 2255 2527 compos
2294 2458 2618 2528 illustrisque
2656 2460 2891 2527 eﬂicitur.
2928 2460 3260 2529 Quapropter
3291 2479 3420 2516 con-

1840 2552 2035 2620 scripta
2086 2549 2307 2620 epistola
2359 2551 2709 2620 signiﬁcemus
2761 2549 3066 2604 Scribarum
3117 2553 3420 2608 Judrrorum

1843 2642 2221 2713 Hierosolymis
2247 2643 2492 2713 principi.
2516 2643 2756 2697 Firmata
2784 2659 2948 2708 porro
2982 2644 3093 2698 illis
3121 2645 3417 2711 sententia,

1841 2736 1933 2806 qui
1981 2737 2059 2789 rei
2105 2736 2427 2805 eloquendzr.
2465 2735 2696 2790 idoneus
2739 2745 2904 2797 esset,
2935 2738 3177 2792 mittunt.
3209 2738 3260 2792 is
3290 2754 3422 2795 vero

1841 2843 1966 2881 eum
2001 2827 2432 2898 Hierosolymam
2464 2827 2728 2890 venisset,
2765 2828 2976 2882 reddita
3012 2829 3261 2898 epistola,
3293 2845 3421 2885 ver-

1845 2921 1932 2975 bis
1962 2920 2289 2990 explanabat
2321 2935 2443 2989 qua:
2476 2920 2567 2973 illa
2602 2919 3036 2983 continerentur,
3066 2921 3258 2976 dicens
3291 2937 3306 2974 :
3333 2921 3422 2976 Vir

1843 3014 2088 3082 quidam,
2121 3014 2211 3082 qui
2243 3029 2298 3065 se
2333 3011 2632 3082 Philippum
2665 3014 2842 3066 vocari
2875 3013 3044 3075 dicat,
3077 3014 3147 3066 ad
3181 3030 3273 3066 nos
3305 3016 3422 3069 hinc

1843 3105 2099 3174 profectus
2127 3114 2220 3158 est.
2245 3105 2338 3158 Est
2368 3104 2460 3157 ille
2483 3105 2693 3172 quidem
2725 3105 2844 3157 rudi
2880 3107 3174 3174 rusticogue
3196 3105 3421 3174 eloquio,

1769 3230 1811 3287 Ο
1844 3212 1944 3263 quo
2005 3204 2182 3247 tamen
2239 3211 2342 3247 non
2396 3210 2588 3264 parum
2643 3195 2802 3247 corda
2855 3203 3036 3248 nostra
3088 3197 3422 3266 patriamque

1843 3294 2184 3348 commoveat,
2212 3287 2334 3338 dum
2370 3302 2558 3338 novum
2590 3303 2777 3338 nomen
2806 3285 3003 3352 (Iesum
3033 3285 3248 3354 scilicet)
3282 3304 3419 3356 pra:-

1845 3377 2017 3439 dicut;
2046 3391 2196 3444 quem
2227 3385 2275 3427 et
2303 3377 2355 3427 in
2390 3375 2570 3444 lingua
2601 3376 2814 3436 habens,
2839 3376 3120 3440 dwmones,
3153 3379 3421 3448 omnisque

1841 3467 2042 3534 generis
2077 3467 2281 3518 morbos
2312 3465 2572 3517 deturbat.
2594 3463 2696 3517 Sed
2725 3475 2772 3516 et
2798 3481 2915 3516 cum
2945 3465 3081 3528 istis,
3105 3482 3212 3518 rem
3238 3475 3418 3536 patra-

1840 3557 1930 3614 rit,
1961 3570 2077 3625 qua:
2105 3563 2372 3624 stuporem
2408 3555 2637 3618 iniiciut.
2675 3553 2931 3606 Humanis
2957 3556 3219 3624 quispiam
3246 3571 3418 3610 exem-

1841 3657 1959 3718 ptus
1989 3657 2123 3710 erat,
2148 3655 2306 3717 atque
2333 3647 2402 3700 ad
2431 3646 2793 3715 defunctorum
2820 3644 2991 3700 locum
3018 3651 3419 3718 commigrarat.

1840 3741 1990 3794 Ilunc
2025 3741 2114 3794 ille
2151 3741 2419 3793 suscitavit
2461 3741 2701 3793 invocato
2743 3739 2868 3793 Jesu
2905 3742 3135 3795 nomine.
3169 3740 3419 3812 Superest

1839 3835 2016 3902 itaque
2048 3840 2103 3884 ut
2137 3842 2318 3885 nostra
2355 3830 2513 3901 plane
2547 3830 2859 3884 aboleantur
2891 3842 2940 3885 et
2972 3833 3266 3900 intereant;
3301 3850 3419 3905 qua:

1839 3941 1960 3977 vero
1983 3923 2128 3976 illius
2151 3931 2296 3988 sunt,
2321 3931 2638 3995 augeantur,
2665 3925 2764 3977 nisi
2789 3926 2941 3979 citius
2969 3941 3032 3979 ea:
3054 3927 3195 3981 vobis
3225 3927 3417 4000 aliquis

1841 4015 1911 4068 ad
1941 4032 2031 4068 nos
2056 4016 2253 4069 veitiat.

1909 4190 2102 4244 Statim
2141 4203 2273 4259 ergo
2319 4189 2481 4260 pleno
2524 4189 2726 4257 fastus,
2761 4191 3113 4261 superboque
3148 4203 3414 4263 apparatu

1839 4281 2153 4337 Scribarum
2192 4281 2448 4351 princeps
2480 4281 2742 4336 Graeciam
2787 4283 2955 4352 petit,
2984 4283 3248 4339 adversus
3281 4285 3413 4338 Phiq

1837 4374 2045 4443 lippum
2072 4373 2228 4427 valde
2263 4373 2585 4442 indignans;
2620 4390 2683 4429 ac
2714 4390 2893 4444 neque
2927 4389 3068 4444 pane
3102 4375 3410 4446 degustato,

1837 4483 2018 4537 neque
2052 4467 2164 4521 ullo
2196 4466 2325 4530 alio,
2353 4466 2500 4537 quod
2535 4468 2751 4537 corpori
2783 4467 3152 4538 indulgeatur,
3176 4469 3412 4525 sublime

172 4661 496 4737 viderentur,
518 4675 581 4737 et
611 4665 680 4720 ab
701 4681 764 4720 ea
799 4666 1050 4720 homines
1078 4682 1326 4721 avocare.
1369 4667 1481 4721 Hoc
1508 4668 1730 4722 nomine
1768 4672 1808 4726 Ι)
1837 4683 1959 4737 qua:
1993 4668 2104 4737 ipsa
2127 4666 2358 4722 Athenis
2379 4666 2627 4721 snﬂicere
2649 4667 2912 4736 Apostolo
2936 4675 3170 4736 poterat,
3199 4675 3262 4722 ut
3286 4683 3408 4723 mo-

171 4733 330 4808 clarus
361 4736 617 4808 Herodes
654 4738 858 4806 junior,
887 4739 982 4806 qui
1009 4737 1270 4791 Jacobutn
1301 4739 1502 4790 occidit
1531 4739 1731 4808 gladio.

172 4805 429 4874 voluitque
456 4805 720 4861 occidere
738 4817 793 4862 et
817 4808 1058 4870 Petrum,
1109 4808 1212 4861 etsi
1254 4808 1455 4863 ludatis
1485 4805 1554 4861 in'
1574 4809 1733 4862 Chri-

173 4877 626 4947 tumreligiosior,
650 4893 718 4930 ne
740 4893 803 4931 ea
853 4893 989 4931 nece
1044 4878 1277 4932 fmdaret
1328 4879 1727 4933 solemnitatem

173 4945 505 5020 ιιειεςιιειιεὶη.⁸
530 4947 754 5020 distulit
784 4957 919 5020 post
977 4947 1096 5002 dies
1136 4963 1472 5020 azymorum,
1505 4949 1727 5017 quando

174 5023 222 5088 et
243 5016 430 5088 Petrus
454 5017 529 5088 ab
556 5018 755 5086 angelo
782 5016 1046 5072 liberatus
1063 5027 1166 5073 est.
1201 5016 1465 5088 Agrippas
1485 5016 1724 5088 quoque,

300 5087 350 5140 in
374 5085 674 5143 Judaismo
719 5089 1177 5158 religiosissimus,
1211 5085 1484 5158 regnoque
1504 5085 1732 5143 ’Judacaa

174 5156 376 5226 aliisque
415 5158 730 5228 provinciis
785 5156 1155 5212 Romanorum
1207 5156 1588 5213 benevolentia
1637 5175 1734 5213 au-

174 5236 294 5298 eius.
304 5229 382 5282 sic
394 5229 587 5298 potuit
610 5229 665 5282 in
693 5229 968 5296 apostolos
981 5228 1400 5292 excandescere,
1423 5244 1733 5298 quanquam

175 5297 225 5376 in
255 5297 476 5376 Paulum
501 5299 701 5376 mitior
720 5299 992 5376 videat_ur,
1020 5313 1144 5353 cum
1171 5297 1732 5376 dicenteniaudisset,

172 5368 262 5438 jam
290 5368 562 5432 vinctum,
599 5369 698 5423 sed
745 5370 836 5438 qui
876 5370 1143 5425 Caesarem
1194 5371 1536 5438 appellasset,
1560 5385 1733 5438 eaque

176 5437 361 5491 ratione
396 5455 500 5494 nec
531 5439 608 5492 ab
646 5437 775 5500 illo,
825 5455 975 5493 neca
1005 5439 1163 5493 Festo
1204 5437 1434 5507 prieside
1496 5437 1729 5508 iudicari

177 5516 352 5580 posset.
372 5509 554 5580 Trahi
589 5508 1019 5580 Hierosolymam
1044 5525 1117 5580 ex,
1138 5509 1260 5562 aliis
1291 5509 1481 5580 procul
1502 5524 1734 5578 synago-

178 5575 574 5649 gishreligionis
647 5595 791 5640 reos,
819 5575 933 5649 ipsa
973 5579 1124 5633 Pauli
1191 5575 1389 5648 legatio
1416 5575 1736 5633 Damascum

180 5646 357 5717 indicio
381 5646 488 5712 est,
517 5665 654 5704 cum
708 5646 912 5702 irarum
972 5651 1167 5717 plenus
1193 5646 1268 5702 ac“
1301 5651 1477 5703 minas
1521 5650 1745 5717 spirans

182 5714 226 5767 in
239 5717 526 5788 discipulus
545 5720 771 5773 Domini
792 5714 1001 5788 (utique
1015 5735 1080 5773 ex
1092 5719 1295 5773 Judmis
1306 5714 1628 5786 conversos)
1645 5719 1746 5772 fcr-

184 5797 331 5863 retur.
344 5792 535 5863 quales
551 5801 615 5863 et
636 5789 1066 5863 bi_Athen_ienscs
1078 5789 1337 5863 videntur
1350 5789 1536 5863 fuisse.
1553 5805 1614 5840 ac
1635 5804 1747 5840 tnu-

189 5855 272 5912 lier
297 5855 448 5925 cuius
480 5861 668 5916 ﬁlium
696 5859 753 5914 in
772 5860 990 5916 Galilaia
1019 5859 1312 5929 Apostolus
1345 5862 1705 5915 suscitavcrat
1731 5877 1742 5912 :

1840 4739 1916 4792 ris
1943 4746 2058 4791 erat
2081 4737 2742 4806 Judzeissumptusl'acere
2770 4738 2884 4791 suis
2917 4737 3223 4807 magistris:
3246 4754 3410 4807 quam

1836 4807 2574 4878 Christusconsuetudinem
2607 4824 2714 4861 non
2748 4807 3120 4878 sustulit,sed
3169 4809 3412 4878 discipu-

1836 4877 1903 4932 lis
1933 4879 2044 4931 suis
2079 4877 2307 4930 liheram
2335 4878 2479 4932 fecit.
2512 4879 2613 4943 Qui
2651 4878 2814 4932 toties
2837 4877 3082 4947 pontifex
3124 4877 3411 4947 ἀρχιερεὺς

1833 4957 1889 5002 et
1920 4949 2407 5016 ἁρχιγραμματεὺς
2432 4947 2654 5006 dicitur.
2685 4963 2793 5001 non
2825 4948 2939 5016 ipse
2991 4963 3241 5001 summus
3273 4963 3410 5016 pon-

1839 5019 1968 5073 tiles
2001 5018 2350 5072 Hebraeorum
2387 5019 2680 5087 putandus,
2712 5017 2807 5071 sed
2860 5033 3025 5086 quem
3092 5019 3406 5088 synedrium

1840 5088 2391 5159 Hierosolymitanum
2445 5088 2760 5159 anéerolm
2798 5089 3084 5159 mitteret,
3131 5097 3185 5141 et
3243 5089 3402 5156 quasi

1839 5160 2062 5228 ἔξαρχον
2089 5157 2105 5222 ζ
2141 5159 2318 5210 virum
2379 5157 2588 5212 scilicet
2614 5158 2838 5227 generis
2859 5158 3214 5212 sacerdotalis
3242 5169 3298 5212 et
3328 5159 3408 5211 le-

1876 5229 2180 5299 isperitum,
2204 5228 2446 5297 legisque
2464 5229 2864 5299 aaniulationctn
2895 5228 3211 5299 habentem,
3231 5229 3410 5296 qualis

1864 5298 1943 5354 uit
1990 5299 2189 5352 Paulus
2242 5301 2441 5351 missus
2481 5298 2545 5350 ad
2603 5312 2902 5367 synagogas
2949 5298 3004 5352 in
3059 5299 3407 5358 Damascum,

1839 5385 2152 5439 quanquam
2217 5367 2322 5421 hoc
2345 5369 2426 5439 illi
2479 5369 2688 5439 deerat,
2717 5378 2775 5420 ut
2809 5377 2954 5439 esset
2983 5384 3057 5439 ex,
3080 5368 3406 5439 sacerdotali

1882 5437 2236 5508 rosapia,fqui
2264 5438 2454 5508 seipse
2494 5437 2562 5491 de
2619 5439 2761 5492 tribu
2822 5437 3101 5508 Beniamin
3154 5437 3408 5508 allirmat.

1895 5524 1959 5561 ec
1995 5507 2155 5561 modo
2181 5507 2421 5562 llehrzeis
2479 5508 2680 5561 desunt
2741 5507 2970 5574 apostoli
3007 5523 3071 5562 ac
3109 5507 3410 5574 disciplina:

1847 5579 1982 5644 legis
2000 5578 2262 5646 praefecti,
2289 5593 2425 5647 quos
2445 5592 2510 5630 ex
2541 5576 2795 5647 synedrio
2813 5577 2895 5629 vel
2917 5576 3411 5646 llierosolymitano

1845 5649 2294 5719 velBahylonico
2341 5649 2558 5719 mittant
2603 5648 2669 5700 ad
2705 5648 2980 5719 subjectos
3022 5663 3323 5717 synagogas
3349 5662 3409 5702 ac

1848 5718 2056 5799 plebes,
2077 5718 2171 5799 qui
2196 5719 2442 5799 severius
2469 5719 2521 5799 in
2549 5718 2719 5787 legem
2746 5718 3059 5799 commissa,
3087 5726 3143 5770 et
3175 5733 3408 5785 quorum

1850 5787 2240 5868 indulgentiam
2273 5804 2380 5868 non
2429 5787 2657 5868 habent_
2690 5803 2788 5868 per
2827 5788 3070 5868 gentium
3096 5801 3406 5868 pressuram

1847 5875 1914 5913 es
1948 5857 2064 5916 suis
2083 5859 2434 5930 legisperitis,
2463 5857 2755 5916 etnendent
2789 5873 2850 5911 ac
2881 5858 3129 5926 puniant.
