4180 6434
163 411 271 472 193

937 406 1218 466 ORATIO
1258 407 1359 465 IX.
1389 430 1457 441 -
1493 407 1571 466 IN
1615 408 1927 470 LAUDEM
1961 410 2021 470 S.
2064 404 2402 469 PHILIPPI
2441 406 2694 467 APOST.

3324 401 3427 471 19£

157 534 254 579 καὶ
296 524 396 593 τὴν
443 516 807 592 ἀντιστροςὴν
836 519 937 585 τῆς
970 520 1216 588 προικὸς,
1251 522 1300 572 εἰ
1336 520 1412 589 μὴ
1441 520 1540 590 τῆς
1569 522 1746 584 οἰκίας

1849 525 2034 594 itaque
2080 523 2361 593 apostolus
2402 522 2531 576 inde
2594 522 2780 575 animo
2821 519 3077 585 anxium,
3112 528 3173 575 ut.
3219 523 3273 575 in
3321 523 3425 579 ﬁde

157 618 267 679 ἔξω
296 614 484 685 βάλλει
515 612 606 665 τὸν
637 612 922 663 Φίλιππον.
963 610 1115 662 Ἐπεὶ
1140 610 1198 662 δὲ
1228 611 1519 678 ἐναγώνιον
1544 614 1571 665 ὁ
1604 611 1741 665 ἀπό-

158 708 351 769 στολος
399 706 490 759 τὸν
539 704 732 774 Ἶιρωα
764 684 1055 772 ’ἑωράκει,
1116 704 1277 755 αὐτὸν
1330 704 1746 775 παρεθάρρυνεν

156 801 446 867 ἐπιμένειν
474 802 542 867 τῇ
579 799 781 849 πίστει.
816 796 983 858 Αὐτὸς
1012 797 1068 847 δὲ
1097 798 1419 863 γονυκλίνας
1445 799 1539 851 καὶ
1571 815 1745 867 προσ-

156 891 481 960 ευξάμενος,
528 889 626 959 τὴν
674 889 783 959 πρὸ
814 887 1010 959 μικροῦ
1058 889 1514 957 χαλεπαίνουσαν,
1576 890 1747 943 ἱκέτιν

156 984 251 1037 τοῦ
281 984 491 1054 ταύτης
523 984 716 1053 ἀνδρὸς
759 982 1197 1053 παρεσκεύασεν,
1244 979 1319 1037 Ὦ
1356 984 1497 1052 ἇνερ
1527 985 1747 1053 γλυκύ-

157 1094 319 1139 τατε,
350 1077 611 1145 λέγουσα,
653 1074 842 1130 πόθεν
871 1078 904 1129 ό
930 1076 1273 1143 θαυμαστὸς
1308 1073 1487 1141 οὗτος
1511 1078 1746 1146 ἐγένετο

157 1172 514 1237 ἅνθρωπος-ξ
564 1172 662 1233 Ὠς
701 1168 857 1235 ἡδὺς
888 1170 921 1222 ό
945 1169 1163 1221 τούτου
1193 1170 1376 1237 λόγος
1425 1171 1523 1222 καὶ
1559 1171 1599 1236 ἡ
1628 1170 1747 1223 τῶν

156 1261 312 1329 ἠθῶν
345 1261 724 1325 κατάστασις
740 1260 763 1313 .'
781 1260 1061 1328 Μεγάλου
1080 1261 1249 1322 Θεοῦ,
1276 1261 1306 1313 ὁ
1336 1262 1525 1329 Ἥρως
1554 1262 1745 1332 ἔφησε,

161 1352 571 1421 καταγγελεὺς
615 1348 815 1416 οὗτος,
844 1346 892 1405 ὦ
922 1353 1117 1420 γύναι,
1157 1352 1255 1405 καὶ
1293 1354 1534 1405 αἰωνίου
1558 1354 1741 1416 ,ϐασις

158 1444 327 1508 λείας
382 1441 762 1509 προξενητής
785 1459 800 1472 υ
836 1441 935 1494 καὶ
971 1443 1025 1494 εὶ
1066 1440 1264 1505 δοκεῖ,
1300 1442 1744 1510 ἀνενδοιάστως

160 1536 593 1604 προσέλθωμεν
626 1532 706 1597 τῷ
736 1536 952 1587 τούτου
994 1533 1116 1598 Θεῷ
1138 1550 1154 1564 ο
1186 1535 1280 1587 καὶ
1306 1535 1472 1603 ἄμφω
1499 1553 1745 1606 προσπεο

1842 625 2101 670 constans
2142 623 2527 683 perseveraret
2563 612 2858 668 excitabat.
2891 613 3028 667 Tum
3078 614 3193 682 ipse
3232 615 3424 682 positis

1840 707 2073 777 genibus
2130 722 2325 767 orans.
2373 722 2492 760 eam
2547 722 2670 775 quae
2728 706 2893 775 paulo
2948 716 3074 759 ante
3128 706 3420 772 indignans

1841 799 2217 868 obstrepebat.
2242 798 2363 851 viro
2393 799 2693 867 supplicem
2740 797 2889 851 fecit.
2928 796 2972 851 0
2999 800 3077 849 vir
3106 796 3425 864 dulcissime,

1842 892 2054 955 aiebat,
2084 892 2220 944 unde
2260 893 2399 944 venit
2430 890 2687 943 mirabilis
2721 892 2800 943 hic
2828 890 3019 943 homo?
3049 889 3219 953 Quam
3251 896 3428 945 suavis

1844 986 1991 1039 illius
2016 1001 2187 1038 sermo
2211 1001 2521 1053 morumque
2544 987 2844 1037 constitutio
2863 987 2881 1037 .'
2906 984 3087 1053 Magni
3112 984 3224 1043 Dei.
3247 986 3429 1038 aiebat

1849 1077 2060 1139 lleros,
2101 1093 2130 1128 ο
2176 1075 2390 1137 mulier,
2438 1075 2654 1127 nuntius
2703 1083 2775 1125 est
2827 1090 2887 1124 ac
2934 1088 3137 1142 pra'eo,
3182 1074 3429 1141 regnique

1848 1169 2069 1221 caelestis
2116 1170 2346 1238 parandi
2390 1178 2594 1221 auctor.
2632 1168 2733 1231 Ac,
2767 1168 2812 1219 si
2858 1167 3007 1227 libet,
3041 1170 3173 1219 citra
3222 1182 3429 1218 onmem

1848 1260 2224 1314 dubitationem
2254 1262 2561 1313 accedamus
2592 1258 2736 1311 illius
2771 1258 2911 1319 Deo;
2948 1258 3215 1326 amhoque
3248 1258 3428 1326 proci-

1849 1340 2347 1423 denteshapostolo,
2381 1353 2849 1421 regenerationem
2889 1366 3011 1419 qua:
3054 1366 3121 1403 ex
3165 1366 3303 1419 aqua
3345 1358 3431 1403 est

1848 1455 1906 1500 et
1949 1445 2182 1515 Spiritu,
2213 1445 2493 1513 accipiunt
2533 1459 2658 1497 cum
2703 1453 2814 1496 tota
2850 1444 3037 1496 domo.
3071 1444 3191 1508 Quo
3226 1436 3428 1495 tactum

1849 1546 1953 1601 est,
1978 1548 2041 1591 ut
2063 1546 2122 1591 et
2147 1536 2315 1590 vicini
2346 1536 2503 1588 multi
2533 1534 2601 1588 ad
2632 1535 2922 1588 Dominum
2949 1535 3265 1587 transirent.

162 1634 343 1694 σοντες
374 1632 680 1701 amat-6119.
716 1631 935 1684 πανοικὶ
959 1630 1295 1701 λαμϐάνουσι
1328 1632 1518 1703 τὴν⁴ὲξ
1545 1632 1737 1696 ὓδατος
1774 1634 1866 1686 καὶ
1914 1633 2232 1703 Πνεύματος
2282 1631 2663 1702 ἀναγέννησιν.
2713 1629 2808 1682 Ἐκ
2866 1628 2924 1681 δὲ
2987 1628 3195 1691 τούτου,
3244 1625 3431 1679 πολλοὶ

156 1724 254 1793 τῆς
285 1722 622 1792 περιοικὶδος
656 1724 793 1793 πρὸς
824 1724 1027 1793 Κύριον
1065 1725 1449 1794 μετετάξαντο.

239 1815 381 1866 Ἀλλ’
429 1816 458 1867 ὁ
490 1816 590 1883 τῆς
625 1814 828 1876 κακίας
874 1815 1197 1884 ὲφευρετὴς,
1224 1816 1301 1877 ὼς
1330 1814 1525 1868 ἑαυτὸν
1555 1815 1730 1885 ἡττώ-

1905 1815 2108 1870 Verum
2142 1814 2367 1869 malitia:
2395 1823 2609 1876 auctor,
2650 1821 2711 1866 ut
2738 1828 2797 1867 se
2824 1811 2971 1866 vinci
3000 1811 3161 1874 vidit,
3190 1828 3428 1883 suosque

162 1926 321 1977 μενον
350 1903 485 1969 εἶδε,
515 1907 611 1959 καὶ
644 1910 770 1967 τοὺς
797 1908 990 1960 ἑαυτοῦ
1019 1907 1124 1959 ὑπὸ
1148 1906 1243 1959 τοῦ
1273 1907 1575 1961 ἀποστόλου
1612 1908 1747 1972 ἐζω-

158 2000 514 2070 γρημένους,
572 1998 922 2068 πυρπολῆσαι
974 1996 1074 2068 τὴν
1133 1999 1311 2051 οἰκίαν
1366 2001 1460 2054 τοῦ
1530 1999 1747 2069 Ἥρωος

159 2096 368 2162 ἡγειρε.
404 2091 520 2143 Καὶ
546 2092 709 2157 γνοὺς
740 2090 821 2159 τῷ
865 2089 1139 2161 πνεύματι
1170 2094 1198 2143 ὁ
1225 2091 1544 2155 ἀπόστολος,
1583 2093 1746 2161 ἀτρό-

164 2199 274 2249 μως
324 2182 497 2246 ἔξεισι
530 2180 667 2249 πρὸς
697 2179 896 2241 αὐτούς
919 2196 934 2209 -
964 2179 1023 2231 ὃν
1065 2181 1361 2250 ἁνημέρως
1398 2182 1747 2250 ὲπικαυχῶν-

160 2291 267 2337 τες,
302 2276 383 2335 εἰς
410 2273 472 2324 τὸ
497 2272 809 2324 δικαστικὸν
835 2270 1219 2341 βουλευτήριον
1244 2274 1472 2342 ἤγαγον.
1519 2274 1745 2341 Ἐμὸρι-

162 2366 264 2427 θὼς
311 2365 369 2415 δὲ
419 2363 500 2432 τῷ
562 2362 848 2431 ἁποστὸλῳ
910 2363 1267 2431 Ἀρίσταρχος
1305 2364 1336 2414 ὀ
1378 2364 1607 2433 ἔξαρχος
1649 2363 1744 2416 τοῦ

164 2457 546 2525 βουλευτηρίου
601 2456 879 2526 προσχὼν,
927 2451 1073 2508 Οἶδά
1098 2472 1173 2509 σε
1195 2456 1325 2521 ταῖς
1342 2458 1621 2525 μαγείαις
1649 2458 1745 2510 ἐν·

162 2551 591 2617 αθρυνόμενον,
624 2549 778 2615 ἔλεγε
803 2563 818 2577 ’
850 2547 989 2601 ἀλλ’
1012 2551 1063 2601 ει
1088 2549 1175 2617 μὴ
1199 2549 1573 2617 ἀποθέμενος
1604 2546 1745 2604 ταις-

165 2658 263 2705 τας
297 2642 418 2707 ἔσῃ
442 2680 458 2702 ,
507 2636 786 2707 λιθασμῷ
831 2637 1019 2705 πικρῷ
1052 2654 1127 2691 σε
1170 2640 1475 2695 ἀπολέσω.
1514 2642 1590 2695 Τὰ
1638 2642 1747 2709 γὰρ

166 2735 287 2802 περὶ
328 2734 439 2786 τοῦ
465 2730 918 2799 σταυιωοέντος
953 2731 1101 2785 Θεοῦ
1130 2745 1250 2785 σου
1299 2734 1591 2800 εὐκαιζοως
1616 2735 1745 2787 ἑπιο

168 2826 521 2893 ζητήσομεν,
556 2825 726 2891 λέγει.
759 2826 856 2877 καὶ
884 2824 983 2893 τῆς
1013 2824 1385 2893 ἁποστολικῆς
1412 2826 1747 2896 δραξάμενος

167 2917 377 2984 κόμης,
428 2915 586 2967 ὠθῶν
636 2915 801 2968 αὑτὸν
838 2917 1337 2986 προσεπηλάκιζεν.
1392 2918 1745 2988 ⁹Αριστάρχου

167 3008 221 3059 δὲ
250 3008 312 3059 τὸ
349 3008 585 3060 ἄτακτον
615 3009 1139 3077 ἐπιτεχνησάμενος
1174 3009 1526 3078 σωφρονῆσαι
1571 3011 1601 3061 ὁ
1639 3027 1744 3077 μα-

169 3102 359 3167 κάριος
388 3100 681 3161 Φίλιππος,
721 3100 850 3161 fsto;
883 3100 977 3151 καὶ
1014 3100 1103 3152 διά
1134 3101 1260 3163 τοὺς
1298 3102 1745 3169 παρατυγχάνον-

1847 1908 2161 1978 apostolicis
2195 1916 2385 1977 captos
2418 1907 2664 1960 cassibus
2700 1905 2975 1975 cognovit,
3005 1913 3065 1958 ut
3105 1904 3299 1959 Herois
3326 1906 3428 1959 do-

1846 2014 1997 2054 mum
2038 1999 2397 2053 incenderent
2425 1998 2702 2052 excitavit.
2737 1997 2877 2051 Tum
2914 1997 3195 2065 apostolus
3231 1998 3427 2065 spiritu

1848 2108 1965 2146 rem
1996 2093 2329 2162 intelligens,
2354 2091 2421 2145 ad
2452 2106 2549 2146 eos
2574 2090 2882 2159 intrepidus
2908 2090 2971 2143 iit
3004 2107 3017 2142 :
3045 2105 3207 2158 quem
3238 2090 3430 2144 imma-

1847 2182 1996 2237 niter
2023 2182 2359 2244 insultando,
2392 2181 2460 2235 ad
2496 2181 2705 2235 curiam
2744 2179 3098 2249 tribunalque
3127 2178 3427 2233 duxerunt.

1847 2276 2163 2342 Aspereque
2194 2288 2259 2327 ac
2292 2271 2580 2325 minaciter
2610 2271 2857 2339 apostolo
2912 2268 3264 2323 Aristarchus
3293 2285 3431 2337 pra:-

1846 2365 2024 2419 lectus
2052 2366 2222 2418 curia:
2255 2380 2463 2433 praeses
2494 2382 2508 2417 :
2541 2364 2673 2433 Noui
2705 2374 2773 2425 te,
2803 2363 3004 2424 aiebat,
3033 2364 3224 2432 magite
3259 2364 3430 2414 virtu-

1846 2457 1982 2509 tibus
2013 2456 2233 2525 gloriari
2246 2449 2267 2519 Ξ
2293 2466 2369 2518 at,
2401 2458 2499 2509 nisi
2529 2431 2920 2525 eas‘abjcceris,
2955 2455 3141 2507 acerbo
3176 2465 3226 2507 te
3261 2457 3430 2508 imbre

1850 2548 2085 2614 lapidum
2124 2548 2363 2617 perdam.
2404 2545 2534 2609 Qua:
2575 2549 2711 2598 enim
2754 2546 2825 2597 ad
2860 2545 3028 2598 Deum
3073 2554 3222 2597 tuum
3259 2546 3429 2597 cruei-

1846 2637 2015 2705 Iixum
2068 2648 2332 2708 spectant,
2376 2647 2670 2707 opportune
2723 2638 3172 2701 examinabimus,
3217 2637 3427 2706 inquit,

1848 2746 2111 2799 comaque
2128 2730 2529 2799 apprehensum
2561 2732 2865 2799 apostolum
2892 2772 2906 2793 ,
2924 2730 3151 2783 trudens
3178 2731 3434 2800 suggilla—

1850 2822 1962 2875 hat.
1992 2821 2234 2876 Studens
2270 2831 2450 2874 autem
2480 2822 2565 2873 vir
2596 2820 2787 2874 beatus
2841 2821 3146 2874 Aristarchi
3184 2821 3427 2874 insolen~

1850 2917 1982 2969 tiam
2007 2916 2294 2984 castigare,
2322 2914 2462 2968 forte
2493 2930 2621 2968 vero
2648 2915 2815 2967 etiam
2844 2921 3067 2982 propter
3089 2929 3184 2967 eos
3208 2914 3301 2983 qui
3332 2914 3431 2967 ad-

1847 3018 2028 3070 erant,
2061 3022 2122 3061 ut
2156 3008 2529 3076 intelligerent
2559 3007 2799 3075 potentis
2828 3006 2923 3060 Dei
2952 3023 3079 3060 eum
3110 3007 3428 3060 ministrum

1850 3111 1998 3158 esse,
2030 3097 2245 3150 cunctis
2288 3096 2641 3149 audientibus
2686 3096 2741 3149 in
2789 3096 2935 3151 hunc
2978 3096 3201 3151 modum
3239 3111 3429 3151 vocem

168 3208 283 3251 τας,
308 3192 397 3241 ἵνα
424 3192 623 3257 γνιῖισιν
649 3192 731 3244 ὅτι
752 3191 979 3244 δυνατοῦ
1005 3192 1139 3245 Θεοῦ
1168 3195 1316 3245 ἐστιν
1340 3194 1641 3264 ὑπηρέτης,
1670 3196 1746 3256 ei;

1849 3188 2065 3242 extulit.
2093 3187 2195 3251 Qui
2220 3191 2450 3242 omnium
2478 3197 2713 3241 nostrum
2739 3188 3013 3259 sigillatim
3043 3189 3200 3242 corda
3228 3190 3430 3258 forma-

173 3285 411 3354 ἐπήκοον
443 3284 663 3336 πάντων
690 3284 834 3337 οὕτω
853 3302 971 3348 πως
992 3285 1358 3355 ἐξεφώνησεν,
1389 3286 1452 3338 '0
1476 3287 1586 3350 τὰς
1609 3305 1750 3354 καρ-

170 3375 300 3440 δίας
342 3375 511 3444 ἡμῶν
547 3376 792 3439 πλάσας
823 3378 1185 3445 καταμόνας,
1219 3378 1316 3429 καὶ
1343 3378 1449 3443 τὰς
1478 3379 1752 3444 κινήσεις

169 3467 372 3521 αὐτῶν
392 3468 546 3534 πρὸς
582 3469 945 3521 ὀπωσανοῦν
979 3472 1363 3537 τρεπόμενος,
1394 3470 1502 3521 τὸν
1530 3472 1595 3521 ἐκ
1640 3470 1751 3534 τῆς

168 3558 319 3626 ἐμῆς
376 3558 625 3624 καρδίας
671 3559 752 3623 ὡς
801 3559 986 3627 ὀργῆς
1030 3560 1329 3627 ἀμέτοχον
1376 3561 1751 3628 ἀναγόμενον

168 3656 354 3723 λόγον
378 3654 531 3719 ἔργῳ
568 3652 917 3719 πλήρωσον,
944 3653 1140 3719 Κύριε,
1173 3654 1268 3704 καὶ
1306 3653 1574 3734 γενέσθω
1599 3652 1748 3706 πᾶσι

170 3745 615 3813 σωφρονισμὸς.
666 3745 735 3797 Ἡ
780 3745 1141 3812 προταθεῖσα
1181 3747 1311 3812 χεὶρ
1370 3746 1467 3797 ἐπὶ
1507 3744 1621 3813 τὴν
1650 3748 1749 3798 κί’-

169 3855 313 3903 μην,
367 3833 444 3903 ἧς
486 3838 744 3903 ily-[acac
790 3822 1092 3904 κεέξαλῆς,
1127 3838 1454 3903 παρεθήτω.
1516 3838 1748 3905 '87:!ij-

170 3929 348 3980 λούθει
388 3929 446 3980 δὲ
497 3928 575 3995 τῷ
621 3929 764 3997 λόγῳ
823 3930 857 3998 ἡ
906 3929 999 3982 τοῦ
1039 3930 1276 3982 ἀτάκτου
1310 3930 1607 4001 διαστροφὴ
1640 3933 1747 3983 τῶν

174 4018 371 4083 μελῶν.
405 4016 659 4085 Παρευθὺ
686 4020 792 4087 γάρ
822 4019 856 4085 ή
888 4018 1079 4069 τούτου
1108 4018 1462 4088 ἀπεξηράνθη
1497 4022 1619 4090 χεὶρ
1654 4022 1746 4072 καὶ

171 4110 196 4158 ὁ
227 4110 367 4177 πρὸς
398 4108 570 4178 αὐτὴν
590 4109 867 4177 ὀφθαλμὸς
897 4110 1277 4177 άπετὺερλωτο,
1303 4113 1399 4163 καὶ
1430 4115 1549 4165 κατ’
1580 4114 1747 4181 ἄμφω

172 4199 472 4265 κεκώφιιηο
518 4201 631 4261 τοῖς
657 4199 778 4253 ὠσί.
814 4200 984 4252 Τοῦτο
1010 4203 1136 4262 τοὺς
1168 4201 1619 4270 συνειλεγμένους
1662 4205 1747 4268 ἐξ-

172 4292 386 4359 έστησε,
418 4291 517 4343 καὶ
551 4292 690 4359 μετά
724 4292 878 4353 δέους
910 4293 1153 4344 ἱκέτευον
1182 4293 1368 4345 δοῦναι
1410 4294 1744 4363 συγγνώμην

170 4380 241 4449 τῷ
270 4380 754 4450 πλημμελήσαντα
796 4382 908 4434 Καὶ
934 4384 963 4434 ὁ
1008 4382 1306 4444 ἀπόστολος
1350 4384 1488 4453 πρὸς
1521 4384 1739 4444 αὐτούς·

173 4478 235 4527 Al
264 4474 390 4526 τῶν
410 4473 619 4543 μελῶν
643 4475 997 4545 διαστρςεωὶ
1036 4477 1418 4542 ἀνθρωπίνης
1455 4478 1745 4542 βοηθείας
1771 4514 1823 4573 D

172 4565 608 4633 ἑπαποροῦσιν.
657 4568 718 4619 '0
744 4568 853 4635 γὰρ
914 4568 1138 4620 τούτων
1188 4566 1509 4633 ὃιορθωτὴς
1551 4561 1638 4629 εἷς
1684 4567 1745 4619 ὲ-

172 4676 323 4722 στιν,
358 4662 394 4712 ό
416 4660 488 4712 ἐκ
520 4660 662 4727 χοέτς
677 4660 977 4729 κατάρχεις
1002 4660 1361 4728 διαρθρώσας
1390 4662 1494 4712 τὸν
1527 4659 1748 4727 ἀνθρω-

174 4766 305 4805 πσν.
348 4751 447 4815 Ὠς
480 4754 533 4803 ει
563 4751 649 4819 μὴ
687 4754 1082 4819 προσέλθητε,
1118 4754 1215 4806 καὶ
1243 4753 1427 4818 αὐτὸς
1454 4754 1487 4803 d
1517 4752 1745 4815 παθὼν,

173 4845 240 4894 οὑ
262 4842 508 4903 τεύξετε
534 4842 643 4910 τῆς
676 4844 909 4910 ἰάσεως.

240 4936 348 4988 Καὶ
386 4935 528 5005 πρὸς
548 4937 739 5007 τούτῳ,
778 4936 1011 5000 τεθνεώς
1068 4955 1152 5000 τις
1212 4935 1557 5007 ἐξεκομίζετο
1608 4936 1747 5007 πρὸς

172 5030 341 5099 ταφήν
370 5043 387 5055 °
416 5030 512 5080 καὶ
548 5030 909 5101 κατασχόντες
925 5032 1025 5101 τὴν
1055 5031 1245 5100 κλίνην
1268 5031 1319 5083 οἱ
1360 5028 1743 5099 συμπαρόντες

174 5204 325 5255 quam
385 5187 623 5257 apostoli
679 5187 970 5241 consilium
1014 5194 1153 5249 erat,
1206 5201 1275 5240 ne
1305 5196 1563 5255 suscepta
1616 5186 1742 5241 ﬁdei

175 5274 325 5312 causa
380 5273 586 5311 uxores
616 5273 647 5310 a
688 5259 822 5311 viris
871 5257 1243 5319 discederent,
1299 5259 1383 5310 vel
1429 5259 1595 5311 etiam
1633 5258 1740 5312 viri

176 5344 369 5399 uxores
430 5328 828 5399 relinquerent,
886 5328 904 5381 l
958 5327 1085 5380 Cor.
1128 5342 1226 5389 vn,
1281 5328 1368 5389 l2,
1402 5326 1614 5381 theris
1647 5345 1741 5399 ego

172 5398 295 5459 dico,
322 5416 433 5451 non
460 5398 716 5451 Dominus
743 5416 761 5451 :
783 5397 839 5453 Si
869 5399 986 5466 quis
1020 5398 1189 5466 frater
1231 5414 1449 5450 uxorem
1476 5399 1627 5450 habet
1656 5397 1741 5451 in-

173 5466 397 5531 ﬁdelem,
431 5480 566 5529 etc.,
590 5471 773 5536 plures
808 5479 988 5521 tamen
1014 5469 1177 5521 simul
1206 5477 1458 5536 suscepta
1487 5469 1612 5531 lide,
1644 5486 1739 5523 ca-

175 5538 368 5593 stitatis
420 5539 761 5609 propositum
812 5539 1307 5608 amplectebantur,
1366 5540 1568 5606 quibus
1598 5556 1740 5593 non-

174 5610 450 5678 hunquam
513 5610 744 5677 apOstoll
786 5609 1139 5662 annuebant:
1190 5610 1522 5677 quapdoque
1567 5612 1735 5663 etiam

177 5677 269 5744 ipsi
302 5677 573 5740 inﬁdeles.
624 5690 878 5748 suscepto
937 5679 1063 5732 ﬁdei
1105 5678 1254 5741 odio,
1315 5680 1612 5733 divortium
1652 5681 1735 5733 la-

176 5749 412 5811 ciebant,
441 5762 502 5803 ut
526 5750 613 5804 hic
656 5749 904 5803 Marcella
935 5759 1175 5803 tentasse
1218 5749 1571 5812 describitur,
1628 5752 1736 5806 nisi

177 5818 587 5893 vir_apostolica
606 5820 1037 5893 festigiadomo
1094 5821 1339 5893 ejiceret.
1378 5821 1621 5893 Proinde
1644 5838 1738 5873 ve-

182 5888 288 5943 reri
316 5882 572 5961 poterant
603 5882 977 5962 Hierapolim,
1030 5906 1099 5947 ne
1115 5882 1347 5948 illorum
1378 5907 1578 5947 uxores
1606 5892 1734 5947 Phi-

1850 3282 2237 3350 sti,eorumque
2260 3283 2312 3333 in
2336 3282 2538 3349 quosvis
2563 3283 2719 3333 vertis
2743 3291 3008 3339 motus.e.1:
3029 3297 3143 3333 meo
3163 3297 3422 3349 erumpat.

1852 3385 1953 3426 tem
1984 3376 2138 3427 corde
2169 3391 2483 3437 sermonem,
2514 3374 2703 3443 quippe
2735 3376 2829 3425 ine
2861 3382 3148 3442 expertem,
3180 3371 3427 3437 Domine,

1851 3487 2003 3539 apere
2026 3470 2277 3539 adimple,
2294 3471 2462 3537 sitque
2484 3470 2721 3522 omnibus
2738 3470 2906 3538 justae
2931 3468 3143 3519 ultionis
3170 3466 3425 3535 exemplo.

1852 3562 1981 3627 Qua:
2004 3565 2056 3616 in
2082 3580 2285 3616 comam
2308 3564 2422 3631 ejus
2443 3563 2651 3631 capitis,
2670 3561 2808 3629 quod
2831 3559 3194 3627 sanetiﬁeasti.
3214 3569 3426 3612 extensa

1852 3634 2042 3710 manus
2082 3642 2186 3719 est,
2224 3656 2562 3709 dissolratur.
2599 3656 2851 3719 Dixerat,
2886 3654 3100 3723 virique
3139 3654 3425 3707 insolentis

1852 3751 2227 3803 membrorum
2273 3749 2531 3802 distortio
2573 3759 2817 3801 actutum
2865 3747 3032 3801 verba
3082 3756 3269 3801 secuta
3317 3756 3420 3799 est.

1851 3840 2048 3894 Statim
2088 3842 2234 3894 enim
2272 3841 2621 3909 ejus~manus
2650 3838 2902 3904 exaruit;
2934 3840 3172 3907 positum
3206 3837 3272 3890 ad
3302 3854 3423 3891 eam

1851 3931 2072 3984 oculum
2106 3931 2303 3985 invasit
2328 3932 2566 3992 caecitas,
2592 3946 2865 3997 auresque
2901 3931 3074 3983 amba:
3112 3929 3422 3983 obsurdue-

1852 4033 2001 4076 runt.
2035 4024 2110 4077 Ea
2148 4039 2256 4087 res,
2286 4040 2381 4077 eos
2412 4024 2505 4093 qui
2537 4023 2848 4091 congregati
2876 4032 3037 4075 erant
3066 4022 3120 4074 in
3148 4030 3425 4091 stuporem

1849 4114 1981 4181 egit,
2012 4124 2270 4182 metuque
2309 4130 2371 4168 ac
2408 4125 2643 4167 tremore
2679 4114 2863 4166 delicti
2903 4128 2997 4166 reo
3029 4113 3244 4166 veniam
3283 4129 3424 4181 pra:—

1850 4206 1983 4258 stari
2031 4206 2433 4274 supplicabant.
2464 4206 2546 4259 Ad
2593 4221 2732 4274 quos
2780 4205 3077 4273 Apostolus
3122 4221 3136 4255 :
3188 4204 3424 4257 Distorta

1850 4298 2105 4357 membra,
2133 4300 2367 4349 humana
2400 4313 2494 4365 ope
2525 4312 2627 4348 non
2660 4296 2833 4348 valent
2868 4295 3128 4363 reparari.
3160 4294 3261 4358 Qui
3288 4296 3424 4347 enim

1851 4390 2095 4441 restituat
2122 4398 2277 4458 atque
2303 4391 2579 4451 instauret,
2607 4404 2738 4438 unus
2768 4396 2861 4447 est,
2895 4388 2982 4455 qui
3014 4405 3045 4439 a
3080 4387 3336 4455 principio
3363 4400 3423 4437 ex

1850 4479 2060 4543 pulvere
2092 4482 2354 4532 hominem
2393 4480 2467 4531 sic
2504 4478 2750 4531 membris
2788 4478 3102 4529 instructum
3140 4478 3423 4545 fabricatus

1848 4580 1943 4625 est.
1971 4570 2321 4635 Quamobrem
2352 4571 2453 4623 nisi
2480 4569 2822 4629 accesserilis,
2852 4569 2998 4637 isque
3022 4568 3133 4637 ipse
3157 4568 3244 4636 qui
3277 4566 3422 4618 labo-

1845 4674 1953 4729 rat,
1979 4665 2263 4717 sanitatem
2293 4680 2395 4717 non
2426 4661 2819 4731 consequimini.

1936 4936 2168 4998 Interea,
2216 4933 2456 4988 defuncti
2506 4930 2791 5002 cujusdam
2842 4930 3008 4983 funus
3056 4928 3416 4993 eﬂ'erehatur;

1846 5040 2200 5099 tcnentesque
2248 5028 2509 5081 feretrum
2554 5026 2648 5095 qui
2690 5024 2904 5080 sodales
2949 5014 3264 5076 Aristarcho
3317 5022 3417 5076 ad-

1852 5185 2035 5253 lippus
2086 5178 2746 5253 seduceret,adduce_ndo
2799 5176 2866 5231 ad
2894 5176 3077 5253 ﬁdem,
3138 5176 3283 5253 unde
3324 5176 3415 5253 illa

1850 5248 2088 5308 divortia
2122 5254 2331 5306 fierent.
2365 5252 2455 5306 Sic
2508 5251 2769 5304 nimirum
2810 5251 2959 5302 venit
3004 5248 3270 5300 Dominus
3298 5248 3413 5315 glao

1850 5328 1999 5379 dium
2058 5326 2290 5381 mittere.
2328 5322 2514 5377 Matth.
2578 5337 2628 5377 ι.
2662 5321 2750 5383 55,
2782 5335 2881 5372 nec
2926 5328 3007 5371 est
3057 5318 3151 5371 illo
3195 5318 3413 5386 dignus,

1849 5397 1943 5458 qui
2002 5397 2084 5449 vel
2134 5410 2381 5456 uxorem,
2439 5393 2523 5445 vel
2577 5391 2745 5445 alium
2780 5405 3109 5459 quemquam
3164 5389 3415 5459 plusillo

1853 5478 1993 5520 eniat
2018 5484 2031 5529 ;
2059 5465 2202 5535 quod
2235 5466 2423 5533 utique
2453 5463 2601 5535 facit,
2638 5462 2759 5535 qui_
2786 5457 3059 5535 consentit
3118 5474 3241 5511 cum
3291 5457 3415 5535 inli-

1848 5538 1956 5590 deli
1982 5529 2299 5589 cohabitare
2330 5529 2453 5587 cum
2500 5529 2700 5597 iniuria
2728 5531 3043 5591 Sulvatoris,
3093 5546 3213 5597 qua!
3252 5529 3411 5596 plane

1847 5609 1902 5662 in
1928 5607 2152 5676 proclivi
2181 5614 2284 5668 est,
2319 5622 2441 5659 cum
2473 5604 2927 5676 aluerconjugum
2965 5601 3139 5676 cruori
3172 5600 3410 5666 pristino

1844 5695 1906 5732 ac
1928 5671 2306 5746 superstitioni
2339 5685 2522 5728 manet
2562 5671 3083 5746 addictioribloduli
3139 5684 3201 5746 ac
3228 5683 3409 5746 canon

1844 5739 2043 5818 praeter
2070 5748 2440 5816 apostolorum
2490 5758 2827 5818 communes
2853 5742 3042 5818 laudes
3075 5749 3131 5794 et
3160 5739 3407 5818 labores,

1844 5810 1907 5873 ac
1932 5810 2165 5887 Philippi
2195 5833 2440 5879 crucem,
2468 5815 2616 5888 quod
2636 5813 2878 5869 historia:
2903 5813 3082 5868 lucem
3119 5810 3285 5867 ullam
3324 5812 3407 5863 al-

1846 5892 2006 5947 lerat.
2041 5891 2177 5944 nihil
2215 5890 2436 5945 habent.
