4180 6434
711 397 807 454 195

1920 384 2214 444 NICETEE
2253 385 2341 443 PA
2351 383 2730 446 PHLAGONI
2741 389 2780 444 S

3859 394 3950 458 196

709 505 896 559 erant,
919 494 1212 549 illndentes
1237 494 1486 564 apostolo
1512 493 1798 548 dicebant:
1828 492 1979 546 Hunc
2004 495 2051 546 si
2073 495 2298 545 suscita-

2417 493 2776 564 Ἀριστάρχῳ,
2811 495 3164 564 χλευάζοντες
3194 498 3380 566 ελεγον
3403 500 3482 570 τῷ
3533 501 3817 573 ἀποστόλῳ
3843 521 3857 536 ·
3887 508 3951 558 Et

707 591 866 652 veris,
895 605 1073 641 omnes
1089 603 1204 639 cum
1222 587 1546 649 Aristarcho,
1572 585 1680 638 Deo
1695 594 1786 639 tuo
1809 585 2289 639 cnltumadhibebi-

709 697 847 734 mus.
879 680 1110 733 Sanctus
1139 693 1269 731 vero
1299 677 1525 731 intentis
1552 677 1606 730 in
1632 677 1833 731 coelum
1857 677 2052 741 oculis,
2081 677 2290 746 prolixe

709 789 899 834 orans,
947 771 1055 824 leni
1091 769 1313 823 demum
1364 785 1497 823 voce
1535 771 1806 840 jacentem
1854 772 1908 824 in
1952 770 2157 825 feretro
2205 770 2291 824 his

713 865 1032 935 alloquitur,
1064 863 1356 932 Theophila.
1385 864 1692 933 Statimque
1739 864 1944 917 resedit
1985 872 2041 917 et
2075 864 2291 932 aperuit

712 961 923 1016 oculos.
974 959 1357 1029 Adjiciensque
1399 959 1700 1027 apostolus,
1726 957 1861 1012 dixit
1897 976 1909 1010 :
1943 957 2176 1012 Christus
2201 957 2291 1012 tibi

710 1054 894 1119 iubet:
935 1068 1092 1122 surge
1116 1092 1130 1114 ,
1165 1053 1438 1118 omnisque
1475 1051 1832 1118 impedimenti
1865 1050 2012 1113 liber,
2055 1049 2287 1120 loquere.

712 1148 781 1199 At
811 1147 901 1199 ille
928 1160 1193 1198 excussus
1216 1161 1246 1198 e
1268 1144 1493 1205 feretro,
1512 1144 1761 1212 apostolo
1778 1144 2033 1213 procidit,
2061 1144 2248 1198 dicens
2274 1161 2288 1196 :

712 1238 923 1292 Gratius
947 1237 1108 1289 habeo
1129 1277 1142 1299 ,
1173 1245 1351 1288 sancte
1373 1235 1488 1295 Dei,
1518 1235 1654 1305 quod
1683 1251 1746 1288 ex
1773 1235 1950 1288 multis
1979 1235 2133 1288 malis
2162 1237 2292 1290 hora

712 1331 810 1382 huc
841 1329 1120 1381 liberabor.
1153 1327 1366 1380 Duobus
1392 1328 1532 1380 enim
1556 1328 1786 1380 obscuris
1818 1327 2053 1397 foedoque
2082 1339 2296 1396 aspectu.

714 1440 776 1476 nc
799 1423 1082 1476 immitibus
1108 1420 1362 1474 violenter
1392 1421 1738 1484 trahentibus,
1754 1420 2010 1490 jamjam,
2031 1421 2130 1474 nisi
2149 1422 2294 1490 prior

715 1515 958 1575 venisses,
994 1513 1046 1564 in
1077 1522 1272 1564 tetrum
1309 1511 1685 1580 exitiosumque
1715 1519 1984 1564 tartarum
2010 1511 2294 1581 projicien-

714 1605 811 1657 dus
845 1620 1012 1656 cram.
1057 1604 1197 1657 Tum
1251 1619 1337 1657 res
1383 1603 1628 1656 inaudita
1670 1614 1898 1658 cunctos
1930 1604 1980 1656 in
2015 1613 2296 1673 stuporem

715 1698 845 1767 egit,
879 1697 1126 1750 dicentes
1153 1715 1164 1748 :
1200 1694 1468 1760 Quomodo
1500 1712 1652 1763 quem
1685 1712 1956 1764 nunquam
1986 1697 2208 1757 viderat,
2235 1711 2297 1746 ea:

719 1791 926 1841 nomine
957 1804 1166 1849 vocans,
1208 1787 1475 1840 suscitavit
1501 1787 1523 1839 ?
1554 1786 1680 1840 Vere
1709 1804 1862 1857 quem
1906 1787 2068 1839 Deum
2109 1786 2295 1854 fortem

2391 585 2606 638 τοῦτον
2626 587 2865 657 ἐγερεῖς,
2891 591 3114 657 πάντες
3138 589 3260 646 σὺιέ
3307 593 3672 662 Ἀριστάρχῳ
3694 608 3951 662 προσκυ-

2390 685 2662 752 νήσομεν
2685 683 2765 749 τῷ
2805 682 2926 747 Θεῷ
2949 700 3084 737 σου.
3126 684 3186 738 '0
3232 685 3288 739 δὲ
3329 685 3486 753 ἅγιος
3545 686 3684 755 πρὸς
3735 687 3954 757 οὐρανὸν

2393 777 2521 840 τοὺς
2553 777 2867 846 ὀφθαλμοὺς
2889 777 3163 841 ἀτενίσας,
3201 777 3547 848 προσηύξατο
3593 777 3686 831 ἐπὶ
3745 779 3952 831 ἱκανόνο

2393 869 2486 922 καὶ
2511 869 2648 938 πρὸς
2677 869 2769 921 τὸν
2800 868 3130 939 βεϐλημένον
3159 871 3224 939 τῇ
3265 869 3444 942 κλίνῃ,
3475 871 3689 941 πραείᾳ
3720 873 3787 940 τῇ
3811 872 3951 940 φωνῇ

2392 959 2564 1029 λέγει,
2585 960 2855 1028 Θεόφιλε.
2881 961 2993 1014 Καὶ
3020 962 3183 1024 εὐθὺς
3214 962 3528 1025 ἀνεκάθισε,
3582 963 3677 1016 καὶ
3705 964 3830 1020 τοὺς
3864 963 3956 1030 όφο

2394 1051 2634 1122 θαλμοὺς
2693 1053 2995 1123 ὑπανέῳξε.
3056 1054 3168 1107 Καὶ
3227 1054 3486 1126 προσθεὶς
3548 1057 3578 1108 6
3643 1054 3953 1119 ἀπόστολος,

2394 1142 2548 1199 εἷπεν
2581 1162 2595 1176 ·
2630 1147 2692 1200 '0
2713 1148 2967 1214 Χριστός
3012 1163 3112 1200 σοι
3151 1149 3383 1202 κελεύει
3405 1163 3421 1179 ο
3484 1146 3814 1215 Ἀνάστηθι,
3864 1147 3958 1201 καὶ

2393 1238 2714 1305 ἀκωλύτως
2743 1241 3116 1308 προσομίλει.
3163 1239 3222 1292 Ὀ
3257 1240 3317 1293 δὲ
3364 1241 3576 1303 ἀποϐὰς
3604 1241 3701 1310 τῆς
3755 1240 3956 1310 κλίνης,

2393 1328 2472 1398 τῷ
2500 1329 2783 1400 ἀποστόλῳ
2812 1329 3140 1400 προσέπεσε,
3191 1330 3366 1398 λέγων
3392 1349 3404 1360 ·
3461 1331 3811 1399 Εὑχαριστῶ
3844 1347 3959 1395 σοι,

2395 1421 2525 1490 ἅγιε
2565 1422 2672 1475 τοῦ
2704 1423 2873 1489 Θεοῦ,
2908 1423 2997 1476 ὅτι
3026 1423 3094 1477 ἑκ
3138 1422 3388 1477 πολλῶν
3408 1423 3608 1478 κακῶν
3635 1425 3864 1494 ἐρῤὐσω
3887 1442 3963 1494 με

2397 1510 2470 1578 τῇ
2515 1510 2638 1578 ὥρᾳ
2683 1512 2891 1580 ταύτῃ.
2929 1514 3079 1567 ’Υπὸ
3119 1514 3228 1568 δύο
3257 1514 3369 1583 γὰρ
3412 1513 3820 1584 ζεζοφωμένων
3865 1517 3961 1569 καὶ

2398 1605 2694 1658 δυσειδῶν
2722 1606 2822 1662 καὶ
2857 1606 3270 1676 ἁσπλάτχγων
3290 1607 3684 1674 ἐξελκόμενος
3731 1609 3961 1674 βιαιως,

2398 1698 2484 1750 ἕτι
2517 1697 2753 1767 μικρὸν,
2800 1701 2851 1752 ει
2899 1700 3010 1752 οὐκ
3063 1699 3356 1767 ἔφθασας,
3409 1700 3747 1770 ἁπερῤίφην
3774 1700 3848 1754 ἂν
3878 1703 3965 1766 εὶς

2398 1789 2694 1859 τάρταρον
2737 1791 2988 1859 δυσειδῆ
3023 1792 3120 1845 καὶ
3152 1793 3442 1859 ὀλέθριον.
3501 1794 3632 1845 Τότε
3675 1794 3964 1862 16_1:apd-

719 1891 768 1934 ct
802 1883 924 1933 dicit
973 1889 1020 1932 et
1073 1881 1326 1950 pru'tlicat
1365 1897 1426 1933 ac
1462 1882 1777 1944 annuntiat,
1824 1890 2004 1951 potens
2046 1897 2106 1932 ac
2147 1895 2297 1932 verus

2417 1883 2546 1947 ἰοξον
2565 1883 2722 1937 τοῦτο
2737 1884 2996 1953 ἐξέστησε
3016 1884 3218 1947 πάντας
3249 1884 3505 1954 λέγοντας
3523 1902 3538 1916 ⁶
3567 1885 3698 1950 Πῶς
3718 1859 3792 1938 a;
3809 1859 3968 1939 ούδέ-

717 1985 813 2036 est;
837 1991 1028 2044 nosque
1061 1973 1418 2026 indubitanter
1445 1990 1784 2026 accnrramus
1815 1983 1974 2042 atque
2001 1973 2296 2025 credamus.

719 2067 927 2120 Exinde
981 2066 1261 2134 apostolus
1296 2065 1502 2118 indicto
1533 2079 1695 2118 manu
1743 2065 1965 2118 silentio
2005 2065 2298 2118 tumultum

719 2162 936 2225 sedans,
967 2161 1123 2231 jubet
1161 2160 1346 2224 lleroi,
1383 2167 1440 2213 ut
1466 2174 1628 2213 manu
1660 2160 1843 2213 crucis
1871 2160 2087 2228 signum
2115 2158 2298 2224 expri-

721 2270 876 2308 mens
923 2269 1091 2323 super
1120 2255 1458 2312 Aristareho,
1501 2261 1703 2306 sanctae
1731 2249 2018 2304 Trinitatis
2047 2250 2300 2303 invocato

722 2345 967 2409 nomine,
1017 2344 1214 2397 oblzcsa
1246 2343 1487 2396 membra
1518 2342 1666 2394 illius
1697 2341 1963 2404 fatuitate,
1995 2357 2122 2394 sana
2149 2356 2298 2394 eom-

723 2445 972 2504 poneret.
1025 2432 1144 2497 Quo
1192 2432 1336 2486 facto
1389 2430 1563 2485 lleros
1605 2431 1984 2485 Aristarchum
2040 2431 2302 2485 membris

721 2525 980 2579 uiiiuibus
1012 2524 1286 2594 integrum
1316 2538 1624 2592 sanumque
1653 2521 1912 2576 reddidit.
1943 2523 1999 2576 lu
2039 2522 2143 2576 hoc
2169 2537 2304 2575 eun-

721 2619 793 2670 cti
849 2617 1098 2687 apostolo
1148 2615 1477 2685 procidunt,
1531 2620 1585 2668 in
1646 2615 1849 2683 quibus
1904 2623 1960 2668 et
2011 2615 2303 2683 pr:efectus

726 2709 896 2778 (illius
937 2715 1091 2776 pater
1138 2707 1232 2776 qui
1273 2722 1302 2760 a
1350 2706 1582 2759 mortuis
1612 2705 1792 2759 fuerat
1839 2705 2156 2770 suscitatus,
2190 2706 2302 2774 pri-

727 2816 850 2855 mus
879 2800 1024 2854 inter
1067 2814 1164 2853 eos
1192 2798 1285 2868 qui
1317 2797 1711 2866 convenerant)
1743 2814 1869 2851 eum
1905 2798 2136 2867 conjuge
2169 2813 2304 2866 apo-

726 2895 868 2948 stolo
895 2893 1148 2953 accessit,
1192 2892 1460 2960 laeilcque
1503 2901 1757 2960 suscepta
1798 2889 1924 2942 fidei
1957 2889 2207 2942 doctrina
2241 2907 2306 2944 ae

728 2989 1090 3051 institutione,
1140 3002 1205 3041 ac
1249 2987 1376 3040 fidei
1419 3001 1530 3040 suae
1574 2986 1790 3038 firmum
1833 2985 2130 3054 specimen,
2167 3001 2305 3055 quos

728 3081 946 3134 colebat
975 3079 1274 3145 duodecim
1326 3079 1460 3133 deos
1492 3093 1692 3131 aureos
1731 3078 1785 3130 in
1824 3093 2028 3147 egenos
2071 3079 2302 3147 apostoli

2400 1991 2546 2028 ποτε
2583 1973 2764 2041 εἶδεν,
2813 1977 2880 2041 ἐξ
2928 1979 3218 2048 ὀνόματος
3260 1977 3549 2048 φωνήσας
3593 1979 3966 2046 ἀνέστησεν;

2413 2068 2539 2122 Ἐπ’
2562 2071 2854 2137 ἀληθείας
2881 2070 2955 2125 ὃν
2987 2073 3244 2140 ἰσχυρὸν
3288 2071 3387 2125 καὶ
3423 2073 3587 2140 λέγει
3616 2070 3716 2127 καὶ
3761 2071 3970 2138 κηρύτ-

2401 2179 2486 2216 τει
2524 2161 2621 2214 καὶ
2652 2161 2804 2215 Θεὸν
2836 2164 3249 2232 καταγγέλλει,
3299 2164 3561 2231 δυνατὸς
3597 2165 3698 2219 καὶ
3739 2165 3968 2234 ἀληθής

2400 2257 2552 2318 ἐστι,
2595 2257 2690 2310 καὶ
2733 2257 2907 2326 ἡμεῖς
2949 2257 3325 2324 ἀδιστὰκτως
3365 2256 3824 2328 προστρέχωμεν
3870 2257 3970 2310 καὶ

2401 2352 2796 2420 πιστεύωμεν.
2845 2350 2957 2404 Καὶ
2983 2354 3052 2421 τῇ
3083 2353 3226 2421 χειρὶ
3252 2352 3282 2403 ό
3332 2349 3628 2412 ἀπόστολος
3666 2348 3968 2420 κατασιγή-

2404 2459 2503 2506 σας
2525 2443 2619 2495 τὸν
2654 2442 2902 2512 θόρυϐον,
2938 2440 3407 2510 διακελεύεταιτῷ
3434 2439 3633 2510 Ἧρωῖ·
3671 2439 3796 2492 Ἐπὶ
3825 2439 3974 2509 ’Δρι-

2405 2536 2626 2606 στάρχῳ
2656 2538 2723 2605 τῇ
2746 2536 2891 2606 χειρί
2915 2551 3010 2588 σου
3039 2533 3279 2605 σταυροῦ
3314 2534 3486 2587 τύπον
3505 2532 3861 2603 ὲπιχαρὰξας,
3892 2531 3973 2601 τῷ

2403 2630 2501 2698 τῆς
2533 2628 2694 2694 ἁγίας
2717 2628 2761 2678 Τ
2767 2627 2948 2697 ριάδος
2981 2627 3230 2696 ὀνόματι,
3254 2625 3365 2679 τῶν
3392 2624 3572 2694 μελῶν
3594 2624 3663 2677 τὰ
3710 2622 3972 2692 βλαϐέντα

2405 2721 2468 2772 ἐκ
2501 2720 2600 2788 τῆς
2625 2719 2788 2772 αὑτοῦ
2821 2719 3079 2787 ἀφελείας
3102 2719 3412 2789 ἀνόρθωσον
3447 2733 3463 2748 ο
3495 2716 3592 2769 καὶ
3625 2718 3785 2768 τοῦτο
3813 2715 3970 2782 ποιή-

2407 2825 2504 2871 σας
2531 2811 2560 2861 ό
2593 2809 2802 2878 Ἥρως,
2834 2808 2926 2860 τὸν
2968 2807 3324 2878 Ἀρίσταρχον
3373 2807 3708 2860 ἀπετέλεσεν
3762 2806 3966 2872 ἄρτιον.

2419 2901 2543 2953 Ἐπὶ
2561 2900 2736 2970 τούτῳ
2764 2901 2965 2963 πάντες
2994 2901 3068 2969 τῷ
3102 2901 3383 2970 ἀποστόλῳ
3434 2900 3883 2970 προσπίπτουσιν,
3915 2899 3976 2947 ἐν

2406 2989 2487 3056 οἷς
2536 2992 2630 3046 καὶ
2677 2994 3005 3062 πρέφεκτος,
3055 2995 3084 3044 6
3130 2992 3224 3045 τοῦ
3276 2994 3341 3045 ὲκ
3382 2991 3593 3061 νεκρῶν
3649 2991 3979 3050 ἀναστάντος

2415 3085 2663 3154 γενέτης,
2703 3085 2769 3137 τὰ
2807 3083 3002 3154 πρῶτα
3026 3085 3117 3136 ἐπὶ
3159 3086 3294 3138 πᾶσι
3330 3086 3510 3155 φέρων
3534 3085 3648 3146 τοῖς
3703 3081 3976 3144 συνειλεγο

729 3175 881 3226 cnris
914 3172 1328 3226 distribuendos
1374 3171 1601 3240 profert.
1657 3171 1760 3224 Sed
1791 3180 1848 3224 et
1891 3171 1976 3222 bis
2001 3187 2122 3239 qua:
2151 3179 2304 3223 erant

2417 3178 2617 3245 μένοις,
2642 3178 2738 3230 σὺν
2763 3180 2828 3247 τῇ
2867 3180 3079 3247 γαμετῇ
3117 3179 3394 3249 προσῆλθε
3429 3177 3508 3247 τῷ
3528 3175 3832 3241 ἀποστῶ-ῳ,
3882 3172 3980 3224 καὶ

733 3266 942 3333 reliqua
996 3264 1167 3333 probe
1233 3264 1596 3334 dispensatis,
1656 3275 1820 3320 recta:
1879 3265 2004 3319 fidei
2065 3266 2308 3334 regulam

734 3367 1052 3410 constanter
1085 3357 1324 3410 tenebat.

2410 3271 2508 3339 τῆς
2541 3274 2892 3340 κατηχήσεως
2928 3271 3184 3341 εὐμαρῶς
3214 3271 3304 3324 τὸν
3332 3271 3488 3338 λόγον
3533 3269 3840 3337 δεξάμενος.
3899 3268 3982 3325 εἰς

2416 3361 2641 3429 βεϐαίαν
2670 3362 2770 3431 τῆς
2809 3361 3003 3414 ἑαυτοῦ
3030 3363 3267 3424 πίστεως
3302 3361 3548 3426 ἔνδειξιν,
3595 3361 3721 3422 τοὺς
3760 3357 3850 3409 ὑπ’
3881 3355 3984 3407 αύ-

732 3452 826 3503 τοῦ
879 3452 1205 3520 σεϐομένους
1236 3452 1447 3505 δώδεκα
1499 3455 1764 3522 χρυσέους
1814 3455 1970 3519 θεοὺς
2029 3457 2138 3508 τῶν
2193 3456 2386 3509 ἐνδεῶν
2424 3461 2503 3520 εἰς
2561 3457 2821 3526 διανομὴν
2878 3457 2956 3527 τῷ
2995 3457 3277 3532 ἀποστόλῳ
3327 3459 3580 3526 γενέσθαι
3641 3453 3983 3525 προτίθησιν.

734 3548 808 3598 Ui;
845 3547 949 3616 μὴν
970 3547 1024 3598 δὲ
1049 3545 1186 3598 ἀλλὰ
1210 3552 1302 3597 καὶ
1330 3547 1397 3598 τὰ
1429 3548 1844 3614 περιλειφθέντα
1876 3549 2055 3607 καλῶς
2103 3552 2486 3618 οἰκονομήσας,
2515 3553 2616 3619 τῆς
2639 3549 2806 3619 ὀρθῆς
2841 3550 3180 3612 ἀδιστὰκτως
3219 3551 3394 3619 εἴχετο
3424 3549 3680 3610 πίστεως.

804 3636 1101 3705 Apostolus
1130 3651 1260 3688 vero
1287 3636 1503 3689 eunetis
1534 3637 1610 3688 ibi
1643 3638 1697 3690 in
1730 3647 1878 3690 recta
1920 3639 2025 3691 tide
2058 3639 2317 3706 perfectis

739 3729 917 3782 Ileroe
974 3727 1082 3780 illis
1130 3727 1383 3780 ordinato
1433 3728 1715 3798 episcopo,
1747 3731 2054 3798 creatisque
2096 3745 2162 3783 ex
2210 3730 2318 3782 illis

738 3819 1077 3890 presbyteris
1123 3829 1179 3872 et
1215 3819 1462 3874 diaconis
1507 3840 1518 3874 :
1570 3838 1806 3891 cumque
1839 3822 1905 3876 ad
1949 3824 2064 3875 lucc
2114 3821 2315 3891 templa

739 3912 985 3964 construi
1020 3909 1352 3974 mandasset,
1384 3912 1609 3980 ipseque
1635 3914 1916 3974 erexisset,
1940 3922 2103 3980 atque
2127 3928 2318 3966 omnes

743 4003 870 4056 fidei
921 4003 1170 4057 doctrina
1216 4003 1543 4068 imbuissct,
1609 4005 1859 4075 beneque
1905 4006 2012 4058 illis
2061 4014 2316 4074 precatus

739 4104 906 4155 esset,
933 4094 986 4147 in
1013 4095 1300 4164 Phrygiam
1328 4095 1478 4148 venit
1497 4106 1552 4149 et
1573 4095 1897 4165 Lycaoniam
1925 4108 2088 4164 atque
2112 4095 2312 4155 Asiam,

739 4186 1044 4255 pnedieans
1072 4202 1134 4240 ac
1160 4188 1545 4256 evangelizans
1589 4187 1905 4252 Christum;
1937 4190 2024 4241 cui
2062 4187 2232 4256 gloria
2261 4187 2317 4240 in

738 4279 958 4333 macula.
993 4279 1186 4332 Amen.

1352 4500 1610 4556 ORATIO
1645 4501 1713 4556 Χ.

2486 3639 2835 3707 Καταρτίσας
2872 3640 2928 3691 δὲ
2972 3642 3001 3693 6
3053 3641 3346 3703 ἀπόστολος
3401 3641 3525 3702 τοὺς
3558 3642 3736 3692 ἐκεῖσε
3779 3642 3988 3705 πάντας

2416 3728 2553 3797 πρὸς
2585 3729 2684 3798 τὴν
2709 3729 2989 3797 όρθόδοξον
3022 3730 3225 3793 πίστιν,
3251 3730 3341 3782 τὸν
3391 3730 3587 3799 ’ῚΙρωα
3629 3729 3838 3788 τούτοις
3873 3747 3989 3798 χει-

2419 3821 2712 3889 ροτονήσας
2747 3822 3061 3887 ἐπίσκοπον,
3087 3824 3180 3874 καὶ
3210 3821 3615 3892 πρεσϐυτέρους
3669 3822 3761 3873 καὶ
3801 3821 3988 3873 διακό-

2415 3926 2536 3972 νους
2573 3910 2630 3975 ἐξ
2661 3909 2871 3962 αυτῷν·
2911 3910 3074 3962 ἔτιδὲ
3111 3913 3205 3962 καὶ
3257 3914 3419 3972 ναοὺς
3470 3909 3780 3978 προστάξας
3832 3907 3993 3973 γενέ-

2423 4001 2569 4067 σθαι,
2627 4003 2720 4054 καὶ
2771 4003 2995 4064 τούτους
3042 4001 3396 4072 καθιδρύσας,
3455 4001 3551 4054 καὶ
3591 4000 3800 4062 πάντας
3853 4015 3993 4052 κατ-

2420 4095 2632 4164 ηχήσας
2683 4094 2779 4146 καὶ
2811 4094 3200 4164 ἐπευξάμενος,
3248 4093 3410 4154 αὐτὸς
3445 4092 3505 4143 ὲν
3566 4091 3776 4161 Φρυγίᾳ
3816 4106 3994 4156 προσ-

2417 4187 2574 4238 έϐαλε
2607 4186 2722 4254 ἅμα
2748 4189 2814 4253 τῇ
2849 4187 3120 4254 Λυκαονία
3142 4185 3235 4237 καὶ
3267 4187 3334 4253 τῇ
3382 4185 3558 4252 Ἀσίᾳ,
3587 4184 3872 4253 κηρύττων
3895 4183 3997 4233 καὶ

2417 4275 2900 4346 εὐαγγελιζόμενος
2947 4277 3042 4327 τὸν
3093 4277 3328 4344 Χριστόν
3357 4290 3372 4304 ·
3414 4267 3522 4344 ᾧή
3561 4273 3688 4338 δόξα
3737 4273 3816 4334 εἰς
3863 4271 3998 4334 τοὺς

2420 4369 2646 4430 αἰῶνας.
2689 4368 2884 4438 Ἀμήν.

3049 4501 3265 4553 ΛΟΓΟΣ
3295 4498 3353 4553 ι’.

741 4616 1002 4668 Laudatio
1097 4617 1265 4669 sancti
1339 4633 1401 4669 ac
1465 4617 1859 4707 celebratissimi
1940 4619 2304 4676 Bartholomara

2420 4615 2521 4680 Εἰς
2543 4615 2650 4668 τὸν
2673 4616 2844 4686 ἅγιον
2873 4618 3112 4707 καὶηπαν
3123 4613 3790 4707 εύρημργηάπόστολον
3839 4615 4003 4681 Βαρ-

1403 4688 1648 4756 apostoli.

813 4800 1116 4852 Aecensum
1162 4798 1520 4864 desiderium,
1567 4809 1622 4855 at
1658 4818 1811 4857 mens
1845 4804 2062 4858 tenuis:
2100 4805 2318 4861 fervens

742 4908 921 4944 amor.
976 4902 1032 4945 at
1099 4892 1223 4946 vilis
1278 4893 1473 4947 oratio.
1529 4895 1746 4949 Etenim
1805 4898 2036 4966 spiritus
2091 4900 2315 4967 quidem

818 5050 936 5120 (1.5)
962 5049 1100 5104 Cum
1136 5049 1309 5103 (ἰηοοί
1337 5049 1542 5121 duplici
1569 5052 1708 5107 festo
1734 5055 1917 5108 colant
1939 5056 2324 5112 Bartholomaei

749 5122 979 5194 apostoli
1014 5121 1373 5194 memoriam,
1434 5123 1608 5176 altero
1631 5126 1752 5194 ejus
1797 5128 1996 5180 natalis
2046 5128 2105 5180 Η
2143 5128 2314 5192 Junii,

746 5193 919 5266 altero
955 5191 1297 5266 miraculosm
1324 5191 1678 5266 adiectionis
1729 5195 1902 5264 ipsius
1956 5191 2315 5266 reliquiarum

744 5263 811 5334 ad
836 5261 1079 5334 Liparim
1106 5261 1360 5328 insulam,
1393 5264 1481 5316 die
1519 5265 1588 5317 ‘25
1614 5261 1862 5334 Augusti,
1899 5268 1994 5334 qni
2038 5261 2179 5321 unus
2210 5269 2315 5321 La-

749 5332 880 5406 tinis
910 5333 1460 5406 solen‘tnisesttsive
1484 5334 1647 5387 etiam
1684 5332 1857 5403 pridie
1886 5332 2006 5406 ejus
2034 5355 2133 5406 pro
2166 5341 2318 5391 vario

749 5402 1117 5456 Ecclesiarum
1148 5402 1278 5463 ritu,
1313 5404 1530 5458 Nieetas
1567 5402 1714 5458 tows
1755 5407 1808 5458 in
1845 5402 2314 5460 exornandollar-

750 5472 1025 5546 tholomiei
1062 5473 1226 5546 natali
1252 5483 1359 5546 est,
1392 5489 1454 5527 ac
1507 5491 1574 5527 ne
1605 5477 1855 5530 meminit
1912 5479 2137 5546 quidem
2170 5479 2320 5533 illius

749 5542 1019 5616 stupendi
1038 5543 1310 5616 miraculi,
1339 5545 1395 5596 in
1427 5561 1534 5613 quo
1579 5555 1759 5600 tamen
1792 5563 1859 5600 ex
1910 5542 2322 5616 antiquioribus

747 5621 805 5682 et
827 5613 1296 5666 emendatioribus
1329 5615 1451 5682 ejus
1475 5616 1624 5669 Actis
1665 5618 1976 5679 referendo,
2004 5613 2210 5673 in'ttltus
2235 5629 2320 5671 est

749 5681 1113 5758 Theophorus
1143 5681 1370 5738 Studita’
1393 5685 1556 5758 paulo
1586 5687 1773 5758 Niceta
1827 5689 2128 5756 antiquior,
2167 5692 2324 5758 cujus

750 5766 1058 5807 sermonem
1085 5756 1403 5809 Anastasms
1427 5756 1686 5820 reddidit,
1721 5769 1777 5811 et.
1811 5759 1871 5812 D.
1905 5761 2082 5812 Lucas
2109 5756 2320 5813 bache-

753 5822 800 5876 ri
820 5823 876 5876 in
903 5821 1154 5894 Spiciteg.
1186 5831 1229 5876 t.
1262 5823 1330 5878 Ill
1375 5828 1826 5898 repraesentavit;
1882 5828 2113 5899 adjectis
2156 5829 2322 5885 etiam

2959 4687 3286 4755 θολομιιῖον
3328 4685 3462 4753 (45).

2503 4802 2716 4872 θερμὸς
2775 4803 2803 4854 ὀ
2835 4801 3020 4868 πόθος,
3062 4801 3176 4854 ἀλλ’
3228 4801 3468 4871 ἀδρανὴς
3502 4801 3530 4851 ὁ
3574 4798 3698 4862 νοῦς
3729 4813 3744 4828 ⁸
3793 4799 3940 4862 ζέων
3977 4800 4009 4851 6

2426 4901 2590 4970 ερως,
2620 4899 2738 4953 ἀλλ’
2767 4899 2992 4968 εὐτελὴς
3031 4900 3059 4951 ὁ
3098 4897 3256 4964 λόγος
3277 4912 3293 4929 ⁸
3324 4897 3420 4950 καὶ
3476 4897 3587 4964 γὰρ
3633 4892 4011 4964 προθυμεῖται

2433 5076 2556 5130 (ποτε
2592 5069 2842 5129 spectant
2875 5057 2942 5112 ad
2970 5059 3197 5112 alteram
3232 5056 3384 5130 Ainde
3434 5055 3844 5130 translationem
3905 5053 4016 5130 Be-

2424 5126 2742 5194 neventum,
2812 5130 3050 5184 desolata
3095 5144 3192 5197 per
3225 5127 3528 5197 Saracenos
3556 5126 3738 5194 Lipari
3794 5126 4013 5180 insula.

2424 5206 2602 5268 Atque
2628 5202 2837 5254 utinam
2872 5202 2925 5254 in
2953 5196 3209 5252 manibus
3239 5207 3386 5252 esset
3435 5196 3685 5268 Graecum
3705 5197 4018 5268 exemplar

2425 5266 2590 5340 hujus
2614 5274 2888 5325 sermonis
2933 5270 3209 5323 Theodori
3254 5268 3505 5340 Studitae,
3557 5267 3644 5340 vel
3697 5266 4023 5340 Sirmnndo

2427 5338 2675 5395 licuisset
2711 5360 2836 5396 eum
2866 5343 3045 5410 ipsum
3071 5342 3298 5407 ejusque
3333 5339 3531 5410 omnia
3552 5338 3746 5410 (etiam
3762 5338 4028 5402 majores

2425 5410 2773 5480 Catecheses)
2798 5407 2938 5481 juris
2971 5411 3174 5479 publici
3201 5412 3401 5472 facere,
3443 5409 3644 5476 quibus
3700 5407 4027 5481 plurimum

2421 5481 2734 5536 Christiana
2773 5480 2947 5561 pietas
3003 5481 3346 5561 profecisset,
3396 5494 3646 5561 unumne
3701 5480 3901 5561 clypeo
3964 5486 4028 5529 et

2421 5563 2699 5606 armatura
2728 5593 2742 5613 ,
2774 5547 3056 5606 'Ecclesia
3133 5551 3404 5605 catholica
3463 5547 3728 5601 adversus
3810 5548 4036 5601 hostes

2421 5637 2552 5675 suos
2611 5632 2724 5676 tuta
2783 5623 3000 5683 fuisset,
3055 5621 3184 5675 dum
3243 5636 3368 5675 cum
3411 5619 3600 5672 blattis
3625 5629 3681 5671 et
3714 5618 3882 5670 tineis
3913 5634 4041 5684 pu-

2421 5704 2590 5761 gnant
2626 5709 2790 5746 manu
2821 5692 3029 5746 exarati
3060 5692 3302 5754 codices,
3335 5690 3508 5743 futuri
3538 5699 3595 5743 et
3648 5690 3749 5757 ipsi
3797 5688 4042 5753 injuria

2423 5764 2688 5832 temporis
2741 5762 3062 5818 excedentis
3127 5763 3331 5825 omnia,
3377 5776 3485 5832 non
3539 5761 3786 5832 itapoSt
3840 5773 4044 5832 prur-

2423 5847 2516 5887 sus
2541 5826 2789 5890 inutiles.
2820 5833 2964 5888 Bene
2996 5842 3177 5887 tamen
3200 5840 3305 5898 est,
3342 5829 3489 5901 quod
3541 5826 3856 5899 antiquiora
3923 5826 4052 5884 illa
