4180 6434
189 426 276 497 201
850 418 1131 480 ORATIO
1166 418 1237 476 Χ.
1260 441 1324 451 -
1357 415 1439 476 IN
1478 413 1791 475 LAUDEM
1830 413 1888 471 S.
1931 412 2493 471 BARTIIOIDMEI
2530 411 2785 472 AI’OST.

3312 419 3425 486 902

191 554 322 610 μενοι
353 533 621 604 κεφαλὴν,
672 529 909 601 μετρίως
943 529 1009 582 ἂν
1043 527 1237 589 οὕτως,
1274 521 1453 595 οἶμαι,
1491 540 1745 593 παραμυ-

1851 520 2104 575 labimur.
2154 522 2309 575 Nulla
2354 522 2501 576 enim
2548 521 2687 575 adeo
2737 538 2795 576 re
2843 522 3065 578 divinus
3114 523 3423 583 divinorum

189 628 481 696 θησαίμεθα
517 625 609 677 τὸν
639 621 824 675 πόθον.
865 620 1055 673 Οὖδενὶ
1086 618 1194 687 γὰρ
1221 618 1365 669 οῦτω
1393 618 1423 667 ό
1457 615 1602 677 θεῖος
1639 614 1746 666 τῶν

190 722 328 775 θείων
358 720 517 788 ἔρως,
549 716 624 778 ὡς
646 714 854 783 ἐπαίνῳ
885 712 994 764 τῶν
1020 709 1453 780 ἐπιθυμημὲνων
1505 707 1603 760 καὶ¹
1647 724 1749 760 πα-

194 812 494 883 ρακαλεῖται
522 808 614 859 καὶ¹
646 803 1079 875 παραμυθεῖται.

246 900 407 969 Δεῦρο
435 899 502 970 δὴ
523 894 637 962 οὖν,
674 891 719 949 ὦ
751 893 1164 962 σεϐασμιώτατε
1192 890 1287 945 καὶ
1351 889 1704 961 λαμπρότατε
1729 904 1745 920 ο

191 993 331 1063 δεῦρό
359 1011 470 1063 μοι.
505 992 714 1060 πάρεσο
758 987 1052 1055 πνεύματι,
1109 984 1186 1047 ὡς
1234 982 1451 1052 πνεῦμα
1499 980 1750 1050 καθαρώο

191 1104 332 1141 τατον
393 1086 490 1139 καὶ
552 1080 969 1148 παναγέστατον
1015 1075 1113 1141 ῶν,
1146 1077 1241 1129 καὶ
1294 1076 1392 1128 τοῦ
1448 1074 1604 1139 ἁγίου
1657 1072 1749 1124 καὶ

193 1175 468 1247 θεαρχικοῦ
520 1171 838 1241 Πνεύματος
875 1171 1118 1238 γέννημα
1152 1166 1249 1220 καὶ
1296 1164 1573 1235 ὁμοίωμα.
1607 1165 1747 1232 Ἐμ-

192 1283 405 1319 πνευσον
432 1263 579 1327 νοῦν,
616 1263 927 1333 ἕμπνευσον
978 1258 1137 1326 λόγον
1163 1276 1176 1289 ·
1210 1257 1356 1319 νοῦν,
1415 1255 1749 1325 θεωρητικὸν

189 1361 273 1427 τῆς
298 1357 391 1426 σῆς
420 1353 816 1424 ἁγιοπρεπείας
836 1351 930 1402 καὶ
964 1338 1219 1419 θεότητος
1247 1362 1261 1376 ·
1292 1347 1473 1413 λόγον,
1491 1345 1749 1414 τῆςρμε-

190 1450 333 1518 τέρας
381 1444 776 1514 ὲκφαντορικὸν
825 1441 1291 1511 θαυμασιότητος,
1346 1438 1414 1490 ἶν’
1457 1437 1748 1505 ἀμφότερα

190 1543 269 1594 καὶ
285 1540 404 1602 νοῦς
430 1540 526 1592 καὶ
553 1539 710 1604 λόγος
740 1537 875 1606 ἡμῖν
912 1534 1211 1600 ἁγιάζηται
1262 1531 1357 1584 καὶ
1413 1529 1746 1600 λαμπρύνηη

190 1647 289 1693 ται,
317 1630 382 1681 τι
412 1629 477 1680 σα
509 1626 791 1695 θαυμάσια
833 1626 928 1677 καὶ
965 1621 1368 1691 διανοουμένοις
1400 1621 1492 1673 καὶ
1521 1621 1746 1687 διηγου-

193 1720 355 1785 μένοις
390 1718 559 1769 ’ἐπεὶ
611 1718 703 1769 καὶ
773 1715 835 1767 τὸ
890 1714 981 1765 ἐπὶ
1039 1713 1259 1780 μνήμης
1320 1711 1481 1780 μόνον
1533 1708 1742 1770 λαϐεῖν,

191 1810 439 1879 ἁγιασμός
461 1826 521 1860 τε
545 1809 638 1861 καὶ
654 1804 954 1874 φωτισμὸς,
978 1803 1076 1872 οὐχ
1102 1797 1265 1874 ἦττον
1297 1803 1433 1871 ἡμῖν
1483 1802 1599 1863 τοῖς
1649 1798 1745 1868 μό-

1853 627 2029 675 amor,
2057 625 2120 663 ac
2146 626 2335 664 eorum
2362 612 2522 665 laude
2548 612 2643 681 qui
2674 614 2845 667 amori
2872 615 3167 679 habent-1r,
3191 616 3429 672 lenimen

1853 711 2019 772 atque
2056 701 2297 755 solamen
2328 703 2688 758 nanciscitur.

1924 880 2129 933 Adesto
2173 878 2361 948 igitur,
2403 893 2437 931 ο
2474 879 2945 935 venerabilissime
2986 896 3050 936 ac
3091 882 3428 949 clarissime;

1855 971 2064 1033 adesto,
2122 981 2325 1041 prarsto
2376 971 2452 1024 sis
2494 971 2711 1040 spiritu,
2756 981 2817 1025 ut
2863 972 2956 1041 qui
3000 974 3325 1042 purissimus
3368 992 3433 1030 ac

1857 1063 2234 1118 sanctissimus
2274 1062 2502 1131 spiritus
2526 1065 2621 1125 sis,
2650 1067 2934 1134 sanctique
2965 1079 3028 1119 ac
3063 1066 3235 1119 divini
3260 1068 3431 1136 Spiri-

1858 1162 1947 1208 tus
1986 1155 2203 1209 soboles
2230 1169 2295 1208 ac
2322 1153 2701 1208 simulacrum.
2746 1157 2939 1225 Aspira
2977 1172 3220 1220 sensum,
3251 1159 3433 1227 aspira

1856 1244 2201 1298 orationem:
2251 1259 2474 1299 sensum
2524 1245 2835 1313 mentisque
2886 1247 3325 1318 intelligentiam,
3364 1250 3433 1303 ad

1856 1335 2164 1389 sanctitatis
2189 1351 2253 1390 ac
2282 1336 2504 1390 deitatis
2532 1345 2638 1389 tum
2667 1337 3140 1406 contemplandam
3184 1340 3435 1409 magniﬁo

1856 1428 2125 1491 centiam;
2178 1430 2516 1491 orationem,
2558 1428 2625 1482 ad
2664 1429 2976 1484 mirabilem
3024 1430 3136 1483 oris
3180 1446 3433 1486 sermone

1854 1515 2254 1583 explanandam
2314 1526 2551 1571 vestram
2608 1518 3014 1587 prazstantiam;
3069 1534 3179 1588 quo
3226 1521 3434 1575 scilicet

1855 1615 2156 1675 utrumque
2206 1606 2422 1679 (sensus
2454 1609 2662 1678 pariter
2706 1616 2869 1677 atque
2908 1626 3083 1674 mens,
3131 1620 3189 1665 et
3234 1613 3432 1681 oratio)

1854 1700 2224 1769 cogitantibus
2269 1700 2431 1753 nobis
2474 1716 2537 1754 ac
2586 1700 2943 1768 loquentibus
2996 1710 3087 1755 tua
3134 1702 3429 1768 mirabilia,

1853 1792 2229 1847 sanetilicetur
2260 1807 2324 1845 ac
2357 1792 2739 1861 splendescat:
2792 1794 2991 1862 quippe
3025 1809 3147 1849 cum
3189 1796 3271 1850 vel
3316 1796 3431 1865 ipsa

190 1921 257 1972 νῳ
312 1878 825 1969 κατοπτριζομένοις
865 1896 945 1964 τῷ
1002 1895 1296 1963 πνεύματι,
1360 1892 1394 1962 ἢ
1452 1894 1565 1953 τοῖς
1619 1892 1745 1960 πρὶν

1851 1883 2116 1937 duntaxat
2146 1882 2330 1936 animo
2368 1890 2648 1952 assumpta
2686 1884 2763 1937 tui
2801 1886 3082 1947 memoria,
3126 1887 3432 1940 sanctifica-

197 1995 320 2063 μετὰ
372 1992 469 2045 τοῦ
529 1991 676 2062 ἱεροῦ
732 1989 966 2058 σκήνους
1022 1986 1223 2059 ὁρῶσιν
1275 1984 1749 2056 ἀναστρεφόμενον

193 2087 271 2147 ἐπὶ
294 2085 415 2151 γῆς.

249 2346 349 2401 Καὶ
376 2345 485 2417 γὸρ
520 2344 773 2414 νηπιόθεν
806 2343 925 2404 ὅλος
954 2341 1332 2410 ἀφιερωμὲνος
1364 2340 1443 2411 τῷ
1472 2338 1616 2407 Θεῷ,
1651 2340 1749 2391 καὶ

192 2439 408 2507 σχήματι
457 2437 747 2498 εὐλαϐείας
798 2435 894 2487 καὶ
950 2435 1236 2503 πράγματι
1292 2431 1606 2493 θεοσεὸείας
1656 2431 1749 2482 καὶ

189 2524 271 2578 τοῦ
310 2526 473 2592 νόμου
525 2525 724 2595 μελέτῃ
756 2524 849 2577 καὶ
888 2522 996 2575 τῶν
1039 2522 1273 2575 ἐντολῶν
1318 2521 1557 2590 φυλακῇ,
1612 2520 1747 2591 πρὸς

188 2615 274 2684 τὴν
300 2615 643 2685 τελειοτέραν
675 2612 1340 2684 προπαρασκευαζόμενος
1375 2612 1709 2678 θεογνωσίαν
1732 2624 1747 2640 ο

187 2698 311 2760 οἶδεν
346 2709 456 2777 γὰρ
488 2706 697 2777 Κύριος
745 2706 856 2760 ἀπὸ
908 2706 1145 2775 γαστρὸς
1203 2704 1449 2773 ἀγιάζειν
1500 2706 1627 2766 τοὺς
1668 2706 1748 2756 οί-

189 2798 368 2860 κείους.
398 2801 495 2852 καὶ
542 2800 659 2867 ἅμα
708 2801 772 2868 τῇ
823 2797 1015 2867 πρώτη
1063 2798 1391 2848 συνεισιέναι
1427 2795 1621 2848 πλάσει
1657 2795 1750 2847 καὶ

188 2890 411 2958 ἀοράτως
463 2889 787 2958 ἐφέπεσθαι,
821 2889 917 2941 καὶ
964 2889 1101 2959 πρὸς
1155 2887 1351 2941 ἑαυτὸν
1401 2886 1750 2940 κατευθύνειν

189 2984 269 3033 καὶ
303 2983 586 3053 ποδηγεῖν,
618 2981 808 3050 ἐπειδὴ
860 2981 888 3033 ό
927 2981 1027 3050 τῆς
1074 2980 1311 3041 πίστεως
1361 2978 1605 3049 ἀρχηγὸς
1658 2979 1751 3031 καὶ

185 3071 455 3141 τελειωτὴς
511 3071 759 3139 ὲπειξάνη
813 3070 1088 3140 Χριστὸς,
1129 3070 1222 3122 καὶ
1264 3070 1445 3121 πᾶσαν
1501 3067 1600 3139 μὲν
1649 3068 1750 3137 τὴν

196 3161 437 3215 Ἰουδαίαν
468 3165 565 3215 καὶ
591 3162 882 3214 Γαλιλαίαν
902 3163 1189 3229 ἐπεφοίτα,
1224 3161 1327 3229 τὴν
1357 3161 1467 3213 τῶν
1500 3160 1748 3230 οὐρανῶν

186 3254 443 3321 βασιλείαν
525 3252 1045 3323 εὐαγγελιζόμενος
1097 3254 1191 3306 καὶ
1251 3254 1581 3322 θαυμασίοις
1642 3253 1741 3322 μὲν

184 3342 363 3410 λόγοις,
400 3344 883 3413 θαυμασιωτέροις
920 3344 977 3396 δὲ
1000 3343 1206 3410 ἔργοις,
1230 3344 1333 3411 τὴν
1358 3342 1466 3395 τῶν
1500 3344 1745 3410 Εὑαγγε-

181 3433 293 3486 λίων
338 3436 605 3505 ἀλήθειαν
638 3434 1023 3504 πιστούμενος,
1049 3434 1118 3487 τὰ
1147 3432 1464 3486 ἀπολωλότα
1496 3435 1745 3505 πρόῦατα

181 3529 299 3598 πρὸς
325 3530 524 3583 ἑαυτὸν
556 3530 855 3597 ὲπισυνῆγε
908 3526 1005 3581 τοῦ
1046 3527 1296 3597 Ἰσραήλ·
1352 3527 1473 3579 τότε
1513 3527 1599 3595 δὴ,
1624 3529 1744 3581 τότε

180 3620 262 3669 καὶ
290 3619 377 3670 τὸν
424 3617 685 3688 ἀληθινὸν
727 3618 917 3670 τοῦτον
959 3617 1299 3687 Ἰσραηλιτην
1320 3616 1578 3670 ἐκάλεσεν
1602 3618 1745 3688 Βαρ-

179 3707 465 3779 θολομαῖον.

239 3800 300 3851 Τί
328 3799 421 3854 οὖν
479 3796 675 3866 οὖτος;
712 3797 839 3872 ⁷Λρ’
870 3802 1187 3871 ἀπηνήνατο
1216 3802 1306 3855 τὸν
1337 3802 1677 3872 κεκληκότας
1708 3803 1741 3872 ἢ

178 3892 406 3946 πιστεύει
464 3895 592 3962 μὲν,
623 3895 721 3963 οὐχ
771 3894 962 3945 ἕπεται
1017 3893 1109 3957 δές
1150 3894 1183 3962 ἢ
1228 3892 1420 3945 ἕπεται
1463 3894 1584 3961 μὲν,
1616 3894 1744 3963 ἄχρι

177 3984 349 4053 καιροῦ
380 3985 480 4050 δέ;
519 3985 558 4056 ἢ
614 3986 776 4054 μέχρι
817 3984 915 4053 μὲν
944 3984 1152 4046 τέλους.
1183 3984 1258 4047 ὡς
1285 3977 1364 4046 εἷς
1394 3982 1452 4036 δὲ
1484 3983 1577 4036 τοῦ
1603 3985 1741 4054 πλή-

177 4075 282 4138 θους
312 4076 402 4129 καὶ
434 4077 556 4127 τῶν
581 4076 822 4139 πιστῶν;
859 4077 891 4143 ἢ
922 4077 1032 4139 τοῖς
1087 4074 1354 4143 μαθηταῖς
1391 4075 1489 4143 μὲν
1523 4091 1745 4143 συνηριο

179 4164 367 4235 θμεὶτο,
402 4169 507 4237 τῆς
534 4168 799 4236 δευτέρας
826 4168 884 4220 δὲ
912 4168 1123 4231 τάξεως
1159 4167 1309 4237 παρὰ
1330 4166 1408 4236 τῷ
1438 4167 1743 4237 διδασκάλῳ

178 4258 543 4323 καθεστῶσιν;
596 4259 884 4326 Οὐδαμῶς.
919 4257 1085 4328 Ὀμοῦ
1143 4258 1198 4311 δὲ
1230 4259 1321 4311 τὸν
1376 4259 1611 4327 ποιμένα
1652 4260 1743 4312 τὸν

178 4348 320 4402 καλὸν
346 4346 514 4414 εἶδεν,
549 4350 651 4403 καὶ
680 4343 834 4412 οὗτος
860 4349 1020 4401 αὐτὸν
1072 4349 1215 4401 κατὰ
1243 4349 1304 4400 τὸ
1340 4348 1499 4417 βάθος
1526 4350 1743 4417 ἐπέγνω

176 4441 414 4507 διανοίας,
465 4442 799 4511 ἐπεγνώσθη
839 4459 898 4494 τε
945 4440 1077 4512 παρ’
1116 4439 1307 4502 αὑτοῦ,
1338 4440 1413 4501 ὡς
1463 4442 1564 4511 τῆς
1602 4443 1743 4494 ἀνω-

1853 1974 2058 2027 tionem
2094 1981 2319 2042 praestet
2356 1986 2420 2025 ac
2467 1971 2947 2037 illuminationem,
2991 1984 3105 2029 tum
3145 1975 3304 2029 nobis
3335 1977 3429 2045 qui

1851 2064 1971 2118 solo
2020 2064 2216 2134 spiritu
2262 2064 2415 2119 velut
2454 2065 2509 2118 in
2540 2066 2764 2134 speculo
2815 2068 3150 2123 relucentem
3198 2069 3428 2123 formam

1850 2164 2202 2219 contuemur,
2234 2165 2348 2209 tum
2380 2156 2447 2209 iis
2468 2157 2561 2224 qui
2582 2156 2713 2209 olim
2738 2173 2865 2211 cum
2890 2168 3079 2213 sancto
3102 2162 3431 2231 corpusculo

1850 2257 2162 2301 versantem
2195 2247 2251 2299 in
2281 2255 2429 2300 terra
2459 2246 2739 2300 viderunt.

1919 2339 1961 2393 Α
1996 2353 2169 2407 puero
2190 2353 2428 2406 namque
2466 2347 2612 2392 totus
2642 2340 2753 2393 Deo
2783 2352 3156 2407 consecratus,
3180 2343 3430 2412 pietatis-

1852 2444 1960 2498 que
1992 2429 2167 2482 forma
2217 2444 2281 2483 ac
2329 2428 2533 2490 indole;
2582 2439 2639 2483 et
2688 2445 2815 2484 vera
2872 2432 3137 2502 religione
3179 2442 3236 2488 et
3295 2434 3430 2503 legis

1851 2520 2212 2575 meditatione
2244 2532 2301 2575 et
2344 2522 2730 2576 mandatorum
2761 2524 3130 2589 observantia,
3177 2527 3249 2581 ad
3300 2544 3429 2598 per-

1850 2612 2134 2667 fectiorem
2183 2613 2277 2666 Dei
2327 2613 2614 2667 scientiam
2673 2614 2943 2685 [idemque
2977 2617 3261 2673 institutus
3304 2634 3430 2674 cum

1849 2710 1995 2755 esset
2026 2702 2200 2771 (novit
2227 2702 2373 2756 enim
2404 2703 2669 2757 Dominus
2696 2720 2763 2759 ex
2789 2714 2951 2761 utero
2981 2708 3075 2777 qui
3115 2708 3199 2762 sui
3230 2708 3341 2763 sint
3366 2725 3431 2765 ac

1852 2790 2173 2855 necessarii,
2223 2807 2292 2845 ex
2343 2801 2502 2845 utero
2551 2794 2918 2860 sanetilicare,
2972 2805 3135 2867 atque
3174 2814 3203 2851 a
3254 2799 3431 2868 prima

1852 2885 2036 2939 statim
2082 2884 2410 2938 formatione
2443 2884 2552 2938 illis
2589 2885 2761 2950 illabi,
2808 2902 2977 2957 seque
3026 2890 3108 2944 eis
3151 2892 3431 2961 inaspecta

1853 2976 2064 3029 ratione
2094 2976 2351 3029 comitem
2387 2988 2671 3045 praestare,
2712 2987 2876 3047 atque
2913 2979 2979 3033 ad
3019 2982 3260 3050 seipsum
3291 2984 3430 3038 diri-

1850 3082 1977 3135 gere
2000 3076 2057 3120 ct
2084 3065 2331 3135 ducere),
2375 3067 2520 3135 quod
2554 3066 2679 3121 ﬁdei
2711 3077 2904 3122 auctor
2935 3078 2993 3124 et
3021 3084 3431 3129 consummator

1849 3159 2100 3213 Christus
2130 3160 2546 3228 apparuerat“,
2575 3172 2905 3230 omnemque
2932 3163 3173 3219 Judzeam
3206 3175 3263 3219 et
3286 3167 3430 3221 Gali-

1852 3249 2029 3310 latam,
2076 3245 2505 3317 evangelizando
2548 3261 2776 3315 regnum
2801 3248 3061 3302 cmlorum
3088 3252 3422 3321 peragrabat,

1851 3339 2302 3407 admirandisque
2331 3337 2681 3393 sermonibus
2716 3340 3088 3409 majoremque
3113 3343 3430 3399 admiratio-

1852 3447 1977 3485 nem
1998 3431 2327 3486 facientibus
2344 3431 2604 3499 operibus
2628 3428 2920 3503 Evangelio
2958 3432 3120 3486 ﬁdem
3155 3443 3427 3499 astruens,

1852 3538 2113 3593 ovesquse
2125 3524 2629 3593 perierantlsraelis
2644 3524 2708 3577 ad
2727 3541 2783 3578 se
2796 3526 3240 3595 congregabat“‘
3261 3545 3275 3593 ;
3300 3537 3353 3582 tu
3364 3543 3429 3584 ne

1851 3617 2032 3684 plane,
2068 3624 2196 3668 tunc
2226 3630 2445 3684 quoque
2472 3631 2663 3669 verum
2696 3616 2844 3671 hunc
2872 3616 3172 3672 lsraclitam
3199 3620 3417 3675 Bartbo-

1850 3703 2103 3758 lomreum
2136 3704 2351 3758 vocavit
2372 3706 2411 3735 ⁹¹
2425 3745 2438 3758 .

1919 3815 2061 3881 Quid
2110 3816 2277 3885 igitur
2327 3816 2464 3869 ille?
2509 3816 2648 3870 Num
2694 3828 2981 3872 vocantem
3038 3822 3291 3891 respuit?
3335 3834 3428 3878 aut

1850 3908 2027 3963 credit
2071 3908 2316 3977 quidem,
2351 3922 2461 3961 non
2500 3918 2681 3963 tamen
2723 3912 3019 3979 sequitur?
3044 3924 3140 3966 aut
3180 3918 3428 3985 sequitur

1850 3996 2092 4066 quidem,
2139 4012 2329 4049 verum
2377 3996 2445 4049 ad
2496 4007 2744 4066 tempus;
2782 4008 2877 4053 aut
2922 4001 2974 4054 in
3024 4001 3183 4056 linem
3232 4022 3427 4075 usque,

1848 4086 2001 4138 velut
2036 4094 2215 4138 tamen
2246 4100 2390 4139 unus
2432 4101 2463 4139 e
2503 4087 2668 4156 vulgo
2707 4103 2771 4141 ac
2816 4089 2977 4143 turba
3019 4091 3301 4147 ﬁdelium?
3333 4106 3428 4150 aut

1849 4177 2056 4230 relatus
2093 4176 2313 4245 quidem
2343 4186 2428 4231 est
2466 4177 2519 4231 in
2565 4178 2959 4247 discipulorum
2987 4182 3195 4245 album,
3230 4199 3424 4240 verum

1849 4264 2067 4320 illorum
2137 4268 2231 4337 qui
2292 4267 2518 4322 secundi
2572 4269 2783 4325 ordinis
2835 4284 2995 4326 erant
3056 4275 3201 4343 apud
3259 4280 3427 4345 magi-

1848 4360 2151 4412 strum’"?
2200 4358 2589 4428 Nequaquam;
2624 4361 2754 4430 quin
2802 4363 2963 4417 simul
3008 4375 3173 4435 atque
3220 4367 3426 4425 bonum

1847 4459 2121 4518 pastorem
2152 4450 2309 4513 vidit,
2337 4451 2525 4519 sicque
2553 4466 2679 4505 eum
2721 4455 2829 4507 alta
2874 4464 3055 4511 mente
3092 4461 3347 4528 cognovit.
3370 4471 3427 4515 et

177 4531 302 4586 τάτω
350 4534 449 4587 καὶ
506 4531 740 4601 πὼς
778 4531 1006 4601 ἐκλογῆς
1056 4529 1449 4600 κατηξιῶσθαι,
1486 4533 1580 4584 καὶ
1628 4536 1741 4595 τοῖς

1851 4542 1917 4596 ab
1946 4558 2012 4596 eo
2045 4543 2263 4612 agnitus
2284 4551 2389 4605 est,
2418 4551 2478 4597 ut
2510 4559 2781 4613 supremae
2810 4547 3109 4617 primaeque
3138 4551 3427 4606 electionis

178 4628 481 4696 κορυφαίοις
506 4629 625 4680 τῶν
650 4626 968 4680 ἀποστόλων
1012 4627 1390 4696 συντετάχθαι,
1420 4629 1514 4680 καὶ
1543 4628 1642 4695 τὴν
1674 4627 1747 4678 ie-

179 4716 262 4782 ρὰν
298 4720 391 4772 καὶ
436 4719 641 4789 τιμίαν
694 4718 991 4772 δωδεκάδα
1041 4718 1432 4788 συμπληροῦνο
1492 4718 1745 4771 ἐντεῦθεν

176 4806 283 4876 ὃλην
310 4811 744 4882 ἁπανηνάμενος
775 4809 873 4879 τὴν
903 4811 1094 4880 κτῆσιν
1118 4810 1228 4861 τῶν
1254 4810 1349 4861 ἐπὶ
1396 4809 1517 4879 γῆς.
1546 4809 1746 4879 πατρί-

176 4898 246 4960 δι,
272 4905 467 4967 γονεῖς,
503 4903 822 4968 συγγενεῖς,
854 4892 1065 4970 φίλους,
1090 4901 1197 4953 πᾶν
1218 4901 1247 4953 ὅ
1268 4917 1318 4954 τι
1344 4901 1506 4953 καλὸν
1533 4899 1744 4970 ἀνθρώ-

180 5006 283 5055 ποις
311 4996 404 5047 καὶ
431 4994 919 5065 περισπούδαστον
941 5012 954 5022 ·
986 4994 1069 5045 ἔτι
1095 4993 1153 5046 δὲ
1186 4995 1278 5046 καὶ
1306 4993 1406 5063 τὴν
1434 4993 1597 5045 αὐτοῦ
1636 4993 1741 5061 ψυ-

178 5086 261 5153 χὴν
283 5089 310 5137 ό
339 5088 661 5157 θαυμάσιος
694 5087 1081 5156 ἁπηρνημένος
1102 5101 1115 5115 ’
1159 5087 1339 5139 πᾶσαν
1364 5084 1460 5137 τοῦ
1487 5084 1737 5154 σώματος

179 5177 470 5246 ἐπιθυμίαν,
514 5180 618 5232 καὶ
664 5179 846 5231 πᾶσαν
897 5178 1119 5247 θέλησιν
1175 5177 1272 5247 τῆς
1330 5177 1463 5240 ιδίας
1518 5176 1743 5245 καρδίας

178 5266 521 5340 ἀπερῤίψατο,
560 5270 659 5323 ἵνα
703 5270 803 5338 τῆς
843 5268 1018 5339 Ἰησοῦ
1040 5268 1245 5337 φιλίας,
1273 5270 1367 5323 καὶ
1392 5267 1732 5339 τελειοτέρας

178 5358 404 5426 γνώσεως
432 5365 496 5416 ἐν
535 5361 807 5433 μετουσία
839 5364 1106 5430 καταστῇ.

244 5543 518 5600 Ἐντεῦθεν
566 5546 721 5599 κατὰ
757 5546 960 5599 σκοπὸν
1013 5545 1227 5598 διώκων
1253 5547 1347 5599 καὶ
1378 5545 1737 5614 καταλαμϐά-

180 5650 285 5698 νων,
311 5636 401 5691 ἅτε
439 5638 731 5707 πνεύματι
777 5635 884 5701 ζῶν
939 5636 1281 5709 ἀκραιφνῶς,
1312 5637 1405 5689 καὶ
1464 5638 1735 5705 πνεύματι

267 5813 490 5869 "llebr.
523 5830 632 5877 xu,
667 5812 724 5865 2.
798 5815 1079 5871 "‘Matth.
1110 5832 1200 5878 xv,
1232 5815 1322 5870 24.
1386 5814 1603 5870 "Joan.
1634 5830 1671 5877 l,
1707 5815 1795 5868 1:7.

478 5912 763 5971 Ριτιιοι..
804 5908 918 5967 Gn.
954 5910 1076 5970 CV.

1850 4635 2049 4702 dignus
2091 4635 2412 4699 haberetur,
2448 4650 2512 4689 ac
2542 4635 2688 4690 inter
2727 4638 3098 4706 apostolorum
3151 4644 3426 4712 principes

1849 4735 2257 4789 accenseretur,
2296 4741 2623 4795 sacrumque
2644 4743 2707 4781 ac
2732 4730 3098 4785 venerabilem
3133 4732 3423 4789 duodecim

1848 4818 2080 4870 chorum
2128 4818 2451 4886 compleret;
2500 4817 2697 4871 cvindc
2756 4820 2905 4873 omni
2968 4829 3182 4877 terrena
3242 4835 3423 4894 spreta

1847 4909 2176 4966 substantia,
2225 4907 2421 4976 patria.
2470 4908 2822 4976 parentibus,
2872 4913 3138 4979 cognatis,
3194 4916 3421 4977 amicis;

1848 4999 2114 5067 quidquid
2161 4999 2472 5051 hominibus
2526 4998 2815 5066 pulchrum
2865 5001 3085 5055 videtur
3118 5019 3181 5058 ac
3225 5006 3424 5061 studiis

1848 5088 2330 5157 prosequendum;
2378 5086 2444 5139 ad
2483 5089 2599 5141 haec
2642 5104 2772 5141 vero
2820 5090 2984 5143 etiam
3025 5092 3287 5162 abnegata
3338 5097 3423 5150 vir

1849 5180 2204 5233 admirandus
2230 5178 2409 5231 anima
2438 5194 2558 5242 sua,
2589 5194 2806 5233 omnem
2836 5183 3080 5250 corporis
3112 5183 3418 5252 libidinem,

1850 5287 2179 5340 omnemque
2244 5271 2427 5324 cordis
2492 5272 2698 5340 proprii
2753 5273 3089 5328 voluntatem
3151 5279 3419 5348 projecit,

1853 5376 1915 5419 ut
1940 5365 2068 5419 Jesu
2096 5362 2370 5426 amicitiai,
2395 5378 2457 5416 ac
2494 5362 2737 5417 scientia:
2768 5364 3117 5433 perfectioris
3146 5370 3420 5441 particeps

1851 5457 2006 5509 ﬁeret
2024 5456 2090 5507 ".

1917 5547 2048 5600 Inde
2069 5546 2223 5615 juxta
2252 5543 2583 5597 destinatum
2611 5560 2945 5613 persequens
2968 5561 3033 5600 ac
3060 5551 3419 5618 comprehen-

1846 5636 2002 5695 dens.
2052 5619 2200 5688 velut
2245 5633 2340 5702 qui
2383 5632 2595 5687 sincere
2625 5634 2822 5703 spiritu
2851 5634 3079 5702 viveret,
3109 5640 3304 5708 spiritu
3335 5642 3419 5696 in-

1874 5816 1936 5847 ⁹¹³
1962 5816 2119 5872 Joan.
2156 5834 2208 5875 ς.
2251 5817 2337 5872 Η.
2414 5820 2458 5851 ’³
2486 5819 2720 5890 Philipp.
2755 5836 2836 5884 tu,
2871 5819 2956 5874 Η.
